4160 6396
492 361 596 418 763

1768 366 1828 422 Ρ.
1872 365 2187 424 DANIELIS
2225 368 2460 427 BUETII

3657 382 3760 439 764

496 477 718 545 quidem
754 490 818 530 ac
859 488 956 542 per
1005 477 1189 532 omnia
1246 477 1541 550 archetypo
1599 479 1698 550 ipsi
1745 483 1980 537 similem
2024 492 2080 538 et
2109 489 2153 546 Α
2185 486 2319 541 rests
2363 487 2501 543 libro
2543 501 2560 543 ι
2602 490 2742 558 Περὶ
2781 489 3008 560 ἀρχῶν,
3043 506 3166 563 cap.
3196 492 3253 558 2,
3294 509 3442 548 num.
3491 495 3550 561 6,
3589 496 3758 553 fuisse

488 569 794 640 aequalem,
854 572 950 626 sed
997 585 1313 640 expressam
1360 573 1576 638 leviter,
1627 585 1684 630 et
1743 577 2073 646 exemplaris

489 661 803 730 prastaiitia
853 661 1012 733 longe
1052 663 1387 721 inferiorem.
1435 666 1492 721 Si
1543 668 1763 738 quando
1788 668 1952 738 igitur
1977 669 2073 724 bo-

491 754 716 810 nitatem
750 754 873 808 Filii
903 755 1154 810 eamdem
1183 771 1307 812 esse
1342 759 1503 813 docet
1551 775 1614 814 ac
1647 760 1827 816 Patris
1859 761 2072 816 bonita-

491 855 677 914 iatem,
719 847 868 906 velut
909 848 1002 902 lib.
1055 863 1074 902 ι
1113 849 1256 918 Περὶ
1308 849 1534 920 ἀρχῶν,
1562 867 1685 922 cap.
1717 853 1776 915 2,
1809 869 1963 909 num.
2003 855 2070 911 10

487 948 543 993 et
576 940 663 1001 15,
699 939 787 993 tibi
835 943 1081 997 eamdem
1129 956 1254 997 esse
1298 945 1376 997 ait
1410 945 1697 1014 utriusque
1747 948 2068 1015 potentiam,

486 1033 788 1087 bonitatem
835 1034 1084 1089 eamdem
1111 1073 1127 1100 ,
1168 1045 1224 1091 et
1276 1051 1618 1106 quascunque
1671 1037 1837 1092 habet
1884 1037 2068 1105 Pater,

488 1126 692 1180 habere
723 1136 780 1180 et
811 1123 1036 1193 Filium,
1067 1129 1243 1184 facilis
1269 1138 1353 1185 est
1386 1129 1729 1196 intellectus;
1767 1131 1888 1186 Filii
1917 1148 2069 1187 nem-

495 1229 564 1284 pe
588 1214 888 1271 bonitatem
923 1215 1176 1274 Paterna:
1209 1221 1476 1274 bonitatis
1513 1235 1636 1276 esse
1663 1222 1985 1290 particulam
2017 1234 2072 1280 et

488 1324 700 1375 auram,
727 1325 756 1362 e
781 1309 1016 1365 Paterna
1060 1310 1310 1367 bonitate
1339 1313 1624 1382 deceptam
1654 1328 1717 1369 ac
1747 1314 2066 1369 delibatam.

489 1400 798 1469 Siquando
850 1400 1000 1456 Patri
1051 1403 1152 1458 soli
1197 1403 1502 1459 bonitatem
1558 1405 1778 1473 tribuit,
1814 1408 2072 1477 primige-

486 1491 632 1546 niam
675 1493 999 1555 bonitatem,
1031 1504 1086 1548 et
1127 1496 1393 1550 bonitatis
1436 1496 1692 1566 intelligit
1740 1498 2067 1568 principium

486 1595 552 1637 ac
575 1582 813 1649 fontem;
844 1583 1039 1655 Filium
1069 1594 1249 1640 autem
1295 1585 1528 1642 Paterna
1562 1589 1878 1643 tantumilla
1911 1590 2071 1645 bonio

488 1682 601 1730 tate
632 1674 992 1744 impertitum.
1025 1677 1192 1746 Cujus
1221 1679 1518 1748 impietatis
1547 1685 1889 1738 Occasionem
1915 1684 2069 1740 vide-

487 1777 575 1820 tur
623 1767 902 1838 accepisse
945 1785 1009 1823 ex
1045 1771 1187 1825 male
1237 1773 1513 1829 intellecto
1539 1773 1795 1828 Matthzeo
1822 1791 1936 1841 xu,
1973 1775 2066 1840 ΓΙ,

485 1869 542 1914 et
570 1858 730 1914 Joan.
758 1877 891 1926 xvu,
933 1862 1020 1929 15,
1052 1875 1108 1918 et
1141 1879 1206 1917 ex
1240 1864 1464 1919 Platone
1494 1867 1584 1936 qui
1623 1866 1747 1920 boni
1773 1882 1972 1923 nomen
1999 1869 2067 1924 ad

484 1951 654 2005 Deiiin
681 1953 1036 2022 peculiariter
1062 1960 1339 2024 pertinere
1375 1958 1614 2014 dicebat.

556 2042 697 2098 XVI.
732 2043 912 2100 Simili
943 2048 1104 2101 modo
1147 2047 1527 2117 explicandum
1572 2049 1723 2104 venit
1751 2050 1946 2118 dogma
1983 2048 2066 2103 al-

486 2148 681 2203 terum,
710 2139 857 2208 quod
905 2139 975 2193 ab
1023 2140 1140 2208 ipso
1191 2139 1532 2208 propositum
1587 2140 1755 2193 refert
1797 2139 2070 2210 Hierony-

485 2244 605 2282 mus
639 2230 797 2298 epist.
829 2230 921 2294 59,
947 2230 1017 2284 ad
1055 2230 1222 2293 Avit.,
1257 2231 1425 2299 cap.l
1463 2247 1476 2284 :
1511 2247 1530 2280 ι
1555 2229 1774 2297 Filium,
1805 2239 2066 2298 quantum

483 2321 549 2372 ad
582 2319 823 2385 Patrem,
850 2336 954 2374 non
1001 2336 1123 2375 esse
1177 2321 1493 2384 veritatem,
1538 2333 1797 2390 quantum
1836 2323 1902 2376 ad
1947 2339 2065 2387 nos,

483 2427 605 2465 esse
637 2411 1015 2481 imaginariam
1049 2412 1354 2466 veritatem.
1387 2431 1404 2463 i
1431 2410 1586 2464 Paria
1619 2414 1730 2465 tere
1761 2412 1922 2466 liabet
1952 2411 2065 2464 Au-

483 2505 756 2573 gustinus,
780 2504 856 2558 De
888 2507 1072 2560 horres.
1109 2507 1178 2558 ad
1230 2504 1654 2571 Quodvultdeum
1677 2545 1692 2568 ,
1745 2507 1936 2560 h:eres.
1958 2505 2062 2561 ἅδε

489 2613 507 2643 ι
545 2589 687 2649 Dicit
714 2604 978 2666 praiterea
1018 2593 1309 2666 Origenes,
1351 2596 1548 2664 inquit,
1585 2596 1728 2666 quod
1759 2595 1929 2650 Filius
1971 2597 2063 2651 Dei

481 2685 688 2741 sanctis
711 2685 1023 2742 hominibus
1049 2699 1416 2755 comparatus,
1434 2689 1635 2742 veritas
1661 2689 1764 2753 sit;
1800 2686 1876 2759 (6)
1917 2688 2064 2742 Patri

481 2775 752 2842 collatus,
806 2776 1169 2831 mendacium.
1223 2795 1244 2829 ι
1301 2774 1414 2831 Nec
1462 2778 1742 2832 dissimilia
1811 2793 1930 2846 quae
2000 2793 2067 2832 ex

481 2869 712 2938 cpistola
765 2867 1022 2923 decretali
1071 2867 1485 2922 Palmstiiiornm
1542 2871 1920 2940 episcoporum
1974 2886 2065 2924 re-

481 2971 774 3030 pi-irsentat
810 2960 986 3016 Guido
1016 2961 1313 3016 Cariiielita
1347 2963 1608 3016 adversus
1632 2961 1978 3031 Origenistas
2011 2963 2064 3016 in

482 3053 686 3108 Summ.
714 3056 780 3108 de
801 3055 1014 3120 haeret,
1039 3055 1090 3108 iii
1127 3056 1262 3109 hair.
1294 3054 1638 3125 Origeiiist.:
1677 3074 1694 3106 i
1731 3055 1788 3109 Si
1821 3057 1911 3124 qui
1939 3064 2067 3110 sunt

481 3147 572 3215 qui
612 3147 662 3199 iu
700 3145 813 3200 suis
848 3147 1168 3201 tractatibus
1203 3148 1546 3202 tradiderunt
1576 3148 1721 3217 quod
1763 3147 1932 3202 Filius
1964 3163 2065 3202 no-

481 3237 569 3292 bis
617 3247 967 3307 comparatus
999 3238 1070 3292 sit
1113 3239 1335 3304 veritas,
1374 3239 1522 3294 Patri
1576 3241 1807 3294 collatus
1841 3240 2059 3293 menda-

481 3329 652 3395 cium,
677 3337 734 3383 et
767 3329 910 3397 quod
942 3340 1027 3383 est
1053 3327 1248 3384 Petrus
1278 3339 1335 3384 et
1369 3331 1567 3385 Paulus
1593 3335 1658 3384 ait
1692 3331 2059 3395 Salvatorem,

483 3417 592 3471 hoc
625 3426 708 3472 est
753 3417 1080 3487 Uuigenitus
1107 3419 1277 3475 Filius
1305 3430 1360 3474 et
1394 3420 1538 3475 Deus
1568 3421 1806 3476 Verliuiu
1837 3436 2061 3490 compa-

486 3517 640 3561 ratus
677 3507 943 3564 Patri.....
1001 3517 1056 3564 et
1105 3511 1232 3580 ipsi,
1259 3522 1316 3564 et
1369 3510 1623 3580 dogmata
1675 3512 1915 3580 ipsorum
1952 3513 2062 3564 sint

483 3597 746 3652 Ecclesiae
798 3600 1111 3654 anathema.
1141 3619 1161 3652 ι
1212 3600 1423 3666 Quibus
1475 3602 1802 3670 astipulatur
1857 3616 2064 3668 anony-

484 3705 607 3743 iiius
635 3689 724 3744 ille
756 3690 1010 3744 defensor
1034 3690 1308 3758 Origenis,
1333 3707 1496 3761 quem
1549 3693 1680 3754 dixi,
1714 3701 1769 3745 et
1798 3693 1942 3744 inter
1968 3711 2063 3746 ca-

487 3763 604 3847 pii°a
635 3783 686 3833 in
725 3781 843 3850 ipso
876 3780 1202 3850 reprehendi
1232 3783 1394 3836 solita
1440 3791 1778 3850 pestreniuin
1810 3783 1935 3835 illud
1966 3798 2063 3852 po-

482 3871 567 3927 nit
598 3873 760 3926 ε”Οτι
793 3874 827 3945 ἡ
862 3871 1027 3926 εἰκὼν
1089 3872 1184 3926 τοῦ
1235 3872 1392 3935 Θεοῦ,
1435 3875 1511 3936 ὼς
1559 3873 1696 3945 πρὸς
1739 3874 1968 3934 ἐκεῖνον,
2003 3868 2065 3927 οὗ

482 3963 633 4016 ἔστιν
661 3961 846 4028 εἰκὼν,
874 3963 997 4018 καθ’
1018 3964 1046 4017 ὃ
1074 3963 1260 4029 εἰκὼν,
1296 3965 1396 4018 οὔκ
1432 3965 1579 4018 ἐστιν
1599 3965 1846 4038 ἀλήθεια.
1887 3985 1903 4016 i
1929 3966 2068 4019 liiia-

485 4056 666 4125 gincm
699 4057 791 4111 Dei
821 4066 1074 4126 respectu
1100 4057 1220 4126 ejus
1249 4059 1408 4128 cujus
1437 4069 1520 4111 est
1558 4059 1759 4127 imago,
1793 4069 2066 4127 quatenus

484 4156 568 4202 est
592 4147 792 4217 imago,
819 4164 929 4203 non
954 4163 1076 4206 esse
1113 4150 1420 4204 veritatem.
1445 4169 1464 4202 ι
1510 4149 1732 4205 Videtur
1786 4152 1900 4204 haec
1949 4150 2062 4205 lite-

2176 592 2462 645 expressa,
2506 580 2602 636 sed
2651 580 2832 636 Ruﬁni
2883 583 3092 638 artibus
3129 583 3491 652 dissimulata,
3525 597 3578 642 et
3620 587 3758 644 falsa

2178 668 2282 723 hac
2329 669 2784 739 interpretatione
2825 673 3059 728 obducta
3095 692 3110 729 :
3140 674 3368 748 clinago
3394 692 3526 748 ergo
3558 689 3642 735 est
3671 681 3758 736 in-

2173 759 2406 816 visibilis
2440 763 2536 817 Dei
2581 761 2764 818 Patris
2813 763 3068 820 Salvator
3116 777 3326 832 iioster,
3381 778 3647 838 quantum
3688 771 3758 826 ad

2175 852 2350 922 ipsum
2378 856 2599 924 quidem
2625 855 2864 918 Patrem,
2897 858 3104 913 veritas
3133 877 3150 927 ;
3185 869 3447 929 quantum
3475 872 3656 918 autem
3687 864 3758 920 ad

2174 962 2301 1010 nos,
2329 949 2530 1014 quibus
2575 950 2785 1005 revelat
2816 950 3063 1015 Patrem,
3102 953 3282 1024 imago
3313 964 3413 1019 est,
3447 971 3544 1026 per
3591 973 3755 1027 quam

2173 1040 2552 1108 cognoscimus
2582 1041 2822 1096 Patrem.
2855 1061 2875 1096 ι

2245 1128 2406 1184 XVII.
2441 1132 2574 1197 Qua:
2617 1132 2838 1202 Origeiii
2887 1133 3007 1187 dica
3051 1133 3274 1204 impingi
3327 1136 3488 1203 solet,
3521 1153 3757 1209 negasse

2174 1222 2348 1291 ipsum
2380 1222 2596 1279 Patrem
2621 1240 2651 1278 a
2681 1224 2839 1290 Filio,
2861 1224 3059 1280 Filium
3084 1241 3114 1280 a
3149 1227 3352 1294 Spiritu
3383 1243 3594 1293 sancto,
3625 1229 3754 1298 Spi-

2175 1316 2339 1370 ritum
2396 1326 2646 1371 sanctum
2684 1319 2752 1373 ab
2781 1320 3012 1389 angelis,
3054 1321 3277 1388 angelos
3328 1323 3394 1376 ab
3439 1323 3756 1381 hominibus

2174 1407 2343 1462 videri
2375 1423 2556 1478 posse,
2580 1407 2754 1463 facilis
2784 1421 3085 1481 expurgatu
3120 1428 3224 1466 non
3245 1425 3348 1480 est,
3378 1415 3422 1469 si
3451 1415 3753 1471 criminan-

2176 1493 2309 1548 tium
2348 1512 2607 1550 iiuiuerus
2650 1508 2930 1567 spectetur
2963 1512 3019 1555 et
3061 1505 3382 1558 auctoritas.
3419 1503 3750 1562 Priinariutn

2173 1584 2317 1636 hunc
2363 1599 2425 1638 ac
2459 1585 2788 1654 przecipuum
2820 1586 2961 1642 inter
2990 1589 3109 1657 ejus
3152 1604 3371 1645 errores
3397 1591 3589 1644 statuit
3620 1592 3754 1659 Epi-

2173 1675 2406 1742 phanius
2432 1676 2564 1730 liter.
2591 1691 2742 1740 uiv,
2769 1692 2891 1745 cap.
2935 1677 2992 1742 ι,
3023 1689 3079 1732 et
3106 1678 3158 1732 in
3198 1679 3482 1739 Ancorato.
3513 1695 3634 1749 cap.
3657 1680 3751 1748 65,

2174 1766 2264 1820 tibi
2303 1766 2462 1820 verba
2515 1767 2631 1835 ipsa
2683 1767 2936 1837 Origenis
2967 1771 3233 1824 exhibet:
3273 1771 3634 1836 Μαθέτωσαν,
3669 1773 3750 1827 iu-

2170 1858 2309 1926 quit,
2348 1859 2465 1924 πῶς
2494 1861 2597 1914 οὐκ
2627 1861 2940 1932 ἀπηξίωσεν
2983 1863 3264 1935 Ὦριγένης
3304 1867 3498 1928 εἰπεῖν,
3543 1866 3624 1919 ὅτι
3651 1865 3762 1938 οὑχς

2169 1951 2272 2022 ὁρᾷ
2300 1951 2390 2004 τὸν
2416 1953 2634 2024 Πατέρα
2663 1955 2692 2006 ὁ
2723 1954 2850 2018 Υἱός
2869 1973 2884 1986 ο
2920 1954 3056 2012 ἀλλά
3083 1973 3269 2025 φησιν·
3321 1957 3408 2020 Ὠς
3434 1957 3494 2008 οὐ
3527 1955 3761 2012 δύνατασ

2167 2045 2300 2114 ὁρᾷν
2332 2044 2421 2097 τὸν
2455 2045 2675 2116 Πατέρα
2699 2047 2727 2098 ὁ
2756 2046 2906 2110 Υἱὸς,
2944 2048 3038 2100 καὶ
3063 2048 3126 2101 τὸ
3149 2049 3302 2114 ἆγιον
3326 2049 3550 2120 Πνεῦμα
3575 2051 3635 2103 οὐ
3661 2049 3754 2104 δύ-

2168 2152 2326 2188 ναται
2351 2135 2478 2190 ἰδεῖν
2499 2137 2590 2190 τὸν
2626 2138 2772 2191 Υιόν.
2804 2139 2914 2192 Ka‘t
2943 2140 3122 2193 πάλινο
3140 2142 3202 2194 Ol
3223 2141 3444 2210 ἄγγελοι
3473 2143 3533 2194 οὐ
3561 2141 3755 2196 δύναν-

2166 2243 2256 2280 ται
2286 2227 2410 2280 ἰδεῖν
2441 2228 2503 2281 τδ
2530 2229 2681 2297 ἅγιον
2709 2229 2952 2301 Πνεῦμα,
2973 2233 3067 2285 καὶ
3093 2234 3141 2285 οἱ
3176 2233 3450 2303 ἂνθρωποι
3469 2233 3529 2286 οὐ
3558 2233 3751 2288 δύναν-

2166 2333 2260 2371 ται
2314 2318 2442 2372 ἰδεῖν
2489 2321 2616 2383 τοὺς
2664 2321 2949 2389 ἀγγέλους.
2995 2342 3013 2374 ι
3051 2322 3272 2378 Disraut
3333 2327 3606 2393 quomodo
3644 2341 3764 2379 ιιυιιο

2171 2410 2441 2464 dubitavit
2492 2410 2761 2480 Origenes
2791 2413 2977 2468 dicere
3010 2415 3207 2471 Filium
3259 2431 3364 2471 non
3425 2417 3614 2473 videre
3645 2417 3749 2471 Pa-

2169 2511 2329 2566 trem,
2364 2502 2460 2557 sed
2495 2503 2632 2558 dicit
2661 2522 2674 2556 :
2709 2504 3174 2570 Quemadmodum
3199 2523 3304 2560 non
3331 2517 3513 2578 potest
3561 2507 3766 2563 videre-

2170 2592 2384 2647 Patrem
2437 2592 2606 2649 Filius
2630 2634 2645 2658 ,
2701 2610 2801 2650 nec
2838 2594 3036 2650 Filium
3083 2597 3270 2652 videre
3301 2609 3477 2667 potest
3513 2597 3752 2668 Spiritus

2169 2691 2411 2739 sanctus.
2434 2685 2501 2739 Et
2529 2703 2742 2741 rursum
2779 2689 3005 2757 :Augeli
3027 2689 3208 2743 videre
3243 2704 3348 2742 non
3383 2687 3764 2759 possuntSpi-

2170 2782 2330 2833 ritum
2353 2791 2629 2844 sanetum,
2657 2791 2713 2836 ct
2750 2781 3000 2836 homines
3043 2797 3149 2836 non
3185 2791 3411 2850 possunt
3437 2779 3620 2834 videre
3651 2795 3753 2833 an-

2169 2871 2341 2939 gelos.
2380 2891 2398 2924 ι
2442 2871 2645 2926 Eadem
2691 2873 2919 2942 replicat
2943 2877 2996 2925 in
3024 2872 3252 2942 epistola
3286 2873 3351 2924 ad
3377 2869 3635 2926 Joannem
3659 2866 3751 2925 Je-

2173 2964 2654 3032 rosolyuiitanum.
2695 2981 2818 3034 cap.
2844 2963 2899 3017 2.
2936 2963 3305 3035 Hieronymus
3339 2975 3551 3030 quoque
3591 2975 3750 3016 erro-

2167 3069 2256 3110 res
2291 3071 2578 3112 recensens
2608 3057 2871 3110 librorum
2897 3056 3036 3124 Περὶ
3066 3053 3290 3124 ἀρχῶν,
3320 3054 3370 3108 in
3402 3051 3630 3124 epistola
3655 3050 3746 3118 59,

2169 3146 2240 3198 ad
2279 3148 2517 3213 Avitum,
2549 3147 2833 3216 scripsisse
2862 3162 2984 3200 eum
3011 3148 3088 3200 ait
3115 3149 3166 3201 iu
3193 3146 3367 3216 primo
3391 3143 3570 3214 operis
3591 3142 3756 3210 huius

2168 3238 2466 3302 volumine,
2505 3257 2524 3290 ι
2570 3237 2738 3293 Deum
2771 3237 3012 3306 Patrem,
3051 3253 3150 3306 per
3195 3247 3446 3292 naturain
3504 3235 3753 3290 invisibi-

2168 3329 2293 3396 lein,
2323 3346 2352 3383 a
2382 3329 2522 3385 Filio
2557 3346 2663 3385 non
2695 3329 2906 3396 videri;
2945 3348 2964 3381 ι
2987 3338 3043 3384 et
3085 3330 3138 3385 in
3171 3328 3407 3385 secundo
3441 3344 3458 3384 :
3499 3344 3519 3378 ι
3558 3327 3751 3382 Restat

2167 3429 2229 3474 ut
2263 3419 2557 3475 invisibilis
2594 3422 2668 3476 sit
2699 3421 2862 3475 Deus.
2896 3420 2952 3475 Si
2987 3430 3168 3474 autem
3198 3417 3494 3474 invisibilis
3518 3433 3613 3487 per
3649 3432 3751 3471 na-

2171 3521 2348 3566 turam
2382 3524 2488 3578 est,
2533 3528 2708 3584 neque
2743 3513 3013 3568 Salvatori
3054 3513 3282 3568 visibilis
3304 3513 3428 3567 erit.
3468 3531 3487 3564 ι
3521 3511 3665 3564 Idem
3693 3509 3751 3564 in

2165 3605 2393 3675 epistola
2424 3605 2514 3670 6|,
2550 3609 2620 3659 ad
2660 3605 2996 3670 Patauium,
3034 3620 3156 3675 cap.
3185 3605 3254 3659 5:
3285 3621 3304 3654 ι
3332 3602 3394 3656 Et
3426 3602 3656 3672 primum
3683 3600 3752 3656 de

2167 3698 2306 3752 libro
2331 3698 2472 3766 Περὶ
2493 3697 2720 3768 ἀρχῶν,
2750 3699 2840 3752 ubi
2881 3698 3121 3768 loquitur
3147 3713 3165 3750 :
3201 3695 3357 3751 Sicut
3384 3695 3527 3749 enim
3561 3693 3753 3747 incon—

2168 3804 2360 3856 gruum
2393 3797 2478 3842 est
2502 3790 2684 3843 dicere
2716 3789 2860 3856 quod
2894 3789 3066 3856 possit
3092 3787 3262 3842 Filius
3291 3786 3476 3840 videre
3508 3783 3748 3850 Patrem,

2169 3891 2241 3934 ita
2299 3881 2690 3936 inconveniens
2719 3893 2805 3937 est
2837 3883 3048 3952 Opinari
3082 3883 3226 3951 quod
3258 3880 3501 3950 Spiritus
3530 3886 3752 3934 sanctus

2175 3973 2345 4042 possit
2423 3972 2608 4026 videre
2660 3971 2880 4026 Filium.
2928 3991 2947 4024 i
3001 3972 3057 4027 lu
3109 3988 3214 4042 qua
3299 3970 3489 4025 hieresi
3567 3983 3752 4022 versa-

2173 4073 2284 4116 tum
2349 4062 2516 4118 fuisse
2578 4061 2842 4118 Joannem
2896 4061 3408 4134 Jerosolymitanuiii
3483 4071 3595 4115 toto
3649 4060 3751 4116 hoc

2175 4155 2354 4224 capite
2405 4154 2768 4208 demonstrat.
2814 4153 2923 4207 Par
2951 4162 3036 4208 est
3065 4152 3331 4209 Geniiadii
3380 4150 3599 4222 querela
3651 4150 3747 4206 lib.

561 4332 639 4407 (6)
673 4331 845 4407 Patri»
870 4333 1114 4407 collatus,
1149 4334 1502 4407 mendacium,
1539 4343 1646 4387 etc.
1688 4335 1912 4407 Fatetur
1953 4334 2056 4407 Pe-g
2088 4337 2135 4391 D
2163 4337 2396 4390 nomine
2434 4336 2782 4407 intelligatur
2824 4333 3058 4390 Verbum
3114 4335 3242 4388 illud
3299 4333 3441 4404 quod
3483 4343 3742 4407 paternas

485 4406 662 4459 tavius
698 4420 804 4457 non
835 4405 904 4457 ita
935 4405 1237 4474 tlesipuisse
1287 4405 1598 4475 Origeiiein,
1639 4417 1695 4460 ut
1737 4405 1931 4460 Filitiiii
1967 4405 2057 4457 Dei

486 4475 591 4530 ulla
645 4475 855 4528 ratione
905 4479 1245 4529 mendacium
1277 4475 1639 4529 diceretzsed
1690 4479 1827 4530 hanc
1871 4489 2064 4530 conse-

486 4545 760 4600 cutionem
789 4560 854 4597 ex
884 4547 1000 4613 ejus
1026 4547 1290 4600 sententia
1338 4548 1406 4600 ab
1437 4544 1762 4615 Hieronymo
1789 4562 1952 4615 supra
1979 4547 2062 4598 ci-

488 4627 599 4670 tata
647 4615 938 4669 nonnullos
975 4618 1200 4670 eruisse.
1227 4615 1516 4669 Existimat
1547 4615 1772 4669 lliietius
1818 4618 1980 4676 lianc,
2008 4624 2063 4668 ut

488 4688 603 4754 ipse
631 4685 887 4755 appellat,
921 4687 1172 4740 haeresim
1221 4701 1286 4740 ex
1334 4685 1428 4742 lib.
1480 4703 1496 4741 ι
1549 4685 1622 4739 De
1653 4687 1902 4754 priiirip.,
1938 4701 2059 4753 cap.

484 4758 541 4820 2,
575 4754 724 4809 num.
761 4754 816 4818 6,
873 4770 1190 4824 expressam
1227 4756 1414 4820 fuisse,
1471 4757 1561 4811 sed
1617 4756 1797 4809 Rutini
1855 4757 2065 4810 artibus

489 4827 827 4890 intricataiu,
859 4837 915 4881 et
947 4825 1076 4879 falsa
1113 4828 1211 4881 bac
1244 4827 1694 4894 interpretatione
1721 4828 2009 4881 obductam
2041 4842 2057 4879 :

491 4915 512 4951 ι
539 4898 721 4966 Imago
747 4906 845 4966 est
883 4897 1176 4952 invisibilis
1217 4897 1310 4950 Dei
1359 4897 1534 4950 Patris
1563 4897 1817 4951 Salvator
1847 4907 2056 4964 noster,

487 4978 750 5037 quantum
785 4965 851 5020 ad
898 4968 1072 5036 ipsum
1116 4968 1334 5036 quidem
1362 4967 1603 5028 Patrem,
1637 4969 1868 5021 veritas:
1894 4983 2065 5036 quau-

491 5050 601 5092 tuin
652 5047 832 5092 autem
861 5040 929 5090 ad
964 5052 1083 5102 nos,
1129 5037 1325 5106 quibus
1359 5039 1568 5092 revelat
1609 5037 1850 5104 Patrem,
1885 5040 2064 5106 imago

488 5118 598 5174 est,
625 5123 723 5178 per
747 5123 910 5178 quam
937 5111 1318 5176 cognoscimus
1345 5108 1586 5163 Patrem.
1619 5128 1637 5160 ι
1674 5110 1877 5162 ltevera
1916 5108 2066 5164 locus

490 5177 704 5233 videtur
723 5177 818 5232 aut
842 5177 1046 5242 Rufini,
1065 5189 1158 5232 aut
1184 5180 1527 5233 librariorum
1556 5179 1718 5248 culpa
1746 5189 2060 5246 corruptus;

490 5249 566 5304 ita
599 5260 658 5303 ut
689 5250 805 5304 haec
838 5249 1087 5318 Origenis
1136 5252 1404 5304 sententia
1454 5265 1575 5305 esse
1622 5251 1836 5315 debeat,
1870 5247 2065 5304 Filium

496 5328 746 5389 respectu
775 5319 952 5390 Patris
985 5333 1107 5375 esse
1147 5321 1458 5389 imaginem,
1492 5331 1738 5390 respectu
1776 5320 1947 5373 nostri
1980 5335 2066 5374 ve-

494 5392 733 5461 ritatem.
761 5389 869 5444 Sed
897 5393 1096 5445 veritas
1127 5393 1228 5447 hoc
1254 5391 1392 5456 loco,
1421 5401 1577 5459 prout
1610 5392 1901 5461 appetiitur
1929 5391 2066 5443 ima-

491 5460 625 5530 gini.
660 5461 799 5514 idem
847 5469 1004 5515 sonat
1053 5479 1115 5514 ac
1143 5461 1439 5529 exemplar,
1475 5478 1571 5516 nec
1604 5460 1887 5530 Origenes,
1937 5476 2063 5515 cum

489 5529 685 5602 Filium
735 5541 979 5600 respectu
1027 5530 1202 5586 Patris
1239 5532 1551 5602 imaginem,
1606 5529 1847 5601 respectu
1890 5531 2061 5602 nostri

492 5601 774 5656 veritatem
804 5604 917 5655 sive
946 5603 1225 5671 exemplar
1254 5601 1374 5658 esse
1396 5603 1548 5666 dicit,
1578 5621 1606 5658 a
1636 5603 1850 5656 caeteris
1887 5601 2063 5654 Patri-

491 5671 594 5726 bus
649 5671 876 5726 discedit
915 5674 1006 5740 qui
1044 5669 1272 5742 Patrem
1314 5673 1592 5742 exemplar
1646 5673 1792 5738 Filii,
1859 5671 2056 5726 Filium

501 5751 833 5814 caeterorum
847 5741 1143 5809 exemplar,
1174 5741 1368 5796 Filium
1410 5741 1699 5814 imaginem
1728 5742 1930 5814 Patris,
1964 5755 2062 5796 nos

500 5811 622 5869 Filii
675 5812 939 5882 imagines
989 5825 1112 5868 esse
1157 5813 1428 5868 dixerunt.
1475 5811 1546 5870 Si
1583 5825 1758 5870 autem
1817 5813 2064 5870 veritatis

2167 4419 2362 4460 omnes
2405 4407 2554 4460 ideas
2609 4405 3013 4472 complectitur,
3047 4412 3343 4459 secundum
3404 4408 3547 4474 quod
3607 4405 3751 4460 Dens

2165 4477 2348 4530 omnia
2398 4479 2685 4544 gubernat,
2727 4476 2857 4528 nihil
2915 4477 3127 4545 longius
3177 4477 3334 4529 abest
3384 4479 3452 4528 ab
3498 4477 3750 4545 Origenis

2167 4554 2370 4616 tuente,
2401 4563 2568 4616 quain
2611 4559 2667 4600 ut
2712 4547 2848 4600 illud
2896 4544 3184 4616 veritatem
3226 4561 3333 4598 non
3373 4560 3494 4599 esse
3515 4544 3745 4600 diceret.

2166 4613 2371 4686 Legere
2403 4613 2655 4686 equidem
2679 4617 2864 4670 malint
2897 4634 2911 4669 :
2939 4615 3208 4680 Quantum
3234 4617 3302 4667 ad
3338 4618 3504 4686 ipsum
3535 4618 3748 4684 quidem

2168 4684 2409 4749 Patrem,
2441 4684 2629 4751 uirtus,
2681 4689 2731 4742 id
2767 4696 2869 4753 est,
2903 4701 3134 4755 persona
3166 4687 3377 4739 divina.
3427 4684 3744 4755 setLlalllell

2166 4759 2390 4811 retineri
2417 4768 2594 4829 potest
2614 4773 2714 4812 vox
2741 4757 2852 4820 illa,
2880 4754 3089 4829 ueritas,
3117 4756 3284 4829 modo
3307 4770 3493 4808 verum
3525 4754 3748 4829 Filium,

2166 4841 2230 4880 ac
2264 4841 2389 4882 vere
2418 4825 2747 4881 substantia
2782 4829 2963 4880 divina
2996 4845 3026 4879 a
3062 4825 3222 4879 Patre
3255 4826 3516 4879 donatum
3552 4826 3750 4881 intelli-

2165 4911 2374 4969 gamus.
2415 4897 2701 4969 Vituperat
2758 4899 2862 4952 hoc
2922 4898 3038 4951 loco
3085 4897 3347 4969 Origenes
3378 4897 3660 4969 Aprobolas
3713 4913 3745 4951 a

2167 4964 2566 5038 yalentinianis
2625 4970 2681 5023 in
2737 4964 3320 5038 generationetnFilii
3348 4965 3648 5038 Linductas,
3678 4982 3745 5022 ac

2165 5036 2365 5092 Filium
2408 5040 2598 5092 statuit
2632 5040 2708 5093 ita
2741 5035 3050 5106 imaginem
3085 5036 3177 5090 Dei
3207 5035 3493 5089 invisibilis
3522 5035 3652 5097 dici.
3687 5048 3746 5091 tit

2165 5123 2510 5178 nequaquam
2553 5108 3048 5178 assiiiiileturhill‘is
3101 5106 3446 5178 imaginibus,
3512 5122 3630 5174 qua:
3687 5109 3744 5178 iis

2166 5175 2390 5250 materia
2423 5178 2625 5250 aliqua,
2666 5180 2720 5231 id
2763 5188 2838 5250 est
2884 5176 3040 5248 ligni,
3066 5180 3146 5250 uel
3177 5175 3366 5250 lapidis
3403 5175 3617 5250 depingi
3665 5177 3744 5230 vel

2165 5249 2397 5318 exsculpi
2419 5246 2620 5314 solent;
2651 5250 2744 5304 sed
2761 5249 2895 5302 sicut
2923 5246 3032 5315 ipse
3058 5246 3222 5300 Pater
3259 5246 3537 5318 invisibilis
3558 5257 3633 5299 est
3654 5263 3746 5314 per
3817 5293 3824 5300 .

2166 5317 2436 5380 naturam,
2469 5321 2546 5372 ita
2576 5319 2858 5386 imaginem
2877 5333 3084 5388 quoque
3134 5317 3446 5388 inuisibilem
3477 5321 3738 5386 genuerit.

2171 5389 2326 5444 Unde
2374 5391 2563 5443 statuit
2619 5385 2834 5454 Filium,
2869 5385 3129 5458 quantum
3185 5388 3252 5439 ad
3282 5385 3494 5458 Patrem
3527 5388 3742 5453 attinet,

2166 5474 2287 5515 esse
2312 5459 2618 5525 veritatem,
2667 5461 2719 5514 id
2771 5455 3194 5529 esu—personam
3233 5455 3487 5529 divinam,
3533 5471 3596 5529 ac
3631 5473 3743 5511 rem
3813 5510 3820 5516 ,

2166 5544 2296 5584 vere
2319 5544 2417 5599 per
2445 5543 2505 5583 se
2553 5527 2976 5594 subsistentem;
3009 5538 3272 5602 quantum
3301 5527 3365 5580 ad
3383 5542 3522 5602 nos,
3555 5528 3749 5602 imagi-
3801 5531 3824 5602 ξ

2166 5597 2434 5669 nem,'per
2462 5615 2623 5669 quant
2662 5597 3257 5669 Deumﬂcogndscimus.
3287 5625 3357 5636 —
3381 5597 3443 5651 D.
3478 5597 3740 5669 Prinlent.
3816 5597 3827 5627 "

2165 5667 2376 5726 Maran.
2429 5667 2504 5724 De
2556 5672 2762 5725 divinit.
2810 5667 3008 5723 Christi
3061 5669 3155 5722 lib.
3207 5682 3279 5731 tv,
3329 5683 3445 5737 cap.
3479 5667 3742 5732 16.nui-ii.

2170 5741 2225 5795 1.
2261 5739 2390 5795 Vide
2443 5749 2499 5795 et
2544 5740 2757 5796 Bollutn
2801 5739 3018 5809 Defens.
3073 5739 3201 5800 ﬁdei
3250 5739 3483 5794 Nicarme
3519 5741 3585 5794 de
3617 5737 3739 5791 Filii

2171 5810 2248 5882 τῷ
2270 5811 2559 5885 ὁμοουσξῳ,
2597 5827 2714 5884 cap.
2739 5813 2792 5881 9,
2824 5826 2973 5866 nutu.
3002 5812 3064 5868 Π
3097 5819 3152 5866 et
3189 5810 3273 5864 18.
