4160 6448
424 411 542 473 705

1278 418 1854 479 ORIGENIANORUM
1892 418 2021 476 LIB.
2063 418 2128 484 II,
2168 417 2321 474 CAP.
2358 419 2424 484 Il,
2462 416 2733 485 QUA'JST.
2767 417 2834 473 ll.

3562 420 3663 474 766

422 534 503 590 De
528 533 844 609 dogmatib.,
867 551 995 606 cap.
1021 538 1056 593 ι
1082 552 1096 590 :
1130 556 1149 590 σ
1175 537 1339 606 Nihil,
1369 540 1563 610 inquit,
1598 541 1701 597 sibi
1733 541 2001 596 invisibile
2026 546 2075 602 Α
2100 549 2153 595 et
2181 554 2535 610 cognoscere,
2587 536 2969 593 intellectualis
3002 547 3209 591 natura:
3247 546 3352 593 est.
3394 536 3667 607 Quidquid

426 639 459 679 a
487 628 754 683 creaturis
803 629 883 699 (in
925 626 1186 686 Trinitate
1223 631 1519 703 credamus)
1550 642 1610 687 ut
1651 632 1939 703 Origenes.
1969 653 1989 685 ι

424 714 758 788 Legeudnm,
782 720 835 774 ni
852 719 1032 787 fallor,
1061 731 1118 777 tu
1146 725 1432 790 creaturis,
1464 726 1565 780 hoc
1595 736 1699 792 est,
1725 726 1997 782 uihilesse

429 810 718 866 credamus
744 813 798 866 in
832 811 1123 881 Trinitate,
1159 817 1300 884 quod
1330 816 1400 871 ab
1424 816 1695 886 aliquibus
1719 817 1836 887 ejus
1874 831 1997 887 per-

427 902 579 955 sonis
610 901 782 958 videri
804 918 908 958 non
936 905 1131 973 possit,
1154 906 1609 974 quemadmodum
1657 922 1687 961 a
1726 907 1997 963 creaturis

426 992 599 1047 videri
639 1008 742 1047 non
801 1002 1001 1063 potest,
1059 996 1201 1063 quod
1241 998 1447 1067 putavit
1496 996 1781 1067 Origenes.
1812 997 1918 1052 Par
1943 1008 1999 1053 et

427 1081 518 1137 illa
555 1081 843 1138 Justiniaui
892 1084 945 1139 in
994 1082 1238 1156 Epistola
1282 1088 1351 1141 ad
1410 1087 1656 1155 Menam,
1701 1098 1757 1144 et
1808 1090 1995 1144 Isidori

427 1174 520 1230 lib.
551 1190 646 1230 vui
675 1175 908 1246 0rigin.,
944 1192 1064 1246 cap.
1100 1177 1156 1242 5,
1198 1188 1251 1233 et
1294 1181 1547 1250 anonymi
1578 1182 1815 1236 auctoris
1858 1183 1999 1251 Apo-

428 1266 580 1335 logia:
605 1283 701 1337 pro
727 1266 971 1338 Origene,
1005 1270 1146 1339 apud
1176 1269 1596 1337 Photium,cod.
1626 1286 1793 1339 cxvu,
1823 1282 1878 1326 et
1901 1272 1996 1326 Ni-

425 1367 557 1412 ceta:
582 1359 910 1426 Acominatl,
943 1370 999 1416 et
1022 1360 1244 1418 Honorii
1270 1362 1777 1432 Augustodunensis
1810 1366 1859 1417 in
1900 1363 1993 1417 lib.

424 1450 504 1504 De
529 1452 658 1508 liter.
691 1461 745 1506 et
776 1450 1003 1507 Cedreni
1045 1454 1096 1508 in
1121 1452 1458 1519 Compendio,
1495 1464 1549 1509 et
1576 1453 1754 1510 Suida:
1787 1456 1838 1508 in
1867 1470 2000 1510 voce

438 1538 759 1611 Ὠριτένης,
791 1552 846 1596 et
871 1541 1095 1598 Zonaraa
1120 1542 1218 1599 lib.
1258 1559 1301 1597 tt
1345 1544 1397 1597 in
1428 1544 1608 1599 Decio.
1651 1546 1828 1614 Atque
1855 1548 1999 1600 hunc

425 1647 588 1703 porro
619 1648 861 1689 errorem
895 1636 962 1690 ab
1007 1635 1329 1690 Adamantio
1380 1647 1652 1691 mutuatus
1685 1649 1769 1692 est
1814 1639 1996 1704 Arius,

425 1739 589 1793 quem
623 1725 806 1780 dicere
833 1741 1022 1781 ausum
1060 1741 1182 1781 esse
1216 1738 1402 1781 narrat
1432 1729 1764 1783 Athanasius
1793 1728 1870 1782 De
1908 1747 1998 1799 sy-

424 1815 617 1869 nodis:
663 1816 924 1871 Ἀδύνατα
957 1817 1073 1889 Υῐῷ
1099 1819 1191 1873 τὸν
1244 1819 1463 1889 Πατέρα
1519 1820 1845 1891 ἐξιχνιάσαι,
1890 1817 2001 1886 οἷός

424 1908 570 1959 ἐστιν
586 1909 670 1976 ἐφ’
699 1907 912 1961 ἑαυτοῦ.
934 1911 1105 1974 Αὐτὸς
1129 1909 1237 1981 γὰρ
1265 1913 1293 1964 ό
1321 1912 1446 1976 Υἱὸς
1474 1912 1571 1983 τὴν
1592 1912 1783 1965 ἑαυτοῦ
1812 1914 1996 1967 οὐσίαν

422 1999 524 2051 οὐκ
564 1994 725 2053 οἶδεν.
777 2001 905 2064 Υἱὸς
933 2001 1041 2071 γὰρ
1092 2000 1189 2067 ὢν,
1236 2002 1448 2073 θελήσει
1484 2004 1696 2075 Πατρὸς
1750 2006 1996 2076 ὑπῆρχεν

423 2089 657 2159 ἀληθῶς.
694 2091 788 2154 Τίς
811 2090 917 2163 γὰρ
944 2091 1099 2161 λόγος
1136 2097 1405 2164 συγχωρεῖ
1427 2094 1516 2146 τὸν
1542 2097 1606 2147 ὲκ
1634 2096 1843 2165 Πατρὸς
1869 2098 1997 2152 ὄντα

424 2180 589 2233 αὑτὸν
608 2180 698 2233 τὸν
722 2184 1054 2253 γεννήσαντα
1076 2182 1278 2252 γνῶναι
1293 2185 1350 2238 ὲν
1368 2180 1668 2255 Scaeam-4m
1689 2202 1703 2251 ;
1730 2186 1895 2257 Δῆλον
1916 2188 1996 2239 ὅτι

423 2272 486 2324 τὸ
514 2273 688 2343 ἀρχὴν
718 2272 838 2343 ἔχον
872 2273 963 2327 τὸν
987 2275 1219 2346 ἄναρχον
1242 2274 1317 2339 ὦς
1353 2279 1498 2330 ἐστιν
1524 2278 1937 2349 ὲμπερινοῆσαι,
1960 2279 1995 2351 ἢ

425 2364 921 2437 ὲμπεριδράξασθαι
958 2367 1055 2437 οὐχ
1086 2361 1259 2421 οἶόντέ
1308 2370 1483 2425 ἐστιν.
1508 2388 1526 2421 t
1563 2371 1816 2426 Possibile
1853 2373 1996 2426 enim

428 2458 532 2525 ipsi
566 2472 671 2511 non
698 2469 781 2513 est
802 2458 1127 2531 investigare
1162 2460 1375 2515 Patrem
1402 2462 1581 2532 qualis
1609 2463 1661 2516 in
1688 2464 1868 2533 seipso
1891 2474 1997 2518 est.

425 2549 598 2605 Filius
624 2551 821 2620 quippe
849 2567 1011 2606 suam
1050 2552 1169 2621 ipse
1197 2554 1485 2608 essentiam
1518 2570 1624 2609 non
1660 2556 1826 2609 novit.
1863 2556 1996 2611 Cum

426 2642 500 2696 sit
532 2643 675 2697 enim
708 2642 899 2703 Filius.
940 2646 1221 2699 voluntate
1253 2645 1431 2702 Patris
1464 2648 1586 2702 talis
1614 2649 1841 2703 exstitit.
1866 2648 1999 2715 Quae

424 2733 570 2788 enim
611 2736 860 2790 concedit
894 2737 1031 2790 ratio
1078 2750 1201 2791 eum
1228 2738 1317 2807 qui
1355 2739 1426 2793 sit
1458 2755 1523 2793 ex
1572 2740 1755 2806 Patre,
1791 2743 1999 2808 genito-

428 2838 541 2877 rem
567 2824 741 2894 ipsum
769 2829 1247 2896 comprehensione
1260 2831 1625 2898 cognoscere?
1648 2831 1997 2902 Perspicuum

427 2922 531 2980 est,
571 2915 717 2984 quod
754 2917 916 2972 habet
945 2919 1299 2989 principium,
1323 2936 1445 2975 eum
1473 2923 1564 2990 qui
1586 2933 1771 2978 careat
1792 2926 1999 2992 princi-

428 3004 517 3075 pio
550 3016 727 3063 mente
752 3009 1030 3078 complecti
1061 3012 1143 3066 vel
1176 3014 1633 3081 comprehendere
1656 3029 1761 3068 non
1785 3030 1993 3085 ροςεε.»

501 3096 680 3152 XVIII.
714 3101 783 3153 At
832 3115 950 3155 eam
980 3103 1417 3158 criminationem
1449 3104 1522 3157 ab
1555 3104 1786 3175 Origene
1816 3107 2000 3162 multis

430 3187 697 3257 depellere
731 3201 957 3245 conatur
982 3192 1206 3248 Ruﬁnus
1232 3193 1431 3247 Invect.
1462 3210 1479 3248 t
1508 3195 1559 3248 in
1586 3193 1996 3266 Hieronymum,

430 3281 773 3350 ostenditque
807 3286 873 3337 ad
896 3284 1247 3339 refellendam
1296 3284 1801 3341 Valentinianorum
1831 3289 1999 3343 haere-

428 3372 556 3435 sim,
589 3373 680 3440 qui
714 3374 878 3428 Deum
902 3390 1225 3445 corporeum
1269 3378 1523 3433 humanis
1554 3378 1809 3432 membris
1844 3379 1996 3432 babi-

431 3470 595 3531 tuque
624 3475 963 3520 constantem
997 3468 1394 3535 describebant,
1421 3469 1715 3539 Origenem
1740 3471 1996 3539 probasse

434 3553 597 3607 Deum
623 3569 689 3608 ex
730 3566 920 3609 natura
948 3572 1045 3612 sua
1070 3573 1297 3628 corpore
1324 3575 1531 3623 carere,
1559 3576 1623 3615 ac
1652 3562 1877 3630 proinde
1896 3562 1996 3615 sub

429 3644 615 3700 oculos
634 3644 828 3699 cadere
852 3663 956 3701 non
984 3663 1161 3718 posse,
1195 3650 1450 3705 visionem
1485 3651 1681 3721 quippe
1711 3668 1996 3720 corporum

431 3747 584 3798 esse;
617 3734 763 3789 nosci
801 3745 979 3789 autem
1014 3753 1192 3806 posse,
1246 3740 1386 3807 quod
1433 3743 1673 3808 cognitio
1723 3758 1901 3795 rerum
1932 3743 2003 3797 sit

432 3837 663 3892 corpore
710 3827 1043 3890 carentium;
1083 3830 1235 3883 nosci
1300 3831 1467 3899 igitur
1519 3830 1734 3885 Patrem
1766 3848 1793 3884 a
1827 3831 2001 3897 Filio,

431 3914 600 3968 videri
632 3916 963 3985 neutiquam.
984 3919 1117 3972 Tum
1144 3920 1321 3975 locum
1342 3922 1515 3991 ipsum
1545 3922 1792 3990 Origenis
1811 3925 2007 3992 depro-

435 4005 551 4068 mit,
572 4006 624 4059 in
656 4021 763 4075 quo
795 4008 907 4061 haec
939 4010 1201 4064 habentur
1231 4028 1242 4062 :
1273 4030 1291 4061 ‹
1318 4014 1473 4067 Aliud
1509 4023 1593 4067 est
1625 4014 1826 4079 videre,
1856 4014 2001 4069 aliud

434 4112 760 4166 cognoscere
788 4102 992 4156 :videri
1012 4114 1069 4157 et
1100 4103 1280 4158 videre
1310 4120 1594 4175 corporum
1612 4116 1694 4159 est
1716 4106 1999 4175 ;coguosci

610 4278 751 4357 Nam
779 4280 1152 4357 Hieronymus,
1186 4294 1288 4340 etc.
1316 4285 1426 4339 Iloc
1456 4287 1576 4341 loco
1606 4304 1709 4340 non
1738 4288 1852 4342 suis
1883 4287 1999 4357 ipse

434 4351 617 4405 Verbis
646 4350 884 4427 loquitur
908 4350 1188 4427 Origenes,
1216 4360 1309 4427 sed
1341 4358 1504 4409 alium
1543 4358 1751 4411 inducit
1774 4350 1997 4427 loquen-

434 4429 567 4499 tetu.
596 4421 751 4489 cujus
783 4421 1108 4499 sententiain
1160 4426 1301 4499 nulla
1337 4428 1745 4493 approbationis
1791 4421 1997 4499 signiﬁ-

435 4491 651 4565 catione
684 4494 989 4565 conlirtuat,
1025 4505 1081 4545 ut
1112 4494 1343 4565 quisque
1372 4491 1696 4565 perspicere
1721 4491 1902 4563 pote'st
1928 4513 1994 4552 ex

2094 648 2227 703 ergo
2254 633 2533 701 proprium
2570 645 2858 698 corporum
2881 639 2984 693 est,
3022 631 3123 683 hoc
3155 644 3256 684 nec
3289 630 3357 685 de
3381 629 3544 685 Patre
3560 641 3667 699 eat,

2097 738 2198 777 nec
2254 723 2321 775 de
2355 720 2491 774 Filio
2544 717 2912 773 sentiendum.
2952 716 3107 782 Quod
3136 732 3266 773 vero
3317 719 3387 771 ad
3419 728 3667 774 naturam

2095 811 2331 879 pertinet
2366 809 2623 873 Deitatis,
2674 810 2777 862 hoc
2831 808 2973 861 inter
3000 805 3214 861 Patrem
3239 817 3294 862 et
3324 806 3519 862 Filium
3546 823 3671 863 con-

2096 911 2227 956 stat.
2267 920 2287 953 ι
2316 901 2403 955 Ait
2435 902 2654 955 demum
2695 900 3043 967 depravatam
3088 898 3194 955 hoc
3227 900 3367 963 loco,
3401 908 3455 953 et
3478 913 3670 953 corm-

2097 1003 2244 1061 ptam
2277 992 2443 1047 fuisse
2483 1008 2635 1045 suam
2672 991 3195 1060 interpretationem,
3228 998 3392 1060 atque
3439 991 3513 1045 ita
3541 1005 3671 1060 pur-

2098 1085 2257 1156 gandi
2311 1086 2393 1138 sui
2427 1099 2590 1137 causa
2627 1082 2906 1137 concludit
2938 1099 2952 1135 :
2988 1100 3007 1133 ι
3050 1082 3107 1135 Si
3153 1081 3277 1151 quis
3315 1089 3477 1149 negat
3522 1078 3668 1151 quod

2098 1190 2205 1228 non
2248 1174 2319 1227 ita
2364 1174 2512 1226 videt
2561 1169 2731 1226 Filius
2766 1171 3008 1238 Patrem,
3040 1170 3182 1225 sicut
3234 1169 3395 1224 Pater
3428 1168 3623 1224 Filium
3647 1186 3673 1238 ;

2098 1272 2152 1317 et
2184 1278 2289 1316 non
2322 1263 2395 1315 ita
2432 1261 2583 1314 videt
2611 1260 2841 1327 Spiritu;
2873 1269 3092 1314 sanctus
3127 1257 3341 1312 Patrem
3369 1266 3425 1311 et
3448 1255 3675 1321 Filium,

2098 1354 2238 1407 sicut
2269 1354 2415 1408 videt
2446 1352 2604 1405 Pater
2640 1351 2838 1406 Filium
2870 1361 2925 1404 et
2954 1349 3218 1418 Spiritum
3244 1358 3511 1413 sanctum,
3534 1361 3679 1401 δυο-ι

2101 1445 2277 1496 thema
2312 1443 2402 1496 sit.
2450 1440 2607 1495 Videt
2641 1442 2813 1506 enim,
2866 1450 2920 1494 et
2970 1438 3251 1493 verissime
3276 1438 3442 1501 videt,
3483 1436 3580 1492 sed
3608 1443 3671 1491 ut

2100 1533 2240 1585 Deus
2268 1531 2457 1595 Deum,
2484 1541 2540 1585 et
2586 1530 2682 1584 lux
2712 1530 2908 1596 lucem,
2948 1537 3005 1583 et
3035 1544 3140 1582 non
3167 1537 3226 1580 ut
3260 1542 3386 1580 caro
3422 1538 3683 1592 carnem,

2100 1622 2191 1676 sed
2221 1632 2277 1674 nt
2306 1622 2541 1690 Spiritus
2572 1632 2832 1686 sanctus;
2895 1634 3000 1672 non
3062 1618 3342 1685 corporeis
3396 1616 3673 1681 sensibus,

2100 1718 2192 1770 sed
2224 1714 2519 1768 virtutibus
2550 1713 2798 1767 Deitatis.
2836 1731 2856 1765 ι
2892 1711 3071 1765 Rufini
3107 1709 3513 1780 responsionem
3540 1709 3685 1763 arri--

2101 1807 2218 1875 puit
2260 1814 2316 1860 et
2364 1804 2586 1859 uberius
2633 1802 2933 1871 explicavit
2982 1800 3261 1853 Halloxius
3313 1798 3406 1852 lib.
3440 1814 3491 1852 tv
3517 1795 3667 1868 Orig.

2032 1888 2075 1943 Β
2101 1894 2327 1960 deﬂens”
2360 1902 2555 1962 quaest.
2581 1892 2635 1945 4.
2662 1890 2835 1945 Porro
2857 1890 3009 1945 locus
3037 1889 3284 1958 Origenis
3313 1889 3397 1942 bis
3425 1887 3670 1943 celebra—

2104 1996 2191 2039 tus
2220 1984 2719 2039 concertationibus
2750 1992 2929 2035 exstat
2953 1980 3045 2034 lib.
3083 1996 3099 2033 ι
3139 1980 3277 2047 Περὶ
3303 1975 3523 2047 ἀρχῶν,
3548 1992 3671 2047 cap.

2105 2078 2159 2143 l,
2214 2093 2363 2130 num.
2400 2076 2453 2141 8,
2496 2075 2582 2128 cui
2639 2073 2869 2128 similem
2905 2072 3135 2125 alterum
3190 2069 3427 2137 reperies
3471 2068 3565 2121 lib.
3608 2083 3671 2131 tt,

2102 2186 2225 2239 cap.
2252 2169 2308 2232 Δ.
2343 2185 2491 2222 num.
2524 2168 2578 2221 3.
2613 2165 2703 2221 His
2730 2164 2950 2235 adiungi
2980 2172 3160 2233 potest
3198 2162 3265 2215 ad
3294 2162 3518 2215 tutelam
3550 2160 3677 2215 Ori-

2103 2258 2251 2327 genis
2281 2267 2335 2309 et
2368 2254 2455 2309 ille
2476 2268 2689 2324 quoque
2717 2268 2747 2306 e
2786 2264 2915 2308 tom.
2955 2267 3023 2304 xx
3075 2250 3128 2302 in
3176 2248 3359 2313 Joan.,
3391 2265 3541 2302 num.
3574 2250 3603 2303 7
3646 2266 3662 2302 :

2106 2349 2315 2418 Ὠσπερ
2343 2345 2661 2417 ἀνθρώπους
2686 2344 2751 2397 ἄν
2792 2360 2943 2405 τινας
2970 2341 3215 2413 εἴποιμεν
3248 2342 3342 2394 ἀπ’
3370 2341 3542 2412 ἀρχῆς
3570 2342 3673 2395 αὐ-

2102 2442 2302 2505 τόπτας
2334 2440 2613 2509 γεγονέναι
2643 2438 2735 2491 τοῦ
2763 2438 2957 2505 Λόγου,
2990 2454 3054 2488 πε
3064 2438 3115 2506 pi
3133 2428 3205 2487 ὧν
3228 2437 3255 2489 ὁ
3284 2435 3494 2498 Λουκᾶς
3517 2452 3669 2506 φησι’

2102 2534 2307 2599 Καθὼς
2329 2531 2672 2600 παρέδοσαν
2685 2529 2826 2599 ἡμῖν
2851 2532 2904 2581 οἱ
2929 2528 3028 2582 ἀπ’
3044 2524 3237 2595 ἀρχῆς
3269 2526 3553 2579 αὐτόπται
3574 2525 3672 2578 καὶ

2103 2626 2391 2693 ὑπηρέται
2413 2624 2719 2693 γενόμενοι
2761 2621 2867 2675 τοῦ
2898 2622 3119 2690 Λόγου·
3151 2620 3292 2674 οὕτω
3320 2620 3409 2672 τὸν
3442 2620 3675 2691 Σωτῆρα

2104 2716 2377 2785 αὐτόπτην
2421 2713 2645 2783 λέξομεν
2691 2708 2829 2764 εἶναι
2873 2711 2983 2763 τῶν
3028 2712 3185 2781 παρὰ.
3214 2709 3290 2780 τῷ
3335 2708 3530 2780 Πατρὶ,
3578 2708 3676 2763 καὶ

2105 2806 2243 2859 κατὰ
2276 2805 2433 2857 τοῦτο
2475 2802 2724 2875 εἰρῆσθαι
2751 2804 2840 2856 τό·
2880 2801 3087 2868 Οὐδεὶς
3124 2803 3277 2870 ἔγνω
3309 2801 3416 2854 τὸν
3442 2799 3678 2870 Πατέρα

2104 2900 2157 2952 εὶ
2174 2898 2259 2966 μὴ
2286 2900 2317 2950 ὁ
2350 2895 2502 2961 Υἱὸς,
2518 2894 2717 2949 οὐκέτι
2732 2896 3043 2949 αὐτόπτων
3060 2893 3247 2947 ὄντων
3264 2888 3354 2959 οἷς
3373 2891 3450 2946 ἂν
3477 2895 3509 2946 ό
3542 2892 3676 2957 Υἱὸς

2105 2989 2491 3056 ἀποκαλύψῃ
2523 2987 2671 3058 δηλοῖ
2691 2987 2747 3040 δὲ
2776 2986 2839 3040 τὸ
2881 2986 3154 3056 αὐτόπτην
3179 2984 3286 3038 τῶν
3304 2987 3363 3037 ὲν
3388 2982 3467 3055 τῷ
3497 2984 3683 3056 Ila-cpi.

2104 3080 2390 3150 τυγχάνειν
2417 3081 2506 3132 τὸν
2534 3079 2762 3149 Σωτῆρα
2794 3077 2981 3147 σαφῶς
3012 3079 3046 3149 ἡ
3076 3076 3407 3149 προκειμένη
3437 3075 3579 3144 λέξις
3616 3077 3682 3129 ἐν

2105 3172 2216 3242 τῷ·
2264 3174 2332 3227 "A
2374 3171 2487 3241 ἐγὼ
2523 3170 2750 3238 ἑώρακα
2795 3170 2954 3237 παρὰ
2983 3166 3063 3234 τῷ
3090 3168 3291 3235 Πατρὶ,
3330 3167 3518 3221 λαλῶ.
3576 3167 3683 3221 Hic

2102 3277 2305 3328 autem,
2366 3274 2425 3316 ut
2470 3262 2597 3315 alibi
2626 3276 2789 3328 saepe,
2843 3258 2970 3313 illud
3015 3275 3080 3312 ex
3112 3260 3367 3329 Apologia
3406 3258 3675 3329 Pamphili

2103 3369 2370 3422 usurpare
2417 3354 2584 3407 licet:
2622 3371 2641 3403 c
2681 3351 2913 3406 Dubium
2965 3361 3145 3405 autem
3206 3367 3311 3404 non
3373 3359 3479 3416 est,
3529 3352 3674 3421 quod

2102 3446 2291 3500 eodem
2326 3460 2488 3501 sensu
2532 3444 2694 3498 etiam
2738 3444 2792 3497 in
2828 3444 3042 3498 caeteris
3076 3443 3297 3510 sentiat,
3326 3459 3427 3499 nec
3456 3443 3529 3499 sit
3569 3443 3680 3499 sibi

2103 3537 2216 3605 ipse
2246 3536 2571 3590 contrarius.
2604 3554 2623 3587 ι

2172 3643 2315 3698 XIX.
2349 3644 2601 3698 Attamen
2635 3658 2702 3699 ne
2749 3645 2988 3713 perfecte
3021 3644 3241 3714 quidem
3271 3652 3326 3699 et
3357 3645 3513 3715 plene
3569 3643 3683 3699 Pa-r

2106 3744 2244 3791 trem
2277 3750 2308 3788 a
2347 3733 2487 3789 Filio
2525 3736 2700 3801 nosci,
2729 3736 2808 3789 ita
2838 3744 2897 3791 ut
2932 3751 2965 3790 a
2989 3737 3169 3806 seipso
3210 3737 3456 3791 noscitur
3490 3736 3683 3802 Pater,

2107 3834 2482 3903 minoremque
2514 3847 2637 3888 esse
2690 3834 3052 3899 cognitionem
3103 3833 3226 3888 Filii
3276 3848 3439 3903 quam
3498 3833 3675 3888 Patris

2104 3938 2489 3993 nonnunquam
2532 3922 2798 3992 Origenes
2821 3924 3091 3978 asseruit:
3122 3923 3209 3994 (7)
3250 3937 3374 3977 nam
3409 3922 3676 3993 Hierony-

2106 4029 2224 4067 mus
2288 4013 2341 4066 in
2388 4012 2548 4082 epist.
2626 4012 2715 4077 59,
2763 4012 2832 4066 ad
2888 4012 3052 4076 Avit.,
3082 4027 3205 4082 cap.
3243 4012 3299 4076 4,
3332 4012 3527 4066 recitat
3570 4012 3679 4067 hnc

2103 4105 2280 4176 ipsius
2310 4104 2591 4159 decretum
2635 4118 2666 4159 e
2706 4103 2802 4159 lib.
2832 4119 2885 4159 tv
2913 4104 3055 4174 Περὶ
3087 4102 3313 4173 ἀρχῶν,
3360 4118 3512 4160 num.
3574 4103 3673 4171 ‘55,

2104 4288 2280 4343 cimus
2314 4288 2541 4344 artiﬁcis
2573 4288 2811 4341 animum
2843 4287 2979 4340 artis
3012 4286 3153 4340 scire
3184 4299 3515 4340 mensuram.
3553 4285 3672 4343 Nec

2104 4360 2321 4412 dubimn
2373 4359 2501 4428 quin
2528 4358 2571 4411 si
2603 4357 2766 4411 Pater
2808 4357 2879 4410 sit
2909 4358 2959 4411 in
2985 4356 3142 4422 Filio,
3168 4367 3218 4410 et
3246 4356 3683 4428 comprelteuda-

2106 4438 2193 4482 tur
2221 4431 2373 4483 abeo
2396 4427 2453 4482 in
2492 4444 2597 4498 quo
2638 4438 2741 4481 est.
2784 4428 2878 4483 Sin
2910 4436 3087 4480 autem
3128 4427 3677 4498 comprehensionem

2102 4514 2221 4552 eum
2257 4496 2596 4563 dicitnus,‘ut
2627 4514 2733 4552 non
2768 4498 2942 4552 solum
2969 4511 3131 4550 sensu
3165 4496 3287 4566 quis
3325 4506 3381 4549 et
3403 4496 3666 4564 sapientia

436 4560 552 4641 ipso
595 4561 933 4641 testimonio,
969 4557 1143 4641 quod:
1183 4557 1650 4641 Grieceﬂiabetur
1680 4557 1771 4641 lib.
1821 4583 1875 4620 tv
1919 4567 1994 4622 De
2023 4557 2074 4615 Ι)
2100 4557 2545 4637 comprehendat,
2611 4571 2703 4622 sed
2749 4578 2805 4622 et
2857 4567 3055 4621 virtute
3088 4577 3143 4622 et
3182 4557 3425 4641 potentia
3465 4557 3681 4641 cuncta.

434 4630 733 4703 principiis,
784 4646 933 4684 num.
968 4633 1057 4687 '55.
1112 4636 1289 4703 Atque
1329 4636 1541 4688 etiamsi
1584 4638 1682 4689 hoc
1734 4637 1853 4691 loco
1889 4654 1994 4693 non

435 4699 672 4773 alienam
730 4704 1076 4773 sententiam,
1122 4699 1215 4757 sed
1270 4720 1421 4757 suam
1452 4719 1803 4773 proponeret,
1852 4707 1997 4763 illius

437 4770 868 4844 prolegtoverba
887 4774 1080 4844 eodem
1110 4789 1270 4827 sensu
1300 4770 1608 4844 accipienda
1642 4770 1859 4840 essent,
1887 4793 1997 4844 quo

437 4840 536 4917 ista
579 4838 760 4917 Basilii
794 4841 992 4917 ex_lib._
1015 4859 1063 4895 tv
1090 4846 1336 4917 adversus
1367 4838 1681 4897 Eunomium
1715 4862 1734 4899 :
1768 4838 1996 4917 Εἰάλη-

437 4907 580 4983 ρινὸς
607 4909 757 4983 Θεὸς,
793 4912 884 4983 καὶ
920 4912 1054 4979 φῶς,
1089 4914 1181 4967 καὶ
1214 4912 1501 4983 ἄτρεπτος,
1530 4917 1622 4967 καὶ
1651 4916 1873 4983 ἀγαθὸς,
1902 4907 1998 4971 καὶ

436 4977 609 5059 ἅγιος,
637 4982 730 5059 παὶ
762 4977 1166 5059 Iidem—gemo;
1184 4977 1413 5059 ’-ταῦτα
1520 4987 1611 5059 καὶ
1682 4977 1871 5059 Πατὴρ
1897 4987 1992 5053 ὢν,

434 5048 750 5173 ἓὲξὲδμοίως
767 5048 931 5139 ἐστὶν,
949 5052 1081 5107 ἀλλὰ
1104 5054 1387 5177 fatove):
1403 5056 1501 5108 οὐκ
1524 5056 1709 5119 οὐσίας
1733 5048 1994 5130 ὑπεροχῇ,

599 5121 880 5177 ποιότητος
899 5124 1101 5177 υπεοϐο
1136 5127 1191 5177 ἦ.
1222 5145 1240 5175 ι
1272 5126 1326 5177 St
1348 5141 1503 5177 verus
1529 5127 1691 5177 Dens.
1722 5138 1777 5177 et
1808 5130 1919 5177 lux.
1941 5140 1994 5177 et

599 5121 880 5195 ποιότητος
899 5121 1191 5195 ὑπερϐολῇ.
1222 5145 1240 5175 ι
1272 5126 1326 5179 Si
1348 5141 1503 5180 verus
1529 5127 1691 5191 Deus,
1722 5138 1777 5182 et
1808 5121 1997 5193 luget

439 5188 809 5269 immutabilis,
834 5202 889 5245 et
932 5188 1212 5269 bonusl'et
1235 5208 1457 5251 sanctus
1479 5207 1583 5269 ;_et
1615 5188 1870 5252 Dominus
1905 5188 1996 5255 est

436 5258 625 5313 Filius.
660 5260 781 5313 Haec
808 5271 983 5315 autem
1019 5273 1073 5317 et
1101 5264 1259 5319 Pater
1311 5281 1434 5319 cum
1479 5258 1572 5329 sit,
1607 5283 1711 5321 non
1744 5270 1996 5323 similiter

438 5331 959 5409 est,__sed_amplius;
993 5349 1096 5409 non
1121 5337 1437 5409 substantia:
1466 5341 1870 5406 exsuperantia,
1899 5341 1995 5395 sed

436 5398 715 5466 qualitatis
744 5398 1075 5467 praestantia.
1111 5422 1128 5455 ι
1160 5405 1225 5458 Et
1258 5407 1393 5461 hanc
1433 5421 1551 5460 esse
1602 5398 1837 5463 iuentetu
1861 5398 1993 5464 Ori-

435 5469 589 5589 ﬁenis
622 5469 941 5537 intelligitur
978 5489 1043 5526 ex
1072 5475 1138 5527 iis
1164 5475 1342 5529 verbis
1362 5491 1481 5543 qua:
1514 5480 1823 5544 praecedunt
1851 5481 1993 5549 apud

490 5552 847 5589 ternnvmum.
904 5543 992 5589 ubi
1031 5544 1288 5589 Origenes
1338 5560 1439 5589 mm
1474 5547 1693 5589 nnmina
1735 5548 1969 5589 Ιηηιιίιιη-

490 5543 847 5619 ίοτοηςεῃυιη,
904 5543 992 5596 ubi
1031 5544 1288 5619 Origenes
1315 5560 1439 5619 _suo
1472 5543 1697 5619 gemine
1734 5543 1989 5619 loquitur,

437 5622 502 5661 ac
530 5608 717 5661 statuit
740 5624 844 5683 non
864 5625 982 5683 esse
1003 5608 1219 5668 dubium
1241 5614 1367 5683 quin
1387 5615 1435 5668 si
1480 5612 1640 5670 Pater
1659 5618 1729 5671 sit
1750 5608 1987 5683 in'It‘ilio,

438 5687 491 5753 et
533 5679 1024 5753 comprehendatur
1064 5683 1132 5736 ab
1184 5679 1280 5750 eo;
1308 5686 1503 5753 in;quo
1531 5695 1655 5741 est:
1685 5705 1704 5737 ι
1754 5689 1809 5742 Si
1846 5679 1990 5743 enim

440 5743 960 5826 Patrem—cognoscit
985 5748 1173 5820 Filius,
1205 5743 1656 5826 in'quit,'videt_ur,
1680 5759 1732 5811 in
1757 5772 1823 5812 eo
1850 5760 1993 5826 quod

444 5817 592 5873 novit
620 5816 857 5887 Patrem,
882 5835 1041 5892 posse
1060 5816 1191 5907 eum
1210 5816 1674 5895 comprehendere
1704 5842 1731 5883 ε
1757 5837 1814 5884 ut
1841 5816 1887 5885 si
1908 5828 2025 5910 dig

2106 4636 2284 4693 teneat
2339 4641 2429 4708 qui
2466 4641 2760 4707 cngnovit,
2803 4653 2908 4691 non
2952 4652 3239 4708 possumus
3288 4636 3470 4692 dicere
3526 4638 3669 4707 quod

2099 4707 2523 4776 comprehendat
2575 4708 2743 4762 Filius
2784 4708 3021 4763 Patrem.
3080 4707 3242 4761 Pater
3292 4722 3423 4761 vero
3480 4708 3668 4765 omnia

2098 4781 2523 4843 comprehendit.
2554 4779 2697 4832 Inter
2725 4779 2907 4832 omnia
2940 4786 3118 4848 autem
3140 4787 3193 4831 et
3216 4776 3381 4831 Filius
3407 4786 3509 4839 est,
3536 4793 3679 4848 ergo.

2097 4860 2151 4902 et
2192 4848 2383 4902 Filium
2436 4848 2865 4917 comprehendit.
2905 4866 2924 4899 ι
2955 4846 3236 4901 Postrema
3271 4848 3433 4917 verba
3479 4846 3669 4903 Grmce

2098 4920 2239 4986 apud
2283 4916 2647 4971 Justiniunum
2696 4920 2758 4970 ad
2794 4920 2999 4972 calcem
3043 4919 3203 4987 epist.
3236 4916 3300 4969 ad
3333 4916 3544 4971 Menam
3589 4921 3668 4971 sic

2095 4987 2375 5071 leguntur:
2395 4989 2531 5071 βὶρὲ
2556 4990 2584 5040 ὁ
2608 4988 2801 5071 [facile
2819 4987 3145 5071 ἐμπεριέχεὶ
3161 4987 3229 5040 τὰ
3258 4986 3452 5071 παντα,
3480 4987 3681 5071 τξξνβὲ

2096 5004 2343 5056 teguntur
2362 5005 2375 5039 :
2395 5004 2457 5041 nt
2475 5004 2531 5041 οε
2556 5006 2584 5040 ο
2608 5004 2797 5111 ιῐατῖλρ
2819 5004 3135 5071 εμπεριεχει
3161 5004 3229 5040 τα
3258 5004 3452 5051 παντα,
3480 5005 3587 5041 των
3610 5004 3665 5041 οε

2096 5058 2316 5129 πάντων
2361 5059 2427 5111 τὲ
2466 5061 2613 5112 ἐστιν
2659 5060 2687 5110 ὁ
2787 5059 2880 5123 ὸς,
2926 5058 3082 5129 δηλον
3119 5060 3201 5111 ὅτι
3257 5059 3351 5129 θεαὶ
3382 5058 3472 5111 τὸν
3515 5057 3665 5129 [ἱόν.

2100 5127 2369 5183 Unitatem
2404 5130 2651 5184 essentia;
2681 5139 2734 5182 et
2756 5126 3118 5199 aequalitatem
3169 5130 3223 5183 in
3266 5127 3423 5199 Patre
3450 5139 3504 5182 et
3532 5126 3681 5182 Filio

2097 5200 2323 5253 mirifice
2345 5203 2564 5267 exponit
2592 5197 2875 5268 Origenes,
2900 5202 3028 5253 dum
3055 5198 3271 5268 Patrem
3297 5214 3325 5251 a
3358 5197 3498 5252 Filio
3518 5213 3673 5253 com-

2097 5269 2353 5337 prehendi
2400 5270 2607 5333 statuit,
2638 5266 2761 5337 quia
2810 5269 2971 5324 Pater
3003 5270 3055 5323 in
3105 5266 3241 5322 Filio
3288 5280 3388 5321 est.
3446 5269 3671 5322 Patrem

2096 5353 2225 5408 ergo
2255 5340 2305 5391 in
2338 5339 2477 5394 Filio
2511 5355 2643 5408 esse
2662 5340 2939 5408 credebat,
2979 5354 3082 5392 non
3132 5339 3259 5406 quia
3308 5337 3456 5391 Patri
3490 5337 3664 5392 Filius

2095 5407 2300 5472 obedit,
2330 5410 2422 5464 sed
2447 5409 2575 5479 quia
2607 5407 2743 5462 Filio
2774 5407 2935 5479 Pater
2959 5419 3123 5462 tutam
3146 5409 3379 5479 divinam
3414 5408 3667 5462 substan-

2099 5480 2225 5531 tiam
2260 5478 2566 5547 generando
2598 5479 2837 5532 tradidit.
2872 5478 3027 5535 Unde
3058 5478 3339 5547 scientiam
3364 5489 3419 5532 et
3452 5480 3673 5546 sapien-

2099 5550 2226 5600 tiam
2249 5545 2303 5601 ἰὴ
2334 5560 2561 5618 utroque
2581 5548 2840 5620 aequalem
2872 5549 3119 5617 agnoscit
3150 5545 3428 5620 Origenes,
3455 5545 3673 5601 ac’illud

2097 5628 2305 5671 tantum
2335 5618 2839 5686 comprehensionis
2876 5632 3072 5684 genus,
3094 5632 3200 5688 quo
3230 5618 3471 5687 genitum
3512 5632 3668 5688 cont-

2092 5688 2375 5757 prehendit
2409 5689 2638 5757 genitor,
2669 5706 2697 5743 a
2724 5688 2856 5741 Filio
2881 5687 3141 5757 removet.
3170 5715 3242 5728 --
3268 5688 3509 5743 Domnus
3526 5687 3664 5757 Pru-

2094 5755 2242 5812 dent.
2297 5755 2483 5811 Maran
2528 5755 2856 5815 Deidiviuit.
2897 5755 3095 5813 Christi
3149 5759 3241 5815 lib.
3288 5773 3365 5827 tv,
3413 5773 3536 5829 cap.
3572 5755 3648 5810 IK

2097 5843 2249 5882 num.
2275 5827 2312 5882 2
2332 5836 2387 5881 et
2416 5826 2475 5879 4.

2097 5843 2249 5886 num.
2275 5836 2312 5882 2
2332 5836 2387 5881 et
2416 5836 2475 5879 4.
