4160 6470
474 443 573 499 7G7

1779 435 1839 492 Ρ.
1880 433 2192 490 DANIELIS
2228 431 2460 489 HUETII

3616 411 3718 477 .768

472 562 616 634 quod
642 570 695 614 et
726 558 911 616 Graece
937 557 1159 611 exhibet
1185 556 1521 612 Jttstinianus
1564 555 1616 608 in
1655 554 1757 608 line
1795 553 2049 620 Epistula!

2177 553 2253 608 υπὸ
2276 552 2370 606 τοῦ
2404 550 2616 622 Πατρδς
2645 546 2953 617 άγνοεισθαι
2988 548 3095 603 ὑπο
3119 523 3212 597 τοῦ
3252 538 3405 604 Υἱοὶι.
3436 543 3721 614 διαρκοῦν-

479 653 551 707 ad
596 650 799 705 Menam
836 665 854 702 :

473 743 677 813 ὁμοίως
704 740 793 793 τὸν
827 739 959 792 Θεὸν
988 738 1077 807 ὑφ’
1104 737 1295 791 ἑαυτοῦ
1349 736 1731 806 γινώσκεσθαι,
1767 736 1845 807 τῷ
1891 734 2050 803 γινώ-

479 833 707 888 σκεσθαι
737 833 897 885 αὑτὸν
931 831 1036 885 ὑπὸ
1064 829 1155 884 τοῦ
1189 829 1525 898 Μονογενοῦς
1549 846 1564 861 ·
1584 831 1677 883 καὶ
1694 830 2051 897 ἁποφανεῖται

477 927 561 982 ὅτι
602 926 663 979 τὸ
710 925 1000 997 εἰρημένον
1025 941 1041 955 ·
1077 925 1129 975 '0
1160 922 1362 992 Πατὴρ
1405 926 1438 977 ὁ
1466 921 1710 991 πέμψας
1739 940 1818 991 με
1846 918 2053 985 μείζων

472 1037 594 1092 μου
622 1017 815 1079 ἐστὶν,
839 1019 897 1069 ὲν
926 1018 1091 1070 πᾶσιν
1124 1015 1342 1086 ἀληθές.
1371 1016 1531 1068 Ὥστε
1564 1016 1658 1067 καὶ
1681 1017 1736 1067 ἐν
1755 1014 1834 1084 τῷ
1863 1017 2001 1067 νοεῖν
2025 1014 2054 1067 ὀ

480 1109 670 1182 Πατὴρ
712 1109 972 1181 μειζόνως
1031 1109 1125 1160 καὶ
1175 1106 1515 1176 τρανοτέρως
1561 1106 1655 1159 καὶ
1707 1106 2054 1177 τελειοτέρως

480 1208 683 1259 νοεῖται
746 1202 835 1272 ὑφ’
878 1200 1109 1267 ἑαυτοῦ,
1157 1201 1190 1271 ἢ
1239 1197 1343 1252 ὑπὸ
1384 1197 1479 1251 τοῦ
1519 1199 1669 1252 Tim").
1725 1216 1745 1249 ι
1800 1198 2056 1251 Curiosus

484 1294 653 1348 lector
679 1292 934 1360 inquirat,
961 1299 1138 1343 utrum
1174 1306 1202 1342 a
1244 1289 1535 1357 semetipso
1578 1300 1935 1356 cognoscatur
1958 1286 2058 1339 Pa-

489 1396 593 1450 ter,
617 1383 890 1452 quontodu
920 1382 1271 1448 cognoscitur
1314 1396 1341 1432 a
1380 1380 1551 1442 Filio;
1602 1380 1889 1446 sciensque
1926 1376 2056 1430 illttd

488 1474 630 1545 quod
668 1473 930 1541 scriptum
963 1480 1090 1524 est:
1128 1466 1296 1523 Pater
1329 1472 1420 1539 qui
1453 1470 1592 1521 misit
1629 1485 1729 1532 me,
1769 1467 1943 1535 major
1979 1482 2060 1519 me

486 1574 567 1619 'est
595 1565 662 1629 ",
689 1564 743 1616 itt
777 1562 1028 1615 omnibus
1070 1577 1259 1615 verum
1292 1576 1414 1615 esse
1456 1562 1772 1625 contendet,
1820 1568 1882 1612 ut
1915 1558 2064 1613 dicat

489 1657 627 1714 etin
653 1655 960 1722 cognitione
1012 1653 1153 1709 Filio
1188 1654 1405 1707 Patrem
1459 1668 1582 1706 esse
1614 1649 1896 1719 majorem,
1937 1651 2061 1704 dum

490 1746 787 1818 perfectius
821 1754 875 1799 et
904 1745 1093 1813 purius
1115 1759 1144 1797 a
1174 1743 1465 1812 semetipso
1499 1740 1864 1810 cognoscitur,
1902 1753 2063 1808 quam

494 1854 526 1893 a
557 1838 708 1893 Filio.
738 1858 757 1889 ι
788 1838 963 1905 Atque
992 1837 1042 1889 id
1070 1851 1191 1890 esse
1228 1851 1405 1889 causze
1430 1849 1600 1904 quare
1635 1832 1831 1887 Filium
1854 1846 1886 1885 a
1907 1830 2067 1885 Patre

895 648 1087 711 Ἀλλος
1136 647 1193 701 δέ
1247 665 1329 711 τις
1353 646 1578 718 ζητήσει
1626 649 1675 699 εί
1726 644 1921 715 ἀληθὲς
1984 644 2047 697 τὸ
2150 661 2242 708 τος
2267 641 2585 711 ἐξισωθῆναι
2615 641 2736 702 ταῖς
2761 638 3094 709 καταλήψεσι
3124 633 3219 688 τοῦ
3253 634 3516 705 άγενήτου
3561 635 3717 689 Θεοῦ·

2154 733 2471 788 ἐπιστατέον
2503 731 2663 784 αὑτὸν
2684 732 2748 783 έκ
2777 729 2870 782 τοῦ
2898 727 3155 798 ἀλήθειαν
3187 721 3326 779 εἶναι
3358 724 3449 780 τὸν
3471 727 3721 799 Σωτῆρα,

2154 828 2250 882 καὶ
2280 825 2611 899 προσακτέον
2642 824 2725 877 ὅτι
2770 824 2819 875 εί
2856 820 3147 892 ὀλόκληρός
3198 822 3345 873 ἐστιν
3398 821 3432 891 ἡ
3476 820 3722 891 ἀλήθεια,

2156 921 2306 975 οὐδὲν
2334 918 2529 988 ἀληθὲς
2567 918 2768 984 ἀγνοεῖ,
2801 915 2889 968 ἵνα
2919 914 2993 985 μὴ
3023 912 3197 985 σκάζῃ
3229 912 3493 966 λείπουσα
3519 916 3553 985 ἡ
3588 913 3720 985 ἁλή-

2160 1010 2278 1065 θεια
2304 1004 2384 1073 οἷς
2420 1009 2481 1061 οὐ
2509 1007 2789 1076 γινώσκει,
2832 1006 2954 1060 κατ’
2984 1005 3245 1068 ἐκείνους,
3274 1005 3630 1076 τυγχάνουσιν
3665 1007 3725 1061 ὲν

2164 1102 2309 1172 μόνῳ
2338 1098 2417 1170 τῷ
2444 1098 2636 1170 Πατρὶ,
2664 1097 2697 1169 ἢ
2724 1096 2984 1150 δεικνύτω
3009 1114 3093 1160 τις
3117 1097 3197 1151 ὅτι
3229 1096 3374 1150 ἐστιν
3396 1097 3431 1151 ἂ
3463 1097 3728 1166 γινωσκό-

2166 1209 2303 1263 μενα
2332 1190 2429 1260 τῆς
2461 1189 2713 1262 ἀληθείας
2736 1188 3106 1262 προσηγορίας
3138 1189 3199 1243 οὐ
3232 1190 3585 1260 τυγχάνοντα,
3613 1190 3727 1245 ἀλλ’

2164 1286 2304 1356 ὑπὲρ
2335 1284 2505 1355 αὐτὴν
2549 1284 2699 1337 ὄντα.
2732 1282 3049 1337 Addcndum
3083 1298 3363 1338 censerem
3402 1293 3456 1337 et
3502 1282 3662 1337 istum
3699 1298 3732 1339 e

2166 1379 2265 1433 lib.
2308 1394 2324 1432 ι
2354 1379 2493 1446 Περὶ
2525 1376 2747 1445 ἀρχῶν,
2777 1391 2899 1443 cap.
2928 1378 2979 1438 3,
3013 1393 3160 1431 num.
3204 1378 3237 1430 4
3278 1376 3461 1448 (quem
3512 1387 3734 1448 usurpat

2166 1485 2286 1541 cap.
2329 1469 2397 1525 18
2460 1482 2652 1523 auctor
2704 1468 2871 1524 libelli
2935 1470 3009 1523 De
3056 1469 3249 1523 deitate
3294 1479 3341 1522 et
3376 1470 3737 1523 incarnatione

2174 1561 2352 1624 Verbi,
2382 1563 2446 1616 ad
2470 1560 2790 1616 Januarium
2813 1601 2829 1627 ,
2856 1563 2947 1631 qui
2989 1560 3336 1631 subiungitur
3364 1570 3511 1615 tomo
3542 1568 3737 1630 quarto

2169 1651 2476 1724 Augustini)
2496 1672 2510 1719 ;
2528 1654 2581 1707 in
2612 1653 3089 1723 quocognitionetn
3115 1653 3350 1721 Spiritus
3372 1652 3546 1708 sancti
3567 1666 3743 1723 :equao

2171 1743 2273 1798 lem
2303 1760 2422 1800 esse
2453 1744 2744 1813 cognitioni
2770 1743 2949 1799 Patris
2981 1754 3036 1798 et
3069 1743 3186 1797 Filii
3215 1745 3535 1811 ostenditur,
3560 1744 3606 1798 si
3635 1759 3738 1799 non

2175 1838 2275 1891 boc
2299 1852 2454 1906 opus,
2479 1846 2537 1890 ut
2570 1837 2731 1891 toties
2765 1837 2975 1902 monui,
3008 1837 3061 1889 in
3098 1836 3163 1890 iis
3200 1835 3434 1889 maxime
3460 1834 3653 1903 quibus
3677 1835 3743 1888 de

504 1928 912 1998 comprehendi,
934 1924 1151 1981 Patrem
1189 1940 1321 1980 vero
1350 1941 1379 1978 a
1411 1924 1548 1978 Filio
1580 1923 1894 1991 neutiquam
1923 1937 2074 1976 com-
2102 1922 2147 1978 B
2175 1927 2443 1984 Trinitate
2492 1930 2695 1999 agitur,
2729 1928 3071 1997 corrupisset
3124 1927 3377 1984 Ruﬁnus.
3425 1927 3516 1982 Sic
3566 1934 3742 1983 autem

498 2019 759 2094 prehendi
793 2019 1223 2088 posse-opinatus
1246 2016 1337 2082 sit,
1362 2017 1438 2069 ait
1466 2013 1827 2084 Hieronymus
1848 2028 1860 2065 :
1881 2022 2070 2068 contra

499 2130 663 2184 quam
689 2113 968 2181 Paganino
999 2110 1301 2167 Gaudentio
1334 2110 1510 2163 visunt
1552 2118 1636 2162 est
1675 2107 1768 2162 lib.
1811 2107 1888 2161 De
1930 2121 2074 2159 com—

497 2217 675 2278 parat.
709 2205 884 2273 dogm.
918 2203 1132 2272 Origen.
1158 2218 1275 2255 cum
1305 2200 1498 2271 philos.
1534 2198 1921 2268 Platonis;qui
1954 2198 2074 2251 ideo

501 2297 781 2353 censuisse
808 2297 1095 2365 Origenent
1127 2294 1338 2358 scribit,
1370 2292 1566 2346 Filium
1584 2292 1767 2346 videre
1788 2306 1893 2344 non
1918 2302 2075 2359 posse

499 2384 742 2451 Patrem,
780 2387 906 2455 quia
936 2385 1133 2439 Filium
1172 2384 1360 2438 habuit
1398 2397 1496 2453 pro
1534 2398 1592 2436 re
1619 2390 1839 2448 creata;
1865 2380 2078 2436 intelle-

503 2489 649 2534 ctum
699 2487 879 2531 autem
926 2487 1166 2532 creatum
1204 2492 1319 2531 rem
1378 2476 1648 2528 inlinitam
1702 2487 1929 2528 cernere
1965 2486 2075 2526 non

507 2586 683 2641 posse.
719 2568 854 2624 Cum
889 2570 1033 2624 enim
1065 2578 1284 2636 putasse
1338 2555 1545 2622 feratur
1590 2580 1764 2633 neque
1805 2563 2003 2619 Filium
2046 2577 2078 2617 a

508 2662 932 2731 Spiritu'sancto
955 2660 1122 2715 videri
1153 2674 1332 2728 posse,
1350 2672 1526 2727 neque
1549 2656 1810 2725 Spiritum
1830 2667 2078 2711 sanctum

511 2753 579 2807 ab
606 2736 833 2819 angelis,
880 2766 1055 2820 neque
1104 2750 1329 2818 angelos
1381 2748 1449 2803 ab
1500 2747 1834 2813 hominibus,
1884 2760 2081 2804 vanam

508 2862 634 2902 esse
670 2846 918 2915 sequitur
945 2845 1238 2900 Gaudentii
1273 2844 1664 2914 conjecturam.
1715 2841 1917 2897 Eodem
1963 2856 2086 2912 per-

511 2938 649 2992 tinet
694 2937 839 3007 qttod
886 2939 1140 3006 queritur
1172 2935 1559 3007 Hieronymus,
1591 2951 1712 3004 cap.
1754 2935 1806 3001 l,
1840 2933 2083 3003 ejusdem

512 3028 772 3099 Epistolis
803 3030 873 3083 ad
907 3030 1071 3092 AviL,
1106 3029 1413 3083 decrevisse
1446 3026 1758 3098 Origenem,
1785 3025 1952 3081 Deum
1971 3023 2084 3078 Pa-

514 3131 646 3177 trem
673 3138 783 3175 esse
809 3121 982 3175 lumen
1006 3119 1549 3188 incomprehensibile.
1584 3118 1905 3190 Anonymus
1946 3128 2085 3185 quo-

513 3228 623 3283 que
653 3221 842 3267 auctor
885 3211 1158 3283 Apologia:
1198 3227 1293 3280 pro
1350 3209 1599 3281 Origene,
1651 3209 1792 3279 apud
1830 3207 2083 3263 Photium

2172 2031 2473 2089 conceptus
2492 2029 2577 2075 est
2609 2038 2624 2075 :
2657 2037 2677 2071 t
2718 2018 2871 2074 Sicut
2904 2020 3050 2074 enim
3088 2020 3155 2074 de
3185 2018 3322 2074 Filio
3358 2019 3593 2083 dicitur,
3621 2018 3747 2089 quia

2173 2129 2322 2167 nemo
2344 2114 2484 2166 novit
2522 2110 2732 2167 Patrem
2768 2112 2872 2167 nisi
2912 2109 3111 2175 Filius,
3135 2121 3184 2166 et
3217 2112 3303 2165 cui
3333 2110 3552 2166 voluerit
3575 2109 3623 2163 F
3626 2111 3750 2165 ilius

2182 2203 2412 2258 revelare
2440 2202 2485 2234 "
2521 2218 2535 2255 :
2566 2204 2679 2259 haec
2727 2204 2915 2257 eadem
2959 2204 3125 2257 etiam
3180 2202 3249 2257 de
3305 2201 3510 2272 Spiritu
3561 2211 3749 2261 sancto

2177 2292 2311 2347 dicit
2359 2294 2673 2363 Apostolus,
2730 2308 2853 2348 cum
2900 2294 3028 2346 ait:
3071 2291 3238 2347 Nobis
3276 2304 3452 2348 autem
3499 2292 3742 2348 revelavit

2177 2383 2318 2438 Deus
2342 2403 2435 2455 per
2456 2384 2711 2454 Spiritum
2743 2402 2895 2440 suum
2921 2403 2940 2451 ;
2973 2383 3208 2454 Spiritus
3231 2387 3369 2440 enim
3402 2387 3580 2440 omnia
3607 2402 3751 2441 scru-

2180 2486 2345 2543 tatur,
2369 2479 2525 2531 etinm
2550 2478 2658 2531 alta
2690 2477 2784 2533 Dei
2808 2478 2875 2533 ³⁸.
2917 2477 3022 2533 Sed
3065 2487 3118 2533 et
3148 2493 3336 2534 rursus
3368 2478 3418 2532 in
3462 2477 3753 2549 Evangelia

2181 2568 2247 2622 de
2275 2570 2473 2624 divinis
2521 2579 2575 2624 et
2628 2568 3077 2638 prol‘undioribus
3123 2571 3389 2625 doctrinis
3425 2585 3753 2625 commemo-

2180 2674 2312 2714 rans
2367 2660 2639 2725 Salvator,
2692 2675 2828 2730 quas
2866 2664 3102 2717 nondum
3137 2676 3333 2732 capere
3389 2669 3641 2732 poterant
3672 2660 3759 2735 di-p

2182 2751 2376 2820 scipuli
2408 2752 2513 2819 sui,
2551 2754 2621 2806 ita
2649 2754 2724 2806 ait
2747 2751 2812 2806 ad
2850 2754 3123 2822 apostolos
3152 2770 3166 2806 :
3196 2753 3381 2805 Adhuc
3401 2751 3565 2806 multa
3593 2752 3758 2807 habeo

2181 2861 2300 2913 quat
2340 2848 2485 2900 vobis
2507 2846 2704 2914 dicam,
2749 2846 2843 2901 sed
2886 2864 2991 2901 non
3037 2847 3250 2914 potestis
3293 2845 3484 2899 amodo
3529 2860 3753 2916 capere:

2183 2953 2298 2990 eum
2317 2948 2490 2991 autem
2506 2939 2700 2992 venerit
2727 2939 3028 2993 consolator
3050 2936 3284 3007 Spiritus
3306 2948 3546 3002 sanctus,
3567 2938 3656 2991 ille
3671 2953 3757 2991 vos

2183 3027 2383 3083 docebit
2401 3030 2597 3095 omnia,
2617 3039 2663 3083 et
2681 3030 3026 3083 commonebit
3048 3030 3222 3084 omnia
3248 3045 3364 3098 qua:
3386 3030 3500 3083 dixi
3526 3029 3667 3084 vobis
3687 3030 3756 3081 ”.

2186 3117 2247 3172 Et
2282 3119 2355 3173 ita
2394 3121 2737 3176 sentiendum
2772 3129 2877 3182 est.
2911 3120 3052 3190 quod
3092 3121 3231 3175 sicut
3276 3120 3445 3176 Filius
3485 3122 3577 3190 qui
3609 3120 3758 3174 solus

2189 3210 2468 3279 cognoscit
2507 3210 2765 3279 Patrem,
2812 3211 3017 3267 revelat
3067 3212 3155 3267 cui
3208 3211 3346 3277 vult,
3397 3212 3471 3266 ita
3522 3211 3762 3281 Spiritus

516 3276 638 3361 cod.
669 3320 835 3369 cxvu,
876 3276 1018 3358 inter
1053 3276 1231 3374 capita
1257 3276 1701 3358 criminationum
1722 3316 1841 3371 quae
1865 3299 2087 3371 Origeni
2114 3276 2158 3332 θ
2193 3276 2412 3357 sanctus
2439 3305 2528 3373 qui
2558 3303 2707 3359 solus
2751 3276 3028 3358 scrutatur
3051 3303 3214 3356 etiam
3262 3302 3367 3356 alta
3403 3302 3521 3365 Dei,
3559 3276 3764 3355 revelat

517 3397 778 3452 intentari
820 3395 1103 3461 solebant,
1146 3395 1364 3450 tertium
1423 3394 1551 3449 illud
1598 3395 1747 3464 ponit
1788 3392 1965 3468 [Υἱδν]
2015 3393 2091 3465 μὴ

516 3480 808 3553 γινώσκειν
849 3482 940 3535 τὸν
982 3482 1235 3553 Πατέρα,
1275 3481 1351 3545 ώς
1398 3483 1560 3546 αὐτὸς
1603 3481 1814 3536 ἑαυτόν.
1846 3501 1865 3535 t
1895 3482 2092 3537 Filium

520 3587 628 3626 non
665 3586 996 3641 cognoscere
1020 3571 1256 3637 Patrem,
1282 3582 1339 3629 ut
1364 3574 1542 3641 seipse
1561 3571 1726 3627 Pater
1755 3572 2088 3642 cognoscit.»

519 3659 693 3731 Hujus
727 3676 858 3716 sane
884 3663 1175 3717 commenti
1212 3671 1351 3716 notae
1384 3673 1601 3717 exstant
1652 3674 1798 3717 l0lll0
1834 3679 1982 3717 nxn
2016 3662 2094 3733 (8)

498 3756 577 3808 lin
602 3752 792 3819 Joan.,
822 3768 972 3810 num.
1001 3753 1070 3807 18
1099 3750 1505 3809 εΓινώσκειοῦν
1529 3755 1620 3808 τὸν
1641 3755 1858 3828 Πατέρα
1890 3757 1919 3809 ὁ
1945 3755 2095 3820 Υἱὸς,

519 3840 673 3913 αὐτῷ
714 3841 792 3913 τῷ
820 3841 1106 3911 γινώσκειν
1145 3844 1307 3898 αὑτὸν
1335 3846 1447 3899 ὄντι
1491 3846 1730 3918 μεγίστῳ
1758 3842 1967 3918 ἀγαθῷ,
2002 3848 2099 3900 καὶ

518 3934 706 3990 ὁποῖον
734 3935 800 3989 ἂν
830 3938 860 3990 ὁ
886 3937 979 3989 ἐπὶ
995 3937 1207 3991 τελείαν
1232 3937 1435 4006 γνῶσιν
1459 3939 1534 3993 ὢν
1556 3942 1623 4012 ἢν
1641 3939 1901 4010 γινώσκει
1921 3943 1951 3994 6
1972 3941 2100 4004 Υίδς

2196 3395 2362 3449 Deum
2391 3397 2476 3451 cui
2501 3395 2646 3462 vult;
2685 3394 2917 3463 Spiritus
2955 3394 3093 3448 enim
3120 3394 3208 3448 ubi
3230 3393 3341 3448 vult
3374 3395 3541 3463 spirat
3563 3392 3629 3446 ³⁵.
3656 3390 3764 3447 Ne-

2194 3502 2299 3556 que
2328 3489 2471 3542 enim
2495 3487 2791 3558 putandum
2839 3496 2920 3542 est
2948 3487 3096 3556 quod
3132 3486 3294 3541 etiam
3332 3485 3566 3557 Spiritus
3615 3483 3758 3539 Filio

2197 3580 2474 3635 revelante
2526 3579 2828 3650 cognoscit.
2873 3578 2929 3632 Si
2977 3578 3121 3632 enim
3163 3578 3439 3634 revelante
3492 3576 3629 3631 Filio
3676 3591 3770 3631 co-

2197 3669 2406 3738 gnoscit
2437 3666 2650 3721 Patrem
2684 3666 2918 3735 Spiritus
2941 3679 3188 3733 sanctus,
3211 3682 3342 3738 ergo
3370 3682 3436 3722 ex
3468 3665 3767 3736 ignorantia

2198 3760 2263 3813 ad
2316 3760 2595 3814 scientiam
2630 3759 2776 3813 venit
2815 3776 2829 3811 :
2870 3757 3014 3827 quod
3048 3758 3235 3829 utique
3266 3768 3322 3814 et
3351 3759 3575 3829 impium
3620 3756 3766 3827 pari—

2202 3860 2285 3907 ter
2310 3860 2360 3906 et
2400 3850 2624 3923 stultum
2654 3858 2756 3916 est,
2809 3847 3074 3918 Spiritum
3133 3859 3380 3904 sanctum
3416 3846 3685 3913 conﬁteri,
3715 3856 3771 3902 et

2201 3943 2557 4013 ignorantiam
2589 3942 2637 3996 ei
2671 3940 2966 3997 ascribere.
3002 3959 3021 3993 ι
3044 3938 3101 3995 Si
3134 3941 3298 3995 ullam
3326 3940 3551 4010 Spiritui
3584 3951 3772 3995 sancto

518 4028 615 4084 τὸν
647 4032 884 4104 Πατέρα,
937 4032 1217 4103 ἐδοξάσθη.
1270 4030 1437 4106 Οἶμαι
1469 4036 1550 4090 ὅτι
1590 4037 1686 4091 καὶ
1716 4037 1907 4092 ἑαυτὸν
1935 4037 2071 4109 γινώ

2202 4034 2560 4105 ignorantiam
2624 4032 3012 4088 ascribendam‘
3053 4047 3175 4089 esse
3238 4029 3505 4102 Origenes
3571 4039 3771 4102 negat,

522 4138 691 4186 σκων,
738 4124 874 4195 ὅπερ
904 4126 996 4177 καὶ
1026 4124 1157 4179 αὐτὸ
1203 4127 1265 4179 οὐ
1316 4126 1535 4199 μακρὰν
1585 4127 1775 4182 ἀποδεῖ
1817 4126 1912 4184 τοῦ
1968 4146 2074 4201 προ

2199 4125 2459 4195 aequalem
2483 4124 2706 4179 omnino
2738 4123 3020 4178 scientiam
3072 4121 3171 4191 ipsi
3210 4122 3403 4178 tribuit
3432 4138 3498 4177 ac
3528 4120 3676 4177 Patri
3716 4127 3775 4176 et

521 4212 705 4286 τέρου,
737 4212 996 4285 ἐδοξάσθη
1039 4216 1103 4268 ὲκ
1131 4214 1226 4269 τοῦ
1271 4216 1431 4271 αὐτὸν
1464 4219 1785 4287 ἐγνωκέναι.
1823 4219 2075 4289 Cognitio

2199 4214 2379 4285 Filio;
2413 4230 2514 4271 nec
2566 4214 2740 4282 major
2778 4214 2921 4267 enim
2956 4213 3251 4283 excogitari
3302 4222 3480 4281 potest
3526 4211 3773 4278 scicntia,

524 4319 648 4360 netu
683 4320 789 4375 qua
841 4321 901 4361 se
938 4309 1220 4378 cognoscit
1255 4306 1446 4377 Filius,
1502 4311 1814 4379 cognitione
1860 4311 1951 4365 illa
1995 4325 2102 4383 qua
2203 4322 2365 4379 quam
2401 4322 2522 4378 qua:
2566 4307 2710 4361 nulla
2744 4308 2963 4378 penitus
3020 4306 3343 4377 ignorantite
3389 4304 3619 4375 caligine
3652 4316 3778 4373 per-

526 4395 811 4463 cognoscit
843 4395 1060 4452 Patrem
1119 4399 1281 4468 paulo
1321 4400 1633 4455 inferiorem
1683 4415 1808 4457 esse
1866 4401 2102 4467 deﬁnit;
2206 4400 2367 4455 mista
2401 4408 2503 4456 est.

525 4488 673 4559 quod
732 4503 857 4543 mox
904 4490 1144 4559 apertius
1184 4492 1477 4561 prtedicat,
1520 4491 1710 4547 dicens
1760 4490 2106 4564 τὴν-Πατρὸς
2275 4491 2417 4547 XXI.
2456 4491 2652 4547 Filium
2681 4492 2773 4549 Dei
2808 4508 2905 4563 pro
2934 4507 2995 4548 re
3022 4501 3211 4548 creata
3239 4494 3307 4548 ab
3357 4494 3592 4564 Origene
3620 4495 3780 4551 habi-

528 4579 764 4656 θεωρίαν
788 4579 928 4635 εἶναι
963 4580 1185 4653 μείζονα
1207 4583 1310 4655 τῆς
1340 4587 1397 4639 ὲν
1426 4583 1542 4656 Υίῷ
1574 4582 1828 4655 θεωρίας.

2177 4643 2182 4673 ι
2208 4595 2323 4641 ῑιιιιι
2352 4588 2518 4642 fuisse
2546 4601 2609 4640 ac
2640 4586 3017 4657 prtedicatum,
3050 4599 3170 4654 quac
3191 4584 3519 4640 Arianorum
3553 4596 3608 4641 et
3636 4587 3782 4642 Ano-

601 4673 720 4729 ΧΧ.
745 4674 877 4744 Quae
896 4677 1146 4746 quamvis
1174 4686 1555 4730 asseverattter
1585 4677 1933 4745 pronuntiata
1969 4676 2105 4742 sint,
2137 4673 2177 4683 “’
2211 4693 2468 4733 ιιιιιιονιιηι
2502 4679 2660 4749 impia
2698 4678 2797 4733 fuit
2827 4687 2882 4734 et
2917 4677 3176 4753 damnosa
3208 4677 3412 4745 Opinio,
3454 4679 3619 4733 verba
3666 4679 3784 4733 haec

532 4764 611 4839 (9)
632 4767 770 4822 idem
802 4768 919 4837 ipse
948 4777 1127 4825 tamen
1148 4768 1202 4823 itt
1227 4768 1417 4823 iisdem
1444 4768 1866 4825 Commentariis
1884 4777 2033 4826 tomo
2059 4786 2100 4835 ι,
2207 4771 2532 4839 persuadere
2557 4776 2806 4841 possunt,
2830 4783 2950 4838 quae
2972 4784 3005 4824 e
3038 4768 3133 4825 lib.
3166 4785 3219 4824 tv
3241 4767 3380 4836 Περὶ
3396 4769 3600 4838 ἀρχῶν
3613 4771 3786 4824 addu—

531 4872 687 4914 nutu.
733 4858 841 4926 27,
890 4859 1154 4928 aqualem
1194 4859 1559 4929 cognitionem
1617 4860 1743 4915 Filii
1810 4860 2105 4931 cognitioni
2208 4862 2283 4915 cit
2314 4860 2644 4916 Justinianus
2672 4861 2725 4915 in
2750 4858 2990 4930 Epistola
3022 4860 3094 4914 ad
3126 4860 3376 4915 Menam:
3397 4854 3567 4925 Οὗτος
3598 4863 3626 4915 ὁ
3656 4860 3787 4925 Υἱὸς

531 4946 711 5004 Patris
734 4949 948 5005 videtur
975 4960 1231 5016 statuere,
1266 4951 1403 5007 adeo
1427 4952 1554 5021 quid
1576 4960 1894 5023 sequeretur
1918 4967 2075 5022 parur

2209 4952 2276 5006 ὲκ
2308 4951 2611 5024 θελήματος
2641 4952 2735 5006 τοῦ
2766 4952 2980 5025 Πατρὸς
3014 4951 3287 5023 γενηθεὶς,
3317 4951 3385 5018 ὅς
3412 4952 3583 5006 ἐστιν
3609 4950 3787 5006 εἰκὼν

533 5038 637 5109 ipsi
669 5048 844 5094 ratum
878 5041 1149 5111 ﬁxumque
1176 5042 1278 5095 fuit
1305 5058 1318 5094 :
1366 5041 1493 5096 Ἐὰν
1522 5042 1580 5096 δέ
1598 5059 1684 5107 τις
1719 5042 1879 5115 ζητῇ,
1910 5044 2075 5113 inquit

2212 5044 2317 5099 τοῦ
2345 5045 2492 5100 Θεοῦ
2528 5045 2634 5100 τοῦ
2673 5043 2950 5115 ἀοράτου,
2993 5045 3087 5099 καὶ
3118 5044 3460 5115 ἀπαύγασμα
3495 5045 3595 5115 τῆς
3629 5043 3788 5114 δόξης

533 5131 586 5185 el
614 5132 720 5186 πᾶν
752 5134 781 5187 ὅ
813 5133 867 5185 τί
882 5150 1011 5187 ποτε
1041 5135 1379 5205 ἐγνωσμένον
1405 5134 1510 5189 ὑπὸ
1537 5135 1629 5188 τοῦ
1647 5136 1861 5207 Πατρὸς
1884 5135 2025 5189 κατὰ
2050 5135 2115 5189 τὸ
2214 5136 2398 5203 αὑτοῦ,
2433 5139 2720 5210 χαρακτήρ
2745 5154 2804 5190 τε
2832 5137 2931 5209 τῆς
2963 5137 3314 5200 ὑποστάσεως
3348 5136 3509 5190 αὑτοῦ
3528 5176 3542 5203 ,
3578 5135 3790 5209 πρωτό-

536 5220 700 5293 βάθος
723 5223 819 5276 τοῦ
849 5224 1102 5290 πλούτου,
1137 5226 1230 5280 καὶ¹
1250 5226 1351 5297 τῆς
1377 5226 1587 5296 σοφίας,
1617 5227 1712 5278 καὶ⁵
1739 5227 1838 5297 τῆς
1858 5226 2113 5296 γνώσεως
2212 5246 2369 5296 τοκος
2412 5232 2592 5304 πάσης
2652 5228 2899 5294 κτίσεως,
2942 5228 3168 5300 κτίσμα,
3206 5227 3384 5298 σοφία.
3418 5229 3566 5300 Αὐτὴ
3599 5229 3703 5300 γὰρ
3752 5227 3790 5298 ἡ

536 5314 724 5377 αὐτοῦ,
754 5316 1045 5370 ἐπίσταται
1088 5318 1116 5369 ὀ
1150 5317 1341 5390 Σωτὴρ
1369 5317 1546 5390 ἡμῶν,
1577 5318 1670 5370 καὶ
1704 5318 1972 5390 φαντασίᾳ
2018 5318 2112 5373 τοῦ
2222 5321 2387 5392 Σοφία
2403 5323 2585 5395 φησίν·
2616 5323 2677 5376 '0
2703 5321 2848 5390 Θεὸς
2879 5320 3381 5391 ἔκτισέμεὰρχὴν
3400 5320 3557 5375 ὁδῶν
3571 5318 3792 5375 ἑαυτοῦ

536 5403 776 5472 δοξάζειν
801 5408 893 5463 τὸν
924 5408 1141 5481 Πατέρα
1164 5408 1530 5481 ἀποφαίνηταί
1574 5425 1695 5463 τινα
1739 5410 2075 5481 γινωσκόμεν

2220 5414 2307 5477 εις
2341 5413 2486 5484 ἔργα
2536 5412 2776 5468 ἑαυτοῦ.
2806 5431 2826 5465 t
2862 5412 2961 5467 Hic
2994 5411 3165 5467 Filius
3198 5412 3264 5465 de
3293 5411 3572 5466 voluntate
3614 5408 3795 5465 Patris

612 5520 659 5552 ²⁶
692 5519 844 5576 Joan.
878 5536 994 5586 ειν,
1019 5520 1112 5577 28.
1187 5522 1232 5554 "'
1252 5522 1388 5578 Luc.
1414 5538 1470 5590 x,
1501 5521 1592 5577 2‘2.
1669 5521 1754 5577 "l
1782 5523 1908 5577 Cor.
1945 5538 2004 5587 tt,
2028 5523 2075 5577 ll

2190 5525 2237 5559 ’³
2263 5527 2419 5583 Joan.
2446 5543 2557 5593 xw,
2589 5528 2691 5592 12,
2724 5526 2828 5593 l3;
2862 5540 2976 5592 xw,
3011 5524 3102 5578 26.
3182 5524 3227 5557 ⁸ο
3250 5523 3406 5580 Joan.
3440 5539 3523 5588 tu,
3557 5522 3612 5579 8.

617 5616 693 5683 (8)
722 5614 787 5670 In
810 5615 997 5689 Joan.
1041 5635 1188 5673 num.
1228 5618 1319 5686 18,
1349 5629 1459 5673 etc.
1492 5618 1630 5674 Vide
1682 5633 1847 5689 supra
1901 5634 2051 5672 num.
2082 5618 2112 5670 7
2225 5622 2327 5675 tuit
2357 5623 2519 5677 etiam
2547 5623 2806 5689 Origenes
2838 5621 2930 5675 lib.
2959 5636 3008 5675 rt
3041 5628 3224 5689 contra
3252 5616 3485 5689 Celsum,
3521 5632 3671 5689 nutu.
3721 5612 3792 5670 I7

546 5684 957 5759 observationes
988 5699 1204 5744 nostras
1239 5684 1676 5745 in‘htec'verba:
1719 5684 1919 5743 Eadem
1972 5690 2093 5743 laba
2224 5703 2279 5745 et
2318 5708 2468 5745 nttm.
2521 5692 2592 5746 65
2645 5684 2786 5747 Vide
2835 5690 3043 5745 llullutn
3096 5688 3308 5759 Delens.
3340 5687 3466 5757 ﬁdei
3520 5685 3785 5759 Nicagnte.

548 5756 980 5835 rattt.vitio,etc.
1252 5828 1263 5835 .
1339 5828 1370 5835 __
1422 5828 1433 5835 _
1569 5825 1604 5835 η
1906 5829 1937 5835 ..

2227 5764 2293 5815 de
2322 5762 2440 5835 Filii
2458 5761 2546 5835 τῷ
2593 5761 2881 5835 ὁμοουσίῳ,
2912 5768 3045 5816 sect.
3092 5759 3148 5815 2.
3176 5755 3403 5828 'cap.'9,
3448 5771 3597 5812 num.
3642 5755 3677 5811 9
3736 5762 3795 5809 et

623 5824 701 5889 (9)
731 5825 874 5877 Idem
901 5827 1009 5893 ipse
1042 5837 1217 5881 tamen
1245 5828 1299 5880 in
1334 5828 1518 5881 iisdem
1561 5825 1986 5892 Commentariis,
2014 5836 2119 5882 etc.
2230 5847 2378 5887 Itum.
2419 5824 2529 5887 I6;
2627 5824 2638 5835 ’
2832 5824 2839 5883 ἶ

557 5891 841 5964 Ᾰῐῳιιιιοιιι
886 5891 1249 5965 cbguitionctn
1279 5894 1403 5954 Filii
1443 5896 1735 5966 cognitioni
1775 5891 1979 5954 Patris
2008 5908 2123 5953 sta-

2227 5764 2293 5815 tie
2322 5762 2440 5833 Filii
2460 5761 2546 5833 τῷ

2230 5847 2378 5887 num.
2419 5832 2504 5887 l6.
