4160 6436
415 376 518 431 769

1264 371 1838 429 ORIGENIANORUM
1877 371 2008 430 LIB.
2051 371 2118 434 ll,
2163 371 2315 427 CAP.
2358 371 2424 434 ll;
2468 369 2744 437 QUAZST.
2790 373 2854 426 ll.

3569 378 3671 435 770

413 477 724 564 generatus.
754 492 842 562 qui
867 501 944 546 est
976 491 1148 562 imago
1181 491 1281 545 Dei
1335 493 1612 547 invisibilis
1641 493 1707 555 δι,
1737 501 1790 544 ει
1823 491 1999 560 splen-
2030 499 2073 553 Α
2107 490 2174 543 ab
2205 505 2270 544 eo
2298 489 2541 560 (Patre):
2569 497 2710 559 quod
2735 505 2955 546 necesse
2979 503 3061 546 est
3087 493 3352 564 imprimis
3376 495 3574 563 suscipi
3605 499 3672 547 ab

411 583 514 637 dor
566 581 748 650 gloria:
805 582 956 651 ejus,
1014 589 1068 633 et
1130 579 1303 651 ﬁgura
1357 595 1610 651 expressa
1680 581 1997 636 substantiae

411 675 530 743 ejus
566 674 635 740 ⁸⁸,
699 674 1090 744 primogenitus
1149 674 1326 728 omnis
1371 683 1654 737 creaturae,
1713 675 1989 738 conditio,

409 766 693 835 sapientia.
725 767 840 835 Ipsa
873 768 1016 820 enim
1053 765 1330 836 Sapientia
1364 766 1493 821 dicit
1524 784 1538 820 :
1569 766 1828 820 Dominus
1865 783 1991 820 con-

410 857 546 912 didit
570 875 649 912 me
700 858 910 912 initium
936 860 1137 912 viarum
1184 876 1400 912 suarum
1431 861 1500 913 ad
1538 875 1693 928 Opera
1727 875 1823 912 sua
1843 859 1924 922 ³³;
1968 878 1987 911 ›

409 957 466 1006 et
491 951 594 1004 ista
622 966 688 1003 ex
710 950 899 1004 eodem
941 950 1075 1006 libro
1110 969 1124 1005 :
1157 951 1279 1005 Ὅτι
1309 951 1407 1023 μὲν
1439 947 1532 1006 οὖν
1572 953 1679 1005 πᾶν
1723 953 1752 1004 ὃ
1775 951 1825 1004 τί
1859 968 1990 1004 ποτε

409 1042 561 1114 παρὰ
587 1043 678 1096 τὸν
709 1043 927 1114 Πατέρα
958 1043 1052 1098 καὶ
1081 1043 1214 1098 Θεὸν
1249 1044 1358 1097 τῶν
1403 1045 1538 1098 ὅλων
1565 1043 1790 1115 γενητόν
1819 1045 1986 1107 ἐστιν,

409 1134 476 1190 ὲκ
497 1135 597 1206 τῆς
626 1136 797 1207 αὐτῆς
833 1133 1154 1199 ἀκολουθίας
1206 1136 1526 1208 πειθόμεθα.
1569 1155 1587 1189 ι
1623 1137 1774 1204 Quod
1825 1137 1988 1204 igitur

408 1242 745 1297 quaecunque
772 1228 878 1281 alia
913 1243 1020 1294 res,
1065 1237 1268 1296 praeter
1303 1227 1518 1282 Patrem
1551 1243 1617 1282 ac
1653 1229 1818 1282 Deum
1866 1228 1983 1280 uni-

407 1333 716 1382 versorum,
747 1328 929 1374 creata
961 1330 1067 1383 est,
1113 1319 1302 1374 eadem
1353 1321 1743 1390 consequentia
1789 1320 1984 1374 suade-

409 1427 568 1478 mur;
611 1429 630 1464 ι
665 1427 878 1466 necnon
912 1420 968 1466 et
995 1413 1112 1466 hate
1137 1427 1258 1482 quae
1286 1427 1352 1466 ex
1375 1412 1542 1482 ipsius
1574 1412 1982 1467 Commentario

405 1505 460 1557 in
492 1504 752 1571 psalmum
783 1520 799 1558 l
829 1503 1036 1574 profert
1063 1503 1398 1572 Epiphanius
1421 1505 1555 1558 lttrr.
1583 1519 1725 1566 Lxrv,
1753 1519 1872 1570 Cap.
1905 1503 1936 1554 7
1964 1519 1976 1555 :

417 1593 699 1666 Ἀξιοῦμεν
721 1595 924 1657 τοίνυν,
953 1595 1076 1647 ἐπεὶ
1113 1595 1246 1666 μηδὲ
1270 1595 1437 1666 χωρὶς
1465 1593 1600 1647 Θεοῦ
1632 1593 1796 1647 καλὸν
1839 1592 1978 1646 εἶναι

401 1686 642 1748 δύναται,
685 1686 780 1740 καὶ
826 1686 1056 1757 μάλιστα
1088 1687 1274 1756 νόησις
1304 1685 1536 1756 Γραφῶν
1570 1684 1974 1748 θεοπνεύστων,

400 1777 546 1840 ὅπως
569 1777 647 1846 τῷ
674 1776 847 1849 Harp!
865 1775 972 1829 τῶν
1003 1777 1138 1829 ὅλων
1165 1777 1280 1848 Θεῷ
1294 1776 1380 1829 διὰ
1406 1775 1498 1828 τοῦ
1525 1776 1778 1847 Σωτῆρος
1800 1776 1972 1847 ἡμῶν,

2103 583 2189 636 his
2240 583 2331 651 qui
2367 581 2502 635 nihil
2561 583 2894 650 ingenitum,
2955 584 3004 638 id
3043 594 3125 637 est
3166 586 3437 648 innatum,
3476 599 3674 652 praner

2098 673 2270 728 solum
2325 673 2493 727 Deum
2525 673 2741 728 Patrem
2775 676 3034 728 fatentur.
3070 696 3087 725 ι
3121 676 3272 741 Quod
3316 679 3475 729 Vt'rlit
3523 676 3675 729 Rufi-

2095 779 2216 828 nus,
2262 774 2417 816 natus
2476 780 2542 816 an
2574 763 2813 827 innatus,
2840 765 3108 817 redditum
3139 777 3221 818 est
3250 766 3318 818 ab
3347 765 3672 834 Hieronymo

2093 856 2252 925 epist.
2299 855 2388 920 59,
2420 855 2492 907 ad
2520 857 2685 919 Αυίι.,
2723 871 2841 924 cap.
2874 859 2925 923 l,
2960 859 3134 926 [actus
3178 876 3246 911 an
3295 859 3536 926 infectus.
3575 854 3670 912 Sic

2092 947 2236 998 enim
2269 946 2382 1012 ille,
2417 961 2634 1001 errores
2685 947 2807 1000 libri
2845 949 3003 1016 primi
3053 949 3191 1016 Περὶ
3228 948 3434 1017 ἀρχῶν
3478 963 3667 1001 recen-

2090 1052 2255 1092 sens:
2291 1055 2309 1089 t
2367 1035 2610 1091 Tertium
2665 1039 2925 1107 dignitate
2955 1049 3007 1092 et
3043 1039 3250 1093 honore
3295 1050 3414 1107 post
3444 1038 3663 1093 Patrem

2089 1139 2144 1186 ct
2189 1130 2387 1185 Filium
2433 1131 2630 1184 asserit
2663 1129 2926 1198 Spiritum
2980 1141 3231 1184 sanctum
3272 1131 3380 1185 :de
3407 1145 3515 1199 quo
3542 1145 3664 1184 cum

2088 1224 2338 1293 ignorare
2385 1237 2444 1277 se
2475 1222 2640 1287 dicat,
2675 1233 2852 1274 utrum
2885 1221 3060 1275 factus
3101 1223 3171 1275 sit
3212 1237 3278 1274 an
3318 1222 3570 1282 infectus.
3610 1224 3663 1276 i'n

2089 1317 2487 1386 posterioribus
2541 1317 2668 1385 quid
2713 1315 2780 1370 de
2826 1332 2890 1369 eo
2940 1317 3168 1368 sentiret
3202 1316 3494 1381 expressit,
3528 1316 3666 1370 nihil

2086 1411 2290 1476 absque
2315 1409 2429 1462 solo
2457 1409 2565 1461 Deo
2591 1407 2752 1460 Patre
2801 1406 3060 1460 infectum
3087 1421 3208 1461 esse
3238 1407 3591 1462 confirmans.
3630 1425 3650 1460 ›

2084 1499 2390 1568 Scripserat
2447 1499 2701 1552 nimirum
2756 1497 3053 1568 Origenes,
3114 1499 3411 1570 γενητὸςῆ
3460 1501 3666 1572 ἀγένη-

2081 1609 2203 1654 τος,
2255 1592 2708 1659 quemadmodum
2750 1600 2803 1642 et
2842 1601 2972 1642 tom.
3013 1607 3049 1644 ll
3096 1591 3149 1643 in
3182 1589 3367 1654 Joan.,
3408 1590 3657 1644 num.6:

2084 1685 2233 1754 Ἔχει
2271 1684 2327 1736 δὲ
2366 1684 2706 1754 ὲπαπόρησιν
2747 1683 2835 1735 δὶά
2876 1701 2934 1736 τε
2973 1683 3034 1736 τό
3059 1700 3072 1712 '
3116 1683 3319 1736 Πάντα
3366 1681 3438 1735 δι’
3473 1683 3661 1737 αὑτοῦ

2077 1773 2334 1841 ἐγένετο,
2376 1773 2467 1825 καὶ
2502 1773 2817 1825 ἀκολουθεῖν
2843 1775 2902 1827 τὸ
2934 1774 3157 1844 Πνεῦμα
3183 1773 3409 1843 γενητὸν
3447 1772 3505 1825 ὃν
3525 1815 3538 1836 ,
3571 1773 3661 1828 διὰ
3706 1798 3726 1808 ·

398 1868 492 1920 καὶ
529 1843 831 1939 ἀργιερέως
865 1867 1093 1939 γενητοῦ
1132 1843 1267 1920 Θεοῦ
1295 1868 1575 1939 προσιέναι
1617 1843 1859 1937 αἰτήσεις
1885 1865 1973 1918 δο-
2008 1843 2049 1898 Β
2079 1863 2172 1917 τοῦ
2192 1863 2362 1933 Λόγου
2388 1866 2687 1934 γεγονέναι,
2716 1866 2831 1929 πῶς
2859 1866 3021 1918 οἱονεὶ
3056 1843 3389 1937 ⁸ιτροτιμοῖτοιι
3416 1865 3508 1918 τοῦ
3533 1868 3576 1918 Χ
3587 1884 3661 1937 ρι-

398 1957 557 2029 θῆναι
593 1961 724 2030 ἡμῖν
755 1958 970 2030 πρῶτον
1017 1955 1198 2020 καλῶς
1223 1956 1440 2028 ζητεῖν·
1475 1966 1530 2011 ει
1560 1959 1674 2011 haec
1708 1966 1970 2026 prteterea

397 2065 516 2120 quae
545 2065 609 2105 ex
650 2066 717 2105 eo
759 2051 953 2105 recitat
1001 2051 1272 2106 Diodorus
1325 2052 1377 2104 in
1432 2049 1634 2105 Catena
1665 2048 1970 2104 Combelisii

397 2142 632 2195 nondum
664 2143 808 2196 edita
832 2143 901 2196 ad
926 2143 1055 2198 Gen.
1085 2159 1126 2210 ι,
1157 2143 1224 2215 2;;
1253 2143 1611 2212 Γεννηθήτω
1657 2139 1783 2211 φῶς
1804 2159 1816 2171 ·
1856 2140 1973 2204 πῶς

397 2233 607 2305 νοήσω;
649 2229 758 2305 ἂρα
784 2233 845 2286 τὸ
873 2233 1145 2307 ἀληθινὸν,
1174 2236 1266 2289 τὸν
1291 2235 1419 2288 Υἱόν
1450 2254 1466 2304 ;
1495 2235 1638 2290 Idem
1669 2235 1736 2289 de
1764 2234 1968 2304 Spiritu

397 2334 586 2381 sancto
641 2325 940 2382 decernere
999 2328 1238 2395 videtur,
1281 2344 1403 2384 cum
1461 2327 1537 2381 ait
1593 2327 1646 2381 in
1703 2326 1970 2397 prooemio

395 2417 660 2472 librorum
699 2417 838 2488 Περὶ
870 2418 1089 2489 ἀρχῶν,
1125 2437 1274 2477 num.
1305 2422 1536 2491 4,juxta
1575 2419 1757 2473 Rufini
1799 2418 1971 2472 inter-

399 2508 801 2575 pretationem:
843 2530 862 2561 ι
913 2509 1049 2564 Tum
1097 2509 1297 2565 deinde
1348 2512 1553 2565 honore
1585 2524 1651 2563 ac
1703 2509 1968 2581 dignitate

393 2595 544 2651 Patri
586 2613 648 2653 ac
686 2597 825 2654 Filio
857 2600 1130 2654 sociatum
1161 2601 1503 2654 tradiderunt
1546 2599 1807 2668 Spiritum
1839 2615 1965 2652 san-

392 2697 561 2743 ctum.
587 2687 642 2743 In
673 2691 775 2745 hoc
818 2706 923 2744 non
947 2691 1059 2762 jam
1104 2691 1390 2748 manifeste
1427 2691 1754 2747 discernitur
1782 2702 1960 2744 utrum

391 2791 552 2837 natus
576 2799 642 2836 an
674 2784 924 2852 innatus;
951 2803 970 2836 ι
991 2795 1047 2840 ει
1072 2785 1165 2839 lib.
1204 2801 1243 2850 ι,
1268 2801 1386 2854 cap.
1422 2784 1480 2850 2,
1517 2801 1662 2838 nunt.
1696 2784 1749 2850 6,
1773 2785 1960 2838 eodem

390 2873 690 2945 interprete
722 2893 737 2929 :
774 2893 794 2926 ι
826 2876 900 2930 Ita
921 2891 1049 2948 ergo
1075 2885 1128 2932 et
1156 2875 1276 2930 Filii
1303 2877 1646 2931 subsistentia
1675 2885 1964 2944 generatur

461 3037 504 3068 ³³
541 3036 751 3093 Coloss.
783 3053 828 3104 ι,
859 3038 947 3093 15.
1057 3039 1103 3072 ³³
1139 3038 1305 3095 Hebr.
1333 3054 1372 3105 t,
1396 3039 1450 3093 ‘5.

1528 3039 1572 3072 ³³
1599 3039 1755 3092 Prov.
1783 3051 1900 3096 vnt,
1929 3034 2021 3089 2‘2.

2081 1956 2206 2009 στοῦ
2237 1957 2294 2009 ἔν
2329 1975 2438 2010 τισι
2472 1962 2729 2029 γραφαῖς.
2769 1959 2898 2026 Quae
2931 1958 3000 2011 ab
3044 1959 3262 2012 Arianis
3306 1973 3428 2014 esse
3470 1972 3658 2013 assuta

2080 2049 2198 2102 sine
2251 2065 2412 2102 causa
2445 2047 2821 2103 Gcnebrardus
2861 2050 3219 2103 contendebat
3267 2049 3320 2101 in
3365 2047 3655 2103 Collectun.

2076 2139 2138 2192 de
2180 2135 2298 2190 Vita
2330 2141 2570 2208 0rigen.,
2607 2155 2728 2208 cap.
2773 2139 2828 2206 6,
2870 2148 2929 2193 ut
2964 2139 3247 2208 apparebit
3276 2154 3340 2192 ex
3377 2147 3658 2208 sequenti-

2074 2225 2195 2280 bus.
2232 2225 2344 2296 (10)
2375 2227 2503 2281 Item
2530 2228 2688 2295 paulo
2712 2231 2983 2295 superius,
3011 2229 3099 2292 Ὠς
3122 2229 3541 2301 εὐσεϐέστερον,
3573 2231 3657 2283 in-

2074 2314 2210 2383 quit,
2242 2316 2336 2367 καὶ
2356 2315 2554 2386 ἀληθὲς
2580 2318 2917 2388 προσιέμεθα
2945 2319 3028 2381 τὸ,
3074 2319 3292 2372 πάντων
3325 2320 3414 2372 διὰ
3430 2319 3524 2372 τοῦ
3547 2319 3653 2372 Λό-

2070 2422 2168 2475 γου
2191 2407 2518 2477 γενομένων,
2546 2409 2608 2461 τὸ
2633 2409 2788 2477 ἅγιον
2809 2409 3034 2481 Πνεῦμα
3067 2412 3282 2465 πάντων
3309 2408 3654 2484 εἷναιτιμιὼ-

2067 2516 2245 2569 τερον,
2291 2501 2386 2553 καὶ
2435 2501 2586 2567 τάξει
2626 2503 2843 2556 πάντων
2887 2503 2995 2556 τῶν
3044 2504 3148 2557 ὑπὸ
3189 2507 3284 2557 τοῦ
3323 2506 3536 2578 Πατρὸς
3561 2506 3652 2561 διὰ

2067 2592 2302 2663 Χριστὸν
2329 2596 2730 2666 γεγενημένων.
2773 2596 2840 2650 Ει
2873 2597 3032 2662 paulo
3063 2597 3225 2660 infra,
3269 2599 3458 2654 eodem
3492 2615 3647 2654 num.

2067 2685 2120 2750 6,
2153 2701 2271 2756 pag.
2303 2687 2372 2741 63
2400 2706 2414 2741 :
2440 2686 2626 2741 Ταῦτα
2657 2689 2712 2741 δὲ
2743 2689 2972 2742 ἐπιπολὺ
3004 2690 3294 2761 ἐξήτασται
3317 2692 3650 2764 σαφέστερον

2071 2779 2197 2832 ἰδεῖν
2245 2779 2588 2850 βουλομένοις
2621 2781 2759 2845 πῶς,
2792 2783 2840 2833 εἰ
2873 2783 3048 2837 πάντα
3099 2782 3167 2834 δι’
3195 2783 3360 2836 αὑτοῦ
3392 2784 3609 2852 ἐγένετο
3629 2825 3645 2848 ,

2067 2873 2244 2926 καὶτὸ
2271 2872 2498 2944 Πνεῦμα
2523 2873 2608 2926 διὰ
2645 2874 2739 2926 τοῦ
2770 2875 2944 2943 Λόγου
2974 2875 3204 2942 ἐγένετο.

464 3167 575 3239 (10)
601 3168 737 3224 Item
765 3173 925 3239 paulo
951 3157 1204 3240 superius
1229 3211 1245 3236 ,
1283 3171 1370 3233 Ὡς
1408 3169 1793 3240 εὐσεϐέστερον
1811 3209 1826 3232 ,
1855 3179 1960 3222 etc.

2068 3166 2160 3240 sed
2219 3182 2248 3219 a
2314 3166 2770 3240 Deogrexstitisse
2845 3170 3218 3228 contendens.
3289 3169 3371 3240 his
3418 3171 3644 3224 vocibus

389 3239 740 3306 Blasphentiaa
777 3243 828 3295 in
860 3239 1123 3312 Spiritum
1157 3251 1402 3295 sanctum
1431 3239 1733 3312 raceusatur
1763 3239 1956 3307 Orige-

387 3325 542 3380 nes;
583 3312 674 3364 sed
702 3327 822 3380 qua:
869 3309 936 3367 ad
972 3312 1116 3366 hanc
1167 3311 1603 3365 criminationem
1637 3309 1958 3362 firmandam

385 3378 778 3450 proferuntur,
811 3396 874 3436 ea
900 3421 916 3447 ,
953 3383 999 3436 si
1035 3381 1285 3450 Graecum
1340 3388 1655 3450 contextum
1705 3389 1962 3433 accurate

384 3448 680 3518 expendas,
706 3450 924 3506 firmant
954 3451 1132 3520 potius
1158 3448 1406 3521 Origenis
1436 3451 1502 3521 de
1532 3449 1737 3521 Spiritu
1769 3457 1960 3502 sancto

385 3521 714 3590 doctrinam,
759 3536 920 3588 quam
950 3519 1110 3586 Supra
1149 3519 1396 3590 exposui.
1439 3519 1748 3590 Accusandi
1783 3531 1958 3571 mate-

384 3590 521 3643 riam
539 3589 686 3641 dedit
702 3592 834 3643 satis
847 3591 1005 3660 longa
1020 3589 1310 3660 diSputatio
1328 3591 1392 3644 de
1405 3599 1591 3660 sancto
1607 3589 1960 3660 Spiritu,qn.fe

382 3667 569 3729 exstat
589 3669 718 3729 tom.
747 3675 784 3714 ιι
813 3660 870 3729 in
909 3657 1269 3720 Jban.,'nutn.
1291 3662 1343 3718 6.
1371 3659 1585 3729 pag.760
1612 3669 1664 3710 et
1687 3675 1803 3727 seq.
1847 3657 1962 3723 Ἐξ-

380 3727 633 3801 εταστέον
669 3727 726 3781 δὲ
774 3728 1004 3801 ἀληθοῦς
1055 3729 1204 3801 ὄντος
1251 3727 1385 3801 τοῦ,
1419 3728 1623 3801 Πάντα
1667 3729 1739 3801 δι’
1773 3729 1958 3801 αὑτοῦ

379 3797 640 3869 ἐγένετο,
679 3801 728 3851 εἰ
766 3797 956 3852 καῖτὸ
991 3799 1214 3869 Πνεῦμα
1248 3800 1308 3852 τὸ
1346 3800 1498 3867 ἅγιον
1531 3799 1598 3851 δι’
1637 3798 1798 3852 αὐτοῦ
1837 3798 1960 3867 ἐγέ-

380 3863 521 3941 νετο.
558 3863 726 3941 Οἶμαι
754 3869 864 3941 γὰρ
901 3871 982 3924 ὅτι
1020 3870 1098 3941 τῷ
1132 3863 1227 3939 μὲν
1264 3863 1788 3941 φάσιὶοντιγενητὺν
1827 3863 1959 3941 αὑτὸ

381 3933 520 4012 εἶναι
541 3977 555 4001 ,
595 3933 692 4012 καὶ
719 3933 1036 4012 -προῗεμένῳ
1231 3933 1596 4012 προσιεμένῳ]
1634 3933 1714 4012 τδ,
1755 3939 1959 4012 Πάντᾳ

381 4009 454 4081 ᾃϊ
489 4009 675 4081 aurei}
693 4009 1285 4081 ἐγένετοβναγκαῖον
1309 4009 1858 4081 παραδέξασθαιηότι
1897 4009 1958 4063 τὸ

381 4079 536 4152 ἅγιον
577 4078 805 4152 Πνεῦμα
837 4080 926 4152 διὰ
960 4081 1054 4134 τοῦ
1082 4078 1255 4152 Λόγου
1292 4078 1557 4152 ἐγένετο,
1587 4079 1954 4152 πρεσϐυτέρου

381 4097 536 4148 αγιον
581 4097 806 4160 ιινευμα
837 4097 926 4132 οια
960 4097 1054 4134 του
1082 4097 1255 4148 Λογου
1292 4097 1509 4150 εγενετο
1532 4120 1558 4162 ζ
1587 4097 1954 4203 πρεσουτερου

378 4151 510 4221 παρ’
547 4149 680 4221 αὐτρ
714 4168 808 4221 του
846 4151 1020 4221 Λόγου
1059 4151 1431 4221 τυγχάνοντος.
1477 4151 1567 4220 Τῳ
1703 4151 1776 4221 μὴ
1830 4150 1955 4220 βου-

379 4218 589 4308 λομένῳ
602 4219 678 4308 τὸ
700 4219 863 4308 ,ἅγιον
886 4220 1109 4308 Πνεῦμα
1266 4220 1360 4274 τοῦ
1387 4218 1631 4308 ξ’ξριΐςξέιοῦ1
1649 4218 1951 4308 γεγονέναι,

379 4289 570 4364 ἕπεται
595 4289 655 4342 τὸ
689 4289 950 4364 ἀγένητον
988 4289 1120 4364 αὐτρ
1144 4289 1553 4364 λέγειν,ίάλὴθῆ
1575 4289 1643 4343 τὰ
1668 4294 1725 4344 ὲν
1756 4291 1954 4362 τῷΕὺο

376 4357 616 4431 αγγελίῳ
636 4357 808 4432 τούτῳ
842 4357 980 4415 εἶναι
1007 4357 1268 4434 κρίνοντιζ
1300 4381 1318 4413 ι
1356 4357 1739 4434 Ιιιίιύἱτειιᾱυιη
1771 4357 1950 4434 autem

376 4441 498 4494 est,
538 4447 658 4501 c_utn
697 4431 882 4486 verum
918 4434 989 4487 sit
1017 4431 1144 4486 illud
1187 4451 1199 4486 :
1232 4431 1548 4501 Omnia’per
1585 4447 1702 4484 eum
1738 4433 1951 4485 exstite-

377 4512 497 4554 runt
523 4499 706 4570 (Joan.
745 4517 781 4564 l,
813 4502 890 4569 5),
917 4517 985 4555 an
1019 4503 1132 4571 ipse
1153 4502 1317 4556 etiam
1340 4499 1577 4570 Spiritus
1603 4512 1825 4556 sanctus
1852 4517 1949 4571 per

2070 3239 2240 3290 utitur
2282 3256 2306 3309 :_
2351 3237 2471 3290 Οὐδ’
2523 3239 2658 3304 ὅλως
2705 3240 2792 3294 διά
2847 3257 3022 3303 τινος,
3061 3240 3177 3293 ἀλλ’
3210 3239 3316 3292 ὑπὸ
3349 3240 3483 3293 Θεοῦ
3521 3241 3645 3309 ἐγέ-

2067 3324 2206 3360 νετο.
2243 3326 2261 3357 ι
2289 3307 2397 3362 Nec
2423 3313 2647 3364 omnino
2676 3327 2769 3379 per
2798 3311 2959 3364 alium
2983 3326 3329 3379 quemquam,
3349 3315 3442 3363 sed
3464 3327 3493 3364 a
3530 3307 3640 3364 Deo

2066 3379 2298 3450 castitit.
2335 3397 2373 3450 Dr
2406 3380 2870 3443 Quemadmodum
2914 3398 3044 3449 ergo
3091 3383 3177 3435 his
3225 3382 3276 3434 in
3325 3381 3458 3436 locis
3491 3382 3642 3450 γίνε-

2066 3447 2188 3524 σθαι
2233 3448 2376 3524 aliud
2420 3455 2641 3524 o_tnnl_no
2669 3461 2828 3504 sonat
2858 3468 2921 3505 ac
2954 3447 3125 3504 creari
3158 3465 3178 3524 ς
3208 3452 3287 3524 sic
3320 3465 3443 3504 cum
3481 3447 3640 3507 suam

2064 3516 2322 3589 Origenes
2345 3519 2412 3572 de
2440 3520 2675 3588 Spiritus
2697 3524 3002 3578 mternitate.
3026 3516 3347 3576 senténtiam
3379 3532 3455 3576 tot
3477 3524 3640 3578 rebus

2065 3597 2290 3642 testatus
2319 3591 2420 3651 sit,
2452 3593 2857 3646 accommodate
2883 3592 2949 3645 ad
2983 3592 3125 3645 hanc
3167 3592 3492 3646 sententiam
3524 3596 3639 3646 red-

2061 3656 2250 3729 dendae
2269 3669 2393 3713 sunt
2420 3675 2578 3714 voces
2607 3664 2906 3729 generatim
2929 3662 3005 3715 rei
3031 3671 3227 3717 creata:
3254 3672 3348 3716 aut
3380 3663 3638 3718 increatte

2060 3728 2302 3804 quidem,
2326 3731 2419 3804 sed
2447 3728 2626 3783 tamen
2649 3734 2860 3804 esseab
2883 3733 2990 3786 alio
3021 3733 3307 3804 accipienti
3331 3747 3637 3804 congruen-

2063 3807 2162 3852 tes.
2197 3798 2345 3854 llanc
2392 3800 2786 3870 interpretandi
2833 3805 3099 3856 rationem
3141 3798 3340 3869 probat
3385 3798 3634 3870 lluetius,

2059 3869 2306 3944 quamvis
2350 3869 2542 3923 adduci
2578 3887 2637 3925 se
2690 3887 2793 3944 non
2842 3888 2999 3944 posse
3033 3874 3208 3936 dicat,
3256 3869 3632 3944 utOrigenem

2058 3940 2345 4010 probatum
2379 3950 2434 3993 et
2467 3950 2752 4010 purgatum
2781 3940 3000 3997 habent.
3445 3940 3467 3988 ἶ

2127 4009 2192 4061 20
2223 4010 2522 4064 Fatendum
2553 4009 2636 4065 est
2659 4011 2943 4078 Origenetn
2975 4030 3080 4067 ttun
3116 4011 3253 4066 belle
3285 4011 3628 4079 interpretari

2057 4080 2222 4133 verba
2261 4079 2504 4142 Joannis,
2535 4095 2656 4150 qua:
2697 4097 2818 4136 cum
2849 4083 2914 4134 ad
2947 4099 3032 4137 res
3059 4094 3271 4136 creatas
3299 4083 3628 4150 pertineant,

2057 4149 2122 4201 ad
2156 4150 2416 4217 Spiritum
2444 4149 2690 4204 sanctum
2722 4153 2914 4204 referri
2945 4169 3050 4206 non
3084 4149 3372 4206 debebant.
3404 4152 3509 4206 Sed
3542 4161 3629 4204 ta-

2056 4234 2177 4290 men
2203 4235 2322 4290 cutn
2351 4218 2501 4280 illttd.
2540 4221 2776 4288 ἐγένετο,
2806 4223 3059 4276 omnibus
3085 4223 3250 4276 rebus
3300 4222 3514 4290 aliquod
3541 4222 3626 4277 sui

2057 4289 2379 4362 principium
2411 4290 2738 4362 habentibus
2765 4293 3072 4356 conveniat,
3103 4307 3208 4345 non
3247 4289 3443 4359 prmter
3465 4304 3624 4362 Suum

2055 4368 2109 4428 et
2153 4360 2381 4412 aliorum
2427 4361 2562 4412 bene
2607 4361 2896 4416 multorum
2941 4377 3149 4415 morem
3179 4362 3257 4416 sic
3286 4360 3622 4428 Scripturatti

2055 4427 2464 4499 interpretatur.
2503 4431 2696 4484 Solent
2738 4432 2880 4485 enim
2927 4432 3280 4485 ecclesiastici
3329 4427 3625 4499 scriptores

2051 4496 2265 4552 Patrem
2301 4501 2521 4552 unicum
2553 4501 2879 4569 principium
2907 4503 3109 4566 dicere,
3143 4499 3340 4555 Filium
3365 4511 3419 4555 et
3443 4496 3624 4569 Spiri-

377 4585 500 4626 eum
529 4564 818 4626 exstiterit.
849 4564 987 4626 Illud
1015 4564 1261 4641 equidem
1293 4564 1530 4626 arbitror
1557 4571 1627 4636 ei,
1656 4571 1746 4641 qui
1778 4564 1945 4640 Spiri-
1980 4564 2021 4618 D
2053 4577 2160 4641 tum
2194 4579 2440 4641 sanctum
2467 4586 2530 4624 ex
2554 4564 2875 4625 'Patre‘esse
2904 4564 3282 4626 demonstrant
3301 4614 3315 4636 ,
3345 4571 3471 4641 quia
3491 4564 3622 4625 ειη-ο

377 4649 490 4694 tant
536 4653 779 4695 sanetum
838 4657 950 4696 rem
996 4644 1234 4712 genitam
1283 4656 1404 4696 esse
1456 4644 1638 4705 dicat,
1690 4657 1753 4696 ac
1795 4642 1944 4705 illud,

381 4712 569 4763 Omnia
599 4727 691 4777 per
731 4727 849 4764 eum
879 4714 1193 4766 exstiterunt
1215 4749 1230 4776 ,
1253 4712 1502 4767 admittat
1527 4752 1542 4774 .
1566 4713 1945 4778 ,necessariutn

378 4795 499 4834 esse
530 4781 788 4852 Spiritum
822 4793 1067 4836 sanctum
1093 4798 1192 4852 per
1217 4780 1472 4846 Verbum,
1507 4784 1648 4848 quod
1695 4795 1759 4835 eo
1805 4795 1944 4846 prae-

379 4851 612 4905 stantius
641 4860 758 4918 est,
793 4853 946 4906 fateri
977 4851 1269 4907 exstitisse.
1308 4852 1518 4906 Nolenli
1561 4860 1744 4904 autem
1779 4852 1948 4917 Spiri-

380 4927 759 4991 tumisanctum
788 4936 884 4991 per
907 4922 1177 4978 Christum
1202 4924 1498 4988 exstitisse,
1522 4929 1944 4977 consentaneum

379 4999 475 5061 est
492 4990 789 5061 ingenitum
818 4992 966 5046 illum
998 4992 1200 5056 dicere,
1220 4995 1264 5047 si
1287 5007 1411 5047 vera
1435 5008 1557 5047 esse
1578 4991 1805 5061 judicet,
1826 5006 1946 5060 qua:

377 5057 432 5112 in
461 5057 874 5130 hoc—Evangelio
905 5063 1174 5130 leguntur.
1217 5081 1236 5114 ι

448 5129 577 5185 Illud
606 5131 662 5184 1ο
693 5129 1087 5185 observandum
1121 5143 1204 5186 est
1243 5136 1342 5189 bas
1373 5147 1555 5198 voces,
1584 5130 1818 5197 ἐγένετο,
1847 5146 1941 5199 γε-

374 5199 608 5269 γονέναι,
638 5201 884 5272 γενητόν,
916 5202 1123 5255 duobus
1155 5206 1327 5259 modis
1350 5203 1523 5270 accipi
1564 5217 1720 5271 posse
1747 5218 1761 5264 ;
1787 5211 1839 5255 et
1875 5204 1942 5255 de

375 5272 538 5342 rebus
567 5286 632 5324 ex
657 5272 826 5342 nihilo
841 5273 1124 5342 creatis,et
1143 5274 1208 5326 de
1237 5275 1432 5342 iisqua:
1456 5273 1672 5342 aliquod
1691 5272 1771 5324 Sui
1797 5272 1943 5338 priu-

374 5340 572 5412 cip'tum
599 5341 820 5412 habent.
841 5341 976 5395 Hinc
995 5340 1346 5411 Epiphanius;
1361 5345 1452 5410 qui
1474 5343 1527 5396 in
1543 5341 1773 5407 Origene
1789 5358 1944 5412 γενη-

375 5411 467 5463 τόν
496 5412 637 5464 iuem
671 5411 848 5467 valere
871 5412 1147 5465 existimat
1173 5429 1236 5467 ac
1266 5425 1528 5470 creatum.
1562 5413 1753 5465 haeres.
1788 5411 1935 5475 μιν,

373 5481 477 5533 hoc
521 5479 744 5552 Joannis
775 5482 840 5535 de
887 5479 1108 5536 Christo
1148 5483 1390 5546 dictum,
1422 5481 1635 5552 πρῶτός
1687 5498 1787 5551 μου
1817 5481 1939 5549 ἐγέ-

370 5565 512 5614 νετο,
550 5551 689 5603 idem
724 5563 847 5605 esse
881 5553 1180 5616 contendit,
1215 5568 1278 5606 ac
1308 5563 1428 5606 ante
1454 5551 1534 5604 me
1574 5553 1708 5619 fuit,
1743 5553 1934 5605 haeres.

373 5634 560 5672 vant.
593 5623 706 5688 Ipse
738 5621 998 5689 Origenes
1051 5621 1282 5686 Filium,
1329 5627 1394 5675 de
1441 5620 1595 5688 cujus
1638 5623 1940 5675 aaternitate
1981 5655 1986 5659 -

376 5693 601 5763 tntritice
627 5694 829 5763 sensit,
862 5691 993 5744 Θεὸν
1018 5694 1262 5763 γενητόν,
1293 5692 1453 5745 Deum
1473 5693 1728 5763 genitum,
1759 5692 1939 5758 appel-

373 5757 487 5830 lare
517 5775 622 5814 non
653 5761 878 5826 dubitat,
912 5771 970 5816 ut
993 5757 1154 5830 supra
1182 5763 1436 5817 vidimus.
1470 5757 1608 5816 Hinc
1633 5757 1854 5813 verbum
1884 5771 1940 5815 et

377 5829 658 5886 veritatem
683 5829 1094 5889 substantialetn
1125 5848 1234 5890 non
1265 5846 1360 5903 per
1392 5830 1557 5888 alium
1585 5843 1933 5900 quemquam,

2049 4640 2137 4690 nia
2171 4655 2237 4692 ex
2273 4637 2431 4693 Patre
2455 4656 2574 4694 esse
2607 4644 2658 4694 in
2685 4642 2979 4708 Scripturis
3003 4643 3274 4709 dicuntur,
3299 4637 3396 4695 nec
3422 4643 3448 4696 ιε
3467 4647 3619 4695 tltutn

2047 4718 2102 4782 et
2121 4709 2394 4782 Spiritum
2433 4711 2484 4763 in
2532 4711 2635 4782 hoc
2684 4723 2806 4764 eum
2859 4714 3019 4766 rebus
3053 4721 3252 4766 creatls
3300 4728 3622 4782 comparare

2047 4777 2317 4850 dubitant.
2351 4781 2491 4848 quod
2520 4796 2548 4832 a
2590 4780 2750 4834 Patre
2787 4796 2908 4835 esse
2943 4783 3278 4850 acceperint,
3305 4777 3440 4837 licet'
3460 4785 3621 4836 modo

2048 4847 2204 4917 longe
2235 4847 2468 4922 diverso
2519 4866 2586 4922 ac
2635 4866 2723 4906 res
2766 4862 2982 4906 creatae.
3032 4847 3291 4922 Origenes
3349 4862 3478 4905 tom.
3537 4867 3618 4915 ιν,

2045 4931 2195 4972 nunt.
2229 4919 2300 4991 22
2321 4958 2336 4982 ,
2368 4935 2488 4990 pag.
2520 4921 2620 4985 80,
2651 4922 2817 4975 multa
2845 4938 2965 4977 esse
3007 4919 3196 4976 statuit
3239 4924 3293 4976 in
3325 4923 3430 4975 Deo
3456 4962 3471 4984 ,
3497 4937 3619 4991 qua:

2046 5003 2152 5041 non
2199 4990 2374 5043 solum
2425 4992 2492 5044 ab
2521 4993 2755 5044 humana
2786 5004 2980 5046 natura
3010 5031 3026 5056 ,
3062 4996 3157 5046 sed
3197 4996 3359 5045 etiam
3400 4997 3467 5046 ab
3493 4990 3619 5046 aliis

2043 5070 2242 5181 prater
2276 5060 2469 5113 Filium
2516 5071 2570 5114 et
2608 5061 2866 5128 Spiritum
2913 5063 3110 5131 genitis
3158 5063 3317 5117 rebus
3362 5078 3614 5130 compre-

2083 5131 2204 5181 endi
2233 5145 2339 5181 non
2371 5130 2602 5181 possint.
2632 5131 2851 5181 Minime
2883 5147 3013 5181 eum
3043 5133 3260 5181 tnirum.
3295 5132 3339 5181 si
3375 5147 3498 5181 cum
3528 5133 3614 5181 in-

2083 5131 2339 5202 endi_n_on
2371 5130 2602 5202 possint.
2632 5131 2851 5185 Minime
2883 5130 3013 5202 ergo
3043 5133 3260 5194 mirum,
3295 5132 3339 5186 si
3375 5147 3498 5186 cum
3528 5133 3616 5200 ip-

2043 5212 2164 5252 sum
2197 5199 2390 5253 Filium
2425 5202 2477 5252 in
2515 5201 2708 5264 rebus,
2738 5217 2856 5271 qua:
2888 5218 2917 5252 a
2952 5199 3068 5256 Deo
3097 5217 3215 5257 esse
3249 5203 3479 5265 habent,
3511 5199 3614 5256 nit.

2046 5280 2237 5340 meret,
2275 5271 2538 5339 Spiritum
2568 5283 2815 5324 sanctum
2849 5273 2900 5325 in
2933 5272 2997 5326 iis
3032 5281 3342 5334 recenseat,
3374 5286 3493 5340 quaa
3519 5285 3617 5339 per

2041 5336 2238 5392 Filium
2286 5336 2631 5394 eistiterunt.
2665 5341 2896 5396 Mea-nae
2937 5343 3056 5395 lidei
3095 5336 3407 5394 acet-rimus
3431 5336 3613 5394 defen-

2043 5423 2134 5462 sor
2165 5409 2402 5464 Hilarius
2432 5411 2652 5464 Arionis
2678 5412 2967 5465 cavillandi
3010 5425 3170 5464 causa
3215 5411 3610 5479 quaerentibus.

2042 5493 2320 5552 per‘quem
2348 5481 2928 5552 sitSpiritussanctns,
2958 5495 3276 5552 responsum
3304 5480 3460 5552 affert
3489 5479 3608 5552 (lib.

2041 5563 2098 5601 ιχ
2124 5549 2200 5602 De
2238 5551 2422 5603 Trinit.
2444 5590 2459 5614 ,
2489 5566 2635 5603 num.
2669 5550 2758 5620 29)
2789 5551 2916 5605 huic
2946 5551 3195 5620 Origenis
3237 5550 3357 5603 loco
3397 5549 3609 5604 sitttilli-

2040 5634 2227 5673 mum:
2265 5637 2294 5670 ι.
2316 5623 2448 5673 Cum
2481 5621 2704 5684 dicunt,
2737 5623 2944 5688 inquit,
2975 5638 3068 5689 per
3114 5636 3275 5689 quem
3309 5621 3413 5684 sit,
3446 5633 3500 5674 et
3539 5622 3610 5680 ob

2039 5691 2169 5760 quid
2200 5692 2289 5755 sit,
2312 5690 2397 5741 vel
2422 5691 2600 5758 qualis
2623 5691 2697 5744 sit
2722 5708 2735 5743 :
2764 5695 2808 5743 si
2840 5692 3120 5757 responsio
3143 5700 3327 5743 nostra
3358 5692 3608 5758 displice—

2039 5761 2119 5816 bit
2152 5760 2482 5828 dicentium,
2524 5772 2618 5826 per
2654 5775 2811 5828 quem
2854 5760 3033 5813 omnia
3059 5799 3073 5822 ,
3103 5769 3261 5813 et'ex
3293 5775 3401 5827 quo
3426 5761 3606 5813 omnia

2039 5838 2258 5900 suut,_et
2273 5828 2398 5899 quia
2432 5827 2776 5897 Spiritusiest
2803 5829 2919 5897 Dei,
2945 5829 3144 5888 donum
3178 5829 3411 5886 ﬁdelium
3441 5844 3456 5894 ;
3490 5829 3604 5884 dis~
