4160 6398
428 320 531 375 775

1280 317 1853 375 ORIGENIANORUM
1894 318 2027 374 LIB.
2064 319 2131 383 ll,
2173 319 2328 375 CAP.
2367 321 2435 385 Π,
2477 320 2753 388 ΟΠᾹΞΒΤ.
2782 322 2849 376 ll.

3576 330 3678 383 ’.774

428 440 631 507 Spiritu
708 444 905 494 sancto
958 437 1285 494 decrevisse.
1354 438 1618 493 Similiter
1670 438 2002 507 Epiphanius
2028 443 2077 499 Α
2104 438 2446 507 aggredimur
2477 438 2692 503 facere,
2740 439 3033 496 all'eremus
3070 439 3322 512 Origenis
3366 444 3678 499 testimmiia

427 534 563 587 ltaar.
596 545 745 594 LXIV,
778 547 896 598 cap.
930 530 965 584 4
992 547 1006 581 :
1053 531 1146 583 Ἐκ
1166 531 1263 601 τῆς
1286 530 1472 593 οὐσίας
1499 529 1592 581 τοῦ
1633 530 1847 602 Πατρὸς
1873 530 1999 583 τοῦ-

426 641 517 677 τον
552 622 723 693 (Υἱὸν)
765 624 1086 694 εἰσηγεῖται,
1120 622 1335 675 κτιστὸν
1374 622 1431 674 δὲ
1470 621 1587 692 ἅμα
1610 635 1624 649 '
1656 621 1902 691 βούλεται
1945 623 2002 676 δὲ

427 714 502 780 ὡς
552 714 692 769 κατὰ
745 714 904 784 χάριν
954 713 1043 767 τὸν
1089 713 1215 767 Υἱὸν
1257 712 1419 766 αὐτὸν
1470 713 1750 767 καλεῖσθαι
1798 712 1997 781 λέγειν.

434 826 453 858 ι
488 807 565 861 Ex
600 807 897 861 substantia
932 806 1111 859 Patris
1138 822 1258 861 eum
1297 804 1536 877 (Filium)
1560 822 1681 860 esse
1709 806 2001 860 arbitratur

429 898 775 970 (Origenes),
819 898 912 951 sed
962 898 1310 950 nihilominus
1352 907 1615 951 creatum.
1651 897 1773 950 Vult
1822 910 2000 951 autem

428 992 579 1059 quasi
627 1006 727 1059 per
775 992 1003 1061 gratiam
1056 989 1250 1044 Filium
1302 990 1478 1059 ipsum
1541 991 1866 1059 appellatum
1918 991 2003 1042 di-

429 1097 551 1137 cere
593 1098 609 1147 ;
651 1100 671 1132 ι
706 1090 760 1136 et
791 1097 913 1150 cap.
948 1081 983 1135 5
1025 1100 1037 1135 :
1073 1081 1433 1152 Φανερώτατα
1464 1081 1554 1134 τὸν
1588 1081 1717 1133 Υἱὸν
1746 1081 1837 1135 τοῦ
1868 1081 2001 1136 Θεοῦ

428 1175 632 1247 κτίσμα
660 1173 978 1245 ἐδογμάτισε
998 1216 1012 1239 ,
1045 1172 1139 1225 καὶ
1170 1172 1278 1225 ἀπὸ
1320 1172 1417 1241 τῆς
1440 1172 1567 1244 περὶ
1602 1173 1694 1226 τοῦ
1728 1173 1857 1226 Υἱοῦ
1885 1173 2004 1226 τόλ-

436 1285 541 1338 μης
567 1266 745 1338 γνῴης
768 1267 849 1319 ὅτι
882 1266 974 1318 καὶ
1004 1266 1064 1318 τὸ
1092 1264 1316 1334 Πνεῦμα
1342 1264 1401 1316 τὸ
1428 1264 1580 1332 ἅγιον
1630 1265 1843 1320 κτιστὺν
1890 1268 2003 1318 εἰσ-

428 1360 702 1430 ηγήσατο.
744 1376 762 1407 ι
802 1356 1157 1426 Apertissime
1192 1355 1388 1408 Filium
1422 1357 1512 1410 Dei
1547 1369 1851 1411 creaturam
1886 1373 2006 1412 esse

430 1450 794 1509 asseveravit.
821 1458 874 1502 et
903 1448 970 1501 ab
1010 1448 1111 1501 hac
1144 1447 1195 1500 in
1233 1444 1430 1500 Filium
1476 1448 1701 1500 audacia
1746 1463 1909 1501 nosce
1952 1457 2007 1502 et

426 1554 525 1609 pro
591 1552 648 1592 re
704 1548 887 1593 creata
937 1538 1196 1605 Spiritum
1258 1546 1506 1591 sanctum
1544 1536 1839 1596 habuisse;
1878 1555 1896 1588 ι
1952 1547 2007 1593 et

429 1644 547 1699 cap.
584 1630 655 1683 8:
696 1629 884 1682 Ὁπότε
922 1627 978 1680 δὲ
1010 1629 1067 1679 ὲν
1107 1626 1320 1689 πολλοῖς
1358 1626 1543 1689 τόποις
1578 1624 1809 1697 εὕρομεν
1846 1625 2006 1680 αὐτὸν

429 1723 521 1776 τὸν
556 1722 834 1792 Μονογενῆ
868 1720 999 1774 Θεὸν
1035 1720 1498 1792 ἀπαλλοτριοῦντα
1528 1722 1628 1791 τῆς
1665 1720 1757 1773 τοῦ
1796 1720 2006 1792 Πατρὸς

428 1813 680 1883 θεότητος
716 1830 775 1864 τε
810 1812 902 1865 καὶ
938 1810 1147 1874 οὐσίας,
1181 1809 1315 1881 ὁμοῦ
1355 1828 1415 1863 τε
1458 1812 1550 1864 καὶ
1589 1811 1648 1863 τὸ
1686 1810 1910 1881 Πνεῦμα
1944 1810 2003 1864 τὸ

428 1906 601 1975 ἅγιον,
642 1903 832 1956 τούτου
871 1903 1028 1974 χάριν
1066 1903 1126 1955 τὸ
1157 1904 1381 1972 γενητὸν
1418 1902 1550 1955 Θεὸν
1587 1903 1866 1975 εἰρηκέναι
1905 1904 2005 1957 αὑ-

428 1997 542 2060 τὸν,
572 1995 742 2064 σαφές
780 1996 948 2056 ἐστιν,
987 1995 1068 2047 ὅτι
1104 1993 1319 2046 κτιστὸν
1367 1992 1625 2062 ὁρίζεται.
1681 2012 1699 2043 ‹
1739 1993 2003 2057 Quoniam

430 2096 609 2140 autem
644 2087 695 2139 in
735 2086 920 2139 multis
962 2084 1093 2138 locis
1137 2085 1445 2139 invenimus
1488 2100 1609 2137 eum
1656 2083 2003 2150 Uuigeuitum

428 2177 597 2230 Deum
636 2184 1004 2246 segregantem
1037 2192 1065 2228 a
1097 2174 1276 2229 Patris
1325 2177 1612 2229 divinitate
1645 2184 1701 2228 et
1744 2175 2004 2229 substan-

433 2270 506 2323 tia
533 2287 549 2334 ;
584 2268 742 2322 simul
776 2283 905 2321 vero
937 2276 990 2321 et
1017 2266 1279 2336 Spiritum
1322 2278 1569 2322 sanctum
1596 2284 1612 2331 ;
1649 2266 1851 2320 idcirco
1880 2280 2004 2319 eum

425 2360 747 2430 productum
785 2359 949 2414 Deum
978 2358 1181 2413 dixisse
1212 2357 1416 2425 liquet,
1444 2358 1566 2426 quia
1610 2365 1853 2410 creatqu
1882 2370 2006 2409 esse

433 2453 697 2507 decernit.
735 2471 752 2502 ι
785 2450 1119 2506 Justinianus
1151 2449 1203 2503 in
1249 2447 1425 2514 Epist.
1460 2450 1531 2501 nd
1563 2448 1775 2502 Menam
1806 2447 2008 2501 dixisse

431 2544 813 2598 Adamantium
879 2542 1110 2596 asserit:
1155 2540 1279 2592 Ὅτι
1335 2542 1363 2593 ὁ
1420 2540 1585 2604 Υἱὸς,
1626 2542 1719 2594 καὶ
1755 2540 1815 2591 τὸ
1854 2540 2008 2609 ἆγιον

429 2636 654 2706 Πνεῦμα
686 2635 959 2706 κτίσματά
991 2635 1127 2697 εἶσι,
1168 2633 1261 2685 καὶ
1300 2634 1437 2704 ὅπερ
1472 2633 1633 2703 ἡμεῖς
1667 2634 1833 2702 ἐσμεν
1870 2630 2007 2702 πρὸς

426 2726 520 2783 τὸν
554 2728 704 2789 Υξὺν,
738 2726 895 2780 τοῦτο
931 2728 960 2780 ὁ
998 2726 1126 2790 Υἱός
1156 2728 1274 2779 ἐστι
1310 2724 1445 2796 πρὸς
1477 2723 1712 2794 Πατέρα.
1757 2739 1777 2774 ι
1812 2722 2004 2776 Filium

427 2830 485 2876 et
513 2820 774 2890 Spiritum
813 2826 1064 2874 sanctum
1102 2834 1187 2873 res
1212 2832 1333 2871 esse
1357 2824 1590 2876 creatas,
1624 2816 1876 2884 quodque
1909 2829 2007 2867 nos

427 2923 614 2964 sumus
644 2908 708 2961 ad
739 2907 952 2969 Filium,
974 2907 1026 2960 id
1057 2905 1254 2960 Filium
1293 2919 1413 2959 esse
1440 2905 1505 2958 ad
1533 2905 1771 2957 Patrem.
1807 2920 1827 2954 ι
1867 2902 2007 2957 Pho-

428 3004 538 3054 tius
574 3003 695 3055 cod.
721 3014 811 3053 vm
842 2998 1032 3053 scribit
1062 2996 1351 3067 Origenem
1381 2996 1633 3050 docuisse
1664 2996 1717 3048 iu
1754 2993 1847 3049 lib.
1884 3010 1899 3047 ι
1934 2994 2007 3047 De

425 3094 652 3164 princip.
674 3132 689 3157 ,
713 3091 805 3145 τὸν
842 3090 939 3161 μὲν
972 3090 1099 3143 Υἱὸν
1135 3088 1239 3142 ὑπὸ
1272 3086 1366 3140 τοῦ
1404 3087 1616 3157 Πατρὸς
1656 3086 2003 3157 πεποιῆσθαι,

2102 518 2345 597 (ιΰίιξάιυη
2381 530 2666 583 catholica:
2702 531 2961 585 doctrina:
2990 534 3123 587 satis
3167 543 3549 589 consentanea.
3588 534 3681 590 Fi-

2101 618 2231 672 lium
2263 619 2573 674 Creatorem
2602 623 2833 691 appellat
2872 623 2964 677 lib.
2994 638 3067 678 vn
3102 626 3158 678 in
3184 625 3356 693 Epist.
3392 631 3461 679 ad
3497 625 3680 691 Rom.,

2102 724 2254 762 nutu.
2276 709 2334 773 9,
2368 720 2421 763 et
2448 726 2474 762 a
2505 714 2667 766 rebus
2692 714 2891 767 creatis
2917 714 3123 770 diserte
3155 716 3389 771 secernit
3419 733 3434 771 :
3478 736 3496 767 ι
3533 715 3680 771 Nihil

2103 812 2187 856 est
2221 803 2389 869 enim,
2423 804 2619 869 inquit,
2648 804 2763 859 sive
2788 806 3036 872 visibilis,
3070 807 3184 861 sive
3208 808 3496 863 invisibilis
3524 823 3682 863 crea-

2104 903 2259 959 turm,
2284 897 2427 964 quod
2464 895 2605 950 Filio
2634 897 2805 967 possit
2833 898 3106 966 adaequari
3134 917 3148 963 ;
3180 900 3324 954 nullo
3353 900 3493 954 enim
3523 908 3681 969 pacto

2104 987 2335 1041 creatori
2370 1002 2469 1040 suo
2503 999 2750 1041 creatura
2800 997 2979 1058 potest
3004 991 3269 1057 conferri;
3294 1002 3348 1045 et
3376 992 3419 1045 si
3451 991 3679 1046 Creator

2106 1077 2220 1146 ipse
2250 1078 2481 1132 donatus
2509 1087 2592 1132 est
2632 1080 2809 1144 nobis,
2844 1082 3116 1149 quomodo
3146 1097 3249 1135 non
3286 1098 3406 1136 cum
3440 1082 3556 1149 ipso
3584 1097 3683 1138 no-

2103 1169 2189 1223 bis
2226 1170 2403 1222 omnis
2444 1178 2696 1223 creatura
2739 1172 3029 1226 donabitur
3061 1173 3085 1225 ?
3119 1192 3137 1223 ι
3188 1183 3243 1227 et
3282 1174 3334 1226 in
3376 1174 3682 1241 Anacepha-

2106 1258 2252 1313 Ia’osi
2278 1260 2369 1314 lib.
2402 1276 2453 1314 Iv
2480 1260 2619 1331 Περὶ
2652 1262 2872 1332 ἀρχῶν,
2905 1282 3055 1319 num.
3083 1264 3192 1321 28:
3228 1284 3246 1317 ‹
3285 1264 3401 1319 Νοη
3428 1268 3571 1320 enim
3600 1266 3683 1320 di-

2106 1352 2299 1412 cimus,
2333 1352 2474 1406 sicut
2503 1355 2739 1407 ha-retici
2781 1364 2996 1423 putant,
3030 1366 3238 1425 partem
3281 1356 3514 1425 aliquam
3552 1357 3683 1413 sub-

2107 1448 2317 1497 stantia:
2362 1444 2455 1498 Dei
2498 1445 2549 1498 in
2579 1444 2772 1498 Filium
2810 1461 3021 1500 versam
3045 1487 3060 1511 ,
3092 1458 3185 1500 aut
3210 1463 3275 1501 ex
3318 1449 3477 1503 nullis
3505 1448 3684 1503 subsi-

2108 1536 2370 1589 steutilnts
2401 1536 2593 1588 Filium
2637 1545 2975 1603 procreatum
3014 1552 3044 1589 a
3079 1537 3265 1602 Patre,
3299 1538 3349 1591 id
3383 1548 3497 1597 est.
3528 1547 3682 1591 extra

2107 1626 2462 1680 substantiam
2492 1643 2672 1691 suam,
2709 1638 2768 1680 ut
2803 1629 2965 1681 fuerit
3006 1629 3296 1697 aliquando
3324 1631 3542 1699 quando
3574 1645 3682 1684 non

2112 1716 2295 1780 fuerit,
2325 1720 2417 1772 sed
2455 1718 2700 1773 abscisso
2731 1721 2879 1774 omni
2925 1735 3088 1774 sensu
3128 1736 3413 1789 corporeo,
3445 1737 3511 1775 ex
3549 1722 3685 1774 iuvi-

2109 1810 2249 1864 sibili
2282 1820 2337 1864 et
2367 1811 2687 1880 incorporeo
2714 1811 2949 1867 Verbum
2987 1823 3041 1867 et
3073 1812 3408 1883 Sapientiam
3445 1815 3683 1883 genitam

2108 1900 2338 1955 dicimus
2362 1940 2377 1965 ,
2412 1902 2616 1971 absque
2658 1902 2759 1956 ulla
2811 1905 3077 1973 corporali
3128 1905 3420 1973 passione,
3455 1907 3602 1959 velut
3638 1908 3683 1961 si

2110 1993 2354 2047 voluntas
2401 1997 2660 2063 procedat
2709 2011 2740 2050 e
2789 2006 2989 2050 mente.
3028 2016 3046 2049 ι
3085 1996 3283 2052 Locum
3327 1999 3469 2052 hunc
3507 2003 3687 2067 capite

2109 2084 2177 2137 18
2210 2086 2405 2153 repetit
2450 2096 2639 2141 auctor
2675 2087 2837 2141 libelli
2872 2088 2947 2141 De
2994 2088 3190 2142 deitate
3238 2098 3285 2142 et
3322 2090 3689 2146 incarnatione

2122 2174 2308 2239 Verbi,
2359 2181 2425 2230 ad
2475 2176 2829 2242 Januarinm,
2859 2178 2949 2247 qui
3006 2178 3233 2232 habetur
3283 2180 3335 2232 iu
3391 2180 3496 2233 ﬁne
3557 2179 3686 2235 tomi

2108 2269 2285 2336 quarti
2310 2268 2621 2339 Augustini.
2646 2271 2819 2339 Atque
2857 2272 2969 2325 lucc
2990 2272 3153 2325 verba
3183 2286 3197 2323 :
3229 2298 3248 2324 ι
3289 2272 3393 2324 Aut
3425 2288 3490 2326 ex
3523 2271 3686 2327 nullis

2111 2360 2533 2437 subsistentibus
2568 2360 2762 2415 Filium
2795 2371 3135 2431 procreatqu
3182 2380 3210 2416 a
3254 2361 3416 2418 Patre
3443 2403 3459 2429 ,
3507 2364 3558 2418 id
3602 2377 3687 2420 est

2110 2462 2263 2506 extra
2291 2453 2652 2507 substantiam
2682 2470 2856 2517 suam,
2886 2462 2945 2507 ut
2966 2454 3129 2507 fuerit
3152 2454 3443 2525 aliquando
3468 2458 3687 2525 quando

2112 2560 2218 2599 non
2259 2546 2424 2599 fuerit
2449 2584 2465 2609 ,
2506 2566 2526 2598 ι
2559 2562 2717 2601 nemo
2765 2562 2869 2599 non
2903 2546 3047 2599 videt
3086 2546 3167 2599 vel
3214 2562 3243 2599 a
3284 2545 3487 2601 Ruﬁno
3518 2546 3620 2602 l‘uis
3654 2564 3686 2601 e

2113 2639 2552 2707 interpretationi
2585 2640 2813 2700 intexta,
2842 2639 2922 2690 vel
2944 2638 3012 2691 ab
3036 2637 3156 2691 aliis
3182 2636 3376 2691 Ruﬁno
3412 2638 3685 2707 antiquio-

2111 2732 2260 2786 ribus
2299 2730 2488 2785 Grmco
2547 2730 2651 2799 ipsi
2699 2731 2975 2785 contextui
3013 2730 3211 2783 inl‘arta
3249 2740 3436 2784 contra
3471 2732 3683 2792 Arium,

2111 2835 2271 2889 quem
2298 2823 2630 2875 Sozomenus
2669 2821 2762 2874 lib.
2793 2839 2836 2880 ι.
2866 2837 2984 2889 cap.
3022 2821 3120 2886 15,
3152 2819 3227 2873 ait
3258 2820 3521 2892 πρότερον
3556 2821 3685 2890 παρ’

2112 2913 2295 2983 ἑτέρου
2339 2913 2412 2984 μὴ
2438 2914 2725 2985 εἰρημένον
2757 2914 3022 2985 τολμῆσαι
3061 2916 3117 2965 ἐν
3153 2914 3449 2984 Ἐκκλησία
3473 2912 3687 2982 ἀποφή-

2112 3003 2323 3067 νασθαι,
2351 3004 2441 3056 τὸν
2472 3005 2597 3056 Υἱδν
2632 3003 2725 3056 τοῦ
2764 3004 2899 3056 Θεοῦ
2926 3004 2983 3069 ἐξ
3011 3004 3109 3055 οὐκ
3138 3004 3304 3056 ὄντων
3335 3001 3686 3072 γεγενῆσθαι,

2115 3096 2210 3150 καὶ
2224 3091 2360 3149 εἷναί
2393 3114 2523 3150 ποτε
2548 3098 2635 3151 ὅτε
2667 3098 2766 3150 οὐκ
2799 3094 2886 3167 ἦν.
2920 3115 2938 3147 ι
2966 3096 3202 3150 Primum
3235 3098 3286 3150 iu
3321 3095 3556 3151 Ecclesia
3590 3111 3689 3149 au-

424 3154 489 3237 :rb
523 3184 580 3237 δὲ
600 3154 855 3253 ’Πνεῦμα
879 3182 983 3235 ὑπὸ
1014 3180 1109 3233 τοῦ
1146 3178 1299 3233 Υἱοῦ.
1331 3198 1357 3230 1
1402 3154 1596 3232 Filium
1634 3192 1755 3233 esse
1783 3196 1811 3232 a
1843 3154 2005 3232 Patre

2113 3204 2226 3242 sum
2277 3204 2398 3244 esse
2443 3184 2656 3253 dicere,
2687 3194 2830 3258 quod
2880 3203 3040 3243 nemo
3084 3200 3215 3243 ante
3262 3189 3407 3242 illum
3453 3189 3689 3253 dixerat,

429 3277 651 3339 factum,
684 3274 946 3345 Spiritum
981 3280 1228 3329 sanctum
1259 3287 1289 3325 a
1335 3269 1489 3323 Filio.
1529 3288 1547 3321 ι
1581 3269 1789 3336 Quibus
1820 3284 2009 3324 assen-

430 3367 638 3419 tiuntur
662 3365 1019 3434 Augustinus,
1065 3362 1367 3427 Cedrenus,
1415 3360 1629 3427 Suidas,
1673 3359 1911 3414 Zonaras
1956 3370 2010 3414 et

429 3454 672 3512 Nicetas.

502 3546 692 3603 XXIII.
745 3544 803 3600 Si
855 3560 979 3615 quae
1030 3557 1209 3600 tamen
1262 3545 1476 3614 culpam
1530 3542 1667 3596 hanc
1716 3551 2011 3596 extenuare

431 3648 680 3710 possunt,
709 3638 1050 3708 colligamus.
1081 3637 1309 3692 Ruﬁnus
1339 3636 1411 3690 De
1434 3635 1611 3689 adult.
1637 3635 1759 3688 libr.
1792 3634 2009 3702 Origen.

434 3735 883 3804 hujusbaareseos
926 3734 1075 3787 virus
1124 3732 1276 3787 libris
1327 3731 1576 3800 Origenis
1621 3729 1795 3783 aliena
1848 3745 2009 3782 manu

434 3826 664 3881 aliusum
695 3825 1044 3880 existimabat
1070 3841 1085 3877 :
1138 3842 1157 3875 σ
1195 3821 1447 3891 Nunquid
1475 3859 1491 3884 ,
1516 3822 1712 3890 inquit,
1742 3822 1795 3874 in
1822 3821 2009 3874 eodem

432 3931 599 3992 Opere
628 3917 871 3987 ejusdem
904 3914 1065 3980 libri,
1104 3914 1373 3968 interdum
1396 3952 1412 3979 ,
1444 3924 1503 3966 ut
1534 3912 1794 3977 diximus,
1824 3912 2009 3966 statim

435 4013 490 4067 in
539 4007 895 4078 consequenti
934 4004 1172 4076 capitulo
1221 4004 1421 4061 oblitus
1467 4003 1549 4058 sui
1600 4018 1724 4057 esse
1786 4002 2013 4072 potuit?

434 4103 599 4159 Verbi
627 4116 812 4163 causa,
839 4109 900 4153 ut
922 4099 1014 4169 qui
1048 4099 1299 4169 superius
1326 4097 1539 4150 dixerat
1574 4111 1840 4164 nusquam
1872 4096 2014 4150 inve.

434 4192 541 4247 niri
573 4194 626 4245 in
654 4190 801 4246 omni
831 4189 1112 4258 Scriptura
1154 4188 1243 4242 ubi
1284 4186 1522 4255 Spiritus
1556 4195 1783 4241 sanctus
1838 4187 2013 4240 lactus

438 4284 523 4341 vel
542 4292 762 4339 creatus
790 4296 915 4338 esse
941 4274 1240 4344 diceretur,
1267 4282 1526 4335 continuo
1553 4279 1846 4348 subjiceret
1874 4279 2016 4333 inter

437 4385 662 4432 caeteras
691 4383 971 4430 creaturas
993 4372 1199 4428 factum
1231 4388 1351 4428 esse
1380 4372 1645 4443 Spiritum
1674 4372 1962 4427 sanctum?
1991 4390 2009 4423 ι

438 4467 647 4525 Similia
693 4467 891 4537 regerit
926 4465 1311 4520 'Genebrardus
1358 4466 1409 4519 in
1461 4464 1751 4519 Collectan.
1796 4466 1860 4517 de
1897 4462 2015 4517 Vita

439 4557 683 4630 Origen.,
716 4575 835 4629 cap.
860 4560 912 4613 6.
947 4558 1207 4629 Didymus
1233 4573 1363 4612 vero
1385 4598 1401 4621 ,
1442 4573 1549 4612 non
1584 4556 1796 4611 eximiae
1840 4556 2014 4610 solum

440 4652 756 4707 eruditionis
785 4653 965 4716 homo,
982 4650 1078 4705 sed
1109 4650 1430 4704 orthodoxae
1448 4649 1610 4704 etiam
1637 4648 1780 4715 ﬁdei,
1808 4649 2011 4717 scripta

441 4744 656 4813 quidem
679 4745 744 4796 ah
770 4740 1002 4814 Origene
1030 4756 1137 4796 non
1163 4750 1327 4812 negat
1356 4755 1478 4811 quae
1506 4740 1665 4809 objici
1693 4740 1892 4807 solent,
1917 4740 2010 4795 sed

444 4835 497 4891 in
535 4835 729 4890 malam
771 4845 978 4905 partem
1030 4832 1174 4890 ﬂecti
1218 4834 1419 4890 asserit
1468 4847 1498 4887 a
1533 4831 1849 4898 malevolis,
1896 4846 2016 4901 qua:

443 4937 589 4984 recta
608 4936 859 4999 poterant
878 4927 1329 4997 interpretatione
1354 4924 1591 4981 delendi.
1621 4923 1677 4979 ld
1698 4923 2013 4995 priusquam

514 5083 629 5157 (il)
664 5081 871 5157 Priore,
894 5096 1056 5157 _que_m
1090 5076 1688 5157 adducitlustinianas,
1723 5085 1832 5131 etc.
1860 5076 2009 5157 Quod

444 5148 617 5224 supra
636 5148 1087 5224 ai_t_Epipliau_ius
1128 5150 1196 5202 ab
1222 5149 1453 5216 Origene
1500 5163 1603 5200 non
1645 5157 1837 5224 natura
1865 5148 2010 5224 .__sed

445 5217 619 5291 gratia
664 5217 871 5276 Filium
904 5220 1050 5283 dici,
1098 5228 1464 5291 commentum
1515 5226 1605 5291 est
1650 5217 1719 5271 ab
1760 5217 2013 5291 euntibus

446 5287 699 5363 Origenis
729 5291 1007 5363 principiis
1038 5288 1492 5363 remotissirlrum._
1512 5287 1653 5340 Idem
1689 5302 1793 5363 nou
1840 5287 2013 5363 dicant

448 5367 515 5418 de
546 5355 920 5431 generatione
942 5375 1006 5415 ex
1048 5361 1321 5431 voluntate
1352 5357 1560 5420 Patris;
1603 5371 1724 5431 qua;
1762 5355 2011 5431 loquendi

446 5425 587 5487 ratio
633 5446 753 5485 cum
790 5429 974 5484 multis
1020 5429 1139 5483 aliis
1175 5428 1396 5494 probata
1428 5465 1443 5488 ,
1491 5441 1604 5481 tum
1648 5428 1717 5479 ad
1760 5425 2015 5496 Origenis

446 5503 767 5557 sententiam
785 5499 919 5553 satis
941 5498 1365 5553 accommodata.
1383 5496 1518 5549 Nam
1544 5511 1664 5549 cum
1692 5497 2021 5549 voluntatem

450 5573 630 5627 Patris
656 5572 707 5623 in
733 5570 869 5624 Filio
898 5578 1229 5638 generatam,
1254 5582 1317 5620 ac
1348 5565 1683 5638 totamiFilio
1709 5565 2015 5638 communi-

448 5653 625 5699 catam
656 5642 867 5703 doceat,
897 5635 968 5692 ita
1005 5646 1063 5691 ut
1092 5638 1341 5692 identitas
1367 5638 1438 5690 sit
1461 5637 1753 5689 voluntatis
1783 5635 1837 5688 iu
1868 5644 2019 5689 utro-

488 5727 558 5767 ue
596 5728 612 5778 ;
660 5725 765 5765 non
813 5708 1084 5778 immerito
1121 5721 1222 5761 uec
1257 5707 1598 5778 incommode
1624 5706 1822 5778 Adicere
1848 5704 2023 5773 potuit

488 5728 558 5767 ue
596 5728 612 5778 ;
660 5728 765 5765 non
813 5728 1084 5763 Ilnmerlto
1121 5728 1222 5761 nec
1257 5728 1598 5761 Iucomllloue
1636 5728 1822 5760 ulcere
1849 5728 2021 5773 ιιυιυιι

449 5728 648 5839 ἓὶιὶυω
681 5796 749 5837 ex
782 5778 964 5836 Patris
991 5777 1267 5835 voluntate
1306 5775 1575 5847 genitum.
1613 5773 1767 5842 Quod
1810 5783 2021 5845 spectat

2108 3279 2302 3333 Filium
2337 3281 2545 3335 scilicet
2580 3280 2669 3334 Dei
2698 3298 2762 3335 ex
2801 3297 2902 3335 non
2935 3282 3276 3335 exstantibus
3308 3281 3603 3341 exstitisse.
3631 3289 3692 3336 et

2108 3370 2277 3425 fuisse
2315 3371 2606 3440 aliquando
2658 3388 2781 3426 cum
2838 3375 3074 3427 nondum
3131 3381 3298 3427 esset.
3360 3390 3378 3423 ι
3422 3371 3687 3428 Disertis-

2111 3463 2248 3517 sima
2276 3464 2438 3517 etiam
2468 3465 2580 3517 haec
2609 3463 2675 3517 de
2712 3475 2900 3517 sancto
2928 3465 3133 3534 Spiritu
3169 3480 3199 3519 e
3240 3465 3332 3518 lib.
3364 3480 3377 3516 l
3410 3463 3554 3532 Περὶ
3578 3463 3685 3535 ἁρ-

2110 3554 2253 3625 χῶν,
2272 3571 2390 3624 cap.
2421 3556 2475 3618 5,
2503 3572 2648 3611 ηιιιη.
2678 3556 2711 3609 5
2737 3576 2749 3609 :
2787 3574 2806 3607 ‹
2839 3555 3220 3611 Verumtamen
3255 3571 3426 3626 usque
3453 3558 3519 3611 ad
3550 3574 3690 3627 prae-

2111 3660 2235 3698 sens
2258 3646 2463 3698 nullum
2494 3660 2799 3701 sermonem
2827 3646 2881 3699 in
2908 3644 3207 3715 Scripturis
3229 3648 3692 3703 sanctisinveniro

2112 3739 2386 3804 potuimus
2433 3752 2530 3807 per
2574 3754 2732 3806 quem
2783 3735 3021 3807 Spiritus
3049 3754 3274 3793 sanctus
3307 3738 3514 3793 factura
3546 3754 3691 3801 esse.

2110 3829 2193 3881 vel
2219 3837 2467 3882 creatura
2495 3828 2766 3882 diceretur
2791 3846 2806 3894 ;
2840 3843 2910 3882 ne
2940 3843 3006 3883 eo
3038 3830 3255 3897 quidem
3289 3832 3451 3884 modo
3480 3844 3593 3898 quo
3622 3829 3691 3883 de

2118 3917 2396 3987 Sapientia
2431 3918 2637 3972 referre
2661 3918 3211 3987 Salomonem-supra
3242 3919 3576 3983 edocuimus,
3606 3918 3693 3972 vel

2129 4023 2250 4075 qtue
2305 4010 2370 4062 de
2405 4009 2547 4073 vita,
2577 4008 2661 4062 vel
2708 4008 2879 4062 Verbo
2907 4048 2923 4071 ,
2971 4009 3199 4077 aliisque
3249 4008 3694 4083 appellationibus

2124 4100 2250 4154 Filii
2278 4102 2369 4155 Dei
2408 4102 2750 4172 intelligenda
2778 4116 2897 4155 esse
2920 4101 3290 4154 tractavimus.
3326 4118 3346 4151 ›
3373 4102 3549 4168 Atque
3580 4100 3695 4156 bac

2120 4192 2340 4261 quidem
2391 4206 2421 4245 e
2453 4191 2756 4245 Ruﬁnianis
2794 4191 3337 4258 interpretationibus
3377 4192 3693 4266 deprompta

2119 4284 2514 4346 testimonia,ut
2539 4288 2714 4337 minus
2744 4284 2917 4338 valida
2948 4282 3323 4353 praemisimus,
3348 4282 3492 4337 velut
3522 4282 3694 4338 levio-

2122 4392 2234 4431 rem
2274 4380 2563 4445 quamdam
2594 4384 2949 4430 artnaluram.
2980 4375 3087 4429 Sed
3107 4373 3220 4444 jam
3251 4376 3502 4430 cominus
3530 4376 3685 4445 signa

2114 4484 2218 4523 COD
2226 4484 2282 4521 SC
2290 4483 2342 4521 ra
2351 4483 2489 4521 mus.

2200 4559 2416 4629 Aliquot
2454 4557 2735 4613 attulimus
2772 4558 2943 4622 locos,
2968 4558 3240 4627 quibusin
3268 4566 3573 4614 creatarum
3610 4572 3698 4612 re-

2123 4669 2239 4707 rqu
2268 4668 2488 4709 censum
2523 4653 2728 4706 detrusi
2758 4653 3011 4706 videntur
3044 4652 3112 4707 ab
3143 4651 3378 4720 Origene
3430 4648 3600 4703 Filius
3640 4659 3698 4703 et

2121 4744 2353 4814 Spiritus
2379 4756 2616 4799 sanctus.
2644 4744 2753 4814 (ll)
2775 4745 2980 4808 Priore,
3013 4758 3170 4811 quem
3197 4742 3411 4797 adducit
3437 4738 3697 4794 .lustiuia-

2114 4848 2257 4895 nus,
2325 4832 2492 4888 Filius
2556 4834 2753 4888 dicitur
2823 4833 2888 4885 ὲκ
2963 4831 3263 4903 θελήματος
3324 4830 3418 4884 τοῦ
3486 4830 3697 4901 [ἰατρὸς

2112 4923 2415 4995 γεννηθεὶς,
2455 4924 2802 4997 πρωτότοκος
2836 4922 3016 4993 πάσης
3051 4921 3299 4987 κτίσεως,
3339 4920 3561 4991 κτίσμα.
3592 4919 3699 4975 Re-

2120 5077 2186 5130 ad
2239 5076 2660 5132 Proverbiorum
2703 5076 2921 5142 locum,
2972 5093 2991 5127 ι
3028 5074 3285 5129 Dominus
3326 5073 3563 5129 condidit
3608 5086 3698 5129 mo

2121 5146 2307 5208 (Prov.
2340 5164 2451 5209 vm.
2480 5148 2596 5219 22),
2636 5164 2656 5198 ι
2688 5156 2793 5203 etc.
2815 5186 2832 5212 ,
2861 5161 2968 5215 quo
3013 5146 3188 5219 fretus
3215 5144 3473 5219 Origenes
3501 5142 3695 5219 Filium

2123 5219 2399 5272 conditum
2426 5228 2480 5271 et
2512 5214 2622 5272 rem
2668 5214 2947 5271 conditam
2991 5215 3296 5284 appellasse
3330 5214 3525 5267 dicitur
3560 5231 3575 5279 ;
3611 5215 3695 5284 vi-

2119 5287 2354 5364 dendum
2397 5303 2636 5357 quonam
2696 5288 2749 5342 id
2799 5302 2960 5364 sensu
3005 5282 3519 5364 praestiterit-(nam
3564 5283 3696 5364 vitio

2120 5357 2257 5410 verti
2307 5352 2433 5434 non'
2451 5368 2661 5434 potest,
2711 5356 2854 5434 quod
2902 5352 3199 5434 Scriptura;
3252 5352 3694 5434 veLbis_utatttr),

2122 5436 2303 5480 utrum
2332 5432 2432 5480 hoc
2452 5420 2819 5481 testimonium
2846 5428 2915 5479 ad
2943 5420 3289 5479 evertendam
3317 5420 3440 5475 Filii
3476 5420 3693 5475 mterni-

2132 5505 2321 5562 tatem,
2355 5508 2413 5549 ut
2448 5497 2653 5550 clarum
2698 5507 2752 5551 et
2790 5504 3035 5564 apertum
3068 5493 3365 5564 adhibeat;
3401 5506 3466 5544 an
3496 5493 3693 5560 potius,

2128 5576 2189 5619 ut
2221 5561 2530 5633 inebscnro
2558 5576 2613 5619 et
2642 5561 2847 5633 diﬁicili
2882 5565 2999 5617 loco
3019 5602 3035 5627 ,
3064 5565 3137 5633 ad
3168 5561 3392 5617 subtiles
3423 5564 3696 5633 interpre-

2129 5630 2362 5689 taliones
2414 5635 2711 5702 confugiat.
2749 5632 2923 5688 Litem
2969 5632 3231 5687 dirimunt
3277 5647 3395 5702 qua:
3447 5630 3696 5702 leguntur

2124 5703 2220 5757 lib.
2266 5718 2279 5756 I
2308 5703 2382 5756 De
2422 5699 2649 5772 princip.
2673 5742 2689 5767 ,
2716 5718 2838 5769 cap.
2867 5703 2904 5756 9.
2930 5743 2946 5767 ,
2977 5718 3127 5756 nuru.
3155 5702 3191 5755 2
3222 5709 3276 5755 et
3299 5701 3336 5772 β
3360 5739 3375 5763 ,
3395 5699 3693 5772 Δπὼίξὶιιιιά2

2131 5791 2151 5827 ι
2184 5764 2442 5829 Dominus
2467 5764 2709 5831 condidit
2726 5764 2841 5851 me,
2871 5791 2891 5826 ι
2923 5764 3027 5851 non
3053 5772 3120 5829 de
3141 5773 3255 5843 ipsa
3281 5768 3580 5839 Sapientia,
3602 5764 3695 5823 sai
