4160 6430
408 368 513 423 777

1256 364 1828 422 ORIGENIANORUM
1872 365 1997 419 LIB.
2042 363 2107 429 Π,
2144 364 2296 420 CAP.
2341 365 2408 428 II,
2450 363 2723 432 QII/EST.
2768 368 2831 422 II.

3572 371 3672 422 77S

408 506 537 550 vero
568 497 793 545 sanctus
815 496 918 537 non
948 490 1029 537 est
1058 483 1339 552 γεννητὸς,
1379 486 1473 537 sed
1509 484 1752 555 γενητὸς,
1783 484 1984 552 genito-

2088 491 2196 546 ἐστ,
2231 481 2407 549 inquit
2434 521 2449 545 ,
2472 483 2613 552 quod
2648 483 2832 537 dicunt
2862 500 2980 538 eum
3003 485 3245 541 innatum
3268 489 3442 543 dicere
3472 489 3671 547 Filium

407 601 522 640 rem
561 583 707 638 enim
744 596 848 635 non
909 578 1111 641 habet,
1165 576 1259 630 sed
1294 576 1455 630 habet
1493 590 1521 629 a
1566 575 1725 629 Patre
1766 584 1819 628 et
1850 574 1988 629 Filio

408 688 467 732 ut
497 676 749 731 exsistat.
779 672 903 727 Haec
934 679 1017 725 est
1049 668 1266 738 propria
1312 682 1505 721 vocum
1554 666 1766 721 illarum
1811 666 1981 731 notio,

405 785 567 839 quam
600 777 779 823 tamen
810 778 911 819 nec
948 777 1163 832 semper
1192 768 1475 816 servarunt
1512 757 1733 825 Patres,
1769 768 1825 815 et
1855 776 1985 812 con-

405 863 548 917 sulto
583 859 1015 930 permiscuerunt
1043 870 1106 910 ac
1150 853 1517 909 confuderunt
1555 854 1785 917 Ariani,
1835 861 1893 906 ut
1932 854 1983 905 in

405 953 657 1023 ambigua
694 965 826 1003 voce
858 948 1070 1004 facilius
1103 946 1346 1001 fraudem
1381 956 1679 1002 struerent.
1718 945 1984 1016 Origenes

403 1060 533 1099 vero
553 1059 677 1100 cum
706 1041 900 1096 Filium
955 1040 1190 1111 appellat
1211 1038 1438 1110 γενητὸν
1462 1038 1614 1103 Θεὸν,
1648 1040 1725 1092 sic
1755 1038 1937 1108 accipe
1966 1057 1978 1092 :

407 1159 427 1191 ι
460 1137 560 1205 Qui
596 1135 922 1205 principium
953 1134 1034 1188 sui
1055 1133 1219 1189 habet
1244 1172 1259 1197 ,
1287 1141 1340 1187 et
1366 1131 1663 1187 exsistendi
1690 1132 1922 1186 initium.
1957 1151 1977 1184 ι

402 1230 539 1285 Filio
568 1229 783 1299 quidem
819 1239 1108 1282 commune
1150 1234 1231 1281 est
1262 1239 1385 1279 cum
1423 1224 1631 1280 creatis
1672 1225 1864 1287 rebus,
1899 1226 1979 1279 sui

398 1321 725 1393 principium
757 1334 821 1375 ac
862 1319 1125 1390 originem
1172 1318 1376 1373 habere
1412 1336 1427 1371 :
1465 1317 1754 1371 emanandi
1800 1327 1979 1371 autem

398 1430 462 1469 ex
490 1414 582 1469 illo
606 1413 870 1483 principio
914 1427 978 1464 ac
1028 1410 1328 1481 prodeundi
1374 1410 1515 1464 ratio
1560 1408 1720 1480 plane
1765 1409 1979 1464 diversa

396 1516 481 1562 est
521 1521 533 1556 :
574 1505 757 1576 prodit
777 1504 920 1559 enim
937 1501 1111 1557 Filius
1142 1517 1237 1572 per
1261 1500 1665 1570 generationem
1683 1507 1977 1569 aeternam;

400 1601 668 1667 prodeunt
702 1608 902 1654 creatae
943 1612 1033 1653 res
1071 1611 1167 1667 per
1206 1596 1586 1666 temporariam
1619 1592 1976 1651 creationem.

397 1689 511 1747 Hoc
541 1705 726 1757 sensu,
750 1704 859 1760 quo
901 1690 1047 1753 dixi,
1084 1705 1270 1747 vocem
1324 1688 1588 1759 ἀγένητος
1630 1702 1661 1741 a
1704 1687 1979 1742 veteribus

394 1791 713 1853 usurpatam
743 1782 932 1837 scribit
969 1782 1302 1837 Athanasius
1329 1782 1423 1836 lib.
1464 1779 1541 1834 De
1583 1780 1800 1850 sgnodis
1856 1780 1979 1833 Ari-

2101 572 2213 626 Dei.
2245 572 2466 626 Dixerat
2491 588 2685 641 nempe
2709 572 2969 643 Origenes
3000 576 3282 648 ἀγένητον,
3314 580 3457 648 quod
3502 582 3675 649 ipsius

2094 663 2416 726 adversarii,
2442 664 2764 719 contentiosi
2816 664 3063 721 homines
3090 678 3145 722 et
3174 669 3340 723 rixosi
3360 709 3376 735 ,
3407 672 3668 728 confude-

2095 764 2219 808 runt
2249 770 2371 808 cum
2396 754 2718 826 ἀγέννητον,
2745 764 2803 810 ιιι
2834 772 3021 811 ansam
3050 759 3317 815 haberent
3359 762 3667 819 calumniaz.

2092 845 2297 902 Contra
2340 861 2469 901 vero
2501 847 2773 913 Socrates,
2807 848 2872 903 de
2915 849 3144 905 Eusebio
3183 852 3431 921 loquens,
3472 856 3668 912 merito

2091 941 2232 995 dixit
2268 959 2281 994 :
2342 940 2672 1012 Θαυμαστὴς
2718 941 2813 994 κα)⁴
2840 941 3086 1012 ζηλωτὴς
3132 944 3348 1012 ἐγένετο
3379 946 3487 999 τῶν
3527 948 3673 1020 Ὠρι-

2090 1030 2280 1099 γένους
2324 1030 2543 1102 βιϐλίων
2568 1048 2580 1060 ·
2626 1032 2684 1084 ἐν
2737 1029 2819 1095 οἷς
2858 1033 3133 1104 πανταχοῦ
3190 1035 3279 1088 τὸν
3324 1037 3450 1089 Υἱὸν
3484 1041 3548 1091 ὲκ
3576 1038 3669 1093 τοῦ

2091 1124 2304 1195 Πατρὸς
2337 1124 2665 1195 γεννηθέντα
2712 1124 3059 1196 εὑρίσκουσιν
3103 1129 3151 1180 οἱ
3198 1129 3305 1181 τῶν
3360 1130 3672 1202 Ὠριγένους

2092 1213 2311 1284 βιϐλίων
2342 1215 2403 1267 τὸ
2439 1214 2600 1285 βάθος
2622 1216 2953 1286 κατανοῆσαι
2981 1216 3287 1287 δυνάμενοι.
3317 1236 3335 1268 t
3359 1220 3670 1277 Admirator

2088 1306 2453 1362 etzemnlator
2493 1307 2751 1361 librorum
2790 1307 3041 1377 Origenis
3070 1308 3207 1372 fuit,
3257 1312 3307 1365 in
3352 1314 3549 1381 quibus
3584 1314 3671 1368 Fi-

2088 1398 2218 1453 lium
2247 1415 2312 1455 ex
2328 1398 2487 1453 Patre
2507 1408 2693 1454 natum
2721 1399 2923 1469 ubique
2953 1401 3251 1469 reperiunt,
3279 1405 3371 1471 qui
3405 1404 3665 1461 librorum

2086 1490 2338 1562 Origenis
2376 1490 2799 1561 profunditatem
2842 1492 3026 1547 animo
3048 1504 3335 1562 penetrare
3366 1508 3614 1564 possunt.
3644 1517 3662 1550 ι

2086 1581 2451 1654 Hieronymus
2495 1597 2625 1638 vero
2658 1582 2864 1638 dixisse
2906 1584 3081 1653 ipsum
3129 1582 3404 1640 afﬁrmans
3436 1606 3455 1637 ‹
3506 1587 3670 1643 Chri-

2085 1686 2225 1729 stum
2255 1675 2449 1729 Filium
2488 1675 2583 1729 Dei
2601 1690 2709 1730 non
2730 1683 2913 1729 natum
2944 1690 3100 1743 esse,
3125 1678 3219 1732 sed
3248 1678 3471 1741 factum,
3507 1698 3525 1731 ι
3564 1680 3670 1737 hoc

2086 1775 2189 1830 est,
2233 1767 2500 1837 ἀγένητον
2535 1775 2589 1822 et
2637 1768 2900 1838 γενητὸν,
2933 1780 3226 1839 utramque
3279 1771 3420 1824 hanc
3478 1787 3663 1828 vocem

395 1874 527 1928 mini
580 1873 933 1943 et_Seleucia:
975 1890 993 1926 :
1028 1874 1142 1928 Οὐκ
1200 1873 1502 1945 ἀγνοοῦμεν
1535 1873 1592 1927 δὲ
1645 1873 1727 1926 ὅτι
1775 1872 1870 1926 καὶ
1926 1874 1974 1925 οἱ

2083 1859 2136 1913 in
2174 1857 2339 1911 alium
2372 1859 2655 1927 detorquet
2684 1859 3011 1914 intellectum
3040 1874 3103 1914 ac
3144 1862 3210 1914 ah
3238 1858 3471 1931 Origene
3507 1879 3668 1918 usur-

394 1966 677 2037 εἰρηκότες
699 1965 756 2018 ἓν
779 1966 838 2018 τὸ
865 1964 1145 2037 ἀγένητον,
1180 1966 1268 2019 τὸν
1296 1965 1514 2037 Πατέρα
1558 1964 1805 2033 λέγοντες
1831 2006 1845 2027 ,
1881 1966 1981 2035 οὐχ

390 2055 469 2121 ὡς
511 2055 739 2127 γενητοῦ
780 2057 876 2109 καὶ
912 2057 1217 2126 ποιήματος
1250 2055 1402 2133 ὄντος
1451 2055 1545 2107 τοῦ
1589 2054 1762 2123 Λόγου
1808 2052 1981 2116 οὓτως

394 2147 660 2219 ἔγραψαν,
689 2146 805 2199 ἀλλ’
829 2147 909 2199 ὃτι
941 2145 1013 2217 μὴ
1039 2145 1150 2217 ἔχει
1195 2145 1287 2198 τὸν
1322 2146 1516 2198 αἴτιον.
1559 2163 1579 2195 t
1612 2143 1724 2197 Non
1768 2146 1984 2207 ignora-

396 2254 516 2294 mus
561 2250 741 2293 autem
774 2253 867 2293 eos
899 2238 992 2307 qui
1042 2238 1295 2292 dixerunt
1326 2252 1489 2291 unum
1525 2251 1649 2292 esse
1690 2235 1981 2306 ἀγένητον,

396 2330 614 2385 Patrem
659 2330 1034 2399 significantes
1055 2368 1070 2393 ,
1098 2344 1204 2385 non
1234 2330 1305 2383 ita
1357 2329 1645 2397 scripsisse
1675 2328 1829 2395 quasi
1854 2328 1981 2382 Ver-

395 2418 519 2473 bum
542 2418 611 2472 sit
636 2417 865 2489 γενητὸν
886 2427 1122 2488 etopus,
1150 2418 1242 2473 sed
1269 2417 1393 2487 quia
1430 2416 1593 2471 Pater
1624 2430 1842 2471 causam
1873 2431 1977 2469 non

395 2510 577 2565 habet.
611 2528 630 2561 ι
670 2509 885 2563 Patrem
923 2508 1127 2565 dictum
1167 2523 1288 2564 esse
1320 2509 1396 2562 ait
1427 2509 1720 2581 ἀγένητον,
1749 2507 1873 2577 quia
1907 2508 1977 2561 ab

392 2598 501 2652 alio
538 2613 644 2653 non
682 2600 849 2655 habet
886 2608 946 2655 ut
983 2601 1090 2664 sit;
1133 2599 1329 2654 Filium
1365 2609 1545 2654 autem
1595 2599 1821 2671 γενητὸν
1856 2614 1978 2655 esse

394 2700 551 2758 negat
578 2690 679 2745 hac
715 2691 959 2757 nctione,
994 2691 1137 2760 quod
1167 2691 1234 2746 ab
1257 2691 1363 2745 alio
1388 2692 1567 2746 factus
1594 2692 1706 2746 sit:
1740 2692 1831 2747 sed
1866 2706 1975 2746 non

340 2766 341 2769 “
393 2784 552 2847 negat
579 2777 809 2849 γενητὸν
843 2793 965 2834 esse
1013 2779 1121 2833 alia
1169 2781 1430 2843 notione,
1470 2795 1533 2836 ea
1576 2781 1784 2836 scilicet
1810 2796 1972 2851 quam

391 2866 651 2931 iudicavi,
681 2869 825 2937 quod
858 2870 926 2923 ab
959 2869 1065 2924 alio
1106 2870 1307 2925 habeat
1347 2879 1407 2925 ut
1438 2870 1539 2936 sit,
1578 2886 1687 2926 non
1717 2881 1971 2939 tanquam

391 2971 476 3009 res
511 2956 675 3022 facta,
704 2959 797 3012 sed
828 2967 1083 3026 tanquam
1119 2974 1205 3015 res
1227 2962 1410 3032 genita
1433 3002 1447 3017 .
1482 2961 1656 3032 Atque
1690 2963 1763 3017 ita
1806 2960 1976 3017 Filius

390 3047 495 3101 dici
544 3057 723 3118 potest
765 3050 1050 3123 ἀγένητος,
1079 3051 1169 3121 qui
1208 3051 1276 3107 ab
1305 3053 1411 3108 alio
1443 3069 1549 3108 non
1585 3054 1747 3110 habet
1784 3064 1841 3109 ut
1882 3054 1973 3120 sil,

390 3154 586 3209 nempe
616 3149 871 3212 tanquam
899 3159 1034 3212 opus
1060 3184 1076 3206 ,
1112 3159 1208 3200 seu
1249 3159 1335 3200 res
1377 3143 1518 3200 facta
1540 3187 1556 3213 ,
1595 3146 1679 3200 vel
1711 3156 1967 3216 tanquam

392 3248 480 3287 res
500 3244 683 3289 creata
720 3251 737 3291 :
777 3244 832 3290 et
878 3236 1139 3308 γενητὸς,
1176 3238 1269 3308 qui
1316 3239 1385 3292 ah
1425 3238 1533 3294 alio
1566 3239 1731 3293 habet
1768 3249 1828 3293 ut
1875 3240 1967 3305 sit,

390 3337 584 3393 nempe
609 3332 869 3394 tanquam
910 3342 1000 3381 res
1031 3328 1212 3397 genita
1242 3337 1296 3383 et
1327 3328 1517 3383 Filius.
1556 3328 1651 3385 Sic
1682 3329 1966 3402 Origenes,

386 3414 483 3486 qui
528 3414 756 3488 γενητὸν
779 3415 912 3469 Θεὸν
944 3418 1249 3488 appellasse
1274 3418 1470 3473 Filium
1503 3420 1884 3482 insimulatur,
1914 3430 1970 3474 et

388 3508 481 3577 qui
510 3516 641 3563 tom.
672 3525 711 3562 ιι
737 3509 789 3562 in
820 3509 1005 3576 Joan.,
1040 3526 1191 3565 num.
1222 3509 1274 3572 6,
1296 3512 1523 3566 credere
1563 3528 1622 3566 se
1649 3512 1785 3565 dixit
1812 3512 1971 3580 ἀγέν-

386 3617 548 3672 νητον
581 3602 913 3672 (legendum,
945 3602 1031 3656 vel
1061 3612 1211 3659 certe
1254 3603 1661 3674 intelligendum
1684 3605 1967 3676 ἀγένητον)

389 3692 556 3764 μηδὲν
589 3693 773 3765 ἕτερον
803 3692 897 3747 τοῦ
931 3693 1145 3765 Πατρὸς
1171 3688 1313 3746 εἶναι
1333 3732 1348 3759 ,
1384 3694 1489 3748 hoc
1527 3703 1610 3747 est
1651 3709 1814 3746 uuqu
1862 3692 1969 3746 Pa-

393 3794 529 3838 trem
559 3786 826 3856 principio
858 3800 1081 3850 carere,
1110 3800 1209 3840 nec
1251 3785 1320 3841 ab
1368 3784 1473 3840 alio
1517 3784 1721 3839 habere
1770 3793 1827 3837 ut
1875 3785 1968 3846 sit,

388 3876 585 3932 Filium
617 3886 795 3931 tamen
832 3877 1097 3948 ἀγένητον
1142 3886 1299 3933 vocat
1351 3876 1447 3931 lib.
1502 3892 1555 3930 νι
1600 3886 1781 3929 contra
1804 3875 1968 3939 Cels.,

390 3985 540 4024 num.
568 3971 653 4033 17,
707 3969 844 4023 Οὔτε
876 3971 985 4042 γὰρ
1016 3971 1106 4023 τὸν
1127 3970 1390 4040 ἀγένητον
1416 3970 1511 4022 καὶ
1530 3969 1711 4040 πάσης
1733 3970 1967 4040 γενητῆς

388 4062 604 4130 φύσεως
643 4062 987 4134 πρωτότοκον
1029 4064 1149 4116 κατ’
1187 4060 1343 4126 ἀξίαν
1383 4061 1579 4115 εἰδέναι
1614 4078 1699 4123 τις
1743 4060 1966 4115 δύναται

383 4154 502 4217 ὼςὸ
524 4155 791 4225 γεννήσας
820 4155 982 4208 αὑτὸν
1011 4154 1224 4225 Πατήρ.
1248 4154 1360 4209 Illic
1389 4151 1656 4222 ἀγένητον
1682 4162 1839 4207 sonat
1860 4169 1965 4206 non

388 4240 610 4309 factum,
637 4258 741 4296 non
768 4252 1025 4296 creatum.
1064 4240 1203 4295 Hinc
1259 4249 1441 4294 natam
1500 4239 1697 4308 Opinor
1735 4239 1964 4306 primam

387 4349 418 4387 e
477 4334 954 4389 criminationibus
1021 4334 1285 4389 adversus
1349 4331 1637 4403 Origenem
1692 4329 1964 4392 conflatis,

386 4441 523 4497 quas
562 4425 875 4497 Pamphilus
920 4427 976 4481 in
1018 4425 1279 4497 Apologia
1324 4432 1592 4479 recenset.
1644 4421 1833 4475 Prima
1870 4421 1965 4475 illa

456 4516 504 4549 "*
533 4516 674 4571 Psal.
712 4531 897 4579 Lxxxr,
933 4517 985 4571 6.
1061 4516 1107 4549 ⁸⁸
1146 4515 1290 4571 Psal.
1332 4530 1393 4580 ιι,
1429 4516 1482 4570 7.

2085 1960 2207 2017 pata
2237 1960 2323 2004 est
2359 1966 2374 2003 :
2406 1951 2497 2019 qui
2535 1966 2658 2005 cum
2690 1952 2828 2006 dixit
2864 1951 3061 2007 Filium
3113 1954 3399 2025 ἀγένητον,
3448 1956 3501 2011 id
3558 1958 3664 2012 sibi

2084 2042 2287 2105 voluit,
2319 2057 2423 2094 non
2457 2056 2580 2096 esse
2614 2041 2816 2097 factum
2846 2058 2949 2099 nec
2995 2053 3260 2099 creatum.
3307 2046 3509 2101 Contra
3536 2047 3666 2102 Hie-

2084 2146 2345 2201 ronymus
2375 2133 2648 2199 exposuit,
2678 2149 2784 2188 non
2817 2149 2938 2190 esse
2971 2146 3187 2204 natum,
3232 2139 3388 2208 quasi
3435 2140 3667 2196 dixisset

2080 2221 2413 2293 ἀγέννητον·
2458 2238 2582 2277 cum
2613 2238 2743 2279 vero
2770 2222 2970 2279 Filium
3001 2226 3137 2281 dixit
3174 2228 3401 2299 γενητὸν
3425 2267 3441 2293 ,
3480 2230 3531 2283 id
3556 2230 3662 2284 sibi

2080 2311 2272 2377 voluit,
2304 2312 2507 2367 habere
2544 2314 2721 2382 ipsum
2769 2315 2853 2370 sui
2896 2316 3259 2386 principium;
3310 2330 3505 2375 contra
3538 2321 3665 2375 Hie-

2080 2419 2344 2476 ronymus
2379 2409 2677 2477 exposuit,
2721 2424 2832 2463 esse
2859 2408 3076 2477 factum.
3121 2408 3325 2482 Nempe
3372 2413 3449 2467 sic
3495 2415 3658 2467 verba

2075 2494 2326 2567 Origenis
2376 2498 2429 2553 in
2480 2500 2779 2567 pessimum
2831 2516 3054 2556 sensum
3127 2503 3348 2557 trahere
3420 2507 3659 2560 amabat.

2080 2587 2194 2659 (12)
2232 2588 2307 2643 Ita
2329 2589 2663 2659 Epiphanius
2690 2593 2820 2646 haer.
2847 2608 2992 2657 inv,
3023 2608 3142 2661 cap.
3175 2592 3228 2658 8,
3261 2594 3408 2649 vocis
3438 2597 3662 2668 γενητὸς

2077 2696 2233 2735 nsmn
2300 2681 2353 2736 in
2410 2682 2532 2737 aliis
2595 2686 2949 2754 probaturum
3005 2700 3063 2740 se
3108 2685 3273 2751 dicit,
3323 2687 3375 2741 in
3427 2686 3660 2757 Origene

2076 2776 2359 2830 dat-mare.
2390 2774 2591 2830 Contra
2615 2791 2678 2831 ea
2702 2792 2835 2831 vero
2857 2793 2977 2846 qua:
3006 2778 3177 2842 addit,
3206 2779 3346 2834 velle
3371 2778 3659 2848 Origeuem

2075 2866 2215 2921 κατὰ
2245 2867 2406 2938 χάριν
2429 2866 2521 2920 τὸν
2546 2868 2675 2921 Υἱὸν
2705 2869 2865 2922 αὑτὸν
2882 2869 3165 2923 καλεῖσθαι
3193 2888 3207 2901 ο
3246 2888 3266 2923 t
3295 2870 3397 2926 Per
3419 2873 3655 2941 gratiam

2075 2961 2272 3015 Filium
2307 2962 2481 3028 ipsum
2516 2958 2829 3032 (Christum)
2874 2962 3168 3031 appellari,
3208 2982 3227 3015 ι
3289 2973 3536 3031 prompta
3570 2978 3658 3019 est

2074 3068 2139 3108 ex
2175 3053 2294 3123 ipso
2322 3051 2562 3122 Origene
2589 3052 2861 3117 defensio,
2893 3054 2987 3123 qui
3020 3055 3225 3109 diserte
3256 3056 3414 3110 docet
3451 3065 3582 3111 tom.
3616 3072 3653 3111 ιι

2071 3143 2130 3195 in
2153 3140 2340 3205 Joan.,
2391 3156 2538 3195 num.
2589 3140 2644 3205 6,
2686 3141 2846 3212 μόνον
2891 3143 2982 3195 τὸν
3018 3147 3275 3216 μονογενῆ
3310 3144 3470 3215 φύσει
3528 3146 3657 3199 Υἱὸν

2076 3232 2315 3305 ἀρχῆθεν
2346 3230 2634 3303 τυγχάνειν
2652 3250 2667 3263 ·
2698 3233 2864 3288 etlib.
2888 3249 2959 3287 vn
2986 3235 3039 3287 in
3071 3232 3367 3302 Epistolam
3393 3238 3459 3289 ad
3482 3236 3659 3299 Rom,

2080 3339 2230 3377 num.
2260 3324 2310 3385 1,
2353 3342 2372 3373 ι
2416 3325 2570 3379 Sicut
2611 3325 2754 3378 enim
2785 3325 2937 3379 multi
2975 3336 3103 3380 sunt
3146 3327 3238 3381 filii
3282 3327 3397 3393 Dei,
3424 3339 3481 3382 ut
3513 3328 3661 3384 Scri-

2077 3425 2235 3482 ptura
2285 3416 2419 3470 dicit
2458 3435 2472 3471 :
2513 3415 2624 3485 Ego
2677 3417 2792 3471 dixi
2826 3434 2846 3473 :
2885 3416 2976 3471 Dii
3013 3420 3161 3483 estis,
3205 3428 3255 3473 et
3302 3420 3404 3488 ﬁlii
3451 3420 3660 3475 Επειεί

2076 3522 2254 3561 omnes
2281 3508 2352 3573 “,
2389 3524 2529 3563 unus
2559 3519 2740 3564 tamen
2775 3520 2862 3564 est
2885 3519 3081 3565 natura
3107 3510 3279 3566 Filius
3305 3520 3361 3565 et
3401 3510 3661 3582 Uuigeui-

2076 3610 2162 3655 tus
2184 3602 2250 3654 de
2274 3600 2453 3658 Patre.
2495 3620 2514 3654 ο

2147 3693 2445 3749 Commode
2478 3708 2607 3748 vero
2636 3700 2933 3762 exponetur
2961 3693 3113 3748 locus
3149 3707 3179 3746 a
3236 3692 3468 3749 Diodoro
3518 3694 3659 3748 reci-

2074 3796 2241 3849 talus,
2265 3787 2356 3840 ubi
2388 3786 2479 3839 lnx
2502 3800 2532 3839 a
2568 3785 2674 3839 Deo
2697 3785 2955 3854 producta
2981 3785 3177 3841 Genes.
3212 3802 3249 3851 ι,
3274 3786 3330 3852 5,
3354 3785 3518 3841 Filius
3538 3800 3658 3841 esse

2079 3877 2321 3938 dicitur,
2350 3876 2395 3931 si
2439 3876 2871 3945 respondeamus
2924 3876 2975 3929 id
3030 3877 3319 3947 allegorice
3362 3877 3429 3930 ad
3458 3875 3656 3931 Filium

2076 3966 2144 4020 ab
2160 3966 2394 4036 Origene
2426 3967 2596 4021 fuisse
2624 3966 2876 4021 relatum.
2918 3966 3184 4035 Quoniam
3203 3969 3346 4023 enim
3377 3983 3655 4038 nunquam

2077 4075 2183 4113 non
2223 4061 2357 4113 dicit
2385 4057 2550 4113 Pater
2583 4076 2598 4113 :
2638 4076 2659 4111 ι
2690 4058 2801 4128 Ego
2830 4057 2993 4114 hodie
3018 4058 3176 4129 genui
3211 4068 3261 4113 te
3292 4059 3336 4091 ³⁵
3362 4074 3378 4123 ;
3423 4078 3441 4111 ι
3473 4059 3655 4113 induci

2072 4166 2287 4221 quiaque
2316 4160 2493 4219 potest
2515 4164 2730 4221 semper
2754 4151 2970 4206 dicens:
3007 4150 3279 4219 Gignatur
3310 4151 3478 4204 Filius
3504 4167 3658 4203 meus

2073 4245 2165 4310 qui
2200 4254 2285 4298 est
2328 4244 2423 4298 lux
2456 4257 2608 4298 vera.
2640 4242 2851 4298 Firmat
2891 4243 3034 4298 hanc
3068 4244 3473 4312 responsionem
3525 4257 3652 4306 vox,

2074 4335 2412 4408 γεννηθήτω,
2459 4338 2708 4408 gignatur
2738 4352 2758 4390 :
2789 4335 2870 4391 sic
2909 4335 3055 4390 enim
3091 4335 3286 4405 legitur
3334 4336 3385 4388 in
3426 4333 3655 4397 Catena,

2076 4445 2182 4483 non
2215 4439 2273 4482 ut
2299 4428 2477 4500 vulgo,
2506 4427 2813 4501 γενηθήτω,
2852 4427 2967 4492 fiat.
3002 4427 3227 4484 Penitus
3270 4442 3399 4482 vero
3430 4430 3482 4481 id
3522 4444 3656 4483 cnn-

461 4632 573 4701 (l2)
631 4632 715 4686 Ila
759 4631 1093 4701 Epiphanius
1135 4633 1272 4703 vocis
1306 4630 1559 4703 γενητὸς
1631 4646 1805 4703 usum,
1850 4640 1957 4685 etc.

2077 4630 2255 4694 κπλῶς
2284 4629 2428 4703 ἀρχὴ
2446 4628 2557 4683 τῶν
2584 4629 2755 4684 ὄντων
2839 4629 2991 4694 Θεὸς.
3027 4648 3047 4682 ι
3083 4627 3198 4703 Non
3237 4626 3476 4703 absurde
3526 4626 3650 4695 quis

388 4702 645 4775 Displicet
686 4703 986 4772 Epiphanio
1036 4713 1090 4758 et
1136 4702 1464 4775 Hieronymo
1520 4703 1725 4772 genitus
1773 4702 1909 4775 Deus
1942 4717 1961 4754 :

389 4770 531 4827 idem
576 4789 697 4828 esse
732 4770 938 4827 ivulunt
977 4782 1032 4827 et
1076 4775 1277 4843 factum
1331 4770 1395 4827 ac
1441 4770 1716 4836 creatum,
1770 4770 1962 4843 saltent

389 4844 529 4913 apud
563 4842 853 4911 Origeuem
876 4884 892 4909 ,
923 4844 992 4898 de
1020 4842 1173 4912 cujus
1215 4844 1527 4913 Arianismo
1564 4858 1673 4913 non
1712 4842 1955 4910 pranndi-

389 4911 673 4984 cium,sed
715 4911 1155 4984 planejndicinm
1182 4913 1442 4984 fecerant.
1485 4912 1590 4968 Sed
1621 4911 1751 4984 illud
1798 4928 1960 4984 γενη-

385 4982 499 5050 τὸν,
539 4999 659 5036 cum
701 4981 767 5039 de
803 4982 941 5039 Fiiio
969 4985 1172 5039 dicitur
1193 4985 1260 5038 ab
1283 4982 1545 5054 Origene,
1595 4981 1682 5054 vel
1716 4981 1960 5053 genera-

389 5057 484 5109 tim
525 5055 801 5124 significat
820 5056 871 5108 id
896 5055 1040 5124 quod
1063 5056 1222 5109 habet
1249 5053 1578 5124 aliquodsni
1607 5053 1954 5123 principium,

387 5125 471 5177 vel
506 5122 684 5178 veram
717 5122 1120 5195 generationem
1154 5122 1421 5194 designat.
1457 5122 1753 5195 Utriusque
1787 5125 1955 5195 inter-

387 5193 983 5266 pretationis'exempla
1011 5196 1211 5265 passim
1246 5193 1583 5266 occurrunt;
1618 5193 1806 5266 prima:
1840 5193 1957 5266 qni-

387 5264 508 5319 dem
559 5278 683 5321 cum
734 5264 1222 5333 Origenes’solum
1273 5265 1487 5319 Patrem
1533 5265 1834 5334 ingenitum
1869 5265 1957 5316 de-

387 5346 688 5399 monstrat,
716 5351 779 5389 ac
809 5335 1009 5391 Filium
1047 5351 1169 5392 cum
1198 5335 1365 5391 rebus
1396 5336 1596 5389 creatis
1623 5337 1677 5388 in
1711 5349 1777 5387 eo
1806 5349 1945 5387 com-

387 5421 584 5474 parare
636 5421 740 5459 non
801 5408 1034 5470 dubitat,
1068 5417 1199 5461 tom.
1252 5421 1292 5460 ιι
1348 5407 1403 5459 in
1447 5404 1635 5469 Joan.,
1696 5419 1843 5457 nutu.
1899 5405 1955 5466 6,

385 5477 530 5543 quod
559 5493 586 5528 a
618 5474 778 5529 Patre
806 5477 1078 5543 acceperit
1121 5488 1185 5531 ut
1232 5483 1398 5541 esset,
1440 5490 1564 5529 cum
1618 5476 1720 5529 hoc
1773 5485 1952 5527 tamen

386 5545 724 5609 discrimine,
753 5551 899 5617 quod
930 5544 1100 5617 Filius
1135 5547 1204 5600 ab
1235 5558 1440 5603 aeterno
1474 5546 1711 5615 genitus,
1748 5544 1953 5617 islm_i_u

389 5625 632 5683 tempore
688 5614 907 5671 creatae.
974 5616 1065 5670 Sic
1116 5618 1279 5671 etiam
1344 5614 1495 5673 tom.’
1542 5631 1581 5681 ι,
1654 5630 1807 5668 num.
1865 5614 1954 5680 l7,

387 5696 514 5757 pag.
549 5686 648 5757 I97:
668 5687 782 5743 Οὐκ
813 5686 1030 5751 ἀτόπως
1058 5687 1115 5740 δὲ
1143 5687 1236 5740 καὶ
1264 5686 1354 5740 τὸν
1377 5686 1486 5741 τῶν
1518 5685 1664 5757 ὅλων
1678 5684 1811 5757 Θεὸν
1843 5686 1959 5757 ἐρεῖ

388 5755 480 5842 τις
504 5756 903 5842 Miami);
926 5757 1247 5842 προπίπτωγ
1266 5758 1348 5842 6:u
1370 5757 1515 5833 ἀρχὴ
1538 5755 1669 5842 ξ’ίοῦ
1692 5757 1721 5807 δ
1738 5755 1957 5842 Fatis

391 5828 483 5880 καὶ
503 5826 646 5899 ἀρχῇ
679 5826 1178 5901 δημιουργήμάτων
1212 5831 1241 5881 ό
1279 5826 1633 5898 δημιουργὸς.
1668 5826 1761 5879 καὶ
1784 5826 1960 5889 ἁπαξ-

708 5929 982 5989 ΡΑτιιοι-.
1024 5929 1142 5989 Gn.
1179 5927 1383 5989 XVII.

2072 4696 2452 4756 universorum
2506 4703 2671 4754 Deum
2733 4702 3061 4771 principium
3120 4700 3338 4771 dixerit,
3376 4696 3550 4771 palam
3582 4713 3653 4771 eo

2068 4772 2389 4840 procidens,
2419 4780 2478 4825 ut
2510 4770 2631 4824 Filii
2662 4768 2993 4841 principium
3027 4772 3097 4826 sit
3120 4769 3313 4833 Pater,
3350 4778 3405 4841 et
3439 4768 3649 4841 princi-

2066 4837 2215 4910 pium
2240 4851 2613 4896 creaturarum
2643 4837 2887 4904 Creator,
2918 4858 2979 4897 ac
2998 4841 3296 4909 generatim
3326 4837 3649 4910 principium

2067 4907 2273 4965 entium
2306 4912 2465 4966 Deus.
2502 4929 2520 4961 ι
2557 4910 2758 4965 Eodem
2784 4927 2945 4966 sensu
2966 4907 3122 4965 docet
3144 4920 3273 4964 tom.
3303 4925 3362 4969 ιι.
3387 4923 3533 4961 ιιιιιιι.
3554 4907 3647 4970 23,

2068 4983 2269 5037 multas
2297 4983 2389 5036 Dei
2424 4982 2787 5052 proprietates
2816 4982 3068 5051 cegnosci
3102 4996 3209 5035 non
3257 4994 3416 5049 posse
3449 4979 3648 5052 abnu-

2070 5067 2226 5105 mana
2260 5047 2475 5117 natura,
2509 5047 2650 5106 forte
2679 5053 2842 5106 etiam
2866 5047 2965 5107 n'ec
2986 5053 3056 5107 ab
3079 5052 3201 5105 aliis
3233 5047 3429 5120 [tranet
3449 5047 3646 5120 Filium

2068 5120 2431 5193 ethpiritum
2490 5130 2742 5193 sanctum
2784 5124 2981 5193 genitis
3022 5118 3393 5193 Ατοιιυεέτάχα
3442 5118 3499 5171 δὲ
3554 5118 3650 5172 καὶ

2065 5189 2272 5264 ἑτέροις
2298 5191 2449 5264 παρὰ
2478 5191 2713 5262 Χριστὸν
2768 5189 2864 5247 οἷαὶ
2908 5191 2968 5244 τὸ
3007 5190 3183 5264 νᾶγιον.
3218 5189 3457 5264 Πνεῦμα.
3484 5204 3649 5259 γενη-

2063 5260 2194 5326 τοῖς.
2225 5260 2571 5333 ΝἰιιὶιῚείιιιι·
2604 5274 2872 5334 repugnat
2899 5263 3105 5334 genitas
3144 5260 3403 5334 Deusglsi
3446 5261 3517 5311 ita
3549 5274 3648 5312 ac-

2063 5336 2329 5401 cipiatur;
2362 5331 2564 5401 at'quo
2591 5331 2763 5387 sensi
2796 5332 3127 5403 Epiphanius
3180 5342 3234 5383 et
3286 5331 3649 5403 Hieronymus

2064 5399 2362 5473 accipiunt,
2412 5399 2676 5471 nusquam
2708 5399 2852 5473 apud
2884 5399 3175 5469 Origeuem
3230 5401 3504 5473 occurrit;
3539 5399 3646 5453 nisi

2064 5468 2207 5529 forte
2232 5473 2463 5528 velimus
2487 5468 2659 5542 ipsam
2691 5468 2871 5527 Patris
2893 5468 3142 5542 naturam
3169 5485 3254 5542 ex
3292 5468 3648 5542 nihilo_crea-

2066 5552 2174 5597 tam
2200 5547 2278 5613 ab
2306 5537 2541 5613 Origene
2565 5544 2895 5613 existimari.
2926 5541 3060 5613 Nam
3095 5540 3430 5613 voluntatem
3469 5537 3645 5592 Patris

2065 5615 2120 5667 in
2171 5612 2309 5668 Filio
2338 5608 2510 5678 nasci,
2550 5613 2833 5684 γινόμενον
2883 5612 2941 5684 εν
2985 5609 3065 5681 τῷ
3089 5608 3238 5684 -Υἱῷ,
3273 5608 3556 5684 declarat,
3587 5618 3649 5684 nt

2067 5698 2232 5751 supra
2259 5684 2509 5737 vidimus.
2547 5679 2619 5723 -ἔ-
2660 5679 2725 5736 D.
2774 5679 3045 5737 Prudent.
3086 5679 3276 5736 Maium
3319 5679 3395 5733 Ds
3435 5679 3643 5735 divinit.

2070 5752 2289 5823 Christi,
2319 5753 2409 5808 lib.
2444 5767 2518 5820 IV,
2550 5768 2672 5824 cap.
2706 5752 2797 5820 t5,
2823 5765 2977 5807 num.
3007 5753 3069 5806 1.

3254 5909 3335 5967 9.5
