4160 6438
519 352 622 414 7'79

1801 361 1859 416 P.
1900 357 2216 418 llANIELlS
2263 362 2493 422 llUETll

3676 373 3783 431 780

514 471 860 568 firmatur-ex
892 486 957 528 eo
989 473 1129 540 quod
1167 472 1239 527 ait
1276 483 1407 530 tom.
1445 492 1460 531 ι
1504 479 1557 531 in
1601 473 1786 542 Jonn.,
1820 483 1968 534 num.
2006 479 2099 545 εἰ,
2129 487 2173 539 Α
2204 481 2309 546 sol,
2337 482 2588 539 licetnon
2613 486 2684 540 sit
2706 486 2898 542 eadem
2930 501 3159 544 numero
3188 488 3488 545 substantia
3531 499 3632 545 :et
3656 505 3780 568 rur-

511 561 734 632 jubente
759 559 918 616 Patre
947 573 1005 616 ιιι
1032 565 1190 618 ﬁeret
1221 565 1336 630 lux,
1363 568 1623 622 mandato
1657 567 1836 624 Patris
1877 571 2091 626 obtem-

515 662 795 721 perantem
844 653 1036 708 Filium
1089 654 1262 710 lucem
1299 672 1536 714 creasse.
1593 659 1746 726 Quod
1793 662 1839 716 si
1883 663 2092 720 creavit

514 745 712 806 lucem,
745 745 832 800 lux
865 747 963 800 ista
985 761 1167 803 creata
1199 751 1314 820 ipse
1338 753 1523 822 utique
1557 768 1662 808 non
1695 763 1801 809 est.

582 833 776 890 XXIV.
817 837 1086 905 Quorsum
1137 855 1268 895 vero
1311 851 1390 897 tot
1425 844 1746 914 ambagibus
1785 847 2090 904 detinemus

510 927 794 990 lectorem,
825 930 1167 998 explicandis
1199 934 1439 988 verbulis
1460 977 1473 996 ,
1507 946 1556 990 et
1607 937 1914 994 evolvendis
1963 955 2090 995 sen-

511 1020 747 1075 tentiolis
772 1021 972 1077 frustra
990 1025 1368 1081 immorantes?
1385 1028 1496 1100 (l3)
1515 1028 1742 1084 Praestat
1763 1031 1876 1101 ipsa
1900 1029 2089 1102 Orige-

502 1113 688 1168 πίθηαι
727 1115 986 1172 doctrina:
1038 1119 1332 1186 penetralia
1387 1121 1640 1176 scrutari.
1676 1121 2085 1181 Meminerimus

509 1219 672 1275 supra
717 1219 962 1264 notatum
1016 1225 1138 1267 esse
1177 1227 1205 1266 a
1250 1212 1407 1267 nobis
1447 1212 1744 1269 credidisse
1794 1213 2084 1284 Origenem

508 1291 701 1352 Filium
735 1316 987 1356 manasse
1043 1304 1110 1358 de
1163 1305 1256 1358 Dei
1301 1305 1609 1360 substantia
1639 1345 1655 1369 ,
1694 1307 1774 1362 sic
1825 1316 2082 1377 tanquam

504 1390 679 1445 lucem
713 1392 778 1447 de
807 1394 943 1460 sole,
985 1405 1148 1466 atque
1185 1398 1308 1453 ideo
1343 1398 1586 1468 ejusdem
1610 1413 1732 1455 esse
1765 1416 1829 1456 ac
1857 1399 2075 1457 Patrem

504 1480 848 1548 substantiae,
879 1485 1004 1554 quia
1038 1487 1126 1540 lux
1151 1485 1392 1555 ejusdem
1431 1498 1516 1543 est
1554 1489 1877 1546 substantia:
1921 1493 2079 1564 cujus

573 1691 690 1762 (l5)
723 1689 960 1765 Praestat
981 1695 1094 1760 ipsa
1128 1692 1462 1762 Origem'ame
1501 1696 1759 1750 docti-inre
1781 1697 2075 1765 penetralia

506 1763 760 1817 scrutari.
798 1761 1196 1816 Meminerimus
1222 1761 1381 1830 supra
1414 1775 1654 1820 notatum
1687 1761 1799 1820 esse
1829 1785 1860 1820 a
1903 1769 2074 1831 nobis,

2200 589 2294 629 sus
2318 573 2521 630 Filium
2547 591 2577 630 a
2617 575 2796 632 Patris
2842 579 3148 634 substantia
3181 588 3236 634 et
3271 580 3592 643 divinitate,
3628 581 3781 636 utait

2198 667 2556 737 Epiphanius,
2582 683 2934 740 segregasse;
2957 671 3082 740 quia
3115 681 3222 725 uta
3245 673 3362 727 sole
3381 689 3480 742 per
3501 672 3777 729 ellluvium

2196 758 2439 824 profecta
2467 770 2554 814 est
2587 760 2697 822 lux.
2727 771 2936 815 secreta
2971 763 3038 816 ab
3065 777 3132 818 eo
3162 773 3224 818 et
3248 745 3489 834 seposita
3521 765 3627 821 dici
3681 782 3779 836 po-

2198 859 2301 905 test
2336 868 2350 904 :
2380 861 2638 920 praeterea
2675 853 2838 908 Patre
2867 853 3180 909 inferiorem
3206 870 3327 910 esse
3355 855 3552 912 Filium
3581 899 3598 924 ,
3647 860 3774 927 quia

2196 942 2277 997 sol
2307 943 2424 997 luce
2463 943 2698 998 nobilior
2721 954 2804 1001 est
2828 953 2886 1000 et
2913 947 3180 1016 dignitate
3211 949 3478 1018 superior.
3513 949 3772 1005 Creatum

2194 1034 2350 1100 dixit,
2381 1036 2465 1090 vel
2484 1051 2552 1090 eo
2575 1051 2737 1091 sensu
2756 1051 2864 1106 quo
2902 1036 3059 1092 liberi
3086 1054 3114 1092 a
3148 1040 3465 1109 parentibus
3493 1041 3771 1110 procreari

2191 1126 2462 1193 dicuntur,
2483 1129 2890 1194 utnotavimus;
2907 1129 2992 1182 vel
3020 1128 3135 1200 (14)
3169 1131 3295 1200 quia
3319 1133 3600 1187 materiam
3619 1149 3649 1186 ιι
3664 1147 3772 1204 qua

2189 1217 2459 1274 conflatus
2477 1229 2558 1274 est
2584 1221 2834 1286 mundus,
2858 1235 3020 1290 quam
3041 1237 3068 1275 a
3088 1221 3184 1277 Dei
3215 1222 3518 1278 substantia
3535 1225 3604 1280 ab
3623 1226 3771 1280 omni

2189 1323 2335 1367 retro
2360 1326 2476 1368 aevo
2487 1327 2774 1369 emanasse
2791 1317 3028 1382 censuit,
3045 1315 3499 1384 quemadmodum
3518 1318 3770 1373 ostende-

2185 1420 2304 1460 mus
2342 1405 2481 1458 infra
2525 1415 2786 1472 creatam,
2837 1407 2945 1462 dici
2989 1408 3244 1463 sciebat.
3282 1408 3337 1464 ld
3379 1409 3521 1464 enim
3559 1419 3766 1466 tantum

2180 1495 2513 1553 discriminis
2539 1499 2718 1566 posuit
2749 1499 2870 1554 Filii
2898 1500 3043 1556 inter
3075 1510 3132 1556 et
3160 1503 3400 1558 materia
3440 1503 3772 1573 procreatio-

2182 1699 2416 1772 assgntia
2466 1699 2746 1770 genitum,
2813 1680 2871 1754 ut
2920 1701 3100 1756 lumen
3159 1717 3224 1756 ex
3287 1702 3487 1758 lumine
3537 1713 3760 1772 manat;

2181 1768 2235 1822 5.
2276 1767 2824 1840 ιῖὶΙίιιιιιήθιιιίαιιιιιιι
2853 1787 2882 1825 a
2930 1772 3092 1826 Patre
3127 1789 3228 1827 suo
3270 1773 3510 1828 divisum
3555 1789 3620 1829 ac
3667 1767 3762 1831 se;

501 1843 666 1916 ειυς(
701 1831 811 1887 Hoc
838 1848 944 1916 non
978 1841 1060 1916 est
1092 1835 1202 1916 ipsa
1223 1833 1574 1916 Qrigeniante
1602 1838 1870 1916 doctrinas
1907 1852 2075 1916 pene-
2107 1860 2150 1916 Β
2184 1849 2432 1916 paratum
2468 1831 2773 1916 exsistere;
2823 1844 3283 1916 quemadmodum
3339 1858 3461 1916 ιιιιιῖΔ
3501 1843 3683 1916 radius
3725 1860 3760 1900 a

503 1903 664 1958 tralia
703 1903 936 1977 s_cru_ta_ri
981 1903 1185 1977 (inquit
1222 1903 1408 1977 Bulle
1437 1908 1490 1959 in
1531 1906 1743 1977 Dolens.
1796 1903 1920 1976 ﬁdei
1972 1909 2074 1962 Ni—

500 1974 775 2047 rreme,_de
806 1969 931 2047 Filii
965 1969 1042 2047 τεήῷ
1065 1969 1368 2047 ὅμοουσίῳ,
1399 1990 1516 2042 cap.
1551 1969 1807 2038 9.'num.'
1831 1978 1940 2037 Ml.
1980 1981 2074 2033 sed

499 2059 563 2098 ea
591 2045 767 2114 potius
797 2045 982 2097 rimari
1014 2054 1069 2118 et
1099 2045 1386 2118 suspicari.
1417 2048 1483 2100 de
1510 2048 1706 2116 quibus
1733 2050 1848 2116 ipse
1881 2048 2075 2118 Orige-

499 2129 596 2188 nes
634 2129 703 2167 ne
756 2129 853 2181 per
898 2115 1166 2188 somnium
1193 2116 1434 2188 _quidem
1469 2115 1762 2188 ‘u’nquam’
1793 2115 2072 2188 cogitavit.

498 2181 698 2238 Fateor
736 2186 1142 2254 generationem
1193 2181 1314 2240 Filii
1356 2201 1420 2240 ex
1469 2181 1632 2241 Patre
1680 2181 1939 2243 illustrari
2003 2191 2074 2244 ab

499 2255 754 2325 Origene,
780 2256 942 2308 etiam
979 2257 1030 2308 in
1061 2255 1215 2310 libris
1245 2267 1426 2310 contra
1457 2255 1690 2320 Celsum,
1719 2258 2073 2314 similitudine

502 2327 637 2396 radii
671 2329 783 2377 sive
810 2325 1113 2396 splendoris
1134 2341 1164 2378 a
1201 2326 1339 2388 sole,
1360 2327 1473 2380 sive
1496 2327 1601 2380 alio
1623 2343 1853 2396 corpore
1875 2327 2072 2393 lucido,

497 2395 746 2463 projecti.
807 2393 913 2448 Sed
974 2397 1102 2464 quid
1152 2397 1306 2449 tum?
1351 2398 1540 2450 Annon
1590 2393 1777 2452 Patres
1819 2399 2069 2454 catholici

498 2480 710 2526 omnes,
741 2474 851 2518 tam
882 2465 971 2531 qui
1009 2475 1155 2527 ante,
1185 2481 1350 2534 qttam
1383 2470 1473 2534 qui
1509 2479 1630 2535 post
1661 2469 1950 2522 concilium
1980 2469 2074 2523 Ni-

496 2550 706 2588 caenum
735 2538 1091 2600 scripserunt,
1119 2539 1310 2590 eodem
1355 2539 1514 2591 simili
1564 2539 1643 2590 usi
1676 2539 1832 2591 sunt?
1883 2537 2072 2594 Nonne

497 2605 598 2673 ipsi
631 2605 1064 2679 PattgslVicwpi,
1093 2610 1250 2675 idque
1284 2611 1337 2679 in
1380 2608 1497 2675 ipso
1539 2609 1795 2679 Syuibolo
1823 2623 1920 2662 suo
1941 2650 1956 2672 ,
1982 2611 2066 2662 di-

495 2685 712 2738 xerunt,
740 2674 941 2729 Filium
977 2674 1142 2728 Deum
1167 2674 1243 2730 ex
1284 2674 1442 2731 Patre
1472 2674 1774 2740 Deo'nasci,
1800 2689 1858 2731 ut
1887 2680 2066 2733 lumen

495 2747 564 2818 de
589 2745 834 2818 lumine?
883 2746 1114 2818 Et_quid
1163 2748 1378 2800 dentum
1434 2748 1682 2818 Epistol:e
1727 2750 1792 2801 ad
1820 2749 2071 2804 Hebraeos

494 2815 672 2886 divino
729 2815 982 2886 scriptori
1032 2816 1141 2886 iiet,
1193 2819 1281 2884 qui
1339 2833 1443 2871 non
1479 2815 1699 2872 'veritus
1753 2828 1835 2874 est
1875 2818 2067 2872 Filium

495 2883 589 2963 Dei
624 2883 934 2963 nuncupare
966 2883 1307 2963 ἀπαύγᾳάμα
1353 2889 1451 2958 τῆς
1490 2889 1648 2960 δόξης
1675 2888 1800 2963 δρῦν
1833 2889 2066 2963 Πατρδς,

493 2955 819 3028 splendorem
848 2966 1082 3026 paterna:
1114 2955 1318 3026 glorire,
1350 2955 1468 3028 cap.
1503 2976 1542 3023 I,
1565 2955 1637 3013 ’v'.
1675 2960 1742 3014 '5?
1780 2962 1891 3014 Duo
1919 2955 2067 3016 certe

494 3027 967 3099 porismatanuai
996 3043 1063 3099 ex
1095 3030 1195 3082 hac
1226 3027 1634 3099 comparatione
1669 3031 1918 3097 deducit,
1945 3031 2070 3087 Ori-

491 3097 726 3170 genique
765 3095 966 3170 aﬂingit
997 3098 1244 3162 Huetius,
1279 3095 1518 3170 afluente
1557 3101 1806 3170 Origeuis
1846 3095 2067 3158 omnino

494 3168 666 3221 aliena
700 3179 846 3220 sunt.
880 3167 1119 3221 Primum
1148 3179 1256 3230 est,
1303 3169 1496 3223 Filium
1533 3187 1563 3225 a
1596 3167 1754 3226 Pa'tre
1800 3171 1963 3224 dividi
2013 3183 2068 3226 et

492 3235 732 3304 separari
783 3247 839 3290 ut
872 3248 1076 3306 partem
1117 3239 1312 3292 divinae
1336 3243 1587 3295 essentne
1615 3255 1643 3292 a
1695 3249 1803 3294 tota
1830 3280 1844 3301 ,
1901 3241 2065 3295 adeo-

491 3307 1039 3380 que_Deifssentiam
1077 3310 1127 3361 in
1163 3318 1346 3376 partes
1381 3321 1584 3364 sectam
1615 3324 1758 3364 esse.
1801 3311 1908 3364 Sed
1950 3313 2072 3380 quis

490 3377 698 3440 credat,
720 3376 1091 3447 0rigeni,viro
1117 3394 1248 3433 sane
1279 3396 1384 3432 non
1412 3381 1647 3442 indocto,
1675 3391 1780 3433 tam
1813 3376 2070 3436 insulsam

491 3447 882 3520 blasphemiam
917 3449 1103 3520 venire
1130 3451 1181 3501 in
1227 3462 1460 3504 mentem
1513 3451 1794 3520 potuisse?
1843 3451 2070 3516 Quoties

495 3532 622 3571 vero
654 3518 716 3589 in
753 3519 971 3586 scriptis
1002 3521 1117 3572 suis
1149 3520 1306 3572 istam
1359 3518 1747 3588 blasphemiam
1810 3536 2069 3589 expresse

494 3588 798 3660 repudiavit
822 3589 1224 3660 Adamantius?
1251 3590 1452 3660 Sie(ut
1486 3591 1592 3643 alia
1633 3589 1755 3660 loca
1805 3588 2067 3645 sescenta

488 3657 783 3730 giniuaui),
819 3659 871 3710 in
895 3658 989 3730 lib.
1022 3673 1073 3711 iv
1095 3671 1278 3712 contra
1314 3657 1638 3720 Gels.,num.
1670 3659 1758 3723 14,
1790 3676 1913 3730 pag.
1935 3661 2063 3724 510,

489 3727 790 3798 Epicureos
828 3739 884 3782 et
922 3729 1138 3782 Stoicos
1178 3730 1386 3792 irridet,
1425 3733 1568 3798 quod
1625 3746 1732 3783 non
1781 3727 2061 3796 potuerint

489 3797 762 3873 apaudiaat
793 3798 906 3873 sint
926 3798 1159 3873 φυςικῂν
1191 3798 1292 3873 τοῦ.
1321 3797 1697 3873 Θεο-ὖλέννοιανν
1716 3839 1730 3863 ,
1889 3802 2065 3873 πᾲντη

488 3867 790 3944 ἀφβὰρτορ,
821 3867 920 3944 atati.
943 3867 1136 3934 ἁπλοῦ,
1160 3873 1253 3924 καὶ
1273 3871 1590 3944 ᾴσυνθὲτου,
1620 3872 1713 3923 καὶ
1734 3867 2062 3944 ἀδιαιρέτου,

493 3957 511 3988 ι
543 3941 700 3994 Clare
741 3940 833 3994 Dei
867 3952 1118 3994 naturam
1155 3943 1481 4008 intelligere,
1518 3956 1713 4010 nempe
1745 3940 1899 4009 quod
1921 3946 1964 3996 is
1990 3945 2062 3998 sit

489 4027 511 4060 ε
541 4014 763 4064 omnino
788 4011 1214 4081 incorruptibilis
1238 4023 1292 4066 et
1314 4013 1562 4081 simplex,
1588 4027 1688 4066 nec
1706 4012 2059 4081 compositus,

490 4097 510 4150 ι
540 4096 637 4135 nec
651 4082 988 4136 divisibilisn
1007 4082 1124 4135 Mox
1141 4084 1308 4146 addit,
1332 4082 1524 4139 Filium
1550 4083 1639 4136 Dei
1674 4084 1910 4136 informa
1939 4083 2052 4150 Dei,

487 4149 586 4222 hoc
601 4162 703 4218 est,
723 4153 773 4206 in
789 4154 1022 4222 essentia
1041 4153 1218 4206 divina
1237 4154 1555 4219 subsistere,
1573 4153 1795 4222 proinde
1809 4163 1864 4205 et
1881 4149 2056 4221 ipsum

479 4220 631 4288 juxta
663 4238 784 4275 cum
816 4221 977 4276 Patre
1007 4223 1396 4277 immutabilem
1423 4239 1561 4278 esse.
1579 4220 1728 4276 Nihil
1757 4220 1934 4276 autem
1963 4238 2060 4277 ex-

485 4297 726 4363 pressius
785 4293 911 4346 huic
955 4307 1266 4347 commento
1322 4304 1613 4363 repugnat,
1666 4308 1825 4363 quam
1889 4296 2052 4348 verba

483 4362 756 4430 Urigenis,
788 4377 909 4430 quae
931 4378 996 4416 ex
1033 4365 1126 4416 lib.
1166 4379 1202 4416 ιι
1236 4380 1354 4431 sup.
1377 4362 1541 4418 Joan.
1573 4363 1705 4418 citat
1736 4362 2052 4432 Pamphilus

486 4433 537 4482 in
585 4432 866 4502 Apologia,
918 4448 1110 4502 nempe
1153 4435 1267 4488 haec
1306 4451 1319 4486 :
1356 4451 1374 4484 ι
1406 4433 1726 4501 llnigenitus
1755 4448 1886 4501 ergo
1910 4432 2051 4488 Deus

488 4519 507 4550 ι
540 4501 786 4555 Salvator
813 4513 1026 4566 noster,
1048 4501 1208 4573 solus
1246 4520 1276 4556 a
1310 4502 1473 4558 Patre
1519 4512 1832 4573 generatus,
1857 4513 2047 4556 natura

489 4590 507 4620 ι
543 4583 598 4642 et
629 4586 734 4625 non
763 4574 1050 4640 adoptione
1092 4572 1262 4626 Filius
1299 4586 1404 4628 est.
1440 4572 1610 4628 Natus
1647 4583 1827 4627 autem
1844 4588 1909 4626 ex
1935 4574 2047 4642 ipsa

487 4661 505 4689 ι
545 4641 723 4696 Patris
746 4655 945 4706 mente,
975 4644 1117 4695 sicut
1142 4643 1388 4696 voluntas
1430 4659 1496 4696 ex
1527 4654 1724 4697 mente.
1759 4643 1872 4695 Non
1902 4641 2049 4697 enim

489 4731 508 4762 ι
546 4713 826 4766 divisibilis
855 4723 939 4765 est
963 4712 1143 4783 divina
1184 4722 1400 4777 natura,
1435 4714 1487 4766 id
1507 4713 1830 4783 estingeuili
1848 4711 2044 4778 Patris,

489 4799 509 4833 ι
548 4793 604 4835 ιιι
633 4793 883 4851 putemus
899 4781 980 4835 vel
996 4783 1284 4847 divisione,
1305 4785 1386 4836 vel
1405 4781 1779 4837 imminutione
1799 4785 2051 4837 substan-

487 4871 504 4902 ι
550 4855 636 4906 tia:
664 4853 801 4922 ejus,
848 4853 1044 4907 Filium
1079 4868 1203 4907 esse
1224 4854 1588 4922 progenitum.
1624 4870 1642 4904 ι
1699 4853 1779 4907 Ad
1819 4857 2046 4907 alterum

481 4924 664 4976 lluetii
691 4923 1035 4979 corollarium
1071 4928 1213 4992 quod
1244 4933 1470 4989 attinet,
1505 4937 1699 4992 nempe
1744 4922 1937 4992 Filium
1974 4926 2042 4976 ab

479 4997 713 5065 Origene
761 4992 924 5047 Patre
977 4991 1286 5048 inferiorem
1337 4995 1545 5057 statui,
1593 4991 1734 5048 infra
1785 5008 1883 5047 suo
1927 4991 2045 5048 loco

477 5065 892 5135 evidentissime
918 5067 1200 5118 ostendam
1231 5069 1345 5135 (nos
1376 5083 1492 5118 vero
1525 5065 1635 5133 iam
1675 5079 1834 5125 supra
1867 5073 2042 5135 ogten-

478 5139 654 5189 dimus
688 5152 837 5189 nunt.
883 5134 944 5203 7)
972 5133 1249 5204 nunquam
1271 5141 1527 5190 statuisse
1555 5135 1866 5205 Origenem,
1897 5133 2044 5190 Patri

480 5207 672 5260 Filium
702 5222 822 5258 esse
845 5208 1126 5274 imparem,
1155 5208 1308 5272 juxta
1337 5209 1670 5272 essentiam,
1711 5209 1805 5260 sed
1835 5217 2042 5260 tantum

479 5277 704 5342 originis
732 5288 1001 5344 respectu.
1039 5293 1230 5346 nempe
1254 5287 1519 5346 quatenus
1552 5276 1714 5330 Pater
1747 5289 1829 5330 est
1852 5286 2044 5331 auctor

479 5359 534 5399 et
558 5347 880 5414 principium
908 5346 1049 5400 Filii.
1081 5345 1257 5401 Verbo
1274 5345 1450 5401 dicam
1489 5365 1503 5400 :
1534 5348 1821 5418 Origenes
1842 5347 2044 5416 aliique

479 5419 731 5471 catholici
761 5417 950 5470 l'atres
978 5419 1155 5471 simile
1188 5419 1314 5472 illud
1348 5419 1478 5473 solis
1509 5432 1564 5472 et
1606 5417 1782 5483 radii,
1813 5417 1952 5471 lucis
1988 5426 2044 5471 et

478 5489 782 5558 splendoris
811 5499 1133 5556 usurpantes
1152 5527 1168 5552 ,
1197 5491 1309 5543 hanc
1337 5500 1540 5542 tantum
1581 5491 1890 5558 signiﬁcare
1943 5502 2040 5542 vo-

478 5557 716 5621 luerunt,
773 5572 945 5629 neque
991 5560 1136 5611 aliud
1182 5560 1475 5628 quidquam
1521 5557 1653 5629 ipsis
1699 5559 1753 5612 iii
1809 5566 2039 5611 mentem

477 5629 628 5701 venit
659 5647 684 5701 :A
715 5631 761 5681 1.
800 5627 1013 5681 Patrem
1041 5644 1162 5683 esse
1202 5627 1388 5701 πηγὴν
1429 5627 1710 5700 θεόέητος,
1739 5631 1933 5696 fontem
1953 5629 2038 5680 di-

475 5698 735 5760 vinitatis,
759 5704 1215 5768 quemadmodum
1244 5698 1322 5754 sol
1349 5703 1468 5754 fons
1497 5698 1584 5754 et
1623 5701 1925 5768 splendoris
1971 5712 2037 5751 ex

477 5770 596 5839 ipso
629 5772 852 5833 emissi;
901 5767 957 5819 ‘2.
1017 5769 1208 5823 Filium
1253 5786 1376 5826 esse
1428 5767 1668 5840 ejusdem
1718 5781 1922 5840 naturae
1974 5783 2040 5822 ac

475 5837 791 5896 substantia:
816 5841 970 5908 cujus
1001 5851 1081 5894 est
1113 5840 1301 5906 Pater;
1350 5837 1539 5911 utpbte
1579 5844 1644 5896 de
1695 5841 1808 5910 ipsa
1863 5837 2038 5895 Patris

2179 1909 2313 1985 ante,
2364 1925 2462 1985 nec
2513 1911 2770 1985 splendor
2803 1909 2858 1964 a'
2885 1911 3002 1965 luce
3025 1913 3398 1985 __disjungitur;
3433 1911 3487 1985 4.
3521 1913 3763 1985 Denique

2177 1977 2374 2033 Filium
2407 1977 2884 2035 sinealteratione
2908 1991 2963 2036 et
3005 1977 3367 2036 diminutione
3420 1984 3621 2038 divinae
3671 1977 3760 2040 ea-

2177 2051 2369 2103 sentiae
2394 2064 2460 2103 es
2495 2050 2653 2105 Patre
2698 2053 2870 2108 nasci.
2919 2050 3184 2119 Equidem
3234 2052 3333 2106 hos
3379 2051 3543 2106 animi
3585 2057 3758 2112 nostri

2175 2129 2471 2186 conceptus
2505 2121 2572 2175 de
2601 2123 2877 2174 adoranda
2917 2121 3272 2188 generatione
3318 2120 3443 2176 Filii
3473 2122 3600 2187 Dei,
3654 2127 3758 2179 mi-

2175 2203 2296 2258 rum
2353 2189 2407 2243 in
2466 2192 2681 2244 modum
2735 2190 2956 2258 adjuvat
3010 2192 3308 2245 similitudo
3368 2193 3502 2258 ista;
3552 2195 3756 2250 undea

2176 2257 2431 2382 IPatribus
2466 2259 2701 2315 Nicaeuis
2734 2257 2812 2314 iu’
2841 2263 2952 2332 ipsa
2991 2259 3334 2316 confessione
3369 2276 3466 2317 sua
3490 2257 3757 2320 adhibita

2200 2345 2250 2381 υΙ
2282 2367 2297 2380 ο
2333 2348 2350 2379 ι

2245 2399 2356 2469 (14)
2393 2398 2485 2454 γει
2516 2401 2640 2472 quia
2677 2401 2957 2472 materiam
2988 2416 3017 2472 ς
3040 2417 3146 2472 qua
3179 2401 3443 2470 conﬂatus
3483 2409 3561 2456 est
3588 2419 3749 2457 istun-

2174 2468 2294 2532 dus,
2329 2468 2486 2539 Quam
2529 2468 2563 2522 ιι
2601 2469 2697 2523 Dei
2751 2468 3062 2524 substantia
3107 2473 3172 2525 ab
3233 2468 3377 2523 omni
3436 2481 3580 2526 retro
3642 2490 3754 2528 ωηο

2173 2554 2447 2594 enmnasse
2479 2540 2704 2602 censuit,
2735 2541 3172 2610 quemadmodum
3202 2543 3537 2595 ostendemus
3578 2543 3745 2611 infra.

2173 2620 2402 2680 creatam
2427 2611 2532 2662 dici
2564 2611 2780 2663 sciebat.
2820 2612 2974 2677 Quod
3000 2611 3075 2680 ait
3100 2611 3242 2665 infra
3278 2611 3504 2665 Iluetius
3549 2622 3747 2680 quaest.

2175 2679 2263 2752 12,
2294 2697 2440 2752 num.
2466 2681 2518 2739 4.
2549 2681 2855 2752 materiam,
2890 2696 2953 2734 ex
2981 2679 3232 2752 Origeuis
3263 2684 3538 2734 sententia
3564 2679 3580 2747 ζ
3610 2683 3687 2736 ita
3716 2698 3750 2738 a

2177 2751 2306 2809 Deo,
2337 2761 2394 2804 ut
2423 2751 2603 2804 lumen
2635 2766 2663 2802 a
2695 2751 2808 2805 sole
2841 2753 3115 2820 prolicisci
3168 2761 3225 2805 et
3271 2752 3549 2820 procreari
3576 2791 3591 2814 ,
3619 2767 3746 2807 cum

2177 2822 2320 2872 nullo
2368 2830 2684 2891 argumento
2731 2819 2888 2876 tidem
2949 2821 3032 2875 sui
3079 2819 3508 2891 judiciiifaciat,
3546 2823 3747 2876 minuit

2173 2892 2326 2960 nobis
2353 2889 2590 2945 laborem
2622 2891 2782 2959 hujus
2811 2889 3104 2946 commenti
3139 2890 3444 2946 refellendi.
3475 2889 3586 2945 Nisi
3619 2894 3748 2960 quis

2171 2959 2310 3031 forte
2340 2963 2404 3031 ιιι
2421 2961 2741 3014 deteriorem
2772 2971 2977 3029 partem
3010 2963 3184 3031 rapiat
3211 2962 3354 3031 quod
3378 2961 3452 3014 ait
3474 2959 3741 3031 Origenes

2172 3029 2265 3083 lib.
2309 3046 2324 3084 t
2372 3029 2447 3083 Dr
2470 3031 2721 3098 princip.,
2744 3048 2864 3098 cap.
2895 3031 2946 3094 7,
2982 3029 3126 3086 num.
3157 3030 3190 3084 6
3211 3029 3275 3086 :ir
3303 3029 3747 3088 luterdunfoculi

2171 3102 2340 3154 nostri
2386 3105 2556 3170 ipsam
2613 3113 2860 3153 naturam
2911 3103 3080 3164 lucis,
3130 3101 3181 3153 id
3243 3111 3326 3155 est
3385 3101 3745 3157 substantiam

2172 3171 2298 3241 solis
2333 3171 2544 3241 intueri
2567 3186 2672 3223 non
2725 3182 2996 3241 possunt:
3047 3171 3391 3241 splendorem
3441 3185 3572 3224 vero
3619 3173 3742 3241 ejus

2179 3240 2260 3292 vel
2305 3243 2482 3294 radios
2525 3237 2778 3293 fenestris
2824 3240 2966 3296 forte
3014 3237 3443 3310 et'quibuslibet
3473 3237 3738 3296 luminum

2178 3310 2430 3364 brevibus
2465 3311 2824 3379 receptaculis
2886 3311 3096 3366 infusos
3147 3313 3437 3374 intuentes,
3488 3311 3742 3364 conside—

2175 3395 2297 3434 rare
2351 3397 2636 3448 possemus
2699 3381 2868 3434 fomes
2917 3383 3030 3448 ipse
3078 3397 3141 3434 ac
3190 3381 3309 3434 fons
3376 3390 3612 3449 quantus
3669 3381 3745 3436 sit

2174 3453 2422 3520 corporei
2461 3452 2702 3504 luminis.
2730 3451 2808 3504 lta
2845 3465 2973 3520 ergo
2996 3453 3146 3520 quasi
3177 3451 3312 3504 radii
3353 3451 3574 3518 quidam
3613 3461 3744 3505 sunt

2176 3519 2266 3573 Dei
2332 3531 2540 3574 naturte
2583 3537 2746 3589 opera
2779 3519 2976 3575 divitia:
3006 3519 3365 3574 Providentia:
3409 3530 3465 3573 et
3499 3535 3591 3574 ars
3620 3523 3745 3574 uni-

2171 3593 2450 3645 versitatis
2515 3592 2708 3660 hujus,
2761 3591 2826 3643 ad
2882 3591 3346 3659 comparationem
3396 3589 3565 3658 ipsius
3607 3594 3743 3643 sub-

2170 3663 2384 3714 atantia:
2418 3672 2471 3714 et
2499 3672 2724 3716 naturae.
2767 3662 2904 3728 Quia
2949 3676 3079 3729 ergo
3133 3676 3286 3714 mens
3343 3671 3525 3713 nostra
3555 3660 3734 3728 ipsum

2169 3745 2265 3798 per
2313 3732 2544 3800 seipsam
2593 3731 2755 3784 Deum
2805 3734 2947 3784 sicut
2997 3741 3081 3784 est
3127 3746 3231 3784 non
3281 3739 3460 3798 potest
3513 3729 3739 3795 intueri,

2169 3815 2235 3854 ex
2292 3801 2695 3871 pulchritudine
2751 3816 2979 3870 operum
3037 3811 3132 3871 et,
3173 3802 3369 3871 decore
3455 3811 3741 3871 creatura-

2169 3868 2306 3924 ιιιιιι⁷
2349 3882 2654 3941 parentenr
2691 3868 3060 3925 universitatis
3125 3870 3397 3941 intelligit.
3449 3889 3470 3923 ι
3539 3868 3731 3924 Utrum

2167 3941 2257 3995 hic
2304 3940 2456 3996 lucus
2499 3940 2680 3995 Hnetii
2725 3943 2906 3994 animo
2959 3942 3278 3994 obversatus
3308 3940 3401 3993 isit
3456 3955 3577 3993 cum
3625 3951 3738 3992 tam

2163 4012 2326 4066 stulta
2353 4013 2561 4065 somnia
2592 4009 2809 4080 Origeui
2854 4010 3136 4074 tribueret,
3171 4008 3439 4063 allii-mare
3468 4025 3573 4063 non
3603 4024 3734 4078 pos-

2161 4083 2430 4136 sumzsed
2465 4082 2632 4148 liquet
2683 4091 2964 4136 creaturas
2996 4082 3046 4133 in
3083 4094 3148 4135 eo
3175 4081 3326 4149 quasi
3365 4080 3543 4133 radios
3569 4095 3735 4148 quos-

2160 4150 2284 4204 dam
2307 4153 2412 4206 dici
2447 4151 2642 4205 divina:
2674 4161 2903 4215 natura,
2942 4165 3046 4204 non
3080 4155 3236 4218 quod‘
3265 4150 3446 4204 omnia
3481 4165 3738 4218 quaecun-

2157 4235 2264 4289 que
2285 4224 2391 4274 sint
2433 4223 2484 4274 iii
2524 4221 2653 4287 Deo,
2681 4221 2789 4276 sint
2818 4223 2978 4276 etiam
3016 4221 3067 4274 in
3098 4221 3383 4283 creaturis,
3411 4229 3469 4273 ut
3497 4221 3560 4274 de
3589 4219 3732 4273 Filio

2159 4295 2316 4345 docet
2343 4292 2628 4360 Origenes.
2657 4292 2753 4346 sed
2802 4291 2942 4360 quod
2979 4291 3140 4360 inieis
3182 4289 3438 4358 majestas
3466 4299 3520 4342 et
3557 4291 3734 4343 omni-

2193 4363 2392 4414 otentia
2437 4359 2712 4416 Creatoris
2753 4361 2980 4415 eluceat.
3041 4359 3158 4415 Huc
3217 4360 3427 4413 accedit
3469 4361 3610 4428 quod
3657 4363 3728 4414 de

2205 4431 2290 4486 ilio
2317 4433 2456 4486 idem
2485 4433 2617 4487 dicit
2644 4431 2909 4500 Origenes
2949 4442 3080 4488 tom.
3112 4447 3129 4484 1
3163 4432 3216 4484 in
3242 4429 3426 4491 Juan.,
3462 4445 3608 4483 num.
3633 4431 3730 4498 50,

2153 4515 2278 4554 eum
2310 4517 2378 4555 ex
2402 4504 2660 4570 operibus
2689 4501 2945 4568 cognosci
2991 4503 3058 4554 ab
3098 4503 3182 4555 his
3217 4501 3308 4569 qui
3339 4500 3577 4552 divinant
3611 4501 3728 4570 ejus

2080 4558 2125 4614 Ῑ)
2156 4581 2405 4625 naturain
2440 4558 2796 4640 contemplatu
2835 4588 2938 4625 nou
2964 4583 3208 4640 possunt.
3234 4558 3397 4636 ’ρυοά
3426 4558 3727 4637 speetat'ad

2152 4643 2510 4696 aeternitatem
2555 4642 2812 4705 materiai,
2852 4641 2964 4696 sive
3006 4643 3166 4694 etiam
3202 4640 3403 4704 mundi,
3446 4640 3726 4693 fatendum

2151 4720 2234 4765 est
2267 4714 2574 4781 Origenem,
2634 4713 2882 4781 quamvis
2913 4711 3210 4779 saepissime
3256 4725 3349 4781 eos
3372 4709 3600 4781 refellat
3634 4712 3728 4780 qui

2154 4778 2408 4834 mundum
2439 4797 2503 4836 ex
2536 4778 2760 4835 materia
2797 4778 3033 4834 increata
3074 4791 3167 4834 aut
3199 4781 3266 4833 ab
3304 4778 3560 4832 inferiore
3585 4778 3726 4847 quu-

2151 4853 2274 4905 dam
2323 4852 2432 4906 Deo
2485 4863 2726 4908 creatum
2783 4851 3064 4914 volebant;
3135 4850 3382 4917 quamvis
3425 4849 3517 4902 lib.
3547 4863 3606 4902 ιιι
3652 4849 3728 4902 De

2147 4924 2399 4992 princip.,
2429 4937 2549 4992 cap.
2578 4923 2634 4984 5,
2672 4937 2819 4976 num.
2853 4921 2906 4983 1,
2931 4938 2964 4992 γι
3001 4924 3069 4974 de
3100 4919 3489 4992 ecclesiasticis
3531 4919 3728 4971 delini-

2150 4989 2393 5047 tionibus
2415 4989 2709 5047 secundum
2750 4991 2992 5046 historia:
3037 4998 3234 5042 nostrae
3283 4989 3441 5042 tidem
3478 4998 3726 5040 constare

2147 5064 2328 5117 doceat
2379 5063 2522 5133 quod
2560 5061 2791 5114 mundus
2841 5059 3017 5133 factus
3061 5059 3134 5133 sit
3185 5066 3241 5112 et
3272 5068 3729 5133 ⁸ριιιιιιὲιεειιιιιυιςιξ

2148 5135 2335 5202 coepit,
2371 5128 2415 5186 ι’
2451 5133 2720 5186 interdum
2768 5141 2942 5183 tamen
2995 5131 3047 5182 in
3084 5129 3375 5202 absurdam
3414 5128 3561 5202 illam
3609 5130 3726 5192 opi-

2149 5198 2364 5258 niohcin
2396 5205 2677 5264 inclinare,
2703 5212 2761 5254 ut
2781 5211 2906 5254 ante
2933 5203 3074 5254 hunc
3100 5199 3358 5252 mundum
3391 5198 3527 5252 alios
3556 5212 3728 5266 quos-

2146 5274 2269 5327 dam
2303 5277 2352 5329 ei
2394 5273 2685 5328 dissimiles
2727 5271 3002 5325 exstitisse
3051 5284 3158 5323 non
3191 5267 3482 5336 improbet.
3529 5267 3723 5322 Utrum

2147 5345 2245 5398 has
2299 5345 2620 5398 mundormn
2679 5342 2781 5398 sibi
2839 5341 3242 5395 succedentium
3312 5338 3720 5392 vicissitudines

2143 5425 2372 5468 aeternas
2401 5415 2634 5478 duxerit,
2665 5429 2769 5467 non
2799 5412 3088 5466 esainino:
3121 5410 3217 5463 sed
3239 5409 3455 5462 etiamsi
3487 5417 3722 5478 integras

2144 5486 2408 5548 duxisset,
2444 5476 2651 5537 starent
2682 5497 2894 5551 semper
2923 5497 3021 5536 suo
3065 5482 3290 5551 robore__
3315 5479 3458 5533 illius
3489 5480 3557 5551 de
3585 5476 3721 5551 filii

2142 5547 2446 5608 mternitate
2470 5566 2524 5608 et
2551 5547 2832 5608 divinitate
2857 5551 3187 5606 testimonia.
3211 5549 3386 5602 Aliter
3412 5549 3558 5602 enim
3582 5547 3722 5601 Filio

2142 5622 2260 5688 Dei,
2293 5625 2449 5678 aliter
2483 5624 2644 5679 rebus
2683 5625 2886 5677 creatis
2917 5623 3278 5675 aeternitatem
3313 5621 3566 5683 ascribit;
3604 5620 3720 5672 istis

2141 5697 2480 5764 conjicienda
2515 5707 2569 5747 et
2617 5693 3089 5764 dubitandoplsti
3122 5690 3439 5764 altlrniando
3466 5699 3522 5742 et
3559 5703 3718 5741 asse-

2140 5759 2411 5820 verando:
2449 5768 2564 5819 istis
2605 5765 2730 5834 quia
2769 5763 2926 5816 aliter
2953 5759 3093 5834 Deus
3120 5761 3462 5834 omnipotens
3501 5772 3720 5826 semper

2145 5839 2307 5891 tuisse
2333 5853 2438 5891 non
2473 5830 2759 5900 videbitur,
2795 5834 2896 5887 nisi
2930 5831 3133 5902 aliquid
3171 5844 3268 5883 suo
3316 5830 3599 5884 dominatu
3632 5837 3715 5888 te-
