4160 6414
435 375 534 433 781

1282 369 1852 427 ORIGENIANORUM
1893 368 2018 424 LIB.
2063 368 2125 435 ll,
2163 367 2315 424 CAP.
2356 366 2421 433 il,
2464 363 2740 433 QUEST.
2783 362 2845 418 11.

3573 360 3675 413 78').

436 489 839 562 nem,quodille
860 489 1314 557 sitprimogenitus
1333 489 1499 541 omnis
1518 486 2009 556 creaturw,etqttod
2040 490 2083 545 Α
2116 494 2174 537 ιιι
2221 492 2365 538 esset
2400 480 2591 547 Filius,
2628 479 2721 534 sed
2768 490 2983 548 semper
3029 474 3166 562 fuit,
3200 478 3392 562 etest,
3441 470 3583 562 sicut
3608 482 3679 562 ‘et

434 600 543 654 pra:
568 584 775 637 naturis
810 580 1033 650 reliquis
1058 580 1128 634 sit
1154 577 1504 649 τελειωτάτη,
1538 588 1596 630 ut
1634 578 1868 643 loquitur
1888 576 2005 630 Cle-

436 692 588 731 mens
630 674 1028 737 Alexandrinus
1058 672 1151 725 lib.
1196 686 1266 724 vn
1312 670 1535 725 Strom.:
1560 669 1669 722 Καὶ
1704 668 2004 737 ἁγιωτάτῃ,

436 767 530 821 καὶ
558 766 891 837 κυριωτάτη,
926 765 1019 818 καὶ
1048 762 1521 833 ἡγεμονικωτάτη,
1540 761 1635 814 καὶ
1649 760 2007 831 βασιλικωτά-

434 876 524 930 τη,
561 857 743 927 ήΥἱοῦ
768 856 929 925 φύσις
963 856 1095 926 ἡτῷ
1137 855 1281 925 μόνῳ
1308 853 1707 925 παντοκράτορι
1750 869 2010 923 προσεχε-

437 948 629 1018 στάτη.
667 965 687 998 ι
723 946 1148 1009 Perl'ectissima,
1181 957 1235 998 et
1262 945 1629 1008 sanctissima,
1675 953 1728 995 et
1776 944 2010 997 maxime

434 1040 741 1102 dominans,
765 1046 822 1092 et
851 1036 1089 1091 maxime
1127 1036 1476 1106 imperatoria
1509 1051 1573 1089 ac
1599 1036 1740 1103 regia
1759 1033 1880 1089 Filii
1914 1050 2010 1087 na-

436 1141 491 1187 ttt
502 1148 578 1197 ra,
598 1146 718 1201 qua:
741 1131 838 1186 soli
872 1129 1243 1199 Omnipotenti
1270 1130 1725 1199 pmpinqttissima
1746 1136 1845 1183 est.
1863 1147 1882 1180 ι
1904 1126 2007 1181 Sed

437 1238 625 1293 parum
659 1223 886 1277 interest
912 1236 1015 1290 qua
1048 1235 1178 1277 voce
1206 1221 1326 1276 Filii
1364 1230 1544 1276 ortum
1578 1235 1608 1273 a
1647 1219 1806 1273 Patre
1840 1218 2008 1289 signi-

436 1313 701 1376 ﬁcaverit,
730 1314 845 1367 sive
871 1310 1088 1365 κτιστύν
1116 1310 1413 1379 appellans,
1468 1310 1581 1364 sive
1609 1310 1848 1379 ποιητόν,
1897 1308 2011 1362 sive

436 1404 716 1473 γεννητόν,
745 1405 1032 1457 dummodo
1059 1404 1125 1459 de
1151 1418 1208 1456 re
1248 1410 1475 1455 constet.
1508 1400 1852 1454 Manifestum
1886 1399 2012 1453 hinc

436 1506 520 1549 est
548 1496 713 1548 etiam
739 1509 843 1562 quo
866 1509 1027 1549 sensu
1050 1495 1249 1547 dixerit
1271 1502 1399 1547 tom.
1436 1507 1472 1545 ti
1494 1494 1549 1545 in
1573 1491 1761 1557 Joan.,
1787 1506 1934 1544 num.
1953 1491 2008 1556 2,

437 1586 635 1641 Filium
678 1603 708 1639 e
744 1586 1023 1640 divinitate
1077 1584 1253 1638 Patris
1307 1584 1643 1637 divinitatem
1692 1599 1844 1638 suam
1880 1583 2007 1636 batt-

441 1682 547 1731 rire
586 1686 640 1731 et
687 1678 928 1739 trahere,
962 1674 1070 1728 ἀπὸ
1096 1672 1190 1726 τοῦ
1226 1671 1362 1726 Θεοῦ
1405 1673 1703 1742 ἀρύσαντα,
1756 1684 1832 1736 et,
1874 1670 2012 1724 σπά-

2106 573 2289 627 Pater.
2327 590 2345 620 ι
2380 568 2742 638 Quamobrem
2781 564 3104 619 Athanasius
3159 561 3211 615 in
3261 561 3398 614 libro
3452 559 3527 611 De
3584 559 3677 611 de-

2107 660 2261 713 cretis
2306 657 2544 711 Nicazna:
2589 654 2776 725 synodi
2826 654 2903 707 sic
2928 652 3006 706 ait
3042 668 3056 705 :
3094 651 3231 721 Περὶ
3260 650 3316 702 δὲ
3363 647 3456 701 τοῦ
3497 648 3682 710 ἀῖδίως

2109 752 2343 803 συνεῖναι
2370 748 2459 802 τόν
2487 748 2656 816 Λόγον
2681 744 2758 815 τῷ
2783 743 3066 815 Πατρίηη.
3105 742 3304 808 ἐξέστω
3343 741 3502 794 πάλιν
3539 741 3683 809 ὑμᾶς

2106 841 2335 895 ἀκοῦσαι
2364 841 2454 893 καὶ
2482 837 2631 908 παρὰ
2662 835 2753 890 τοῦ
2804 834 3087 904 φιλοπόνου
3121 832 3423 903 Ὠριγένους
3457 847 3471 861 ·
3494 841 3549 885 et
3582 831 3697 885 So-'

2109 944 2306 998 Crates,
2338 932 2429 985 lib.
2461 946 2559 993 vu,
2599 942 2719 997 cap.
2757 928 2822 993 6,
2868 936 3150 995 postquam
3210 924 3442 977 lectitari
3493 922 3682 979 solitos

2111 1025 2279 1080 fuisse
2306 1025 2439 1080 dixit
2470 1022 2748 1079 Platonem
2782 1038 2811 1074 a
2837 1019 3089 1087 Georgio,
3121 1014 3403 1086 Origenem
3446 1030 3475 1068 a
3498 1014 3683 1069 Timo-

2113 1119 2237 1173 theo
2260 1116 2478 1172 Arianis
2507 1114 2840 1185 presbyteris
2868 1132 2882 1167 :
2914 1109 3202 1180 Θαυμάσαι
3230 1103 3322 1161 οῦν
3352 1124 3462 1178 μοι,
3484 1106 3679 1174 inquit,

2110 1210 2287 1263 ἔπεισι
2330 1209 2447 1273 πῶς
2476 1204 2619 1262 οῦτοι
2657 1208 2705 1261 οἱ
2756 1205 2945 1277 ἄνδρες
2982 1206 3049 1275 τῇ
3084 1201 3371 1273 Ἀρειανῶν
3418 1199 3686 1272 Θρησκείᾳ

2112 1302 2467 1373 παρέμειναν,
2503 1292 2579 1352 ὧν
2602 1299 2629 1351 ὁ
2660 1300 2756 1369 μὲν
2785 1296 2876 1351 τόν
2904 1295 3165 1348 Πλάτωνα
3194 1294 3279 1346 ἀεὶ
3317 1289 3455 1362 μετά
3495 1292 3683 1361 χεῖρας

2112 1388 2256 1463 εἶχεν
2286 1410 2300 1422 ο
2325 1394 2353 1445 ὁ
2377 1392 2435 1445 δὲ
2454 1391 2543 1444 τὸν
2568 1388 2852 1461 Ὠριγένην
2867 1386 3123 1440 ἀνέπνεεν
3142 1403 3155 1416 ’
3172 1383 3293 1438 οὐδὲ
3322 1382 3429 1453 γὰρ
3458 1381 3686 1435 Πλάτων

2110 1486 2171 1537 τὸ
2190 1483 2438 1555 δεύτερον
2476 1482 2570 1536 καὶ⁴
2598 1481 2656 1534 τὸ
2680 1480 2859 1553 τριτον
2890 1480 3079 1543 αἴτιον,
3112 1476 3187 1540 ὡς
3214 1474 3374 1537 αὐτὸς
3399 1472 3687 1544 ὀνομάζειν

2112 1576 2322 1641 εἴωθεν,
2358 1574 2530 1645 ἀρχὴν
2566 1570 2850 1645 ὑπάρξεως
2884 1569 3159 1639 εἰληφέναι
3195 1567 3325 1636 φησι
3358 1582 3371 1595 °
3406 1564 3500 1618 καὶ
3540 1565 3685 1635 Ὠρι-

2113 1669 2273 1739 γὲνης
2337 1668 2598 1721 συναῒδιον
2652 1664 2923 1736 πανταχοῦ
2992 1664 3240 1734 ὁμολογεῖ
3298 1661 3390 1714 τὸν
3429 1659 3557 1713 Υἱδν
3606 1656 3687 1729 τῷ

437 1786 610 1823 σαντα
637 1769 733 1839 τῆς
769 1767 1019 1839 θεότητος
1044 1768 1124 1830 εἰς
1151 1766 1363 1831 ἑαυτὸν,
1425 1768 1526 1819 hoc
1558 1775 1663 1828 est,
1712 1765 2010 1833 portionem

2114 1758 2308 1831 Πατρι.
2361 1760 2531 1814 Vertit
2560 1758 2891 1827 Epiphanius
2940 1754 3307 1811 Scholasticus
3342 1768 3352 1800 :
3388 1771 3405 1804 ι
3437 1751 3580 1822 Mihi.
3603 1761 3687 1806 ta-

437 1860 770 1922 divinitatis.
816 1875 921 1913 non
960 1859 1318 1912 divinitatem.
1356 1857 1646 1920 Praeterea,
1684 1858 1934 1926 quoniam
1968 1860 2010 1912 si
2046 1832 2085 1885 Β
2118 1868 2236 1905 tuen
2259 1851 2469 1904 videtur
2492 1849 2831 1912 admirabile.
2856 1848 3124 1917 quomodo
3154 1846 3289 1901 tales
3326 1844 3683 1899 viriinAria-

436 1952 609 2009 solem
657 1962 920 2006 aeternum
955 1964 1144 2017 ponas,
1197 1948 1371 2002 lucem
1433 1958 1757 2001 comternatu
1812 1962 2014 2016 ponere
2116 1956 2303 1994 norum
2326 1940 2440 2010 lege
2479 1940 2798 2005 manserint,
2831 1954 3056 2008 quorum
3090 1952 3227 1994 unus
3252 1936 3468 2007 quidem
3498 1935 3686 1991 Plato-

438 2058 662 2097 necesse
683 2050 789 2105 est,
834 2040 1038 2095 idcirco
1060 2050 1389 2093 coaeternutn
1426 2038 1564 2093 Filio
1602 2037 1813 2092 Patrem
1848 2053 2013 2101 agiio-
2115 2049 2235 2086 nem
2291 2047 2502 2093 semper
2539 2032 2771 2087 habebat
2819 2033 2871 2087 in
2918 2029 3204 2097 manibus,
3248 2031 3387 2085 alter
3441 2030 3686 2100 spirabat

434 2136 514 2189 vit
565 2144 690 2187 tom.
742 2149 757 2187 ι
799 2134 851 2186 in
890 2130 1075 2192 Joan..
1124 2148 1272 2184 nunt.
1331 2130 1421 2184 '52.
1461 2130 1589 2182 Ὅτε
1638 2129 1695 2182 δὲ
1732 2129 1793 2182 τό
1826 2146 1838 2159 ·
1886 2130 2015 2194 Υἱός

430 2243 551 2295 μου
565 2220 734 2287 εἶσί),
750 2222 863 2288 ἐγὼ
884 2222 1148 2291 σήμερον
1168 2220 1496 2290 γεγέννηκά
1520 2236 1615 2283 σε,
1644 2220 1857 2289 λέγεται
1882 2219 2016 2290 πρὸς

437 2318 589 2372 αὺτόι
624 2317 729 2369 ὑπὸ
756 2315 847 2369 τοῦ
874 2314 1029 2378 Θεοῦ,
1056 2308 1099 2381 ᾧ
1126 2312 1209 2366 ἀεί
1247 2314 1363 2365 ἐστι
1400 2312 1459 2364 τὸ
1494 2313 1732 2383 σήμερον
1767 2329 1779 2341 ·
1809 2312 1907 2364 οὐκ
1936 2310 2014 2364 ἔνι

438 2410 546 2482 γὰρ
578 2410 784 2482 ἑσπέρα
814 2406 947 2461 Θεοῦ
975 2424 987 2437 ·
1020 2406 1130 2475 ἐγὼ
1173 2406 1230 2459 δὲ
1275 2405 1512 2477 ἡγοῦμαι
1548 2405 1628 2457 ὃτι
1662 2403 1781 2457 οὐδὲ
1810 2405 2012 2475 πρωϊα,

437 2502 551 2557 ἀλλ’
581 2503 609 2553 ὁ
640 2499 1120 2571 συμπαρεκτείνων
1147 2501 1212 2569 τῇ
1248 2498 1495 2568 ἀγενήτῳ
1530 2496 1623 2550 καὶ
1660 2495 1814 2566 ἀϊδίῳ
1849 2494 2011 2548 αὑτοῦ

438 2594 571 2662 ζωῇ,
590 2591 655 2643 ἵν’
682 2590 853 2653 οὕτως
873 2588 1032 2653 εἴπω,
1064 2587 1272 2657 χρόνος,
1310 2586 1493 2657 ἡμέρα
1528 2584 1674 2654 αὐτῷ
1696 2586 1810 2638 ἐστι
1841 2586 2013 2655 σήμε-

438 2698 552 2755 ρον,
582 2676 696 2754 ὲνῇ
731 2681 1051 2751 γεγέννηται
1077 2682 1105 2732 ὁ
1140 2680 1268 2743 Υἱός
1297 2696 1309 2709 ·
1344 2679 1516 2752 ἀρχῆς
1552 2679 1817 2747 γενέσεως
1850 2676 2013 2731 αὑτοῦ

435 2774 608 2838 οὕτως
645 2776 741 2845 οὐχ
790 2773 1207 2845 εὑρισκομὲνης,
1257 2771 1330 2835 ὡς
1362 2770 1482 2823 οὐδὲ
1528 2769 1628 2839 τῆς
1678 2770 1889 2841 ἡμέρας
1916 2786 1930 2802 ⁸
1962 2779 2017 2823 et

438 2866 534 2920 lib.
569 2866 779 2933 t'Hepi
828 2864 1054 2934 ἀρχῶν,
1089 2880 1211 2933 cap.
1250 2863 1305 2925 2,
1342 2878 1491 2919 num.
1522 2861 1620 2915 10:
1659 2879 1676 2912 t
1706 2861 1809 2916 Per
1838 2862 2014 2916 Evan-

438 2958 637 3028 gelium
669 2957 897 3012 docetur
926 2957 1054 3027 quia
1082 2955 1259 3009 omnia
1288 2970 1381 3023 per
1424 2953 1594 3021 ipsum
1631 2952 1772 3020 facta
1800 2962 1942 3015 sunt,
1965 2960 2015 3006 et

436 3052 548 3105 sine
580 3051 690 3119 ipso
721 3048 917 3117 factum
948 3058 1022 3103 est
1056 3046 1189 3101 nihil
1231 3046 1298 3078 ³⁵·
1336 3062 1350 3098 :
1402 3054 1457 3102 et
1488 3044 1749 3115 intelligat
1777 3058 1842 3099 ex
1890 3046 2013 3107 hoc,

438 3140 563 3209 quia
608 3155 712 3193 non
773 3148 948 3210 potest
1007 3137 1281 3207 antiquior
1349 3150 1473 3191 esse
1546 3135 1601 3190 in
1678 3136 1788 3188 Deo
1839 3134 2084 3224 omni-cl

438 3234 673 3302 potentis
701 3231 1007 3301 appellatio,
1044 3246 1209 3301 quam
1264 3228 1446 3284 Patris
1473 3245 1487 3282 :
1522 3242 1621 3297 per
1650 3226 1843 3281 Filium
1869 3227 2014 3281 enim

438 3324 782 3393 omnipotens
828 3333 914 3379 est
973 3321 1165 3386 Pater;
1227 3339 1247 3373 ι
1314 3329 1371 3375 et
1426 3320 1606 3389 capite
1661 3320 1907 3388 sequenti
1950 3319 2018 3372 de

440 3417 501 3472 S.
546 3416 812 3471 Trinitate
852 3415 1077 3484 loquens
1127 3414 1203 3468 ait
1237 3429 1386 3468 num.
1420 3412 1453 3467 4
1487 3430 1501 3467 :
1537 3432 1554 3463 t
1600 3411 1673 3467 Ea
1721 3410 1789 3466 de
1820 3411 2016 3480 quibus

446 3508 742 3578 loquimur,
777 3516 1008 3562 tractatu
1061 3506 1282 3576 quidem
1334 3504 1602 3560 sermonis
1647 3502 2018 3572 temporaliter

439 3601 813 3666 nominantur,
867 3608 1059 3653 natura
1107 3606 1288 3652 autem
1323 3599 1405 3653 sui
1453 3611 1669 3653 omnem
1719 3595 2017 3665 intelligen-

439 3692 570 3744 tiam
605 3705 800 3744 sensus
836 3688 1149 3758 temporalis
1191 3688 1491 3753 exceduut;
1544 3704 1563 3738 ι
1606 3695 1663 3740 et
1709 3685 1802 3739 lib.
1849 3701 1921 3751 tv,
1961 3686 2016 3739 in

438 3780 901 3849 Anacephalwosi,
938 3795 1089 3835 num.
1124 3779 1195 3836 28
1231 3795 1245 3833 ε
1281 3797 1301 3831 t
1343 3777 1517 3849 Supra
1572 3792 1731 3831 omne
1780 3786 2014 3846 tempus,

437 3883 495 3926 et
519 3884 682 3936 supra
722 3871 901 3925 omnia
954 3871 1171 3936 secula,
1214 3880 1267 3925 et
1299 3886 1461 3939 supra
1491 3884 1705 3923 omnem
1740 3870 2013 3924 aeternita-

442 3975 547 4019 tem
583 3962 929 4033 intelligenda
971 3971 1097 4017 sunt
1138 3977 1202 4017 ea
1229 3978 1347 4031 qua:
1377 3963 1441 4016 de
1474 3961 1654 4024 Patre,
1685 3972 1739 4016 et
1770 3961 1927 4025 Filio,
1963 3968 2016 4014 et

440 4055 646 4126 Spiritu
673 4062 862 4110 sancto
887 4054 1160 4109 dicuntur.
1186 4054 1316 4108 Haac
1341 4053 1485 4109 enim
1512 4052 1624 4108 sola
1659 4052 1900 4107 Trinitas
1930 4060 2017 4106 est

438 4165 558 4219 qua;
584 4164 800 4204 omnem
832 4164 1052 4204 sensum
1098 4148 1485 4217 intelligentiae,
1525 4163 1632 4202 non
1670 4147 1841 4202 solum
1874 4157 2013 4200 tetu-

437 4244 663 4312 poralis,
692 4257 880 4297 verum
907 4242 1070 4296 etiam
1093 4241 1364 4296 mternalis
1387 4239 1620 4295 excedit.
1639 4237 1842 4294 Caetera
1860 4254 2009 4302 vero,

438 4351 558 4405 quae
582 4344 705 4390 sunt
739 4346 892 4389 extra
929 4333 1277 4399 Trinitatem,
1322 4333 1376 4387 in
1410 4332 1620 4389 saeculis
1671 4340 1726 4387 et
1777 4334 1830 4386 in
1878 4342 2012 4386 tem-

439 4427 657 4496 poribus
694 4426 964 4480 metienda
1011 4436 1155 4480 sunt.
1197 4443 1217 4477 ι
1258 4424 1391 4491 Quae
1443 4424 1560 4479 loca
1595 4438 1717 4492 cap.
1756 4423 1823 4476 l5
1845 4432 1899 4476 et
1942 4423 2009 4477 l9

2110 2125 2311 2195 jugiter
2353 2124 2639 2195 Origenem
2682 2144 2696 2178 :
2730 2140 2851 2181 cum
2887 2139 3153 2194 nusquam
3183 2123 3338 2178 Plato
3387 2122 3682 2178 secundam

2115 2218 2196 2270 vel
2237 2218 2446 2271 tertiam
2508 2232 2726 2272 causam
2797 2216 2958 2288 (sicut
3011 2217 3127 2286 ipse
3176 2214 3459 2269 nominare
3520 2212 3680 2283 solet)

2116 2309 2325 2363 initium
2352 2309 2710 2365 subsistentia:
2748 2318 2955 2364 asserat
2977 2309 3305 2377 percepisse,
3330 2316 3384 2361 et
3421 2304 3685 2375 Origenes

2115 2410 2440 2455 comternum
2469 2400 2668 2468 ubique
2690 2399 2926 2454 fateatur
2955 2398 3150 2453 Filium
3184 2397 3366 2461 Patri;
3392 2416 3408 2447 ι
3435 2394 3683 2451 etGuido

2115 2490 2363 2546 Elnensis
2390 2491 2441 2544 in
2473 2488 2693 2546 Summa
2739 2496 2802 2546 de
2852 2491 3138 2545 hwresibus
3169 2505 3188 2544 :
3228 2508 3248 2542 ι
3290 2488 3575 2557 Origenes,
3603 2488 3685 2541 in-

2114 2584 2251 2652 quit,
2291 2601 2449 2653 super
2511 2581 2805 2655 Epistolom
2851 2585 2920 2637 ad
2970 2582 3124 2635 Rom.
3164 2598 3180 2637 t
3230 2597 3335 2635 non
3358 2589 3441 2635 est
3464 2588 3686 2635 secutus

2114 2690 2355 2731 errorem
2404 2676 2520 2730 Arii
2552 2679 2618 2730 de
2659 2676 2975 2731 exsisteutia
3008 2675 3130 2730 Filii
3171 2673 3261 2729 Dei
3299 2690 3314 2727 :
3346 2673 3509 2728 Arius
3536 2674 3681 2727 enim

2115 2768 2247 2822 dicit
2269 2769 2408 2836 quod
2436 2778 2552 2823 erat
2586 2778 2795 2838 tempus
2824 2769 3042 2838 quando
3070 2767 3165 2820 Dei
3204 2767 3375 2822 Filius
3402 2785 3507 2823 non
3541 2776 3683 2834 erat,

2116 2860 2257 2928 quod
2290 2859 2539 2927 reprobat
2587 2858 2852 2927 Origenes
2876 2861 3181 2930 dupliciter,
3209 2862 3383 2930 primo
3409 2873 3686 2929 exponens

2116 2951 2244 3007 illud
2269 2951 2424 3007 Rom.
2461 2966 2507 3016 I,
2540 2949 2643 3016 Qui
2674 2951 2844 3019 factus
2872 2962 2947 3005 est
2974 2970 3037 3007 ea:
3068 2954 3263 3008 semine
3291 2949 3459 3003 David
3499 2965 3686 3003 secun-

2115 3043 2240 3097 dum
2263 3060 2494 3107 carnem,
2521 3044 2654 3099 dicit
2678 3044 2758 3098 sic
2791 3061 2805 3100 :
2839 3044 3035 3099 Factus
3055 3056 3139 3100 est
3166 3054 3346 3097 autem
3380 3042 3499 3097 sine
3520 3040 3687 3095 dubio

2117 3134 2170 3189 id
2196 3137 2335 3205 quod
2369 3137 2517 3206 prius
2551 3153 2656 3197 non
2691 3147 2811 3192 erat
2843 3138 3140 3193 secundum
3189 3152 3406 3191 carnem
3441 3150 3454 3187 :
3493 3150 3686 3189 secun-

2119 3231 2243 3284 dum
2286 3239 2464 3285 autem
2518 3230 2789 3300 spiritum,
2839 3231 2893 3285 id
2948 3241 3030 3285 est
3070 3230 3361 3285 secundum
3398 3227 3686 3293 Deitatetn,

2116 3337 2222 3393 qua
2256 3320 2397 3375 Deus
2419 3330 2501 3376 est
2532 3322 2776 3391 spiritus,
2823 3322 2972 3391 prius
3001 3330 3140 3389 erat,
3170 3329 3224 3375 et
3266 3335 3373 3375 non
3393 3326 3512 3375 erat
3551 3328 3689 3373 tem-

2116 3429 2216 3485 pus
2241 3413 2457 3485 quando
2482 3429 2588 3468 non
2643 3421 2781 3466 erat.
2840 3411 3090 3468 Secundo
3140 3409 3396 3480 reprobat
3440 3422 3685 3463 errorem

2116 3504 2228 3558 Arii
2259 3520 2381 3559 cum
2415 3504 2493 3558 ait
2523 3522 2537 3557 :
2570 3502 2981 3569 Observandum
3010 3513 3092 3559 est
3120 3504 3264 3557 enim
3315 3502 3444 3572 quia
3468 3516 3572 3556 non
3607 3501 3688 3555 di-

2114 3599 2191 3650 cit
2230 3614 2245 3650 :
2285 3595 2390 3661 Qui
2448 3597 2851 3664 prwdestinatus
2894 3604 2968 3648 est
3021 3592 3191 3647 Filius
3232 3592 3330 3646 Dei
3392 3594 3449 3646 in
3500 3593 3690 3647 virtute

2115 3688 2657 3757 secundunﬁspiritum
2680 3685 3136 3754 sanctiﬁcationis,
3157 3687 3250 3741 sed
3277 3684 3322 3716 ³⁸
3354 3684 3489 3738 dicit
3530 3701 3543 3736 :
3580 3682 3688 3749 Qui

2116 3779 2408 3832 destinatus
2440 3787 2515 3831 est
2563 3777 2739 3832 Filius
2788 3777 2884 3833 Dei
2927 3779 2983 3832 in
3043 3780 3315 3833 virtute...
3377 3776 3690 3832 Destinatur

2115 3871 2258 3925 enim
2285 3870 2373 3925 ille
2408 3869 2499 3939 qui
2535 3879 2659 3924 est:
2693 3870 3112 3939 praadestinatur
3140 3884 3269 3923 vero
3305 3867 3394 3921 ille
3419 3870 3507 3936 qui
3548 3884 3687 3923 non-

2116 3966 2241 4021 dum
2270 3974 2354 4020 est
2382 4006 2397 4032 ,
2428 3964 2570 4018 sicut
2595 3966 2660 4018 de
2690 3963 2774 4018 his
2807 3962 2938 4017 dicit
2969 3962 3258 4032 Apostolus
3290 3977 3303 4013 :
3331 3961 3473 4026 Quos
3510 3970 3689 4016 autem

2113 4058 2391 4122 pra'scivit,
2419 4056 2539 4109 illos
2566 4066 2613 4109 et
2653 4054 3039 4125 prwdsstinavit
3072 4053 3135 4107 ³⁷.
3173 4052 3421 4108 Praesciri
3465 4068 3594 4123 ergo
3634 4064 3691 4107 et

2115 4148 2486 4219 praedestinari
2548 4142 2777 4217 possunt
2828 4146 2903 4200 illi
2950 4147 3041 4214 qui
3091 4146 3329 4199 nondum
3372 4155 3537 4211 sunt;
3600 4142 3689 4198 ille

2114 4250 2292 4295 autem
2321 4239 2411 4310 qui
2439 4249 2544 4307 est,
2576 4248 2630 4295 et
2679 4253 2894 4308 semper
2932 4250 3037 4301 est,
3084 4253 3192 4293 non
3248 4236 3686 4306 praedestinatum

2113 4334 2206 4387 sed
2238 4333 2602 4387 destinatur...
2634 4332 2806 4388 Filius
2845 4342 3026 4387 autem
3063 4331 3156 4387 Dei
3215 4344 3430 4398 semper
3460 4327 3563 4382 fuit
3618 4331 3689 4381 alt

2113 4431 2333 4487 :eterno,
2378 4432 2433 4476 et
2472 4438 2575 4478 non
2608 4422 2707 4478 fuit
2736 4433 2944 4493 tempus
2976 4422 3190 4494 quando
3227 4437 3335 4475 non
3366 4419 3549 4474 fuerit.
3584 4416 3691 4474 Ubi

439 4527 665 4586 usurpat
709 4517 941 4585 scriptor
984 4515 1164 4585 operis
1202 4514 1282 4568 De
1317 4514 1512 4567 deitate
1556 4522 1605 4568 et
1645 4513 2011 4567 incarnatione
2043 4516 2087 4569 D
2118 4521 2262 4582 patet
2294 4514 2435 4583 quod
2463 4513 2724 4585 Origenes
2753 4530 2996 4571 errorem
3025 4514 3141 4570 Arii
3193 4512 3340 4569 clare
3390 4514 3631 4567 damnat.
3662 4529 3684 4563 ι

448 4606 623 4673 Verbi,
650 4611 793 4677 quod
825 4608 1054 4662 habetur
1080 4606 1134 4660 in
1156 4605 1304 4661 calce
1333 4606 1510 4675 quarti
1541 4603 1669 4658 tomi
1696 4605 2003 4674 Augustini.

438 4695 533 4752 His
583 4698 813 4768 adjuuge
864 4706 919 4752 et
969 4698 1131 4751 istum
1170 4710 1201 4750 e
1241 4695 1338 4750 lib.
1378 4712 1395 4750 ι
1434 4697 1490 4749 in
1534 4694 1705 4762 Epist.
1740 4696 1807 4748 ad
1830 4692 2005 4757 Rom.,

436 4804 558 4859 cap.
588 4791 640 4857 l,
665 4807 815 4844 num.
838 4790 872 4845 5
917 4809 930 4843 :
973 4808 993 4843 ι
1023 4789 1122 4857 Qui
1159 4804 1432 4859 nunquam
1486 4790 1901 4859 praedestinatus
1929 4795 2012 4842 est

506 4945 571 4976 ³⁸·
599 4942 756 5000 Joan.
805 4960 845 5009 ι,
899 4943 954 4998 3.
1097 4944 1143 4976 ³⁵
1184 4943 1339 5003 Rom.
1369 4959 1407 5011 I,
1445 4944 1501 5000 4.

438 5123 624 5178 net-et;
652 5115 740 5168 isti
768 5128 918 5181 vero,
954 5115 1079 5183 quia
1109 5123 1194 5168 est
1219 5114 1380 5179 Deus,
1414 5111 1673 5175 Verbum,
1708 5109 2006 5182 Sapientia,

444 5185 672 5250 Veritas,
711 5185 965 5254 splendor
986 5183 1165 5237 Patris
1191 5194 1245 5238 et
1290 5186 1468 5254 imago
1491 5183 2006 5254 absolutissintaeui

437 5255 571 5308 nihil
621 5253 762 5307 desit
801 5254 941 5322 quod
980 5254 1199 5322 quidem
1246 5255 1316 5308 sit
1362 5253 1420 5307 in
1455 5254 1639 5307 Patre.
1665 5253 1802 5319 Quin
1844 5253 2007 5308 etiam

440 5340 543 5376 non
568 5323 733 5378 solius
763 5323 942 5377 Patris
977 5324 1387 5390 omnipotentiae
1426 5323 1661 5377 consulit
1700 5325 1752 5376 in
1781 5325 1879 5376 hac
1911 5326 2004 5378 ab~

438 5394 603 5446 surda
639 5394 911 5462 opinione,
969 5393 1061 5446 sed
1111 5394 1278 5462 ipsius
1325 5396 1487 5447 etiam
1516 5392 1688 5462 mFilii.
1737 5391 2007 5447 Metuebat

437 5464 582 5516 enim
608 5461 777 5517 ut’vel
807 5461 968 5515 Pater
999 5461 1360 5531 omnipotens,
1392 5462 1473 5516 vel
1513 5461 1683 5517 Filius
1717 5464 2005 5532 aporrhaaa

440 5533 584 5587 illius
612 5534 1011 5601 omnipotentiae
1041 5548 1257 5603 semper
1305 5533 1471 5586 fuisse
1520 5532 2005 5603 demonstraretur,

439 5604 539 5655 nisi
593 5603 925 5657 exstitissent
950 5618 1037 5657 res
1062 5600 1258 5657 creata;
1286 5604 1340 5657 in
1380 5600 1689 5670 quasPater
1722 5612 1779 5656 et
1813 5601 2004 5666 Filius,

438 5672 632 5789 quibus
674 5687 833 5725 unam
873 5683 928 5725 et
960 5673 1205 5726 eamdem
1253 5672 1698 5752 omnipotentiam
1743 5671 2007 5752 adhibuit.

439 5756 865 5789 tomtnarentnr.
902 5741 1023 5789 Haec
1047 5742 1222 5789 lenem
1258 5751 1342 5789 est
1380 5756 1432 5789 tn
1466 5742 1557 5789 lth.
1598 5756 1615 5789 ι
1654 5740 1731 5789 De
1759 5755 2004 5789 nrmcm..

439 5740 865 5796 dominarentur.
901 5741 1023 5796 llaec
1046 5742 1222 5810 legere
1258 5751 1342 5797 est
1378 5741 1432 5795 in
1466 5742 1557 5795 lib.
1598 5756 1615 5794 ι
1654 5740 1731 5794 De
1759 5741 2004 5808 princip.,

441 5824 560 5877 cap.
591 5813 646 5879 9,
675 5828 821 5867 num.
855 5812 942 5866 10.
998 5814 1354 5878 Quamobrem
1411 5812 1524 5866 haec
1570 5813 1635 5867 de
1686 5810 2006 5866 mundorum

2114 4606 2365 4661 Pluribus
2398 4606 2449 4660 id
2480 4607 2711 4677 probare
2738 4607 3067 4677 superﬂuum
3084 4615 3187 4673 est,
3207 4606 3348 4677 quod
3377 4619 3443 4660 ex
3475 4604 3693 4675 gemino

2115 4698 2366 4768 Origenis
2392 4700 2510 4755 loco
2537 4699 2670 4755 satis
2703 4701 2955 4767 probavit
2997 4700 3333 4755 Athanasius
3366 4698 3419 4752 in
3453 4697 3687 4751 Decretis

2120 4786 2355 4843 Νἱιωηω
2406 4790 2620 4859 synodi.
2678 4789 2849 4846 Porro
2895 4806 3016 4858 quae
3063 4792 3131 4845 de
3170 4789 3292 4845 Filii
3343 4792 3694 4860 generatione

1612 4944 1654 4976 ⁸⁷
1686 4942 1840 4998 Rom.
1911 4960 2027 5011 vui,
2089 4944 2180 4998 29.

2117 5114 2459 5183 antiquitate,
2489 5124 2583 5168 aut
2614 5114 2659 5169 si
2688 5114 2793 5185 gis,
2823 5114 3125 5185 aeternitate
3149 5114 3361 5185 opinio,
3389 5129 3504 5185 non,
3520 5114 3690 5185 magis

2116 5186 2261 5238 hedit
2308 5186 2662 5255 aeternitatem
2691 5183 2812 5239 Filii
2840 5201 3004 5255 quam
3057 5183 3252 5239 Patris.
3296 5184 3433 5239 Hinc
3462 5183 3689 5238 Hermo-

2115 5271 2277 5323 genes
2300 5256 2386 5322 qui
2413 5254 2586 5308 adhuc
2618 5254 2906 5310 absurdius
2936 5257 3213 5309 materiam
3249 5256 3544 5307 increatam
3589 5255 3689 5307 tin-

2114 5328 2292 5393 gebat,
2354 5325 2483 5378 nihil
2526 5325 2648 5380 novi
2704 5324 2771 5378 de
2822 5324 2957 5379 Filio
3010 5324 3124 5388 Dei,
3161 5333 3295 5377 teste
3331 5324 3685 5390 Tertulliano,

2113 5393 2419 5461 eti'utierat;
2450 5410 2549 5463 nec
2572 5396 2985 5449 consecutiones
3009 5409 3145 5463 quas
3174 5409 3238 5463 εξ
3270 5393 3388 5463 ejus
3416 5395 3687 5448 sententia

2116 5466 2307 5534 nierito
2340 5465 2480 5517 eruit
2512 5462 2898 5526 Tertulliauus.
2928 5461 3099 5534 magis
3125 5461 3414 5534 inAFili‘umj
3438 5478 3601 5531 quam
3632 5464 3685 5516 ln

2112 5532 2325 5588 Patrem
2359 5534 2562 5600 injuria:
2592 5543 2738 5591 sunt.
2761 5562 2832 5575 -—
2859 5534 2921 5588 D.
2954 5531 3115 5588 Prud.
3151 5531 3342 5585 Manius
3368 5531 3445 5585 De
3472 5533 3686 5588 divinit.

2114 5602 2328 5674 Christi,
2360 5602 2452 5674 lib.
2484 5614 2563 5674 iv.
2591 5604 2838 5674 cap.__li,
2884 5620 3030 5658 num.
3059 5603 3262 5674 5.}itle
3302 5602 3523 5674 insuper
3561 5601 3686 5674 [iut-

2116 5671 2225 5725 lum
2280 5671 2488 5739 Defens.
2512 5670 2672 5796 ἐκεῖ
2703 5671 2939 5728 Nicwna:
2992 5675 3059 5731 de
3112 5672 3233 5727 Filii
3281 5670 3359 5741 τῷ
3411 5670 3682 5741 «meum.

2116 5744 2306 5798 cao.3.
2336 5755 2482 5796 num.
2552 5779 2566 5795 .

2111 5756 2229 5811 cap.
2251 5755 2306 5811 δ,
2336 5755 2482 5796 num.
2512 5755 2566 5796 ti.
