4160 6400
459 369 562 424 733

1726 365 1784 420 P.
1831 363 2144 420 DAl‘JIELIS
2183 363 2414 418 "UETII

3607 355 3712 413 783

455 483 712 548 diximus,
751 480 936 535 eadem
965 479 1029 534 de
1059 477 1298 550 Spiritus
1335 481 1508 535 sancti
1556 481 1903 550 processione
1943 480 2029 534 iu-
2059 485 2102 540 Α
2134 479 2372 548 gignitur
2399 480 2468 534 ab
2501 478 2645 548 igne,
2679 486 2847 548 atque
2890 475 3233 542 diffunditur,
3267 488 3478 529 comvus
3505 471 3579 524 illi
3604 484 3707 538 est,

453 574 738 643 telligenda
766 580 911 626 sunt.

523 663 602 718 Ne
630 663 754 734 quis
799 677 928 716 vero
963 674 1063 714 nos
1108 659 1256 721 solis.
1297 659 1600 732 solarisque
1656 661 1792 716 radii
1840 675 2031 717 exem-

451 754 618 825 plum,
664 755 729 808 ad
782 753 1136 808 declarandos
1166 751 1420 823 Origenis
1457 767 1648 808 sensus
1691 753 1862 824 gratis
1891 754 2031 808 asci-

451 848 595 902 visse
623 855 794 917 putet,
848 860 914 900 en
971 845 1143 914 ipsius
1203 847 1367 901 verba
1411 845 1558 901 hom.
1592 861 1646 899 tx
1703 847 1760 899 in
1803 845 2026 913 Jerem.,

447 954 596 994 num.
621 940 655 994 4
698 956 711 992 :
746 937 855 1008 (l5)
899 937 1024 994 Ἐὰν
1044 933 1135 991 οὖν
1166 937 1444 1008 ἐπιστήσω
1475 954 1557 989 σοι
1606 936 1698 990 ἐπὶ
1723 938 1814 991 τοῦ
1850 939 2030 1009 Σωτῆ-

452 1045 576 1100 pag,
619 1029 700 1082 ὅτι
759 1029 880 1098 ούχὶ
923 1028 1212 1100 ἐγέννησεν
1253 1030 1282 1081 6
1335 1029 1523 1100 Πατὴρ
1577 1029 1668 1082 τὸν
1730 1030 1878 1095 Υίόν,
1935 1032 2029 1084 καὶ

444 1119 714 1172 ἀπέλυσεν
749 1117 911 1173 αὐτὸν
948 1121 976 1171 6
1023 1119 1212 1191 Πατὴρ
1252 1119 1360 1173 ἀπὸ
1399 1120 1496 1191 τῆς
1536 1119 1803 1188 γενέσεως
1838 1120 2026 1188 αὐτοῦ,

441 1210 558 1263 ἀλλ’
584 1210 672 1264 ἀεὶ
701 1212 865 1281 γεννᾷ
883 1210 1042 1265 αὐτόν
1062 1229 1074 1241 ·
1094 1213 1429 1290 παραστήσω
1459 1213 1550 1264 καὶ
1577 1211 1668 1264 ἐπὶ
1695 1211 1787 1265 τοῦ
1819 1212 2026 1266 δικαίου

441 1303 822 1375 παραπλήσιον
855 1320 871 1333 ο
907 1303 1106 1375 ἴδωμεν
1147 1304 1204 1358 δὲ
1259 1304 1342 1368 τίς
1369 1304 1524 1375 ἡμῶν
1555 1305 1702 1358 ἐστιν
1742 1306 1772 1358 6
1814 1306 2023 1378 Σωτήρ.

454 1395 820 1467 Ἀπαύγασμα
852 1396 1011 1467 δόξης
1034 1412 1048 1426 ·
1075 1396 1136 1449 τὸ
1164 1395 1505 1468 ἀπαύγασμα
1531 1397 1688 1467 δόξης
1735 1399 1853 1469 οὐχὶ
1883 1399 2027 1466 ἅπαξ

438 1485 782 1556 γεγέννηται,
809 1486 904 1540 κα)⁵
929 1485 1048 1555 οὐχὶ
1073 1487 1327 1554 γεννᾶται
1353 1504 1367 1517 ·
1393 1487 1505 1540 ἀλλ’
1527 1487 1649 1541 ὅσον
1680 1489 1797 1542 ἐστὶ
1830 1489 1890 1542 τὸ
1913 1489 2027 1559 φῶς

440 1577 724 1650 ποιητικὸν
761 1575 853 1630 τοῦ
884 1577 1339 1649 ἀπαυγάσματος,
1378 1578 1470 1630 ἐπὶ
1497 1579 1750 1632 τοσοῦτον
1772 1583 2026 1649 γεννᾶται

438 1669 500 1724 τὸ
529 1670 869 1740 ἀπαύγασμα
900 1670 999 1739 τῆς
1033 1669 1192 1742 δόξης
1225 1670 1322 1723 τοῦ
1363 1670 1499 1725 Θεοῦ
1521 1689 1534 1703 ·
1560 1673 1590 1724 ὁ
1643 1673 1831 1745 Σωτὴρ
1870 1673 2026 1745 ἡμῶν

441 1760 601 1829 σοφία
645 1761 761 1812 ἐστὶ
806 1759 900 1813 τοῦ
937 1759 1070 1813 Θεοῦ
1111 1776 1123 1790 ·
1176 1760 1292 1812 ἐστὶ
1327 1759 1447 1831 δὲὴ
1486 1761 1648 1830 σοφία
1688 1762 2025 1833 ἀπαύγασμα

2137 579 2190 625 et
2215 579 2364 626 esset
2393 579 2720 634 coaeternus,
2753 570 2796 623 si
2837 579 2981 622 esset
3014 567 3154 637 ignis
3189 576 3445 620 attentus.
3483 583 3500 615 ι
3529 561 3714 628 Itaque

2135 675 2202 714 eo
2229 659 2576 730 discrepabat
2602 661 2670 714 ab
2699 659 2934 728 Origene
2967 657 3151 720 Arius,
3194 659 3337 723 quod
3375 653 3463 708 ltic
3515 653 3711 707 Filium

2137 753 2346 808 diceret
2368 768 2490 808 esse
2522 753 2725 808 factum
2751 750 2810 818 ἐξ
2841 751 2941 804 οὐκ
2973 749 3162 812 ὄντων,
3180 749 3283 803 hoc
3310 758 3394 801 est
3420 763 3485 800 ea:
3522 746 3709 810 nihilo,

2135 852 2337 899 etcum
2377 854 2535 900 antea
2573 861 2678 899 non
2719 852 2862 898 esset
2911 860 2923 896 :
2973 842 3062 896 ille
3109 850 3351 910 paterna:
3397 839 3715 894 substantia:

2134 944 2437 1011 portionem
2483 951 2603 992 esse
2631 945 2687 991 et
2744 933 3014 989 eﬂluvinm
3065 934 3133 988 ab
3159 944 3364 988 interno
3393 946 3620 984 manans
3657 939 3712 985 et

2136 1032 2282 1087 Patri
2309 1039 2668 1086 cozeternnm.
2704 1027 2822 1095 Quo
2851 1026 2900 1079 in
2931 1039 3120 1079 errore
3156 1032 3405 1078 versatos
3432 1037 3552 1077 esse
3582 1020 3712 1076 Psa-

2138 1126 2424 1197 tltyrianos
2456 1121 2768 1183 haereticos,
2800 1118 2934 1174 Ario
2980 1127 3294 1188 prognatos,
3323 1127 3509 1170 narrat
3538 1114 3715 1170 Theo-

2134 1217 2359 1270 doretus
2392 1213 2444 1266 in
2488 1211 2580 1265 lib.
2613 1224 2665 1264 tv
2698 1207 2778 1263 De
2805 1209 2936 1262 liter.
2981 1206 3091 1275 fab.
3142 1205 3388 1276 Scriptor
3426 1207 3606 1273 operis
3637 1203 3714 1260 De

2133 1305 2327 1358 deitate
2367 1313 2417 1357 et
2464 1300 2827 1355 incarnatione
2866 1295 3047 1362 Verbi,
3086 1298 3153 1349 ad
3215 1292 3566 1357 Januarium,
3617 1294 3712 1364 qui

2136 1397 2204 1450 ad
2251 1395 2460 1450 calcem
2507 1392 2636 1446 tonti
2690 1389 2754 1445 IV
2801 1389 3086 1460 Augustini
3148 1388 3436 1459 reperitur,
3488 1399 3544 1441 et
3597 1386 3713 1444 fere

2135 1487 2386 1560 Origenis
2449 1485 2666 1541 laciniis
2736 1483 3121 1539 suffarcinatus
3190 1490 3322 1545 est,
3398 1480 3714 1536 auctoribus

2133 1578 2348 1634 Joanne
2391 1587 2446 1634 et
2496 1577 2665 1633 Paulo
2719 1576 2968 1646 generari
3003 1574 3236 1630 Verbum
3280 1572 3417 1628 dixit
3465 1587 3585 1642 cap.
3619 1573 3708 1640 l0,

2132 1670 2588 1742 quemadmodum
2637 1669 2893 1740 splendor
2920 1683 2949 1722 a
2980 1668 3099 1722 luce
3127 1665 3490 1737 proﬁciscitur
3519 1683 3534 1720 :
3569 1683 3587 1715 ι
3612 1663 3711 1719 Est

2135 1777 2390 1832 namque,
2429 1762 2626 1831 inquit,
2674 1761 2748 1814 ita
2781 1769 2982 1814 aeterna
3021 1772 3086 1814 ac
3119 1756 3450 1826 sempiterna
3483 1769 3711 1826 genera-

438 1851 616 1920 φωτὸς
645 1852 818 1905 ἀϊδίου
846 1869 858 1881 ·
895 1853 944 1904 εί
971 1847 1065 1905 οὖν
1097 1853 1125 1906 6
1170 1851 1360 1924 Σωτὴρ
1389 1853 1475 1906 ἀεὶ
1502 1855 1776 1923 γεννᾶται,
1817 1856 1911 1909 καὶ
1937 1854 2011 1910 διδ

2129 1855 2223 1921 tio,
2253 1855 2394 1909 sicut
2427 1853 2685 1924 splendor
2715 1861 3010 1924 generatur
3041 1866 3071 1905 a
3109 1850 3270 1916 luce;
3314 1868 3334 1903 ι
3368 1859 3424 1904 et
3451 1865 3568 1917 cap.
3599 1848 3704 1904 19:

437 1943 595 1997 τοῦτο
644 1944 790 2013 λέγει
835 1960 849 1974 ο
897 1943 1020 2011 Πρὸ
1047 1943 1116 1996 δὲ
1147 1943 1390 1998 πάντων
1413 1944 1664 2009 βουνῶν
1689 1946 1872 2016 γεννᾷ
1903 1965 1981 2017 με
2003 1965 2018 1979 ο

435 2036 557 2106 οὐχὶ
604 2035 660 2089 δέ
687 2053 700 2066 υ
728 2035 848 2104 Πρὸ
878 2034 946 2089 δὲ
995 2035 1114 2090 τῶν
1141 2035 1383 2090 πάντων
1406 2036 1654 2102 ﬂow-(Br
1703 2039 2022 2110 γεγέννηκέ

429 2146 508 2198 με
538 2145 553 2159 ·
588 2126 725 2182 ἀλλὰ
747 2126 859 2196 πρὸ
903 2128 1145 2182 πάντων
1165 2127 1414 2192 ,βουνῶν
1457 2129 1639 2200 γεννᾷ
1656 2148 1753 2201 με,
1802 2132 1898 2186 καὶ
1935 2133 2021 2187 ἀεὶ

431 2222 689 2290 γεννᾶται
733 2222 762 2274 6
805 2221 996 2295 Σωτὴρ
1032 2223 1138 2276 ὑπὸ
1175 2222 1268 2276 τοῦ
1300 2222 1534 2295 Πατρός.
1594 2221 1795 2278 Eadem
1853 2227 2022 2280 utitur

432 2310 794 2367 similitudine
886 2311 1252 2369 Tertu’llianus
1316 2315 1620 2386 Apologet.,
1702 2331 1821 2386 cap.
1872 2317 1939 2371 21
2001 2334 2014 2370 :

438 2419 460 2453 ι
500 2401 676 2457 Etiam
726 2417 849 2458 cum
881 2405 1064 2460 radius
1108 2421 1175 2460 ex
1207 2406 1321 2461 sole
1375 2409 1695 2477 porrigitur,
1748 2410 1925 2476 portio
1949 2425 2016 2464 ex

433 2507 669 2549 summa.
699 2494 805 2550 Sed
834 2494 912 2548 sol
939 2496 1048 2550 erit
1072 2496 1124 2550 in
1159 2496 1333 2561 radio,
1358 2498 1484 2567 quia
1517 2497 1650 2553 solis
1676 2509 1761 2553 est
1793 2499 2012 2566 radius;

431 2599 534 2639 nec
580 2595 866 2656 separatur
917 2587 1244 2652 substantia,
1296 2589 1389 2645 sed
1453 2591 1782 2647 extenditur.
1838 2591 1915 2648 Ita
1949 2594 2017 2648 de

433 2675 636 2746 Spiritu
666 2677 923 2747 Spiritus,
961 2688 1017 2736 et
1047 2682 1114 2738 de
1165 2683 1276 2739 Deo
1299 2683 1460 2749 Deus,
1517 2693 1576 2738 ut
1610 2682 1792 2740 lumen
1835 2684 1900 2740 de
1935 2683 2017 2739 lu-

431 2769 576 2824 mine
603 2783 892 2827 accensum
920 2787 932 2821 :
962 2787 1144 2831 manet
1173 2776 1378 2848 integra
1399 2787 1453 2833 et
1475 2776 1743 2833 indefecta
1774 2777 2015 2832 materia:

431 2859 652 2925 matrix,
684 2869 738 2915 et
781 2861 825 2916 si
878 2863 1058 2932 plures
1112 2865 1240 2921 inde
1272 2867 1526 2922 traduces
1575 2867 1857 2938 qualitatis
1889 2882 2011 2921 mu-

429 2949 618 3004 tueris.
653 2949 726 3003 lta
755 2962 810 3005 et
837 2956 980 3022 quod
1012 2955 1078 3009 de
1111 2955 1218 3012 Deo
1255 2957 1556 3027 profectum
1589 2968 1694 3021 est,
1725 2957 1868 3014 Deus
1903 2967 2008 3024 est,

426 3047 484 3094 et
512 3039 604 3095 Dei
634 3040 827 3108 Filius,
849 3053 904 3099 et
929 3062 1069 3102 unus
1095 3049 1275 3104 ambo.
1296 3067 1314 3101 ι
1359 3049 1572 3116 Quibus
1611 3051 1726 3106 haec
1752 3061 2011 3108 assonant

427 3142 460 3183 e
484 3127 623 3185 libro
653 3139 838 3186 contra
874 3130 1163 3200 Praxeam,
1202 3153 1326 3209 cap.
1367 3138 1438 3193 9:
1474 3157 1494 3191 ι
1525 3137 1687 3194 Pater
1724 3150 1835 3196 tata
1867 3144 1998 3196 sub-

2134 1965 2153 1996 ι
2192 1947 2298 2003 Sed
2336 1956 2392 2002 et
2445 1946 2685 2002 Joannes
2717 1944 2923 1999 indicat
2973 1943 3100 2012 quia
3136 1941 3278 1997 Deus
3305 1943 3398 1995 tua:
3440 1952 3514 1995 eu
3538 1939 3616 2005 .³⁸,
3652 1949 3708 1993 et

2124 2039 2325 2095 Paulus
2355 2039 2605 2110 designat
2633 2039 2759 2110 quia
2788 2036 2958 2092 Filius
2993 2035 3252 2105 Splendor
3273 2035 3404 2088 lucis
3434 2044 3643 2088 (eterna:
3659 2030 3706 2064 "

2121 2133 2194 2189 sit
2236 2132 2399 2187 Deus.
2453 2132 2611 2187 Sicut
2660 2144 2792 2198 ergo
2838 2144 3112 2200 nunquam
3147 2129 3236 2182 lux
3275 2126 3392 2182 sine
3421 2125 3707 2194 splendore

2124 2239 2245 2281 esse
2273 2224 2473 2296 potuit,
2512 2223 2589 2277 ita
2617 2237 2720 2278 nec
2751 2221 2924 2277 Filius
2950 2220 3169 2290 quidem
3198 2218 3318 2273 sine
3345 2216 3504 2272 Patre
3547 2215 3707 2270 intel-

2119 2313 2208 2386 ligi
2240 2323 2440 2384 potest,
2493 2313 2583 2385 qui
2607 2323 2662 2370 et
2683 2313 2858 2384 ﬁgura
2888 2327 3131 2381 expressa
3159 2312 3466 2364 substantiis
3495 2309 3609 2378 ejus
3630 2308 3702 2375 “,

2120 2416 2175 2462 et
2222 2404 2488 2470 Verbum,
2542 2415 2598 2461 et
2661 2405 2941 2475 Sapientia
2971 2404 3189 2458 dicitur.
3224 2419 3245 2454 ι
3279 2399 3516 2470 Denique
3555 2415 3702 2470 sym-

2117 2495 2298 2552 bolum
2329 2495 2530 2551 Filium
2555 2509 2677 2552 esse
2704 2493 2949 2552 decernit
3001 2510 3021 2545 t
3059 2491 3227 2547 Deum
3258 2491 3324 2547 de
3355 2491 3484 2558 Deo,
3518 2492 3700 2547 lumen

2116 2590 2184 2644 de
2219 2588 2444 2644 lumine.
2489 2606 2508 2640 ι

2185 2678 2351 2734 XXV.
2393 2679 2464 2733 At
2506 2693 2612 2733 non
2641 2677 2692 2732 in
2744 2676 2812 2733 iis
2841 2675 3036 2742 solum,
3065 2675 3158 2732 sed
3199 2674 3251 2730 in
3281 2675 3400 2730 aliis
3427 2674 3592 2730 etiam
3627 2672 3698 2730 ad

2113 2771 2318 2828 Christi
2349 2771 2786 2843 generationem,
2818 2779 2875 2824 et
2918 2767 3162 2839 Spiritus
3186 2768 3361 2823 sancti
3397 2767 3698 2838 processio-

2115 2877 2238 2918 nem
2283 2861 2712 2932 pertinentibus,
2743 2868 2800 2915 et
2842 2859 2932 2915 hic
2959 2874 3119 2928 quem
3150 2859 3273 2914 dico
3303 2857 3692 2923 Tertullianus,

2111 2961 2164 3006 et
2197 2949 2288 3005 alii
2321 2951 2565 3021 plerique
2615 2965 2681 3004 ex
2713 2947 3114 3018 antiquissimis
3167 2948 3499 3012 doctoribus,
3527 2958 3582 3002 et
3606 2946 3698 3002 Ni-

2110 3054 2261 3096 cama
2324 3039 2532 3111 synodo
2579 3038 2968 3103 anterioribus,
3047 3037 3294 3109 Origenis
3361 3038 3694 3106 impietatem

2111 3130 2288 3184 dicam
2316 3145 2383 3184 an
2410 3129 2736 3199 imperitiam
2779 3127 2863 3184 vel
2912 3138 3194 3198 aequarunt
3223 3129 3308 3183 vel
3341 3139 3692 3199 superarunt.

425 3219 622 3273 stantia
651 3231 738 3275 est
767 3236 780 3272 :
809 3221 978 3277 Filius
1033 3239 1164 3278 vero
1199 3225 1468 3281 derivatio
1523 3226 1688 3282 totius
1731 3237 1785 3281 et
1821 3229 1996 3296 portio
2033 3214 2074 3270 (ἶ
2119 3221 2234 3291 (l6)
2253 3220 2517 3290 Justinus,
2539 3220 3269 3292 Athenagoras,'l‘lteopltilus
3295 3223 3693 3287 Antiocliettus,

429 3307 570 3362 sicut
598 3309 713 3378 ipse
746 3311 1032 3383 prolltetur
1059 3331 1073 3370 :
1099 3317 1240 3381 Quia
1262 3315 1430 3371 Pater
1450 3318 1623 3388 major
1645 3334 1726 3372 me
1756 3327 1830 3373 est
1861 3319 1948 3373 π’.
1981 3339 2000 3372 ι

428 3397 580 3455 Unde
602 3400 771 3472 liquet
795 3420 904 3474 quo
936 3419 1096 3461 sensu
1121 3408 1323 3463 dixerit
1350 3419 1538 3463 contra
1573 3407 1767 3473 Prax.,
1824 3426 1944 3480 cap.
1971 3411 2007 3466 2

423 3497 479 3542 et
511 3489 590 3544 ιε
629 3509 648 3544 t
683 3490 936 3560 Patrem,
985 3507 1038 3551 et
1079 3495 1274 3552 Filium
1312 3508 1368 3554 et
1435 3497 1696 3569 Spiritum
1752 3513 2005 3557 sanctum

423 3581 585 3638 unius
621 3598 746 3639 esse
797 3587 1137 3656 substantiae,
1188 3599 1246 3645 et
1283 3591 1442 3647 unius
1489 3601 1684 3657 status,
1737 3603 1791 3648 et
1843 3595 2006 3650 unius

423 3677 728 3743 potestatis,
755 3687 809 3732 et
837 3677 1033 3733 Filium
1066 3696 1170 3734 non
1199 3679 1415 3737 aliunde
1447 3683 1714 3738 deducere
1737 3699 1817 3749 se,
1841 3701 2003 3755 quant

421 3772 489 3819 de
502 3766 807 3822 substantia
831 3767 1030 3825 Patris.
1059 3790 1078 3822 ι
1099 3772 1430 3842 Augustinus
1463 3773 1578 3843 ipse
1603 3777 2004 3844 comparatione

420 3858 608 3912 eadem
625 3860 1025 3929 generationem
1041 3863 1201 3919 Verbi
1217 3865 1451 3934 explicat
1467 3866 1602 3922 llbro
1619 3882 1668 3921 vt
1689 3866 1768 3922 De
1786 3867 2003 3936 Trinit.,

421 3951 538 4021 ipso
555 3950 729 4018 initio,
748 3955 842 4009 sed
869 3969 974 4010 non
997 3957 1185 4011 eadem
1223 3956 1348 4012 inde
1367 3958 1604 4031 colligit:
1633 3978 1652 4012 ι
1687 3959 1808 4032 Ipse
1821 3961 2002 4029 Arius,

420 4040 613 4112 inquit,
630 4044 831 4100 dixisse
849 4044 1020 4101 fertur
1039 4063 1054 4100 :
1072 4047 1128 4102 Si
1150 4047 1316 4102 Filius
1337 4059 1444 4115 est,
1463 4061 1620 4106 natus
1637 4062 1724 4107 est
1742 4069 1756 4106 :
1773 4054 1816 4108 si
1845 4065 2006 4111 natus

420 4140 526 4198 est,
556 4143 674 4188 erat
723 4145 936 4205 tempus
961 4137 1178 4208 quando
1210 4153 1318 4196 non
1359 4150 1479 4196 erat
1510 4140 1720 4208 Filius;
1776 4156 1882 4198 non
1914 4144 2001 4199 in-

420 4225 665 4296 telligens
685 4229 846 4283 etiam
882 4240 1064 4285 natmn
1097 4245 1220 4286 esse
1277 4231 1387 4286 Deo
1419 4233 1809 4304 sempiternum
1851 4250 1995 4302 esse,

2115 3314 2398 3380 Tatianus,
2455 3314 2569 3384 ipse
2605 3313 2971 3369 Tertullianus
3037 3324 3088 3369 et
3147 3314 3483 3378 Lactantius,
3521 3313 3692 3368 Deum

2114 3406 2372 3461 dixerunt
2400 3421 2522 3461 cum
2559 3407 2744 3460 mundi
2789 3406 3119 3461 creationem
3153 3406 3526 3470 meditaretur,
3562 3403 3694 3458 Ver-

2113 3495 2239 3549 bum
2272 3510 2430 3549 suum
2469 3494 2778 3565 protulisse,
2809 3509 2919 3565 quo
2935 3494 3256 3550 administro
3279 3495 3331 3548 in
3365 3508 3544 3548 rerum
3571 3507 3691 3547 mo-

2115 3589 2303 3644 litione
2337 3586 2943 3656 uteretur.Gregorium
2974 3600 3189 3656 quoque
3221 3584 3689 3654 Thaumaturgum

2116 3680 2312 3736 Filium
2355 3681 2558 3734 dixisse
2591 3687 2840 3735 creatum
2871 3687 2933 3760 et
2982 3677 3188 3732 factum
3240 3677 3404 3731 tradit
3458 3676 3693 3731 Basilius

2112 3773 2272 3844 epist.
2309 3771 2400 3828 64.
2454 3771 2732 3843 Leguntur
2776 3782 2831 3826 et
2884 3772 2987 3826 ista
3027 3770 3267 3841 Dionysii
3313 3768 3686 3834 Alexandrini,

2111 3881 2231 3935 quae
2245 3874 2370 3920 sunt
2391 3865 2681 3933 singularis
2700 3865 2986 3924 vecordia,
3010 3862 3203 3917 Filium
3220 3861 3312 3917 Dei
3337 3876 3458 3916 esse
3479 3859 3692 3931 ποίημα

2110 3955 2205 4008 καὶ
2229 3955 2475 4026 γενητὸν,
2525 3954 2675 4019 ξένον
2715 3953 2857 4006 κατὰ
2883 3953 3070 4006 οὐσίαν
3105 3952 3198 4006 τοῦ
3235 3953 3466 4024 Πατρὺς,
3497 3952 3691 4024 ὥσπερ

2113 4049 2262 4101 ἐστὶν
2318 4049 2346 4101 6
2386 4047 2630 4118 γεωργὸς
2699 4047 2834 4120 πρὸς
2883 4047 2982 4119 τὴν
3036 4046 3302 4118 ἄμπελον.
3369 4066 3390 4100 e
3433 4046 3583 4118 Opus
3632 4058 3689 4103 et

2112 4140 2337 4206 factum,
2363 4143 2598 4196 alienum
2625 4141 2800 4210 quoad
2833 4142 3192 4195 substantiam
3217 4157 3245 4194 a
3278 4141 3460 4208 Patre,
3495 4156 3686 4211 quent-

2109 4231 2398 4286 admodum
2450 4242 2536 4288 est
2571 4232 2806 4301 agricola
2848 4233 2919 4287 ad
2977 4233 3164 4289 vitem.
3202 4254 3222 4286 ι
3272 4234 3500 4289 Demum
3558 4235 3686 4289 sub-

417 4326 477 4370 ut
516 4319 590 4374 sit
616 4331 918 4379 coaeternus
968 4322 1116 4380 Patri
1168 4322 1381 4380 Filius:
1412 4326 1553 4382 sicut
1600 4327 1859 4397 splendor
1904 4329 1998 4400 qui

2116 4324 2220 4390 iicit
2250 4337 2264 4377 :
2292 4324 2404 4378 Kal
2439 4323 2549 4396 γὰρ
2575 4325 2650 4390 ὡς
2682 4325 2892 4396 ποίημα
2923 4326 3020 4391 ὢν,
3054 4328 3154 4380 οὐκ
3185 4323 3254 4398 ἦν
3278 4327 3407 4399 πρὶν
3439 4327 3679 4398 γένηται.

486 4473 554 4508 π’
575 4473 732 4532 Joan.
763 4492 876 4546 xtv,
906 4476 997 4534 28.
1071 4478 1116 4512 ³⁸
1139 4479 1293 4537 Joan.
1320 4481 1426 4550 1,5.
1503 4483 1548 4516 ³⁸
1569 4483 1732 4540 Hebr.
1780 4501 1819 4549 ι,
1867 4486 1923 4541 5.
1997 4486 2044 4519 “
2080 4487 2209 4543 ibid.

484 4611 504 4696 ζ
514 4612 531 4665 l
543 4611 598 4680 5)
627 4611 768 4696 Ἐὰζ
783 4607 895 4696 οιξις
905 4614 1215 4696 ὲπιςςτήσω
1229 4633 1329 4672 σοι
1345 4617 1568 4696 ἐπίμτοῦ
1584 4619 1872 4691 Σωτῆρος,
1895 4634 1999 4696 etc.

2116 4639 2206 4693 per
2235 4632 2288 4696 et
2314 4624 2588 4694 splendor.
2620 4625 2869 4680 Salvator
2902 4641 3030 4695 ergo
3069 4637 3253 4680 noster
3288 4627 3376 4694 qui
3406 4627 3682 4696 Sapientia

414 4682 696 4758 @ternam
726 4682 968 4758 νει-ιιι)
1010 4682 1170 4741 l‘atre
1215 4691 1619 4758 generationem
1674 4682 1870 4748 statuit
1906 4695 1992 4749 ltic

415 4752 714 4828 Origenes,_
735 4770 833 4828 nec
877 4755 1023 4828 aliud
1081 4752 1374 4828 quidquam
1428 4775 1492 4814 ex
1546 4762 1648 4816 huc
1704 4763 1824 4819 loco
1870 4765 1991 4818 erui

414 4831 608 4903 potest.
665 4823 792 4903 nisi_
825 4823 1161 4903 splendorem
1195 4823 1383 4903 tandiu
1439 4833 1722 4897 exsistere,
1749 4835 1986 4903 quandiu

413 4895 499 4947 lttx
521 4895 642 4972 ipsa
679 4895 913 4972 exsistit.
945 4897 1123 4972 Alium
1156 4901 1546 4972 enimsensnm
1593 4895 1835 4972 panni)"
1869 4921 1995 4972 post.

409 4971 550 5046 sntit.
574 4963 686 5018 haec
713 4966 876 5046 verba
925 4981 940 5018 :
1157 4970 1427 5046 ὅσον-ἐστὶ
1471 4970 1532 5023 τὸ
1572 4963 1688 5041 ᾠῶς
1719 4963 1996 5046 ποιητικὸν

406 5033 499 5086 τοῦ
526 5035 978 5111 ἀπαυγασματος,
1021 5039 1114 5111 ἐπὶ
1147 5040 1398 5111 τοσοῦτον
1440 5033 1695 5111 γεννᾶταί
1724 5044 1785 5097 τὸ
1817 5033 1997 5098 ἆπαύ-

407 5119 594 5179 γα-σμα
632 5105 917 5179 τῆςγδόξης
944 5105 1056 5162 ’τοῦ
1105 5109 1260 5164 Θεοῦ.
1312 5133 1328 5162 ι
1367 5105 1615 5178 Quamlitt
1667 5117 1878 5170 exsistit
1907 5119 1995 5170 lux

405 5173 1213 5256 allicienssplendo_ris,_tantlitt
1262 5173 1500 5256 gignitur
1528 5186 1782 5256 splendor
1813 5187 1996 5256 gloria:

563 5265 581 5296 ι
614 5245 788 5300 Minus
820 5248 958 5304 belle
983 5244 1346 5326 Hieronyttius
1364 5255 1446 5307 sic
1483 5244 1717 5308 reddidit
1752 5273 1766 5309 :
1798 5244 1995 5325 (Quu-

413 5321 730 5396 tiescunque
778 5329 956 5396 ortum
1014 5321 1199 5396 fuerit;
1226 5323 1409 5396 lumen
1448 5339 1542 5396 ex
1577 5339 1685 5394 quo
1741 5321 1996 5396 splendor

404 5389 806 5467 primm-toties
831 5391 1008 5444 oritur
1036 5403 1088 5445 et
1116 5392 1372 5467 splendor
1411 5389 1613 5467 gloriae:
1656 5415 1674 5449 ›
1711 5389 1834 5451 Hice
1881 5400 1992 5467 ipsa

403 5455 652 5540 Sirigenis
696 5459 859 5539 verba
907 5455 1160 5540 repetere
1191 5455 1758 5540 vide-tttrvl’atnpltilus
1797 5455 1998 5540 Martyr

405 5527 459 5579 in
481 5527 764 5608 .Apologia
797 5545 913 5596 sua,
959 5527 1080 5599 cap.
1117 5534 1151 5586 5
1184 5549 1196 5585 :
1229 5552 1259 5608 t_
1284 5527 1595 5608 Videatuus'
1616 5550 1763 5608 ergo,
1801 5527 1992 5608 inquit,

2100 4705 2184 4748 est
2216 4693 2514 4765 (Sapientia
2549 4708 2726 4749 autem
2768 4696 2858 4750 Dei
2889 4693 3002 4764 ipsa
3049 4706 3134 4751 est
3173 4693 3424 4765 Splendor
3466 4693 3682 4754 natet-nae

2101 4765 2280 4835 lucis),
2321 4768 2756 4834 inseparabiliter
2781 4777 2836 4820 et
2876 4766 3241 4820 indesinenter
3283 4778 3572 4833 generatur
3613 4785 3682 4826 ex

2099 4835 2276 4891 Patre.
2310 4835 2401 4891 Sic
2426 4837 2570 4891 enim
2593 4847 2646 4890 et
2679 4838 2792 4906 ipsa
2821 4839 2887 4890 de
2922 4850 2980 4890 se
3011 4838 3284 4906 Sapientia
3311 4855 3406 4904 per
3433 4840 3680 4893 Salomo-

2101 4921 2221 4977 ttem
2253 4907 2386 4961 dicit
2414 4925 2428 4960 :
2463 4907 2594 4960 Ante
2623 4923 2797 4960 omnes
2827 4907 2985 4960 colles
3013 4917 3223 4975 generat
3246 4923 3324 4960 me
3357 4908 3538 4977 (Prov.
3564 4925 3679 4977 vui,

2099 4974 2192 5046 25)
2222 4993 2236 5040 ;
2272 4993 2376 5031 non
2405 4979 2550 5030 enim
2581 4979 2717 5030 dixit
2749 4994 2763 5030 :
2798 4979 2930 5030 Ante
2962 4974 3136 5030 omnes
3177 4979 3337 5032 colles
3366 4974 3548 5047 'genuit
3578 4974 3676 5047 me,

2099 5051 2195 5102 sed
2241 5057 2453 5117 generat
2484 5063 2586 5100 me.
2618 5047 2673 5100 In
2700 5064 2807 5117 quo
2839 5047 3202 5115 signiﬁcantia
3233 5053 3680 5118 sempiteruitatis

2099 5127 2197 5172 est.
2225 5138 2241 5168 ι

2175 5186 2289 5258 (lii)
2347 5187 2612 5249 Justinus,
2665 5187 3049 5255 Athenagoras,
3113 5187 3424 5256 Tltwphilus
3491 5191 3675 5244 Antio-

2101 5259 2315 5330 rltenus.
2342 5267 2446 5312 etc.
2467 5261 2583 5324 Quo
2613 5274 2774 5312 sensu
2800 5260 3018 5330 intelligi
3044 5262 3240 5330 debeat
3259 5263 3400 5328 quod
3428 5263 3678 5316 dixerunt

2103 5329 2176 5398 illi
2200 5330 2406 5398 antiqui
2439 5332 2708 5393 doctores,
2733 5344 2867 5396 quos
2891 5332 2976 5384 hic
3007 5345 3062 5386 et
3092 5329 3232 5384 infra
3263 5333 3398 5384 citat
3428 5331 3673 5397 I‘Iuetius,

2102 5397 2294 5464 Deum,
2331 5397 2450 5452 cum
2482 5400 2664 5453 mundi
2695 5401 3021 5454 creationem
3049 5401 3422 5463 meditaretur,
3444 5401 3673 5456 Verbum

2097 5485 2251 5540 suum
2284 5470 2597 5540 protulisse,
2642 5469 2763 5523 inse
2801 5473 3023 5537 exponit
3069 5471 3302 5524 domnus
3351 5469 3676 5528 Prudentius

2096 5538 2351 5593 Marulli"
2371 5553 2468 5592 suo
2482 5539 2556 5593 De
2571 5541 2843 5593 divinitate
2859 5541 3052 5595 Christi
3072 5545 3205 5594 libro
3222 5557 3292 5602 tv,
3311 5556 3434 5608 cap.
3448 5541 3502 5605 4,
3522 5559 3669 5597 num.

401 5595 534 5683 quis
556 5597 624 5651 sit
672 5595 920 5683 salvator
977 5595 1182 5683 noster.
1222 5595 1762 5683 Splendor,_dic_itur,
1806 5595 1993 5679 gloria;
2093 5609 2161 5674 5;
2188 5625 2310 5683 cap_.
2343 5610 2398 5672 6,
2446 5626 2592 5683 num.
2625 5609 2658 5664 5
2699 5619 2753 5664 et
2787 5625 2926 5680 seq.;
2959 5628 3072 5683 cap.
3101 5611 3154 5674 ’1,
3185 5595 3330 5666 num.
3359 5595 3426 5676 2';
3468 5595 3586 5682 cap.
3616 5595 3671 5678 δ,

403 5663 590 5735 (Hebr.
636 5683 675 5731 ι,
703 5668 777 5738 5).
819 5671 880 5742 id
917 5682 999 5742 est
1031 5663 1408 5726 mtertiai'lucts
1448 5663 1704 5742 splendor
1737 5663 1761 5732 τ’
1793 5663 1845 5732 et
1871 5697 1990 5734 cer-

404 5749 515 5789 tum
559 5749 642 5792 est
690 5741 830 5807 quod
861 5741 1135 5813 splendor
1179 5760 1243 5795 ex
1297 5741 1499 5798 lumine
1555 5747 1986 5813 inseparabiliter

404 5820 713 5872 generatur,
756 5821 811 5866 et
839 5811 1011 5865 donec
1051 5824 1365 5881 permaneat
1401 5815 1510 5882 lux,
1537 5811 1818 5885 permanet
1845 5835 1984 5876 sem-

2097 5696 2246 5733 nttm.
2278 5681 2388 5752 Set
2439 5681 2513 5752 4;
2578 5697 2699 5751 cap.
2738 5683 2832 5752 li,
2865 5681 3081 5736 nitm.‘2
3103 5693 3156 5736 et
3199 5697 3370 5752 seqq,
3433 5681 3553 5752 cap.
3575 5686 3669 5749 22,

2095 5765 2242 5804 riunt.
2291 5751 2325 5805 4
2369 5762 2421 5804 et
2450 5751 2515 5817 5;
2576 5768 2694 5822 cap.
2723 5751 2813 5817 Ξῖ),
2848 5768 2992 5808 num.
3020 5752 3093 5819 6;
3164 5768 3282 5822 cap.
3307 5751 3399 5818 24,
3439 5751 3588 5808 nunt.
3612 5756 3669 5809 2..

2095 5822 2264 5886 Quem
2292 5823 2430 5878 vide.
