4160 6418
503 416 609 467 ’7δί

1298 407 1873 466 ORIGENIANORUM
1916 407 2039 460 LIB.
2086 405 2149 472 ll,
2189 405 2339 462 CAP.
2384 405 2448 467 ll,
2490 404 2768 471 QUASST.
2810 403 2871 459 ll.

2297 296 2325 307 ι..

3628 405 3732 462 786

488 555 508 591 ι
547 536 751 590 Etenim
768 545 950 604 utpote
979 534 1067 603 qui
1093 534 1165 587 sit
1186 547 1345 601 opus,
1374 546 1479 586 non
1510 539 1629 585 erat
1665 539 1952 598 antequam
1976 527 2053 580 fa-
2084 532 2127 585 Α
2157 526 2298 594 quod
2314 525 2421 581 duo
2445 526 2531 580 illa
2554 524 2852 593 serapbim,
2873 536 2992 590 qua
3017 520 3069 575 in
3094 520 3231 576 lsaia
3256 520 3401 577 senis
3416 520 3516 575 alis
3532 522 3736 578 descri-

487 641 604 684 c1us
623 638 784 682 esset.
809 647 826 679 ι
856 626 1252 693 Theoguostum
1276 624 1438 678 etiam
1460 620 1891 673 Alexandrinum
1936 616 2055 672 Ori-

2155 615 2377 681 huntur,
2406 615 2695 670 clamantia
2730 614 2796 667 ad
2834 613 3087 676 invicem,
3110 622 3165 668 et
3192 613 3462 667 dicentia:
3482 613 3749 683 Sanctus,

485 724 635 791 gen‘s
665 718 924 772 asseclam
964 718 1099 772 libro
1151 716 1549 787 Hypotyposeon
1594 714 1829 769 secundo
1851 711 2054 765 dixisse
2152 717 2399 771 sanctus,
2425 719 2673 769 sanctus,
2707 705 2965 760 Dominus
2991 705 3134 760 Deus
3166 704 3406 759 Sabaoth
3430 705 3581 768 “,de
3604 704 3747 760 Uni-7

487 820 678 864 narrat
706 808 930 862 Photius
962 807 1151 861 Filium
1177 822 1297 861 esse
1326 815 1565 860 creatum
1596 801 2050 874 quamvisipsius,

484 916 537 957 et
568 902 801 971 Dionysii
833 916 1047 969 quoque
1062 899 1417 954 'Alexandrini
1452 899 1777 952 auctoritate
1807 898 1873 949 ad
1900 894 2055 948 Aria-

484 1008 583 1047 nos
612 992 966 1046 confutandos
995 990 1325 1043 Athanasius
1354 1004 1485 1041 usus
1511 988 1600 1041 sit.
1660 986 1810 1052 Quod
1853 984 2055 1054 allego-

483 1086 593 1140 rice
622 1085 822 1137 dictum
871 1082 1230 1135 indicavimus
1261 1082 1328 1135 ab
1354 1079 1610 1151 Origene,
1673 1088 1783 1132 tum
1812 1094 1841 1131 a
1893 1076 2055 1131 Patre

482 1184 800 1245 productum
850 1173 1069 1236 Filium,
1122 1172 1338 1242 quando
1386 1170 1547 1240 jussit
1600 1170 1718 1224 ﬁeri
1760 1169 1953 1232 lucem,
2002 1168 2054 1222 id

483 1267 635 1335 plane
684 1278 737 1321 et
769 1275 951 1335 aperte
983 1264 1116 1319 dixit
1144 1263 1506 1318 Tertulliauus
1540 1264 1732 1315 contra
1767 1260 2054 1324 Prauam,

481 1373 599 1426 eap.
639 1357 719 1409 δε
772 1375 789 1407 ι
838 1354 990 1409 Tunc
1042 1355 1158 1424 ipse
1209 1368 1389 1409 sermo
1441 1354 1676 1424 speciem
1706 1363 1763 1408 et
1802 1362 2052 1409 ornatum

483 1462 638 1500 suum
691 1445 878 1510 sumit,
921 1458 1113 1497 sonum
1167 1453 1222 1499 et
1254 1458 1463 1507 vocem,
1520 1458 1642 1497 cum
1686 1442 1826 1497 dixit
1866 1442 2049 1497 Deus:

488 1535 729 1591 Fiatlux
753 1536 818 1589 “.
858 1556 876 1588 ι
929 1535 1035 1590 Sed
1071 1534 1214 1605 quod
1248 1534 1302 1589 iu
1333 1534 1553 1589 homine
1597 1535 1787 1588 horum
1844 1542 2053 1601 tempo-

484 1647 600 1684 rum
631 1630 846 1698 aquali,
871 1631 1065 1698 quibus
1097 1629 1337 1684 nondum
1367 1628 1692 1697 quastiones
1721 1626 1823 1681 illa
1845 1625 2057 1681 fuerant

482 1722 773 1788 ventilata,
792 1722 1165 1791 excipiendum
1184 1732 1268 1777 est
1296 1722 1475 1777 minus
1501 1735 1712 1783 severe,
1740 1720 2052 1789 neutiquam

484 1815 536 1868 id
569 1815 692 1867 ferri
741 1824 915 1881 potest
962 1813 1013 1866 in
1052 1812 1290 1882 Ruperto
1318 1813 1398 1867 sic
1446 1811 1698 1880 loquente
1743 1809 2053 1866 lib.tCom-

484 1913 642 1958 ment.
674 1900 728 1958 in
762 1900 972 1970 Cenes,
1028 1918 1146 1973 cap.
1176 1919 1207 1957 x
1252 1921 1268 1959 :

483 2006 691 2056 uatum,
743 2005 798 2047 et
858 1996 1037 2046 omnia
1089 1990 1463 2061 potentialiter
1504 1988 1789 2044 continens
1824 1988 2056 2044 Verbum

480 2095 611 2140 tunc
635 2085 794 2140 Pater
827 2085 1113 2139 actualiter
1156 2082 1458 2153 generavit,
1524 2083 1740 2150 quando
1765 2081 1962 2136 calum
2005 2089 2061 2135 et

481 2185 683 2229 terram
710 2175 941 2238 creavit,
975 2175 1193 2243 quando
1221 2174 1397 2228 lucem
1426 2182 1480 2226 et
1512 2183 1707 2228 caetera
1738 2172 1889 2227 fecit.
1918 2170 2060 2224 Eru-

480 2266 639 2318 ctavit
677 2279 804 2330 ergo
829 2281 920 2319 cor
943 2264 1122 2320 Patris
1158 2264 1380 2319 Verbum
1406 2266 1597 2318 bonum
1618 2263 1663 2295 "
1690 2272 1744 2318 et
1780 2279 1845 2318 ea:
1888 2273 2056 2330 utero,

483 2359 535 2411 id
577 2368 660 2411 est
711 2357 776 2411 de
802 2373 913 2413 sua
959 2357 1275 2412 substantia
1306 2368 1537 2422 secreto,
1583 2364 1707 2410 ante
1753 2354 2058 2424 Luciferum

481 2451 665 2521 gcuuit
692 2450 822 2504 illud
850 2450 916 2514 ",
941 2451 1154 2520 quando
1184 2450 1323 2505 dixit
1351 2469 1366 2505 :
1397 2450 1521 2504 Fiat
1544 2450 1659 2504 lux.
1691 2468 1711 2503 ι

552 2540 740 2595 XXVI.
778 2540 872 2595 Est
916 2543 1055 2608 apud
1101 2540 1392 2611 Origenem
1446 2540 1596 2596 hom.
1644 2539 1670 2594 1
1716 2540 1773 2593 in
1822 2538 2055 2603 Isaiam,

480 2649 629 2688 num.
664 2633 721 2697 2,
754 2634 860 2687 duo
886 2633 1159 2702 seraphim
1190 2634 1387 2703 quibus
1420 2632 1615 2689 solium
1655 2632 1751 2687 Dei
1798 2634 2055 2702 stipatum

479 2725 678 2779 vidisse
725 2740 784 2781 se
832 2726 1024 2779 scribit
1082 2724 1348 2793 propheta
1378 2724 1445 2791 “,
1487 2739 1553 2780 ea
1590 2738 1710 2779 esse
1755 2724 2057 2786 Christum,

478 2825 534 2870 et
584 2815 844 2885 Spiritum
888 2829 1161 2871 sanctum.
1218 2814 1363 2872 Idem
1419 2816 1645 2872 iteratur
1710 2816 1803 2870 lib.
1856 2831 1874 2872 ι
1917 2815 2057 2882 Περὶ

476 2908 699 2979 ἀρχῶν,
721 2925 841 2977 cap.
866 2909 921 2975 5,
949 2924 1101 2964 num.
1127 2908 1182 2974 5,
1206 2910 1298 2964 ubi
1320 2918 1377 2964 et
1403 2918 1684 2964 auctorem
1706 2907 2058 2979 expositionis

478 3003 638 3072 hujus
699 3000 983 3057 Hebraum
1048 3002 1368 3073 magistrum
1432 3002 1656 3069 laudat,
1719 3010 1778 3057 et
1832 3001 1925 3058 lib.
1982 3015 2055 3064 ιν,

481 3112 628 3150 num.
654 3093 743 3150 26.
782 3094 932 3150 Unde
992 3095 1277 3163 Antipater
1321 3094 1619 3149 Bostrenus
1669 3094 1955 3162 episcopus
2002 3092 2056 3146 in

484 3189 939 3257 Disputationibus
987 3190 1237 3243 adversus
1276 3188 1556 3259 Origenem
1618 3205 1637 3242 :

477 3281 585 3333 τῶν
614 3282 895 3353 χερουδὶμ,
923 3282 955 3353 ἢ
982 3282 1089 3335 τῶν
1111 3282 1350 3352 σεραφὶμ
1383 3282 1532 3335 οὐδὲν
1555 3280 1830 3353 δυνάμεθα
1860 3281 2060 3350 λέγειν,

478 3372 567 3426 διὰ
615 3374 676 3427 τὸ
726 3375 915 3445 μαθεῖν
962 3374 1054 3429 τὸν
1098 3374 1417 3444 συγγραφέα
1448 3374 1598 3446 παρὰ
1636 3374 1729 3428 τοῦ
1785 3374 2060 3443 Ἐϐραίου,

477 3465 625 3529 ὅστις
652 3466 744 3519 καί
765 3469 911 3521 ἐστιν
933 3469 961 3519 ὁ
996 3469 1124 3539 παρ’
1156 3466 1320 3533 adeo?)
1360 3467 1756 3538 σημαινόμενος
1794 3467 2061 3539 Ἐϐραῖος,

478 3557 604 3609 ὅτιὸ
625 3557 751 3619 Υἱὸς
775 3558 939 3611 καὶτὸ
955 3557 1181 3628 Πνεῦμα
1203 3558 1356 3625 ἅγιον
1389 3558 1732 3629 σημαίνεται.
1753 3578 1772 3610 ι
1791 3560 1975 3629 Itaque
1998 3559 2064 3615 de

480 3648 792 3701 cherubinis
854 3658 909 3701 et
954 3648 1261 3717 seraphiuis
1316 3648 1451 3701 nihil
1512 3663 1799 3717 possumus
1860 3649 2061 3716 dicere,

480 3738 622 3805 quod
679 3737 928 3792 didicerit
970 3738 1202 3805 scriptor
1235 3736 1535 3809 (Origenes)
1590 3741 1655 3793 ab
1689 3739 1934 3804 Hebrao,
1970 3742 2061 3811 qui

480 3831 694 3897 quidem
730 3833 847 3901 ipse
876 3842 960 3886 est
995 3833 1307 3903 designatus
1337 3833 1405 3886 ab
1431 3848 1495 3886 eo
1538 3831 1816 3897 Hebraus,
1845 3834 2060 3898 Filium,

480 3933 535 3976 et
562 3920 821 3991 Spiritum
850 3933 1097 3978 sanctum
1130 3940 1227 3994 per
1252 3939 1346 3979 eos
1378 3923 1696 3995 signiﬁcari.
1730 3945 1749 3977 ι
1788 3926 2065 3982 [labentur

479 4025 657 4069 autem
680 4014 785 4069 illa
816 4014 1093 4085 Antipatri
1148 4014 1536 4083 Disputationes
1570 4016 1621 4070 in
1650 4015 1864 4086 Eclogis
1889 4015 2058 4072 Joan-

480 4106 566 4158 nis
597 4102 937 4168 Damasceni,
991 4118 1111 4172 qua
1163 4103 1402 4158 nondum
1436 4105 1595 4160 edita
1632 4105 1685 4158 in
1727 4103 2060 4161 Bibliotheca

481 4195 901 4250 Claromontaua
970 4195 1260 4252 Societatis
1337 4194 1471 4251 Jesu
1526 4205 1839 4253 servantur.
1888 4197 2060 4253 Verba

484 4288 600 4356 ipsa
640 4287 736 4342 dat
762 4287 1097 4344 Jusﬁnianus
1135 4288 1188 4343 in
1242 4287 1389 4343 calce
1441 4289 1673 4358 epistola:
1714 4290 1784 4342 ad
1824 4287 2057 4342 Menam.

482 4376 813 4448 Hieronymo
846 4377 960 4451 (l7)
1011 4378 1351 4433 stomachum
1405 4379 1479 4432 ita
1520 4379 1689 4433 movit
1745 4378 1863 4434 hac
1895 4380 2062 4433 inter-

483 4470 737 4539 pretatio,
767 4478 825 4523 ut
863 4471 1083 4540 impiam
1133 4484 1253 4524 eam
1291 4477 1347 4524 et
1379 4470 1751 4525 detestandam
1804 4470 2055 4541 appellet.

1326 1920 1346 1954 s
1381 1901 1520 1957 Vere
1557 1902 1698 1956 enim
1757 1901 1875 1955 sine
1922 1916 2053 1957 voce
2085 1884 2126 1938 Β

1691 3189 1831 3261 Περὶ
1877 3187 2058 3259 μέντοι
2087 3228 2134 3291 c

2155 801 2335 868 genito
2354 799 2490 854 Filio
2519 798 2612 853 Dei
2639 808 2693 851 et
2714 797 2916 866 Spiritu
2939 808 3130 852 sancto
3150 808 3337 852 essent
3364 797 3730 867 intelligenda.

2154 892 2265 946 Nos
2298 906 2425 946 vero
2462 900 2715 961 putamus
2742 890 2905 944 etiam
2938 888 3066 943 illud
3096 889 3239 958 quod
3287 889 3339 942 in
3367 891 3592 946 Cantico
3626 888 3749 943 lla--

2154 986 2325 1041 bacuc
2348 987 2547 1040 dictum
2573 984 2717 1040 est“
2740 1002 2753 1038 :
2777 982 2837 1037 In
2858 984 3027 1037 medio
3050 982 3130 1036 vel
3157 982 3378 1036 duorum
3402 983 3735 1049 animalium,

2157 1079 2238 1133 vel
2267 1078 2493 1130 duarum
2536 1077 2762 1130 vitarum
2817 1074 3175 1143 cognosceris;
3210 1073 3274 1127 de
3312 1073 3532 1129 Christo
3576 1085 3632 1129 et
3667 1077 3735 1130 de

2160 1170 2368 1239 Spiritu
2402 1177 2590 1222 sancto
2613 1166 2799 1221 sentiri
2823 1166 3039 1220 debere.
3078 1184 3097 1217 ι
3131 1163 3318 1220 Omnis
3345 1166 3485 1219 enim
3508 1167 3735 1222 scientia

2158 1261 2224 1315 de
2259 1259 2440 1324 Patre,
2476 1257 2746 1313 revelante
2785 1257 2944 1321 Filio,
2977 1257 3028 1309 in
3072 1257 3273 1327 Spiritu
3315 1266 3503 1312 sancto
3540 1273 3739 1329 cogno-

2158 1353 2345 1415 scitur,
2375 1361 2435 1405 ut
2459 1350 2620 1405 ambo
2652 1350 2765 1405 hac
2806 1365 2925 1419 qua
2974 1350 3268 1404 secundum
3304 1352 3617 1421 prophetam
3654 1351 3735 1405 vel

2158 1445 2487 1510 animantia,
2523 1444 2606 1499 vel
2648 1444 2772 1499 vita
2818 1444 3093 1509 dicuntur,
3152 1458 3315 1497 causa
3357 1444 3597 1498 scientia
3640 1443 3734 1498 Dei

2158 1536 2333 1593 Patris
2355 1537 2641 1592 exsistant.
2678 1555 2695 1588 ι
2732 1536 2994 1591 Similiter
3022 1535 3186 1604 impia
3233 1544 3289 1589 et
3333 1535 3448 1589 hac
3475 1535 3741 1606 interpre-

2159 1629 2313 1696 tatio,
2337 1644 2456 1697 qua
2488 1629 2644 1683 oliva
2667 1629 2784 1683 dua
2824 1626 3133 1683 candelabri
3163 1626 3346 1691 aurei,
3375 1627 3517 1696 quod
3540 1627 3738 1682 vidisse

2157 1737 2217 1776 se
2250 1733 2435 1783 narrat
2466 1720 2762 1777 Zacharias
2791 1736 2910 1790 cap.
2942 1736 3029 1786 tv,
3051 1720 3222 1775 Filius
3248 1728 3302 1774 et
3344 1718 3579 1787 Spiritus
3612 1734 3739 1774 san-

2158 1826 2279 1870 ctus
2332 1824 2706 1885 exponuntur;
2738 1815 2911 1871 media
2952 1829 3082 1870 vero
3127 1813 3353 1884 lampas,
3396 1813 3538 1867 Deus
3578 1812 3737 1868 Pater

2160 1913 2335 1984 (cuius
2386 1912 2453 1966 ad
2499 1912 2742 1966 dextram
2772 1917 2826 1963 et
2872 1907 3146 1963 sinistram
3198 1921 3318 1962 esse
3364 1904 3634 1960 Christum
3681 1914 3737 1961 et

2162 2003 2422 2075 Spiritum
2469 2011 2718 2057 sanctum
2751 2016 2858 2056 non
2891 2001 3008 2056 sine
3055 1999 3387 2068 blasphemia
3429 1998 3534 2054 dici
3583 2013 3739 2066 posse

2160 2095 2235 2148 ait
2268 2092 2630 2163 Hieronymus
2677 2092 2733 2146 in
2762 2090 2926 2144 Zach.
2961 2090 3033 2161 tv)
3068 2091 3202 2145 rami
3232 2091 3347 2144 sive
3386 2088 3550 2157 spica
3571 2088 3741 2143 oliva-

2162 2197 2305 2247 rum,
2340 2181 2641 2236 incarnatio
2662 2179 2889 2243 Christi,
2916 2191 2970 2235 et
2999 2179 3294 2234 similitudo
3324 2178 3586 2233 columba
3616 2177 3739 2249 Spi-

2162 2270 2297 2324 ritus
2318 2269 2511 2324 sancti.
2548 2269 2642 2324 Sin
2670 2280 2727 2324 ut
2758 2270 3010 2324 Davidem
3037 2268 3242 2324 Christi
3286 2276 3467 2339 typum
3512 2283 3651 2335 esse,
3682 2279 3741 2324 et

2160 2372 2220 2417 ut
2263 2361 2537 2428 animalia,
2573 2362 2655 2417 vel
2699 2362 2865 2426 vitas,
2894 2362 2977 2416 vel
3008 2361 3183 2417 olivas
3208 2360 3538 2425 candelabri,
3577 2361 3654 2416 sic
3686 2371 3742 2416 et

2159 2453 2498 2522 seraphimos
2521 2452 2671 2508 Isaia
2700 2453 2995 2521 anagogioe
3021 2450 3222 2507 Christi
3245 2460 3301 2506 et
3336 2451 3569 2520 Spiritus
3607 2465 3737 2505 sano

2162 2546 2237 2601 cti
2284 2545 2533 2617 symbola
2578 2558 2698 2599 esse
2735 2544 2905 2599 voluit
2948 2543 3228 2613 Origenes,
3257 2551 3316 2599 ut
3363 2552 3518 2599 certe
3546 2542 3741 2610 voluit,

2163 2652 2313 2692 vana
2341 2646 2469 2692 sunt
2495 2635 2809 2707 Hieronymi
2834 2636 3069 2706 querela
3092 2675 3106 2689 .
3132 2634 3342 2691 Clarius
3383 2636 3433 2689 id
3466 2635 3630 2689 etiam
3661 2648 3743 2691 se-

2162 2726 2380 2797 quentia
2419 2726 2835 2801 demonstrant,
2871 2726 2925 2780 in
2973 2726 3168 2797 quibus
3208 2740 3304 2797 per
3365 2726 3479 2780 hac
3523 2726 3687 2781 verba
3719 2741 3738 2779 :

2165 2834 2186 2869 ι
2225 2816 2385 2871 Plena
2440 2826 2528 2871 est
2577 2817 2755 2870 omnis
2800 2825 2948 2871 terra
2992 2816 3161 2883 gloria
3201 2813 3350 2884 ejus,
3393 2834 3413 2867 ι
3446 2814 3735 2870 adventum

2158 2906 2360 2963 Christi
2388 2906 2680 2975 signiﬁcari
2712 2906 2906 2960 scribit
2928 2905 3207 2975 Origenes,
3240 2915 3446 2960 certum
3469 2913 3552 2958 est
3590 2904 3735 2959 enim

2159 3015 2282 3055 eum
2314 2998 2470 3069 cujus
2504 2998 2688 3069 gloria
2711 2998 2866 3068 plena
2892 2998 2999 3054 illic
3027 3012 3150 3054 esse
3169 2998 3368 3052 dicitur
3405 3006 3570 3061 terra,
3595 2996 3740 3051 hunc

2160 3091 2332 3161 ipsum
2361 3105 2483 3146 esse
2512 3090 2797 3146 Dominum
2824 3090 2989 3144 Deum
3020 3088 3257 3144 Sabaoth
3282 3104 3298 3153 ;
3334 3087 3607 3143 Christum
3640 3102 3740 3140 au-

2167 3193 2273 3239 tem
2312 3197 2435 3238 eum
2461 3197 2583 3237 esse
2616 3182 2770 3253 cujus
2795 3181 2965 3252 gloria
2995 3182 3151 3252 plena
3180 3190 3264 3236 est
3293 3179 3739 3249 terra,0rigenes

2165 3273 2396 3327 censuit.
2434 3271 2710 3327 Christum
2750 3272 2914 3341 igitur
2939 3270 3360 3339 crediditipsum
3408 3284 3529 3324 eSse
3558 3268 3740 3322 Domi-

2163 3379 2290 3419 num
2338 3364 2508 3419 Deum
2550 3362 2812 3418 Sabaoth.
2856 3363 2968 3418 Hoc
3006 3364 3051 3418 si
3091 3363 3190 3426 sit,
3227 3362 3443 3417 Christo
3472 3362 3571 3431 ipsi
3616 3361 3744 3416 asti-

2163 3456 2294 3511 tisse
2331 3455 2689 3525 seraphimos,
2722 3470 2827 3510 non
2856 3471 3021 3510 unum
3044 3471 3110 3510 ex
3144 3455 3246 3510 illis
3267 3454 3542 3510 Christum
3570 3452 3742 3508 fuisse

2162 3546 2423 3616 Origenes
2462 3546 2876 3601 existimaverit.
2912 3545 3191 3600 Incassum
3230 3545 3393 3616 igitur
3419 3546 3569 3614 lingit
3599 3544 3743 3616 Hay-

2164 3653 2254 3692 mo
2271 3637 2694 3693 Alberstatensis
2720 3637 2773 3691 in
2801 3637 2942 3691 libro
2965 3637 3041 3690 De
3072 3653 3246 3692 rerum
3271 3636 3741 3691 ecclesiasticarum

2161 3731 2446 3794 memoria,
2487 3730 2828 3801 Origeniauis
2867 3730 2980 3785 hac
3020 3744 3140 3786 esse
3182 3729 3437 3800 operibus
3471 3730 3674 3785 inserta
3706 3744 3736 3782 a

2164 3824 2442 3879 malevolis
2472 3841 2488 3889 ;
2520 3823 2605 3879 vel
2638 3825 2681 3880 si
2725 3824 3012 3895 Origenem
3048 3836 3327 3879 auctorem
3370 3824 3605 3891 habent,
3637 3825 3742 3877 du-

2166 3917 2411 3971 bitantcr
2446 3916 2613 3973 fuisse
2636 3919 2933 3988 proposita.

2234 4008 2448 4065 XXVII.
2480 4008 2709 4066 Photius
2741 4011 2862 4068 cod.
2897 4027 3015 4079 vm,
3053 4027 3270 4068 errores
3301 4011 3540 4067 referens
3571 4009 3740 4064 libro-

2165 4117 2283 4156 rum
2317 4102 2457 4171 Περὶ
2482 4101 2705 4171 ἀρχῶν,
2733 4105 2831 4158 hos
2880 4105 2957 4158 ait
3004 4104 3140 4158 libro
3199 4105 3375 4174 primo
3415 4102 3681 4158 contineri
3722 4121 3739 4158 :

2162 4193 2377 4263 Διήκειν
2414 4193 2511 4263 μὲν
2547 4193 2638 4248 τὸν
2671 4194 2888 4265 Πατέρα
2914 4194 3000 4247 διὰ
3035 4194 3251 4248 πάντων
3287 4194 3395 4247 τῶν
3429 4193 3616 4260 ὄντων,
3649 4192 3741 4246 τὸν

2161 4284 2217 4338 δὲ
2252 4285 2375 4338 Υἱὸν
2399 4284 2562 4356 μέχρι
2592 4284 2701 4339 τῶν
2731 4285 2962 4355 λογικῶν
3000 4287 3198 4357 μόνων,
3228 4286 3289 4339 τὸ
3313 4286 3369 4339 δὲ
3396 4284 3616 4357 Πνεῦμα
3643 4286 3739 4357 μέ-

2161 4395 2251 4449 χρι
2274 4379 2447 4449 μόνων
2473 4378 2581 4432 τῶν
2614 4379 2991 4449 σεσωσμένων.
3014 4399 3032 4431 ι
3058 4379 3361 4435 Pervadere
3393 4379 3606 4449 quidem
3634 4378 3738 4433 Pa-

2164 4482 2301 4525 trem
2324 4486 2658 4542 quacuuque
2696 4481 2841 4535 sunt,
2878 4470 3073 4525 Filium
3104 4486 3231 4526 vero
3258 4484 3345 4525 res
3366 4471 3626 4526 duntaxat
3648 4486 3749 4523 ra—

485 4560 651 4630 Impia
682 4575 817 4631 ergo
846 4575 912 4615 ea
938 4575 1151 4630 quoque
1200 4569 1306 4629 est,
1339 4571 1396 4616 et
1432 4561 1744 4617 detestanda
1792 4564 2058 4633 interpre-
2093 4585 2138 4641 ι)
2171 4560 2329 4613 tionis
2358 4559 2672 4630 participes,
2700 4559 2966 4629 Spiritum
3010 4568 3191 4612 autem
3235 4568 3488 4612 sanctum
3516 4572 3579 4611 ea
3620 4565 3740 4610 tan-

487 4653 615 4706 tatio
662 4652 899 4707 humilia
956 4653 1235 4723 sequentis
1296 4669 1448 4709 num.
1502 4654 1555 4718 1,
1621 4669 1726 4723 qua
1802 4655 2058 4710 Davidem

479 4740 757 4796 Christum
803 4759 927 4799 esse
986 4745 1165 4800 docet.
1202 4744 1371 4813 lmpia
1422 4744 1587 4799 etiam
1623 4760 1685 4798 ea
1735 4761 1897 4814 quam
1925 4747 2059 4801 Iib.l

482 4834 621 4901 Περὶ
653 4834 875 4903 ἀρχῶν,
907 4850 1026 4905 cap.
1055 4837 1111 4901 5,
1139 4852 1289 4892 num.
1328 4838 1383 4900 5,
1419 4836 1692 4891 damnata
1748 4838 1815 4891 ab
1870 4835 2059 4892 Hiero-

483 4942 647 4996 nymo
669 4931 948 4984 sententia
973 4930 1270 4999 subjunxit.
1291 4929 1440 4984 Talis
1473 4939 1807 5003 utraquecst
1830 4948 1843 4983 :
1866 4929 2058 4998 Ἔλεγε

479 5017 537 5070 δὲ
566 5021 595 5071 ὁ
638 5019 885 5090 Ἑϐραῖος
915 5022 981 5073 τὰ
1006 5023 1063 5073 ἐν
1085 5020 1162 5092 τῷ
1194 5021 1394 5094 Ἡσαΐᾳ
1417 5022 1510 5075 δύο
1551 5021 1791 5091 σεραφὶμ
1834 5021 2060 5085 ὲξαπτέο

484 5125 621 5178 ρυγα
656 5111 961 5182 κεκραγότα
1008 5111 1195 5183 ἕτερον
1230 5114 1367 5185 πρὸς
1404 5112 1612 5184 ἕτερον,
1650 5114 1743 5164 καὶ
1791 5112 2014 5180 λέγοντα
2040 5129 2055 5143 ·

482 5201 705 5272 Ἄγιος,
758 5202 947 5272 ἅγιος,
978 5203 1144 5273 ἅγιος
1176 5205 1392 5272 Κύριος
1439 5203 1704 5267 Σαϐαὼθ,
1744 5204 1834 5256 τὸν
1888 5205 2059 5257 Μονο-

478 5295 609 5364 γενῆ
640 5291 777 5348 εῖναι
798 5294 890 5347 τοῦ
914 5294 1048 5347 Θεοῦ
1086 5296 1179 5347 καὶ
1208 5295 1270 5347 τὸ
1300 5295 1522 5366 Πνεῦμα
1552 5295 1612 5347 τὸ
1652 5294 1825 5362 ἅγιον.
1864 5296 2055 5364 Ἡμεῖς

477 5385 535 5437 δὲ
561 5385 785 5455 οἰόμεθα
818 5387 898 5438 ὅτι
922 5386 1016 5438 καὶ
1045 5387 1102 5437 ὲν
1126 5388 1191 5455 τῇ
1227 5385 1335 5456 ᾠδῇ
1372 5386 1723 5457 Ἀμϐακούμ·
1767 5388 1861 5439 Ἐν
1886 5387 2053 5455 μέσῳ

477 5478 587 5532 δύο
637 5478 791 5538 ζώων
846 5477 1193 5549 γνωσθήσῃ,
1247 5479 1375 5548 περὶ
1442 5478 1677 5549 Χριστοῦ
1732 5480 1826 5532 καὶ
1902 5477 2055 5546 ἁγίου

482 5569 821 5640 Πνεύματος.
864 5588 882 5619 ι
921 5569 1145 5624 Dicebat
1177 5580 1360 5623 autem
1403 5579 1455 5623 et
1504 5569 1761 5626 Hebraus
1798 5572 2057 5640 magister

550 5683 592 5714 "
648 5686 843 5740 Cenes.
886 5699 924 5748 ι,
962 5683 1017 5740 5.

1113 5684 1156 5714 δ’
1188 5683 1331 5738 Psal.
1362 5699 1506 5751 thv,
1535 5684 1591 5738 Ξ.
1645 5685 1689 5715 ⁸³
1722 5684 1862 5739 Psal.
1887 5701 1996 5753 CIX,
2025 5687 2081 5742 '5.

2170 4661 2278 4705 tum
2310 4667 2430 4722 qua
2484 4650 2712 4705 salutem
2755 4651 2948 4720 adepta
2990 4659 3134 4706 sunt.
3178 4669 3196 4703 ι
3232 4650 3431 4706 Codice
3480 4665 3610 4704 vero
3649 4664 3738 4706 cvt

2164 4753 2355 4797 narrat
2413 4742 2815 4812 Theognostutn
2864 4744 3295 4797 Alexandrinum
3352 4742 3600 4810 Origenis
3643 4745 3741 4796 do-

2161 4848 2341 4908 gmata
2390 4848 2820 4907 propugnantem
2857 4837 2996 4890 libro
3042 4835 3455 4907 Hypotyposeon
3498 4834 3737 4890 secundo

2162 4931 2361 4987 dixisse
2388 4930 2579 4984 Filium
2612 4928 2720 4982 τῶν
2749 4929 2981 4999 λογικῶν
3007 4930 3182 5001 μόνων
3210 4930 3517 4982 ἐπιστατεῖν
3540 4944 3554 4957 ·
3586 4945 3604 4978 t
3634 4927 3740 4981 Ru-

2164 5025 2311 5079 tione
2362 5024 2628 5079 duntaxat
2675 5024 2917 5093 praditis
2959 5025 3118 5077 rebus
3156 5035 3408 5091 praesse.
3438 5038 3456 5070 ι
3496 5017 3732 5071 Athana-

2157 5116 2269 5170 sius
2308 5115 2361 5169 in
2413 5114 2555 5169 libro
2596 5127 2756 5182 quem
2788 5113 3007 5183 scripsit
3056 5113 3112 5165 in
3154 5108 3346 5163 Matth.
3392 5124 3506 5172 xu,
3537 5107 3630 5170 52,
3668 5107 3735 5160 ad

2156 5207 2345 5263 Novati
2378 5207 2632 5263 haresim
2666 5208 2783 5261 hac
2816 5205 3079 5259 accedere
3125 5205 3301 5267 docet,
3337 5200 3736 5269 Origenomque

2153 5306 2208 5348 et
2241 5294 2359 5362 ejus
2398 5303 2726 5349 sectatorem
2762 5292 3165 5363 Tlteognostum
3216 5291 3473 5360 explodit.
3522 5291 3737 5344 Auiaris

2151 5386 2316 5440 etiam
2358 5385 2590 5441 defricat
2619 5386 2794 5455 ipsum
2826 5383 3089 5439 conviciis
3123 5382 3454 5451 Theophilus
3485 5382 3536 5436 in
3573 5398 3587 5435 ι
3628 5380 3739 5437 Pa-

2164 5478 2352 5542 schali,
2386 5489 2442 5533 et
2472 5478 2682 5534 ratione
2703 5492 2765 5531 ac
2800 5476 3123 5531 auctoritate
3163 5485 3467 5529 commenta
3494 5477 3581 5530 illa
3605 5491 3738 5531 con-

2164 5570 2333 5625 vellit.
2388 5572 2518 5636 Qua
2568 5579 2627 5627 ct
2672 5570 2863 5625 leviter
2912 5568 3227 5637 perstringit
3272 5566 3633 5638 Hieronymus
3676 5567 3736 5624 in

2160 5686 2207 5717 ιι
2238 5684 2339 5739 lsa.
2392 5700 2466 5750 vr,
2495 5683 2549 5736 ‘2.
2662 5684 2708 5718 "
2742 5684 2907 5749 ibid.,‘
2931 5683 2983 5737 '5.
3059 5683 3105 5715 “
3126 5682 3325 5739 Hahae.
3351 5698 3435 5751 Ill,
3463 5683 3518 5740 2.

552 5844 662 5915 (l7)
695 5843 939 5913 Hierom,
987 5846 1079 5903 lib.
1133 5845 1189 5899 in
1240 5843 1466 5914 Isaiam,
1526 5858 1581 5902 et
1630 5847 1787 5917 epist.
1830 5848 1929 5917 _65,
1978 5850 2047 5903 ad
2086 5847 2296 5904 Panem.
2333 5854 2381 5899 et
2418 5840 2621 5900 Ocean.
