4160 6400
404 398 510 455 7R7

1685 387 1747 444 P.
1790 385 2111 441 DANIELIS
2150 383 2385 441 HUETII

3570 379 3673 430 788

402 524 556 589 epist.
581 518 653 570 ad
682 515 817 570 Arii.
848 512 973 568 Suis
1015 526 1142 567 vero
1185 513 1357 584 ipsius
1396 512 1577 568 verbis
1616 512 1864 583 coarguit
1899 509 1994 566 Ju-
2025 521 2067 572 Α
2101 524 2197 579 pro
2238 507 2415 576 impiis
2438 506 2550 575 jam
2580 500 2921 572 interpellat,
2954 500 3050 556 sed
3078 516 3175 572 pro
3216 501 3436 557 sanctis.
3485 517 3504 552 ι
3541 501 3673 568 Qui-

402 614 673 668 stinianus
726 608 790 661 ad
838 607 1043 661 calcem
1100 606 1333 675 epistola:
1383 608 1452 660 ad
1500 605 1733 669 Menam,
1793 604 1920 657 talia
1963 619 1994 658 e

404 700 527 756 libr.
566 716 589 753 r
612 700 745 765 Περὶ
770 694 1002 764 ἀρχῶν,
1037 712 1156 764 cap.
1191 698 1243 762 5,
1284 713 1433 750 num.
1463 697 1515 760 5,
1551 709 1948 765 repraesentans
1976 708 1995 747 :

405 795 529 847 Ὅτι
561 794 589 844 ὁ
621 792 720 862 μὲν
744 790 877 853 Θεὸς
911 789 1005 841 καὶ
1051 790 1237 861 Πατὴρ
1269 789 1504 860 συνέχων
1542 790 1610 842 τὰ
1640 788 1815 841 πάντα
1860 786 1996 855 φθά-

403 904 485 940 νει
518 887 595 949 εἵς
621 884 852 937 ἕκαστον
901 883 1008 935 τῶν
1048 882 1237 945 ὄντων,
1286 881 1598 953 μεταδιδοὺς
1641 880 1853 950 ἑκάστῳ
1886 879 1993 932 ἀπὸ

403 979 495 1032 τοῦ
543 978 669 1031 ἰδίου
707 977 767 1030 τὸ
794 973 931 1029 εἶναι
960 992 973 1008 ο
998 977 1072 1030 ὢν
1118 978 1224 1047 γάρ
1265 978 1409 1029 ἐστιν
1437 993 1450 1004 ·
1489 976 1723 1028 ἐλάττων
1758 973 1814 1025 δὲ
1857 972 1994 1039 πρὸς

401 1072 494 1125 τὸν
550 1072 769 1141 Πατέρα
808 1072 837 1123 ὁ
875 1070 1003 1132 Υἱὸς
1053 1069 1269 1138 φθάνων
1314 1069 1407 1121 ἐπὶ
1460 1067 1595 1137 μόνα
1640 1065 1709 1119 τὰ
1754 1065 1948 1133 λογικά
1974 1081 1989 1096 ·

402 1164 652 1236 δεύτερος
684 1164 791 1234 γάρ
823 1164 938 1215 ἐστι
967 1163 1057 1214 τοῦ
1086 1162 1297 1230 Πατρός
1317 1179 1329 1191 ·
1358 1161 1435 1213 ἔτι
1464 1160 1519 1211 δὲ
1540 1154 1699 1231 ⁴ἦττον
1732 1158 1792 1210 τὸ
1826 1158 1995 1209 Πνεῦ-

407 1273 483 1325 μα
532 1254 594 1307 τὸ
634 1254 788 1321 ἇγιον
837 1252 930 1305 ἐπὶ
968 1252 1161 1323 μὸνους
1210 1253 1337 1314 τοὺς
1372 1249 1557 1318 ἁγίους
1599 1248 1988 1317 διικνούμενον.

406 1350 568 1401 ’Ὥστε
602 1347 744 1400 κατὰ
768 1346 926 1399 τοῦτο
955 1346 1154 1417 μείζων
1180 1348 1211 1416 ἡ
1236 1345 1462 1413 δύναμις
1494 1340 1586 1395 τοῦ
1608 1342 1819 1411 Πατρὸς
1842 1339 1993 1409 παρὰ

402 1436 493 1490 τὸν
521 1438 645 1490 Υἱὸν
679 1438 773 1490 καὶ
817 1435 876 1488 τό
916 1436 1140 1506 Πνεῦμα
1192 1434 1251 1487 τὸ
1292 1434 1446 1502 ἆγιον
1466 1449 1478 1461 ·
1512 1430 1712 1483 πλείων
1740 1430 1795 1483 δὲ
1821 1432 1855 1499 ἠ
1896 1429 1991 1482 τοῦ

404 1526 536 1581 Υἱοῦ
569 1528 720 1599 παρὰ
740 1528 800 1580 τὸ
822 1528 1047 1597 Πνεῦμα
1066 1527 1125 1579 τὸ
1150 1527 1303 1593 ἆγιον
1319 1542 1331 1555 °
1365 1525 1459 1577 καὶ
1482 1523 1642 1576 πάλιν
1665 1521 1993 1591 διαφέρουσα

407 1618 608 1689 μᾶλλον
627 1616 721 1669 τοῦ
751 1618 905 1686 ἁγίου
937 1616 1251 1687 Πνεῦματος
1278 1618 1312 1686 ὴ
1336 1614 1566 1683 δύναμις
1592 1614 1741 1683 παρὰ
1770 1611 1838 1663 τὰ
1857 1610 1991 1665 ἄλλα

403 1710 559 1773 lima.
592 1728 613 1761 ι
671 1708 825 1774 Quod
872 1708 1012 1762 Deus
1047 1708 1265 1777 quidem
1314 1716 1368 1761 et
1400 1704 1562 1759 Pater
1595 1704 1775 1757 omnia
1811 1703 1991 1755 conti-

402 1818 542 1856 nens
578 1802 643 1855 ad
678 1804 1102 1870 unumquodque
1154 1800 1362 1854 entium
1402 1796 1682 1866 pervenit,
1709 1809 1831 1849 esse
1870 1793 1989 1847 uni-

2099 604 2197 658 bus
2241 601 2490 656 omnibus
2532 598 2585 653 id
2630 598 2729 653 sibi
2767 596 2897 664 vult,
2927 596 3139 652 Patrem
3177 597 3231 650 in
3278 598 3527 651 omnibus
3556 613 3677 666 quat.-

2097 705 2222 749 sunt
2254 691 2488 761 cperari,
2510 690 2633 758 quia
2678 690 2841 744 totius
2879 688 3177 759 ὸντότητος,
3205 689 3319 743 sive
3344 688 3676 743 exsistentia

2098 786 2199 855 (sic
2232 784 2375 837 enim
2431 782 2571 853 loqui
2605 781 2786 851 liceat)
2815 782 3133 851 principium
3164 789 3249 835 est
3282 795 3296 843 ;
3337 778 3553 843 Filium,
3579 781 3672 847 qui

2096 885 2151 929 et
2179 874 2355 943 λόγος,
2384 874 2486 929 hoc
2518 882 2599 928 est
2620 873 2772 942 juxta
2805 871 3052 942 Origenis
3081 872 3493 941 expositionem.
3514 872 3674 935 ratio.

2094 968 2147 1022 in
2204 968 2271 1021 iis
2306 966 2479 1021 solum
2514 980 2635 1035 qua:
2672 964 2882 1019 ratione
2915 964 3135 1033 praedita
3180 973 3336 1028 sunt,
3371 965 3478 1018 vim
3517 980 3672 1019 suam

2092 1060 2361 1131 experiri;
2414 1059 2679 1129 Spiritus,
2712 1059 2804 1127 qui
2857 1072 2885 1110 a
2930 1059 3217 1113 sanctitate
3263 1059 3535 1128 proprium
3568 1058 3673 1114 sibi

2093 1166 2389 1221 cognomen
2427 1152 2612 1216 habet,
2638 1152 2744 1204 vim
2775 1149 3101 1221 ἀγιαστικὴν
3136 1152 3200 1205 ad
3233 1160 3449 1205 sanctos
3480 1151 3670 1206 dunta-

2095 1254 2186 1296 xat
2221 1244 2511 1311 pertinere.

2165 1330 2396 1385 XXVIII.
2425 1330 2538 1401 (t8)
2565 1329 2741 1399 Atque
2778 1331 2893 1385 haec
2916 1329 3208 1401 ἀποτόμως
3236 1329 3307 1385 ita
3333 1331 3555 1399 'sumpta
3582 1331 3673 1385 vix

2092 1437 2175 1483 est
2234 1436 2293 1479 ut
2353 1425 2829 1494 reprehensionem
2883 1425 3159 1497 eﬂugiant.
3198 1425 3269 1478 At
3316 1424 3361 1480 si
3425 1426 3550 1496 quis
3604 1426 3674 1481 ad

2094 1528 2329 1574 mentem
2360 1518 2542 1588 potius
2568 1517 2819 1590 Origenis
2848 1536 3011 1590 quam
3042 1522 3109 1575 ad
3152 1524 3315 1577 verba
3361 1522 3673 1585 attenderit,

2092 1610 2249 1665 aliter
2276 1611 2493 1665 sentiet.
2516 1608 2776 1676 Quamvis
2814 1612 2959 1666 enim
2990 1627 3095 1665 una
3121 1614 3420 1680 eademque
3450 1614 3557 1667 sint
3583 1628 3673 1668 sa-

2092 1715 2203 1755 crze
2232 1698 2520 1756 Trinitatis
2564 1709 2825 1757 extranea
2858 1716 3051 1771 Opera,
3088 1713 3144 1758 et
3188 1704 3451 1775 quidquid
3483 1704 3593 1775 agit
3620 1705 3677 1759 in

2095 1795 2259 1850 rebus
2301 1795 2545 1850 externis
2595 1794 2795 1859 Pater,
2841 1796 2945 1851 huc
2997 1806 3121 1867 agat
3150 1807 3204 1853 et
3240 1797 3445 1865 Filius,
3484 1797 3589 1853 hoc
3622 1807 3678 1854 et

404 1895 600 1964 cuique
646 1868 963 1961 impertiens
1002 1868 1069 1945 de
1108 1907 1208 1946 suo
1232 1934 1247 1958 ,
1285 1892 1399 1959 ipse
1435 1888 1581 1943 enim
1610 1896 1693 1942 est
1723 1888 1813 1956 qui
1860 1894 1945 1941 est
1974 1903 1988 1940 :
2024 1868 2067 1927 Β
2102 1885 2343 1956 Spiritus
2369 1898 2621 1953 sanctus;
2645 1890 2893 1959 quaedam
2922 1897 3102 1945 tamen
3127 1889 3273 1944 Patri
3305 1890 3571 1960 assignari
3589 1905 3678 1945 so-

403 1989 551 2057 quod
589 2002 723 2041 vero
755 1987 933 2039 minor
983 1983 1142 2038 Patre
1178 1964 1349 2037 Filius
1393 1981 1460 2036 ad
1501 1980 1615 2035 sola
1649 1976 1994 2033 rationabilia

404 2078 676 2150 pervenit,
708 2088 793 2132 est
822 2077 967 2131 enim
1013 2068 1285 2131 secundus
1326 2090 1354 2127 a
1392 2072 1590 2137 Patre,
1620 2071 1795 2125 adhuc
1832 2070 1996 2123 etiam

406 2166 590 2219 minor
623 2174 711 2219 est
744 2162 981 2232 Spiritus
1009 2172 1234 2219 sanctus
1262 2163 1329 2217 ad
1364 2161 1510 2217 solos
1546 2169 1766 2216 sanctos
1806 2173 1998 2229 perve-

408 2259 587 2312 niens.
621 2254 701 2310 lta
732 2271 800 2311 ex
832 2255 935 2311 hoc
957 2254 1130 2323 major
1155 2266 1240 2310 est
1268 2263 1509 2323 potestas
1534 2251 1713 2307 Patris
1731 2266 1839 2321 pra:
1861 2250 1999 2305 Filio

405 2358 463 2404 et
482 2348 689 2418 Spiritu
714 2358 925 2411 sancto,
954 2346 1295 2417 anipliorque
1318 2344 1439 2399 Filii
1470 2358 1581 2413 prae
1620 2342 1823 2411 Spiritu
1865 2355 1996 2394 san-

405 2449 494 2496 clo
514 2456 531 2507 ;
555 2456 617 2496 ac
642 2456 856 2496 rursum
886 2441 1235 2510 praestantior
1266 2438 1441 2493 sancti
1480 2436 1716 2507 Spiritus
1761 2442 1999 2506 potestas

405 2547 520 2603 pra:
562 2532 689 2587 aliis
717 2532 933 2587 entibus
968 2531 1195 2589 sanctis.
1223 2550 1241 2582 ι
1268 2530 1345 2584 Ex
1376 2530 1480 2585 hoc
1524 2529 1774 2598 dogmate
1811 2536 1997 2596 aptum

406 2641 491 2684 cst
527 2629 655 2683 illud
685 2644 716 2683 e
752 2638 883 2683 tom.
920 2643 960 2683 ιι
1003 2624 1360 2681 Commentar.
1390 2626 1443 2678 in
1468 2622 1820 2692 Matth.,pag.
1851 2620 1993 2674 Ml:

404 2716 503 2785 Εἷς
521 2720 578 2775 δὲ
604 2719 807 2791 ποιμὴν
823 2718 931 2773 τῶν
951 2716 1184 2787 λογικῶν
1202 2720 1230 2771 ὁ
1246 2717 1415 2785 Λόγος
1432 2733 1445 2746 ⁸
1465 2723 1520 2771 et
1544 2714 1686 2769 istud
1710 2728 1741 2767 e
1767 2722 1897 2767 tom.
1915 2726 1994 2776 xl,

405 2829 528 2885 pag.
562 2813 667 2869 506
695 2832 708 2866 :
736 2812 890 2883 Τάχα
922 2811 978 2865 δὲ
1008 2811 1101 2865 καὶ
1131 2810 1239 2864 τῶν
1267 2809 1442 2878 λόγων
1488 2805 1661 2880 Ἰησοῦ
1711 2805 1817 2859 εἰσί
1850 2820 1995 2867 τινες

403 2906 559 2978 ἄρτοι
584 2904 679 2970 οὒς
710 2909 822 2969 τοῖς
852 2905 1255 2977 λογικωτέροις,
1278 2904 1352 2968 ὠς
1390 2902 1619 2967 τέκνοις,
1649 2900 1823 2968 ἔξεστι
1864 2897 1998 2951 διδό-

404 3016 493 3052 ναι
528 2998 709 3069 μόνοι’
744 3001 960 3067 etquod
994 2997 1155 3054 docet
1185 3007 1315 3051 tom.
1353 3011 1403 3049 vr
1441 2996 1496 3047 in
1518 2993 1847 3061 Joan.,pag.
1870 2989 1991 3054 107,

403 3090 682 3146 Christum
711 3105 831 3145 esse
873 3089 1264 3161 αὑτοαλήθειαν
1298 3087 1397 3159 τὴν
1426 3084 1682 3154 οὐσιώδη,
1721 3084 1815 3137 κα)⁸
1843 3100 1994 3153 πρω-

402 3182 631 3235 τότυπον
659 3181 757 3251 τῆς
798 3182 856 3233 ἐν
884 3183 1003 3243 ταῖς
1033 3179 1276 3249 λογικαῖς
1307 3178 1504 3247 ψυχαῖς
1530 3174 1785 3273 ἀληθείας
1808 3189 1820 3202 ·
1850 3182 1901 3273 et
1939 3172 1989 3225 id
2019 3214 2063 3273 ϐ

402 3288 618 3342 quoque
652 3288 683 3326 e
724 3284 855 3327 tom.
892 3285 1064 3336 xxxii,
1100 3286 1152 3339 p.
1195 3269 1299 3323 450
1331 3268 1539 3340 εὈλης
1584 3268 1681 3337 μὲν
1708 3264 1801 3319 οὖν
1841 3260 1992 3335 οἶμαι

402 3364 504 3435 τῆς
530 3363 687 3432 δόξης
706 3363 802 3417 τοῦ
835 3364 969 3417 Θεοῦ
1002 3362 1168 3416 αὑτοῦ
1196 3361 1536 3430 ἀπαύγασμα
1565 3354 1702 3412 εἶναι
1724 3358 1813 3411 τὸν
1841 3357 1991 3421 Υἱὸν,

404 3455 549 3509 κατὰ
577 3454 667 3508 τὸν
695 3456 921 3508 εἰπόντα
945 3453 1158 3508 Παῦλον
1183 3470 1196 3482 ⁸
1235 3455 1341 3519 Ὃς
1372 3452 1457 3505 ὢν
1488 3453 1853 3522 ἀπαύγασμα
1885 3447 1995 3516 τῆς

403 3548 591 3615 δόξης
624 3565 637 3579 ·
690 3547 913 3616 φθάνειν
970 3546 1220 3617 μέντοιγε
1258 3545 1366 3599 ἀπὸ
1412 3544 1506 3597 τοῦ
1562 3545 1997 3616 ἀπαυγάσματος

402 3639 596 3694 τούτου
623 3640 722 3710 τῆς
756 3639 882 3710 ὅλης
908 3638 1066 3709 δόξης
1105 3636 1307 3709 μερικὰ
1338 3636 1744 3707 ἀπαυγάσματα
1776 3636 1867 3689 ἐπὶ
1897 3636 1996 3707 τὴν

402 3730 595 3803 λοιπὴν
624 3731 847 3801 λογικὴν
880 3731 1056 3784 κτίσιν
1077 3747 1091 3760 ’
1122 3741 1177 3785 et
1204 3730 1347 3799 quod
1380 3729 1457 3781 ait
1495 3739 1625 3783 tom.
1677 3745 1692 3783 ι
1726 3730 1777 3782 in
1804 3728 1994 3791 Joan.,

404 3840 559 3879 num.
592 3824 681 3887 29,
716 3824 991 3879 Christum
1048 3832 1278 3877 eatenus
1330 3820 1505 3876 lucem
1542 3835 1696 3886 esse,
1730 3830 1998 3890 quatenus

405 3926 617 3971 tuentes
646 3916 874 3970 rationis
908 3915 1201 3985 participes
1232 3915 1489 3969 illustrat.
1544 3914 1720 3982 Atque
1761 3915 1889 3967 item
1941 3912 1999 3965 il-

404 4006 497 4061 lud
514 4008 656 4076 quod
686 4007 737 4060 in
765 4006 934 4074 IIIepl
956 4005 1180 4075 ἀρχῶν,
1195 4022 1315 4077 cap.
1340 4008 1395 4072 5,
1442 4022 1589 4059 num.
1615 4005 1667 4067 5,
1700 4005 2000 4059 Ruﬁnianus

404 4097 871 4167 interpretationis
895 4098 1108 4165 reperio
1135 4116 1149 4152 :
1174 4117 1192 4149 ι
1222 4096 1279 4152 1η
1313 4098 1417 4153 illis
1446 4096 1574 4152 solis
1610 4097 1848 4152 arbitror
1878 4111 1999 4151 esse

404 4204 541 4261 opus
575 4190 811 4261 Spiritus
860 4191 1063 4253 sancti.
1094 4192 1185 4260 qui
1216 4190 1333 4260 jam
1376 4204 1435 4245 se
1481 4190 1549 4243 ad
1596 4189 1817 4243 meliora
1864 4204 1997 4243 con-

402 4290 645 4347 vertunt,
677 4292 733 4338 et
779 4298 877 4352 per
910 4284 1023 4339 vias
1066 4283 1193 4339 Jesu
1234 4282 1437 4339 Christi
1492 4282 1778 4343 incedunt,
1822 4281 1997 4343 idest,

404 4380 534 4427 sunt
581 4373 632 4427 in
665 4374 821 4428 bonis
858 4376 1102 4441 actibus,
1136 4385 1192 4429 et
1239 4374 1293 4428 in
1337 4371 1449 4427 Deo
1496 4383 1835 4441 permanent.
1882 4391 1900 4424 ι
1937 4372 2005 4426 Et

402 4463 567 4535 paulo
595 4464 819 4521 interius
854 4480 870 4519 :
907 4484 926 4517 ι
965 4465 1077 4522 iloc
1126 4481 1264 4536 ergo
1289 4474 1449 4534 pacto
1501 4465 1749 4534 operatio
1783 4464 2003 4519 virtutis

2099 1978 2233 2043 lent,
2254 1979 2360 2033 alia
2392 1979 2550 2046 Filio,
2579 1983 2682 2037 alia
2712 1983 2937 2054 Spiritui
2974 1992 3182 2038 sancto.
3214 1981 3673 2050 Quemadmodum

2094 2086 2225 2143 ergo
2245 2070 2389 2128 Patri
2413 2075 2570 2145 vulgo
2588 2076 2904 2131 attribuitur
2924 2076 3131 2131 creatio
3155 2092 3354 2141 rerum,
3374 2076 3496 2131 licet
3516 2077 3677 2132 trium

2097 2180 2349 2236 peraeque
2377 2182 2735 2236 personarum
2790 2170 2889 2235 sit;
2932 2168 3009 2223 ita
3043 2168 3210 2233 Filio.
3235 2168 3325 2238 Qui
3370 2180 3454 2224 eat
3484 2168 3677 2237 Λόγος,

2098 2257 2339 2311 omnium
2388 2257 2619 2327 λογικῶν
2650 2274 2836 2314 curam
2868 2258 3129 2331 Origenes
3181 2260 3441 2324 ascribit;
3477 2262 3679 2315 sancti-

2098 2347 2301 2402 tudinis
2353 2362 2483 2403 vero
2532 2348 2884 2403 collationem
2929 2350 3129 2405 addicit
3184 2349 3412 2419 Spiritui
3465 2361 3677 2413 sancto.

2091 2436 2244 2506 juxta
2278 2436 2436 2491 Rom.
2467 2453 2517 2505 ι,
2552 2437 2609 2505 4,
2638 2447 2694 2494 et
2734 2438 2780 2493 Il
2818 2439 3017 2494 Thess.
3050 2456 3085 2495 ιι
3108 2480 3123 2503 ,
3156 2440 3257 2501 13,
3286 2442 3532 2509 quamvis
3579 2440 3677 2496 tuti

2100 2524 2353 2583 Trinitati
2392 2529 2675 2586 debeatur.
2722 2530 2998 2601 Scriptum
3040 2530 3157 2586 est!
3189 2530 3333 2586 Petr.
3365 2548 3407 2596 ι,
3435 2532 3502 2585 2:
3532 2549 3553 2583 ι
3579 2532 3678 2587 Se-

2100 2625 2333 2679 cundum
2368 2627 2763 2694 prmscientiam
2810 2627 2903 2683 Dei
2955 2628 3153 2694 Patris,
3200 2628 3253 2683 in
3292 2628 3677 2686 sanctiﬁcatio-

2100 2730 2222 2770 nem
2262 2715 2518 2786 Spiritus,
2550 2717 2604 2773 in
2658 2719 3023 2774 obedientiam
3076 2731 3131 2775 et
3159 2721 3524 2789 aspersionem
3553 2735 3683 2777 san-

2098 2808 2277 2875 guinis
2316 2807 2442 2863 Jesu
2492 2809 2715 2865 Christi.
2755 2829 2774 2863 ›
2814 2809 3155 2868 Praescientia
3200 2812 3374 2877 Patri,
3406 2816 3681 2869 sanctitu-

2096 2896 2239 2952 dinis
2266 2897 2468 2953 lni'usio
2517 2899 2744 2971 Spiritui
2784 2911 2981 2958 sancto
3015 2903 3288 2957 tribuitur.
3332 2902 3421 2959 Sic
3446 2905 3685 2959 sensisse

2097 2987 2384 3059 Origenem
2414 3004 2482 3045 ex
2517 2992 2584 3047 iis
2624 2991 2750 3047 licet
2794 2992 3108 3049 existimare
3139 3010 3259 3065 quae
3302 3007 3515 3051 exstant
3549 2998 3679 3053 lib.t

2096 3080 2236 3149 Περὶ
2255 3080 2477 3152 ἀρχῶν,
2500 3098 2616 3153 cap.
2649 3084 2703 3150 5,
2732 3100 2879 3138 num.
2903 3086 2936 3139 7
2967 3102 2982 3139 :
3020 3106 3041 3139 s
3067 3086 3235 3143 Porro
3265 3098 3443 3143 autem
3480 3090 3532 3144 in
3562 3088 3685 3145 Tri-

2098 3174 2266 3229 nitate
2323 3174 2459 3230 nihil
2508 3176 2684 3247 majus
2739 3178 2986 3234 minusve
3045 3179 3332 3235 dicendum
3389 3190 3506 3246 est,
3558 3197 3683 3236 cum

2097 3265 2255 3321 unius
2308 3267 2606 3324 divinitatis
2648 3268 2769 3327 fons
2806 3270 2984 3326 Verbo
3014 3287 3077 3326 ac
3114 3272 3324 3327 ratione
3366 3288 3460 3327 sua
3494 3283 3678 3328 teneat

2098 3358 2385 3425 universa;
2418 3359 2626 3430 Spiritu
2655 3379 2786 3419 vero
2812 3368 2924 3421 oris
2947 3366 3030 3420 sui
3063 3379 3185 3435 qua
3208 3365 3371 3435 digna
3402 3375 3529 3420 sunt
3552 3380 3682 3421 sau-

2097 3451 2427 3507 ctilicatione
2475 3456 2817 3521 sanctilicet,
2863 3457 3005 3511 sicut
3055 3457 3105 3510 in
3155 3455 3372 3511 Psalmo
3418 3457 3684 3524 scriptum

2095 3551 2180 3597 est
2217 3561 2229 3596 :
2275 3542 2444 3597 Verbo
2478 3543 2690 3599 Domini
2718 3547 2831 3600 caeli
2856 3547 3059 3615 firmati
3088 3556 3213 3600 sunt
3234 3587 3248 3610 ,
3276 3557 3323 3601 et
3352 3545 3541 3615 spiritu
3572 3550 3683 3602 oris

2096 3633 2209 3700 eius
2249 3636 2416 3690 omnis
2454 3639 2614 3691 virtus
2661 3654 2843 3690 eorum
2871 3637 2938 3691 “.
2978 3637 3073 3691 Est
3112 3639 3274 3691 etiam
3316 3637 3564 3705 quaedam
3596 3639 3683 3692 in-

2097 3726 2340 3793 operatio
2386 3726 2479 3781 Dei
2523 3726 2709 3783 Patris
2756 3728 3026 3798 praecipua
3070 3739 3267 3798 praeter
3308 3728 3489 3793 illam,
3521 3744 3686 3797 quam

2098 3818 2352 3873 omnibus
2387 3827 2446 3871 ut
2484 3828 2673 3874 essent
2704 3820 3028 3873 naturaliter
3065 3820 3335 3889 praestitit.
3369 3820 3466 3876 Est
3500 3832 3555 3877 et
3583 3822 3688 3877 Do-

2099 3910 2229 3963 mini
2260 3907 2385 3965 Jesu
2410 3908 2610 3964 Christi
2638 3910 2968 3980 praecipuum
3000 3911 3270 3981 quoddam
3298 3912 3689 3983 ministerium,

2102 4003 2155 4056 in
2199 4018 2292 4057 eos
2337 4002 2533 4072 quibus
2570 4003 2889 4057 naturaliter
2920 4013 2981 4057 ut
3018 4002 3366 4058 rationabiles
3402 4005 3533 4068 sint,
3564 4022 3694 4062 cor.-

2101 4093 2202 4148 fert
2226 4134 2241 4160 ,
2271 4110 2367 4164 per
2403 4095 2545 4163 quod
2579 4094 2645 4148 ad
2680 4094 2795 4150 haec
2839 4110 2959 4164 quze
2993 4102 3151 4161 sunt,
3178 4105 3469 4165 prtestatur
3501 4098 3580 4153 eis
3629 4110 3691 4153 ut

2102 4186 2238 4240 bene
2280 4188 2412 4241 siut.
2449 4186 2541 4241 Est
2579 4196 2633 4241 et
2666 4188 2768 4241 alia
2806 4204 3021 4258 quoque
3048 4189 3210 4242 etiam
3248 4188 3482 4259 Spiritus
3510 4194 3690 4248 sancti

2103 4280 2274 4347 gratia
2302 4294 2421 4349 quae
2454 4279 2631 4349 dignis
2656 4288 2965 4350 praestatur,
3000 4281 3305 4337 ministrata
3345 4283 3560 4352 quidem
3592 4300 3693 4354 per

2102 4368 2399 4438 Christum,
2443 4374 2722 4443 inoperata
2766 4384 2945 4428 autem
2977 4388 3006 4427 a
3040 4373 3198 4430 Patre
3230 4378 3525 4432 secundum
3577 4394 3692 4434 me-

2106 4461 2269 4515 ritum
2309 4478 2497 4517 eorum
2551 4462 2642 4533 qui
2688 4478 2912 4531 capaces
2949 4463 3273 4520 efﬁciuntur.
3320 4466 3471 4534 Quod
3514 4469 3693 4522 mani~

404 4554 503 4611 Ilei
532 4540 711 4612 Patris
741 4566 795 4611 et
820 4556 945 4612 Filii
980 4558 1272 4612 indiscrete
1319 4569 1487 4624 super
1516 4570 1731 4611 omnem
1776 4567 2002 4625 proten-
2037 4554 2080 4612 D
2110 4550 2398 4609 festissime
2440 4555 2640 4611 indicat
2670 4558 2945 4627 apostolus
2978 4558 3195 4622 Paulus,
3227 4574 3387 4613 uuam
3412 4562 3692 4616 eamdem-

406 4649 558 4704 ditur
588 4659 944 4715 creaturam;
1000 4648 1238 4718 Spiritus
1290 4648 1467 4704 sancti
1522 4662 1653 4703 vero
1706 4647 2001 4719 participa-

406 4739 613 4793 tionem
646 4756 676 4794 a
706 4741 914 4795 sanctis
952 4738 1330 4794 tantummodo
1377 4737 1569 4793 haberi
1604 4738 1929 4793 invenimus.
1973 4756 1994 4790 ›

404 4828 477 4884 Ει
502 4830 595 4885 lib.
626 4846 697 4885 vn
726 4833 779 4886 in
808 4832 978 4901 Epist.
1007 4833 1077 4886 ad
1107 4832 1285 4895 Rom.,
1312 4847 1459 4884 num.
1484 4830 1519 4883 6
1551 4845 1569 4883 :
1603 4850 1620 4881 ι
1660 4830 1887 4885 Tantum
1914 4839 2000 4885 est

406 4924 547 4991 quod
576 4924 661 4978 ille
679 4923 965 4995 (Christus)
984 4940 1081 4993 pro
1113 4924 1293 4995 impiis
1323 4930 1571 4977 mortuus
1600 4932 1707 4988 est;
1738 4922 1816 4976 sic
1848 4923 1993 4975 enim

406 5024 462 5064 et
514 5012 629 5081 ipse
683 5013 880 5069 Paulus
928 5016 1194 5081 ostendit,
1234 5030 1357 5069 cum
1408 5014 1541 5069 dicit
1581 5031 1594 5066 :
1630 5012 1813 5065 Adhuc
1856 5014 1995 5066 enim

406 5100 670 5169 Christus,
696 5120 815 5159 cum
846 5104 1049 5173 inﬁrmi
1086 5122 1339 5170 essemus,
1362 5104 1650 5158 secundum
1675 5114 1873 5167 tempus
1899 5120 1993 5174 pro

406 5194 587 5263 impiis
623 5206 861 5252 mortuus
882 5207 959 5252 est
984 5198 1067 5253 ετξ
1103 5210 1324 5254 sanctus
1372 5207 1551 5252 autem
1602 5197 1839 5267 Spiritus
1886 5212 1992 5251 non

480 5333 525 5366 "
556 5334 710 5392 Rom.
743 5354 795 5404 v,
828 5338 879 5393 6.
957 5341 1003 5373 “
1026 5340 1171 5398 Psal.
1200 5356 1374 5405 χχχιι,
1414 5340 1468 5395 6.
1544 5340 1589 5373 ⁸⁸
1615 5341 1631 5395 Ι
1655 5339 1783 5395 Cor.
1818 5355 1918 5406 xn,
1945 5337 2067 5393 4-7.

459 5457 596 5539 μβ)
637 5460 802 5539 [atque
823 5464 941 5539 luce
964 5466 1383 5539 decorandis-ito
1412 5476 1638 5539 sumpta,
1662 5466 1751 5539 vis
1775 5474 1870 5529 est,
1896 5471 2001 5518 etc.

413 5526 617 5609 Sinsine
649 5526 808 5587 Patre
842 5526 1182 5609 rationabilis
1221 5526 1421 5609 a—Filio
1458 5526 1775 5609 illuminari,
1809 5526 1995 5588 sancta

415 5614 461 5679 a.
476 5597 674 5679 Spiritu
735 5607 1288 5679 sancto_sanctilicari
1329 5608 1535 5679 diceret
1567 5597 1849 5679 Origenes,
1881 5620 1997 5658 me-

417 5672 525 5721 rito
558 5672 613 5745 _in
650 5680 890 5745 sanctam
920 5672 1242 5729 Trinitatem
1270 5675 1567 5745 iniuriosus
1591 5672 1887 5738 videretur.
1904 5684 1998 5745 731'

418 5752 525 5813 que
557 5739 703 5813 haud
726 5742 936 5813 scioan
974 5745 1145 5811 ipsum
1174 5746 1225 5798 in
1276 5739 1490 5800 Patrem
1529 5745 1854 5813 iniuriosior.
1891 5744 1996 5797 Sed

420 5807 481 5861 in
504 5821 569 5861 eo
598 5809 738 5865 nulla
774 5812 930 5882 hujus
971 5807 1173 5870 erroris
1224 5815 1456 5884 suSpicio
1485 5807 1702 5883 residet,
1735 5832 1797 5871 ac
1824 5816 2001 5869 Patris

2108 4660 2214 4715 que
2238 4648 2492 4703 virtutem
2524 4649 2809 4708 Trinitatis
2840 4666 3117 4723 exponens
3146 4652 3199 4705 in
3254 4667 3320 4706 eo
3360 4668 3483 4708 cum
3521 4654 3688 4710 dicit:

2108 4736 2399 4793 Divisiones
2439 4751 2561 4796 sunt
2596 4744 2880 4811 donorum,
2914 4746 3053 4799 idem
3102 4755 3275 4797 autem
3317 4741 3548 4811 Spiritus
3580 4761 3600 4799 .'
3638 4760 3690 4802 et

2106 4831 2385 4888 divisiones
2430 4848 2552 4889 sunt
2591 4837 3038 4903 ministeriorum,
3084 4838 3225 4891 idem
3276 4848 3455 4893 autem
3502 4842 3692 4897 Domi-

2106 4936 2201 4975 nus
2234 4936 2253 4973 :
2287 4934 2336 4977 et
2386 4924 2667 4980 divisiones
2716 4928 3078 4996 operationum
3134 4938 3277 4995 sunt,
3326 4932 3465 4986 idem
3510 4943 3690 4989 autem

2102 5011 2244 5068 Deus
2267 5016 2356 5084 qui
2387 5028 2633 5083 cperatur
2663 5020 2841 5073 omnia
2872 5020 2929 5074 in
2970 5021 3230 5075 omnibus.
3264 5018 3559 5094 Unicuique
3589 5044 3693 5080 au-

2104 5112 2205 5158 tem
2254 5111 2415 5159 datur
2464 5108 2823 5177 manifestatio
2872 5109 3108 5179 Spiritus
3140 5115 3425 5166 secundum
3460 5117 3513 5168 id
3546 5119 3692 5186 quod

2102 5195 2309 5264 expedit
2356 5193 2426 5249 “.
2477 5195 2555 5249 Ex
2586 5212 2693 5267 quo
2728 5198 3170 5255 manifestissime
3203 5202 3517 5272 designatur
3545 5210 3692 5277 quod

2115 5461 2367 5532 virtutem
2400 5460 2451 5513 in
2478 5459 2578 5516 hoc
2610 5471 2814 5516 tantum
2844 5462 3044 5516 virtute
3070 5456 3189 5516 Filii
3218 5470 3274 5517 et
3301 5463 3535 5532 Spiritus
3567 5479 3689 5520 ma-

2105 5531 2279 5599 jorem
2305 5532 2437 5583 dicit
2468 5543 2521 5585 et
2567 5532 2728 5586 latius
2759 5543 3058 5601 parentem,
3092 5534 3233 5599 quod
3264 5531 3387 5587 cum
3444 5538 3688 5590 rationa-

2107 5603 2231 5654 bilia
2257 5620 2285 5654 a
2325 5601 2463 5671 Filio
2491 5603 2775 5668 rationem,
2811 5613 2993 5656 sancta
3034 5618 3063 5656 a
3092 5603 3294 5671 Spiritu
3340 5608 3687 5660 sanctitatem

2107 5673 2394 5741 accipiant,
2428 5670 2595 5725 Filius
2640 5691 2667 5726 ιι
2718 5672 2896 5725 Patre.
2935 5670 3169 5739 Spiritus
3199 5689 3227 5726 a
3272 5672 3433 5728 Patre
3466 5686 3521 5730 et
3548 5675 3688 5729 Filio

2105 5745 2284 5796 omnia
2312 5745 2714 5809 acceperint.—
2746 5745 2803 5797 υ.
2843 5744 3181 5797 Prudentius.
3215 5743 3408 5800 Mitem
3429 5744 3508 5800 De
3548 5746 3691 5801 diei-

2106 5815 2269 5868 nitnte
2298 5815 2515 5881 Christi,
2546 5814 2636 5869 lib.
2674 5829 2746 5881 tv,
2776 5829 2894 5882 cap.
2926 5812 3008 5879 H5,
3039 5830 3185 5868 Dtlllt.
3209 5814 3270 5867 ἒ.
