4160 6402
413 394 520 453 789
1219 384 1793 447 οιιιςΕΝιΑΝοιιυΜ
1830 383 1958 439 LIB.
2003 381 2019 435 l

2120 381 2262 439 CAP.
2306 381 2370 448 ll,
2407 381 2688 450 QUEST.
2733 382 2799 436 ll.
3577 382 3681 438 730

415 501 566 568 nnlla'
587 520 670 567 est
690 512 744 566 in
776 498 1042 566 Trinitate
1067 508 1346 574 discretio,
1370 509 1462 564 sed
1502 509 1606 562 hoc
1634 507 1776 577 quod
1803 505 2000 560 donum
2028 508 2077 565 Α
2106 503 2222 572 prie
2247 502 2502 558 vocamus
2533 503 2752 556 nomine
2790 500 3104 570 Sapientia,
3139 515 3263 556 cum
3291 499 3362 554 sit
3391 498 3678 554 universa-

417 604 653 675 Spiritus
674 605 896 666 dicitur,
940 601 1317 656 manifestatur
1362 615 1457 670 per
1486 600 1704 664 Filium,
1727 607 1782 653 et
1811 599 2000 667 inope-
2106 593 2231 648 liter
2264 604 2316 649 et
2357 592 2590 663 Spiritus
2627 603 2878 658 sanctus,
2909 602 2963 646 et
2995 590 3156 646 Pater
3201 591 3315 660 ipsa
3366 587 3680 658 Sapientia;

417 709 570 751 ratur
597 709 692 764 per
718 689 1361 780 Deumopatremﬂmnia
1380 698 1559 742 autem
1587 695 1836 758 operatur
1863 699 1997 738 unus
2106 687 2181 741 ita
2215 686 2450 757 Spiritus
2505 693 2728 741 sanctus
2775 686 2992 754 proprie
3045 693 3389 754 nuncupatur
3418 682 3686 737 vocabulo

414 803 572 860 atque
598 790 736 843 idem
770 769 1030 857 Spiritus,
1059 785 1296 840 dividens
1321 783 1600 850 unicuique
1624 787 1778 850 prout
1813 777 1947 831 vult.
1974 792 1994 826 ι
2058 769 2080 783 ⁸
2107 781 2411 844 charitatis,
2435 795 2558 834 cum
2588 779 2658 834 sit
2684 778 3067 834 universaliter
3095 779 3336 834 charitas
3367 786 3423 834 et
3449 776 3611 832 Pater
3632 785 3689 830 et.

417 881 559 950 Quin
584 883 746 935 etiam
791 877 1164 934 sanctimonia
1196 874 1538 930 collationem
1575 871 1715 926 idem
1755 867 1893 922 Filio
1919 881 2006 921 as-

418 974 629 1044 signat;
661 969 942 1042 sapientia
976 983 1106 1023 vero
1137 982 1203 1021 ac
1246 965 1490 1022 scientia
1519 961 1749 1033 gratiam
1778 956 2002 1028 Spiritui

418 1077 607 1127 sancto
629 1066 812 1120 itidem
839 1070 898 1116 ut
930 1058 1068 1115 Filio
1088 1065 1361 1127 acceptam
1395 1054 1584 1109 refert.
1617 1071 1636 1105 ι
1668 1049 1840 1113 Unde,
1872 1069 1890 1100 ι
1926 1050 2007 1102 in—

418 1160 556 1231 quit,
581 1155 715 1212 ibid.
745 1168 894 1208 num.
914 1151 967 1216 8,
988 1169 1007 1202 ι
1033 1149 1332 1220 inoperatio
1356 1144 1556 1210 Patris,
1581 1158 1702 1213 qua
1731 1156 1848 1196 esse
1872 1154 2007 1209 pra-

422 1260 532 1308 stat
572 1248 845 1311 omnibus,
887 1243 1086 1299 clarior
1135 1255 1199 1295 ac
1236 1235 1668 1308 magniﬁcentior
1710 1232 2002 1294 invenitur,

422 1359 544 1400 cum
590 1338 956 1409 unusquisque
997 1348 1094 1404 per
1139 1331 1608 1402 participationem
1648 1325 1886 1389 Christi,
1928 1338 2008 1377 se-

421 1437 658 1493 cundum
687 1432 741 1486 id
769 1429 916 1500 quod
944 1425 1208 1496 sapientia
1239 1433 1345 1491 est,
1375 1433 1430 1479 et
1457 1421 1750 1477 secundum
1783 1417 1835 1472 id
1868 1415 2011 1486 quod

423 1528 648 1587 scientia
674 1535 779 1592 est,
814 1533 868 1579 et
891 1519 1256 1580 sanctiﬁcatio
1283 1527 1392 1584 est,
1418 1517 1655 1587 proficit,
1676 1525 1732 1571 et
1760 1515 1815 1569 in
1851 1515 2010 1570 altio-

424 1638 513 1678 res
539 1619 874 1693 profectuum
904 1614 1104 1686 gradus
1126 1611 1295 1678 venit,
1312 1620 1367 1666 et
1385 1625 1480 1682 per
1505 1611 1606 1665 hoc
1629 1607 1771 1678 quod
1798 1607 2012 1678 partici-

424 1711 642 1782 patione
678 1707 853 1765 sancti
899 1704 1130 1775 Spiritus
1159 1704 1332 1758 factus
1368 1708 1451 1757 est
1479 1699 1600 1770 quis
1638 1698 1821 1768 purior
1851 1705 2012 1766 atque

423 1803 707 1870 sincerior,
720 1799 943 1856 eli‘ectus
962 1798 1154 1868 dignus
1173 1794 1362 1864 recipit
1381 1792 1659 1862 sapientia
1687 1805 1749 1844 ac
1769 1789 2010 1844 scientia

423 1897 676 1970 gratiam.
717 1912 735 1945 ι
766 1889 983 1961 Repetit
1021 1888 1126 1942 ista
1171 1900 1291 1954 cap.
1332 1883 1429 1950 18,
1478 1893 1673 1936 auctor
1713 1878 1878 1934 libelli
1932 1877 2010 1932 De

422 1991 621 2044 deitate
655 1996 703 2040 ct
741 1982 1106 2037 incarnatione
1140 1975 1317 2042 Verbi,
1351 1974 1418 2030 ad
1450 1971 1898 2040 Januarium,qui
1943 1971 2009 2023 ad

423 2082 630 2138 calcem
695 2073 934 2131 tomi-IV
999 2069 1288 2141 Augustini
1331 2066 1692 2121 subnectitur.
1748 2062 1879 2128 Qua
1942 2077 2011 2118 ne

425 2175 549 2246 quis
582 2189 612 2227 a
649 2169 842 2224 Ruﬁno
873 2166 1170 2234 interprete
1207 2161 1259 2215 in
1289 2157 1541 2229 Origenis
1582 2155 1811 2225 gratiam
1843 2155 2012 2210 confi-

427 2280 514 2322 cta
549 2272 725 2336 putet,
759 2259 990 2316 similem
1025 2256 1382 2325 adjungemus
1427 2249 1606 2304 locum
1634 2263 1664 2302 e
1707 2257 1838 2301 tom.
1880 2261 1919 2299 ιι
1958 2246 2011 2298 in

425 2359 627 2421 Joan.,
660 2369 808 2408 num.
851 2351 884 2406 6
922 2369 935 2404 :
971 2343 1046 2404 Οῦ
1089 2347 1262 2419 (Υἱοῦ)
1301 2343 1521 2416 χρῄζειν
1573 2341 1716 2395 ἔοικε
1756 2340 1819 2394 τὸ
1859 2339 2013 2408 ἆγιον

427 2449 674 2519 Πνεῦμα,
707 2441 1078 2504 διακονοῦντος
1129 2437 1294 2492 αὐτοῦ
1314 2440 1380 2509 τῇ
1410 2435 1734 2496 ὑποστάσει,
1767 2433 1826 2486 οὐ
1855 2433 2013 2504 μόνον

427 2543 509 2604 εἰς
543 2541 605 2594 τὸ
631 2534 789 2602 εἶναι,
812 2534 949 2589 ἀλλὰ
995 2533 1088 2587 καὶ
1131 2531 1292 2601 σοφὸν
1329 2525 1488 2593 εἶναι,
1517 2529 1614 2581 καὶ
1643 2525 1879 2595 λογικὸν,
1921 2523 2015 2578 καὶ

426 2637 655 2699 δίκαιον,
679 2632 774 2686 καὶ
795 2631 904 2683 πᾶν
929 2625 1213 2682 ὀτιποτοῦν
1240 2623 1345 2695 χρὴ
1374 2622 1506 2676 αὐτὸ
1534 2621 1674 2675 νοεῖν
1701 2617 2014 2688 τυγχάνειν,

428 2726 571 2782 κατὰ
597 2722 827 2797 μετοχὴν
853 2720 963 2774 τῶν
1000 2717 1412 2791 προειρημένων
1449 2715 1578 2785 ἡμῖν
1607 2709 1844 2783 Χριστοῦ
1893 2710 2015 2761 ὲπι-
2075 2722 2082 2734 ε

426 2820 586 2876 νοιῶν
605 2837 618 2849 ·
638 2814 791 2889 οἶμαι
821 2816 880 2869 δὲ
905 2814 966 2868 τὸ
987 2815 1140 2882 ἅγιον
1166 2809 1389 2880 Πνεῦμα
1418 2806 1536 2878 τὴν,
1567 2805 1634 2858 ἶν’
1658 2803 1830 2866 οὕτως
1855 2803 2015 2866 εῐπω,

428 2912 562 2985 ὕλην
598 2910 709 2966 τῶν
756 2908 867 2963 ἀπὸ
908 2905 1042 2960 Θεοῦ
1096 2901 1450 2976 χαρισμάτων
1501 2896 1760 2969 παρέχειν
1786 2895 1898 2957 τοῖς
1949 2894 2016 2946 δι’

429 3004 564 3060 αὐτὸ
595 3002 689 3057 καὶ
729 2999 827 3072 τὴν
867 2997 1098 3071 μετοχὴν
1124 2993 1290 3050 αὐτοῦ
1340 2989 1772 3064 χρηματίζουσιν
1819 2985 2016 3054 ἁγίοις,

427 3099 528 3170 τῆς
578 3093 876 3167 εἰρημένης
909 3090 1041 3162 ὕλης
1090 3088 1198 3142 τῶν
1229 3083 1582 3158 χαρισμάτων
1623 3077 2020 3151 ἐνεργουμένης

434 3167 534 3263 μέν
555 3189 664 3245 ἀπὸ
689 3182 784 3240 τοῦ
805 3184 962 3249 Θεοῦ,
978 3178 1397 3250 διακονουμένης
1429 3176 1485 3229 δὲ
1512 3174 1617 3228 ὑπὸ
1637 3171 1730 3226 τοῦ
1760 3167 2021 3242 Χριστοῦ,
2052 3201 2094 3259 c

431 3259 751 3351 ῦφεστὼσης
765 3277 822 3331 δὲ
843 3275 982 3330 κατὰ
996 3273 1057 3328 τὸ
1074 3273 1226 3342 ἅγιον
1237 3268 1484 3340 Πνεῦμα·
1501 3266 1594 3320 καὶ
1609 3265 1752 3319 κινεῖ
1771 3280 1839 3335 με
1861 3263 1943 3324 εἰς
1963 3259 2025 3314 τὸ

431 3372 584 3428 ταῦθ’
597 3371 766 3435 οὕτως
786 3369 928 3441 ἔχειν
947 3364 1234 3420 ὑπολαϐεῖν
1262 3359 1473 3424 Παῦλος
1499 3359 1628 3430 περι¹
1659 3353 2020 3428 χαρισμάτων

430 3467 575 3524 οὕτω
601 3481 705 3520 που
747 3461 990 3534 γράφωνο
1023 3454 1348 3525 Διαιρέσεις
1375 3451 1444 3506 δὲ
1476 3450 1859 3521 χαρισμάτων
1880 3447 2025 3514 εισι,

432 3557 500 3614 τὸ
531 3553 746 3610 δἀὐτὸ
765 3549 1034 3620 Πνεῦμαο
1063 3546 1161 3601 καὶ
1189 3541 1508 3612 διαιρέσεις
1539 3535 1854 3593 διακονιῶν
1883 3535 2024 3601 εισι,

434 3650 536 3706 καὶ
563 3651 597 3704 ό
629 3645 810 3710 αὐτὸς
845 3641 1060 3709 Κύριος
1094 3653 1110 3669 ο
1129 3634 1228 3691 καὶ
1265 3631 1583 3703 διαιρέσεις
1613 3625 2028 3700 ἐνεργημάτων

433 3741 576 3807 εισι,
602 3739 702 3794 καὶ
727 3739 760 3792 ό
791 3735 975 3801 αὑτός
1013 3733 1146 3786 ἐστι
1193 3727 1340 3795 Θεὸς
1368 3729 1402 3782 ό
1430 3722 1690 3796 ἐνεργῶν
1713 3723 1787 3776 τὰ
1827 3721 2025 3776 πάντα

433 3835 506 3888 ἐν
534 3829 744 3886 πᾶσιν.
790 3825 994 3894 Purgat
1018 3830 1072 3878 et
1101 3817 1235 3875 illud
1262 3815 1552 3888 Origenem
1590 3815 1735 3885 quod
1773 3814 1826 3868 in
1852 3811 2024 3882 prima

435 3926 555 3996 ejus
584 3926 638 3979 in
667 3919 874 3978 Isaiam
905 3915 1138 3974 bomelia
1162 3912 1361 3982 legitur
1391 3921 1545 3964 num.
1570 3905 1605 3960 4
1630 3924 1643 3961 :
1666 3925 1684 3957 ι
1709 3904 1952 3974 Denique
1968 3909 2027 3957 ut

437 3993 700 4073 unitatem
721 4010 946 4068 Deitatis
971 4009 1026 4064 in
1055 4005 1329 4062 Trinitate
1355 4011 1681 4071 cognoscas,
1696 3996 1845 4052 solus
1866 3993 2026 4050 Chri-

437 4118 554 4165 stus
585 4108 638 4162 in
669 4102 920 4176 prasenti
951 4100 1184 4156 lectione
1221 4109 1366 4152 nunc
1394 4101 1620 4164 peccata
1662 4085 1892 4145 dimittit
1923 4102 1939 4150 ;
1967 4093 2024 4140 et

439 4209 620 4255 tamen
669 4203 878 4251 certum
933 4197 1018 4247 est
1062 4203 1092 4244 a
1147 4183 1416 4241 Trinitate
1465 4189 1692 4251 peccata
1740 4176 1959 4232 dimitti.
1996 4194 2017 4228 ι

437 4289 641 4361 Purgat
671 4297 725 4344 et
750 4283 1074 4342 Paschasius
1094 4279 1374 4344 diaconus,
1394 4274 1489 4330 lib.
1508 4289 1527 4328 ι
1550 4270 1630 4326 De
1653 4269 1860 4340 Spiritu
1896 4283 2024 4322 san-

438 4391 524 4437 cto
553 4379 692 4454 (l9),
723 4392 841 4448 cap.
871 4375 926 4440 9,
947 4371 1196 4442 Origenis
1225 4367 1327 4424 sibi
1369 4361 1692 4420 sententiam
1720 4371 2018 4428 usurpans:

445 4491 466 4525 ι
499 4447 768 4542 quantum
790 4447 846 4523 itt
871 4463 1168 4535 Scripturis
1199 4459 1424 4524 sanctis,
1454 4454 1662 4525 inquit,
1694 4447 2020 4506 manifestis-

440 4567 578 4625 sime
614 4561 1058 4636 deprehenditur,
1085 4556 1188 4611 alia
1217 4553 1381 4608 Pater
1408 4550 1524 4619 ipse
1555 4561 1650 4618 per
1670 4559 1750 4609 se,
1768 4557 1796 4596 a

439 4661 653 4719 cialiter
675 4633 768 4730 per
795 4655 1012 4722 Filium,
1043 4654 1146 4707 alia
1180 4664 1276 4720 per
1303 4645 1572 4718 Spiritum
1599 4647 1871 4701 sanctum,
1898 4633 2025 4688 licet

441 4754 544 4810 sub
587 4749 869 4822 privilegio
897 4745 1148 4817 potentia
1193 4735 1517 4799 communis,
1559 4741 1838 4801 operatur.
1884 4724 2025 4791 Quia

441 4821 645 4910 sumus,
676 4843 743 4898 ad
789 4841 1001 4894 Patrem
1051 4833 1266 4907 pr0prie
1311 4827 1504 4886 referri
1546 4825 1798 4888 videtur;
1826 4821 2021 4890 inquo,

442 4938 585 4994 sicut
623 4932 911 5004 Apostolus
940 4927 1135 4983 dicit“
1168 4943 1182 4979 :
1224 4923 1480 4985 Vivimus,
1525 4930 1820 4979 movemur,
1856 4922 1902 4966 et
1936 4927 2024 4964 su-

368 5060 386 5104 χ
442 5043 581 5084 mus.
615 5001 767 5094 Quod
814 5036 946 5078 vero
990 5018 1236 5082 rationis,
1265 5024 1322 5069 et
1356 5010 1658 5082 sapientia,
1699 5015 1754 5060 et
1793 5001 2017 5072 iustitia

443 5132 673 5192 capaces
697 5130 900 5181 sumus,
919 5113 994 5168 illi
1020 5109 1325 5183 specialiter
1342 5105 1432 5177 qui
1452 5110 1536 5159 est
1552 5101 1695 5156 ratio
1721 5107 1776 5153 et
1804 5096 2015 5166 sapien-

446 5190 542 5278 tia,
573 5220 630 5267 et
648 5207 882 5280 jttstitia,
918 5207 970 5261 id
1000 5211 1085 5260 est
1119 5201 1256 5257 Filio
1295 5199 1606 5268 deputatur.
1640 5190 1794 5259 Quod
1833 5197 2012 5241 autem

443 5301 622 5359 vocati
653 5309 1057 5369 regeneramur,
1091 5289 1332 5347 innovati
1363 5285 1789 5344 sanctiﬁcamur,
1811 5293 1907 5348 per
1936 5277 2016 5331 di-

444 5393 566 5448 vina
591 5368 800 5460 eloquia
831 5399 1076 5458 persona
1101 5381 1335 5453 Spiritus
1361 5375 1532 5434 sancti
1559 5373 1836 5430 evidenter
1855 5368 2026 5424 ascri-

444 5487 608 5542 bitur.
639 5503 658 5537 )
687 5458 952 5539 Praclare
983 5487 1039 5534 et
1075 5475 1142 5530 ad
1190 5487 1304 5528 rem
1340 5467 1676 5539 Augustinus
1706 5463 1802 5517 lib.
1837 5475 1904 5515 xv
1948 5458 2022 5512 De

449 5573 664 5641 Trinit.,
703 5587 826 5642 cap.
856 5570 957 5625 l7:
990 5587 1010 5621 ι
1046 5566 1200 5622 Sicut
1236 5561 1456 5617 unicum
1498 5556 1596 5612 Dei
1636 5554 1868 5609 Verbum
1895 5566 2023 5621 pro-

515 5688 607 5745 ”l
635 5687 763 5744 Cor.
791 5703 890 5750 xu,
927 5683 1013 5739 ll.
1087 5681 1130 5712 ⁵¹
1154 5679 1276 5734 Act.
1303 5690 1436 5740 xvtt,
1465 5673 1558 5730 28.

517 5803 629 5874 (l9)
661 5801 816 5874 Tom.
857 5795 922 5852 Vl
961 5794 1098 5874 Bibl.
1133 5791 1285 5874 Patr.

664 5845 1146 5938 ilzaar'juin
1173 5845 1409 5933 δέησιν,
1449 5866 1557 5915 etc.
1592 5854 1670 5911 Ex
1724 5851 1827 5934 hoc
1873 5845 2024 5905 testi-
2060 5864 2064 5870 ·

2107 871 2295 926 Filius.
2338 889 2356 922 ι

2181 985 2303 1040 Pari
2343 985 2500 1040 modo
2546 982 2851 1054 excipimus
2880 982 3196 1053 petitionem
3227 981 3452 1036 alteram
3475 1022 3488 1044 ,
3522 996 3688 1049 supe-

2107 1080 2270 1137 rioris
2291 1078 2450 1146 hujus
2476 1076 2709 1132 aﬂinem.
2751 1077 3012 1144 Queritur
3039 1076 3371 1131 Athanasius
3405 1078 3458 1128 in
3491 1074 3688 1129 Matth.

2110 1188 2210 1238 xu,
2233 1170 2324 1237 '52,
2359 1180 2578 1241 putasse
2618 1167 2908 1242 Origenem
2939 1177 3160 1238 peccata
3190 1169 3244 1222 in
3282 1167 3540 1238 Spiritum
3565 1181 3691 1222 san-

2111 1271 2256 1318 ctum
2314 1276 2377 1317 ea
2430 1276 2553 1318 esse
2597 1277 2717 1331 qua
2757 1270 2878 1332 post
2925 1261 3250 1330 baptismum
3313 1261 3688 1312 admittuntur.

2111 1356 2314 1426 Nempe
2347 1371 2469 1411 cum
2497 1356 2552 1409 in
2583 1354 2791 1410 sanctis
2820 1362 2876 1408 et
2909 1352 3236 1408 Christianis
3275 1351 3446 1406 solum
3477 1351 3692 1418 operari

2114 1447 2374 1518 Spiritum
2416 1455 2666 1503 sanctum
2711 1445 2949 1509 dixerit,
2998 1444 3246 1513 sequitur
3295 1458 3415 1496 cum
3468 1451 3693 1511 peccant

2113 1541 2238 1609 ipsi,
2271 1547 2498 1608 peccato
2540 1538 2776 1607 ipsorum
2826 1551 2944 1591 eam
2980 1535 3250 1605 pracipue
3279 1532 3479 1588 offendi
3511 1531 3695 1591 Trini-

2113 1633 2240 1687 tatis
2272 1644 2562 1700 personam
2587 1629 2780 1698 quain
2801 1627 2868 1682 iis
2887 1636 3172 1697 operatur,
3202 1624 3466 1695 Spiritum
3497 1636 3695 1693 nempe

2112 1732 2389 1779 sanctum.
2412 1721 2527 1777 Non
2571 1721 2798 1775 multum
2849 1719 2973 1774 inde
3018 1717 3309 1774 abludebat
3338 1716 3695 1780 Novatianus,

2119 1813 2498 1868 remissionem
2551 1821 2899 1882 peccatorum
2957 1811 3122 1880 lapsis
3185 1809 3404 1863 concedi
3458 1822 3694 1878 negans,

2110 1907 2254 1978 quod
2280 1906 2716 1961 Christianorum
2749 1904 2988 1974 peccatis
3024 1899 3229 1956 offendi
3263 1900 3523 1971 Spiritum
3568 1913 3697 1954 san-

2112 2007 2258 2053 ctum
2309 1997 2536 2064 diceret,
2569 1995 2725 2064 cujus
2763 1993 3094 2048 oﬂ'ensiones
3133 2006 3232 2046 nec
3275 1991 3328 2045 in
3368 1991 3470 2045 hoc
3501 1990 3699 2044 saculo

2113 2103 2213 2144 nec
2245 2089 2300 2142 in
2324 2086 2506 2142 futuro
2541 2086 2743 2142 remitti
2773 2085 3024 2141 Christus
3048 2083 3252 2137 docuit.
3283 2081 3390 2137 Sed
3435 2083 3699 2150 quemad-

2113 2179 2329 2233 modum
2364 2179 2418 2232 in
2449 2175 2774 2232 Christianis
2803 2173 3017 2244 operari
3049 2172 3280 2228 credidit
3302 2172 3562 2242 Origenes
3592 2182 3703 2225 tres

2114 2271 2402 2327 Trinitatis
2429 2283 2726 2340 personas,
2761 2266 2978 2322 etiamsi
3022 2265 3270 2334 operatio
3322 2264 3435 2318 hac
3473 2262 3700 2332 Spiritui

2115 2373 2305 2418 sancto
2337 2363 2551 2432 proprie
2577 2359 2739 2416 tribui
2774 2359 2984 2424 soleat;
3008 2359 3084 2411 ita
3105 2355 3544 2412 Christianorum
3571 2368 3699 2424 pec-

2115 2455 2250 2510 catis
2283 2461 2406 2524 pust
2443 2454 2770 2522 baptismum
2812 2450 3065 2505 admissis
3110 2449 3226 2501 ladi
3273 2447 3490 2515 proprie
3524 2447 3700 2515 ipsum

2116 2549 2275 2616 dixit,
2298 2547 2546 2617 quamvis
2573 2545 2770 2600 Filium
2820 2556 3038 2613 quoque
3063 2550 3119 2595 et
3155 2541 3368 2594 Patrem
3394 2538 3586 2593 iisdem
3619 2537 3704 2592 of-

2117 2637 2263 2694 fendi
2293 2639 2365 2694 sit
2392 2637 2716 2693 arbitratus.

2185 2771 2382 2826 XXIX.
2416 2771 2549 2825 Illud
2586 2777 2850 2840 praterea
2878 2767 2934 2821 in
2983 2765 3214 2835 Origene
3233 2761 3503 2830 culpatum
3534 2757 3707 2812 fuisse

2118 2872 2508 2922 commemorat
2537 2875 2838 2932 anonymus
2867 2857 2958 2913 ille
2985 2871 3146 2927 quem
3181 2868 3278 2925 pro
3309 2867 3374 2907 eo
3402 2851 3706 2920 Apologinm

2118 2948 2402 3027 scripsisse
2447 2951 2612 3008 tradit
2647 2950 2872 3005 Photius
2922 2947 3048 3004 cod.
3084 2959 3233 3000 cxvu
3259 2982 3274 3008 ,
3309 2941 3454 3012 quod
3507 2938 3703 2993 Filium

2120 3050 2434 3118 neutiquam
2481 3039 2844 3101 invocandum
2876 3054 3001 3096 esse
3041 3033 3499 3109 pronuntiaverit.
3543 3029 3706 3084 Mini-

2127 3157 2214 3198 me
2246 3141 2461 3211 quidem
2491 3136 2756 3194 orandnm
2786 3148 2908 3190 cum
2949 3131 3110 3186 Patre
3142 3128 3362 3191 Filium,
3394 3139 3500 3181 non
3525 3132 3708 3177 autem

2127 3513 2242 3583 ipse
2274 3510 2570 3580 Origenes,
2600 3504 2741 3575 quod
2779 3499 2949 3556 Filius
3001 3497 3097 3583 Dei
3151 3494 3354 3551 sanctis
3398 3488 3711 3545 hominibus

2125 3579 2497 3675 comparatus,
2522 3599 2724 3655 veritas
2745 3596 2857 3662 sit;
2887 3579 3030 3646 Patri
3061 3588 3291 3645 collatus
3323 3581 3705 3643 mendacium;

2125 3707 2182 3753 et
2205 3671 2465 3764 quantum
2508 3691 2716 3746 distant
2757 3684 2985 3757 apostoli
3016 3681 3259 3741 Christo,
3282 3686 3490 3764 tantum
3532 3671 3708 3726 Filius

2126 3761 2296 3840 Patri.
2327 3781 2483 3838 Unde
2516 3795 2615 3835 nec
2641 3777 2881 3834 orandus
2915 3782 3000 3830 est
3036 3771 3206 3826 Filius
3233 3781 3356 3823 cum
3382 3763 3561 3828 Patre,
3579 3761 3706 3830 quia

2126 3892 2233 3934 non
2257 3883 2448 3930 auctor
2471 3881 2556 3929 est
2587 3867 3032 3940 indulgendarttnt
3080 3861 3419 3934 petitionum,
3455 3856 3549 3912 sed
3578 3870 3710 3924 sup-

2124 3968 2370 4039 plicator.
2417 3982 2436 4018 ι
2474 3965 2770 4031 Utramque
2820 3957 3226 4014 accusationem
3272 3949 3585 4020 complexus
3627 3953 3714 4001 est

2124 4036 2454 4126 Theophilus
2501 4049 2902 4109 Alexandrinus
2935 4045 3134 4099 Pasch.
3171 4057 3209 4097 tt
3231 4083 3247 4108 ,
3284 4039 3376 4094 ubi
3424 4036 3712 4126 Origenem

2123 4149 2202 4202 ait
2238 4125 2428 4200 ausum
2458 4159 2579 4199 esse
2605 4141 2806 4203 dicere,
2846 4156 2866 4190 ι
2903 4134 3019 4189 Non
3046 4147 3168 4189 esse
3193 4130 3458 4186 orandum
3487 4125 3711 4189 Filium,

2123 4253 2301 4308 neque
2321 4251 2443 4293 cum
2471 4234 2611 4290 Filio
2630 4231 2876 4295 Patrem;
2900 4247 2920 4282 ι
2953 4241 3073 4296 qua
3093 4222 3310 4294 quidem
3338 4218 3568 4273 absurda
3605 4224 3712 4282 est,

2121 4339 2177 4387 et
2208 4306 2392 4385 secum
2429 4339 2675 4397 pugnans
2706 4318 3055 4388 conquestio;
3085 4329 3210 4370 nam
3247 4313 3292 4368 si
3316 4309 3516 4365 Filium
3565 4306 3713 4362 orari

2122 4430 2272 4478 vetat
2293 4419 2580 4489 Origenes,
2616 4429 2714 4470 cur
2756 4411 3016 4466 vetuisset
3043 4407 3256 4461 Patrem
3287 4401 3435 4459 orari
3465 4415 3588 4456 cum
3620 4397 3713 4453 Fi-

1802 4499 2023 4610 ᾖξξρέ-
2052 4541 2103 4602 ι)
2126 4516 2222 4582 lio,
2250 4513 2342 4583 qui
2376 4511 2687 4580 neutiquam
2717 4505 2956 4561 orandus
2980 4499 3112 4558 est?

2202 4626 2456 4683 Profecto
2482 4623 2527 4678 si
2577 4621 2719 4676 dicta
2770 4615 3020 4687 superius
3045 4613 3111 4669 de
3141 4607 3345 4666 violata
3389 4605 3457 4660 ab
3482 4601 3717 4673 Origene

2130 4720 2257 4776 Filii
2285 4716 2570 4786 majestate
2590 4710 2958 4774 recordemur,
2973 4705 3103 4777 quid
3135 4703 3202 4758 de
3229 4703 3348 4770 ejus
3373 4695 3716 4754 invocatione

2128 4812 2337 4883 opinari
2356 4784 2626 4872 debuerit,
2644 4803 2801 4860 facile
2821 4798 3298 4870 deprehendamus.
3317 4791 3451 4848 Cum
3475 4787 3617 4843 enim
3647 4784 3717 4838 ad

2128 4906 2248 4976 ejus
2263 4902 2577 4974 dignitatem
2609 4911 2767 4968 quem
2789 4893 3042 4965 precibus
3069 4886 3471 4955 compellamus,
3501 4890 3716 4931 accom-

2127 4968 2346 5053 modata
2380 5007 2504 5049 esse
2537 4990 2730 5046 debeat
2753 4987 2928 5043 oratio
2965 4992 3172 5047 nostra,
3195 4971 3471 5033 humiliori
3496 4968 3713 5023 Patrem

2123 5088 2500 5144 obsecratione
2537 5081 2902 5137 venerandum
2939 5089 3060 5131 esse
3098 5085 3258 5141 quam
3298 5066 3494 5121 Filium
3528 5062 3710 5116 dicere

2123 5175 2310 5230 debuit
2344 5171 2633 5242 Origenes,
2666 5170 2712 5224 si
2745 5166 3004 5223 doctrina
3041 5175 3153 5216 sua
3193 5154 3581 5214 connexionem
3620 5163 3712 5202 re-

2124 5267 2302 5322 tinere
2342 5239 2534 5320 voluit.
2572 5261 2760 5330 Neque
2808 5256 3117 5325 conjectura
3163 5255 3348 5304 nostra
3401 5259 3500 5297 nos
3547 5239 3710 5297 fallit,

2131 5361 2418 5432 genuinam
2450 5360 2593 5414 enim
2626 5355 2794 5410 fuisse
2834 5352 2974 5407 hanc
3001 5347 3118 5417 ejus
3162 5338 3492 5398 sententiam
3532 5332 3715 5387 decla-

2131 5424 2257 5512 rant
2287 5454 2409 5510 libri
2434 5463 2614 5506 contra
2645 5448 2877 5508 Celsum,
2895 5453 3124 5512 quorum
3157 5433 3347 5503 quinto
3378 5443 3528 5483 num.
3563 5424 3600 5479 4
3631 5425 3713 5479 sic

2132 5547 2349 5604 disserit
2376 5565 2389 5600 :
2416 5546 2603 5598 Πᾶσαν
2631 5541 2730 5613 μὲν
2763 5539 2872 5609 γὰρ
2895 5535 3090 5607 δέησιν
3117 5527 3254 5600 (20),
3278 5523 3373 5579 καὶ
3401 5514 3714 5592 προσευχὴν

2124 5769 2328 5830 monio,
2359 5773 2414 5820 et
2443 5763 2564 5818 aliis
2610 5761 2751 5818 infra
2789 5755 3069 5830 adductis,
3088 5749 3430 5830 perspicuum
3450 5756 3598 5830 esse
3615 5753 3710 5830 ph:

2136 5811 2982 5914 Filiiutn—aﬁjcstateut
3025 5811 3105 5883 ab
3133 5811 3366 5891 Origene
3416 5811 3624 5874 violari.
3651 5814 3709 5860 ω
