2080 3202
242 192 289 220 791

877 190 907 217 Ρ.
928 188 1086 217 DANIELIS
1104 189 1220 217 llUETll

1822 189 1877 219 79‘!

243 252 290 279 καὶ
305 250 434 282 ἔντευξιν,
451 250 497 276 καὶ
514 249 701 285 εὐχαριστίαν,
722 249 915 284 ἀναπεμπτέον
932 249 971 284 τῷ
986 249 1033 276 ἐπὶ
1047 251 1069 278 Δ
1082 249 1205 285 ἐμψύχου
1218 249 1304 284 Λόγου
1317 250 1364 277 καὶ
1374 249 1441 276 Θεοῦ
1450 249 1617 285 ’δεησόμεθα
1633 249 1661 276 δὲ
1675 249 1721 276 καὶ
1734 250 1816 277 αὑτοῦ
1827 251 1875 278 τοῦ

243 299 311 325 πᾶσι
325 297 395 332 Θεῷ,
411 297 454 323 διὰ
470 295 517 322 τοῦ
538 296 585 323 ἐπὶ
596 296 706 323 πάντων
724 296 848 330 ἀγγέλων
868 295 1029 331 ἀρχιερέως,

243 357 287 390 qui
308 356 414 382 Patrem
441 354 536 390 majori
555 361 646 390 prece.
674 354 773 381 Filium
799 353 896 390 minori
919 353 1038 390 compel—

243 392 351 418 landum
377 391 483 421 doceat,
502 397 533 416 ac
560 389 666 417 Patrem
685 389 802 424 proprie,
820 389 918 416 Filium
937 389 1038 423 impro-

244 427 302 460 prie
314 425 386 452 orari
402 425 551 452 existimet.
571 425 623 452 Sed
638 425 763 459 Origeuis
784 424 918 460 sententi_a
941 432 973 451 ex
986 424 1039 460 iliis

243 458 385 488 verborum
405 460 523 494 spinosis
537 458 700 495 ambagibus
718 459 876 486 evolvenda.
897 458 1039 486 Pontiﬁcis

244 504 351 525 munus.
365 497 435 530 quod
452 494 541 522 Verbo
558 495 646 522 defert
662 494 805 530 Origenes,
825 498 957 530 quatenus
971 505 979 520 ι
997 499 1040 522 est

242 529 397 565 propitiatio
409 538 458 565 pro
477 531 598 564 peccatis
617 530 719 557 nostris
735 529 760 564 (l
769 529 850 556 Joan.
862 537 892 561 ll,
906 529 962 564 2),:
976 537 1038 557 cum

244 566 414 592 manifestam
436 565 538 593 habeat
561 573 622 592 cum
645 565 837 592 lncarnatione
858 565 1037 592 necessitudi-

242 609 303 628 nem
317 601 475 635 reprehendi
488 600 598 627 omnino
611 608 663 627 non
680 605 778 635 potest.
793 599 861 633 Quia
874 604 965 627 tamen
977 599 1037 627 Ori-

242 644 324 669 genas
343 644 405 662 cuni
423 635 544 670 pluribus
558 636 585 662 in
601 635 684 667 locis,
704 641 759 661 tum
780 635 806 662 in
823 635 876 662 alio
892 642 925 662 ex
940 637 1035 662 eodem

243 672 311 698 libro
329 678 357 703 ν,
372 679 446 697 ηιιηι.
465 671 507 702 Η,
525 670 642 698 Verbum
667 676 730 697 ante
749 670 965 697 lncarnationem
982 679 1037 698 nie-

241 707 372 734 diatorem
386 706 478 737 fuisse,
493 712 520 733 et
533 714 547 733 a
568 705 648 733 Patre
660 706 693 732 ad
708 710 818 733 sanctos
833 706 956 732 homines
971 706 1037 733 mis-

242 749 301 768 sum
314 742 436 769 declarat
452 741 495 769 his
510 742 600 768 verbis
615 750 621 766 ε
640 750 649 767 ι
665 740 794 775 Quisquis
812 748 843 768 es
861 746 1035 773 tamen,pre-

241 785 305 803 care
320 777 438 803 Verbum
449 776 521 811 quod
540 784 636 803 sanare
649 781 675 803 te
690 780 788 809 potest.
807 779 835 803 et
849 776 935 811 multo
949 777 1036 809 potius

240 819 352 846 precare
365 811 424 843 ejus
439 810 546 838 Patrem
565 811 695 846 (εὐχέσθω
708 811 748 846 τῷ
760 811 839 845 Λόγῳ
850 810 898 837 τοῦ
909 810 978 846 Θεοῦ
989 811 1036 838 δυ-

239 838 348 883 ὖαμένῳ
360 838 442 883 uiith
458 838 664 874 ἰάσασϐάι·”καὶ
683 838 773 883 πᾳλλῷ
791 838 1036 883 discursione-cpi.

242 855 348 882 ναμενῳ
360 855 442 873 αυτον
458 855 599 874 ιασασυαι·
617 855 664 873 και
683 855 773 881 ποΑΑῳ
791 855 873 873 vitam;
893 855 1035 908 Irtpvua-rpt

242 882 347 917 αὑτοῦ)
371 882 416 916 qui
443 888 470 909 et
498 883 531 909 ad
559 883 685 916 antiquos
707 882 797 916 justos
827 882 896 907 misit
944 881 1035 908 erbum

239 926 327 949 suum,
344 922 369 944 et
384 917 488 944 sanauit
504 926 560 950 eos,
581 922 605 943 et
628 917 725 951 eripuit
746 925 789 943 eos
809 918 841 943 de
858 917 1034 950 corruptioni-

240 953 288 979 bur
299 960 388 979 eorum
405 951 491 986 (Psal.
507 960 563 984 CVI,
577 952 623 987 20)
636 961 643 985 ;
666 955 688 979 sl
701 953 762 987 quis
777 952 840 978 velit
854 952 1033 987 liocipontiﬁ-

238 989 282 1027 eis
293 996 391 1027 nimius
407 988 445 1027 ab
459 987 578 1027 Origene
587 986 885 1027 .aiitelncarnationem
903 986 972 1027 ilio
986 988 1034 1027 t_ri_-
1051 999 1071 1027 Β

240 1023 296 1054 hui,
308 1024 364 1049 haec
373 1023 465 1057 opinio
477 1028 505 1049 et
514 1022 610 1050 multis
623 1023 683 1049 aliis
705 1023 798 1049 arrisit
812 1022 856 1057 (de
869 1022 967 1056 quibus
978 1023 1031 1057 vid.

241 1058 350 1085 Dissert.
368 1065 398 1084 ni
414 1057 508 1093 Cyrill.
526 1066 602 1084 novae
617 1058 683 1085 edit.
698 1056 871 1092 Parisiens.),
885 1061 914 1085 et
938 1057 972 1084 de
991 1056 1033 1083 Fi-

239 1092 267 1119 lii
287 1094 428 1119 divinitate
438 1092 510 1119 nihil
528 1093 657 1120 detrahit.

274 1129 339 1155 Illud
357 1133 447 1155 autem
467 1136 521 1155 non
545 1128 654 1155 dillicile
669 1132 711 1156 est
731 1126 960 1159 animadvertere,
976 1127 1034 1154 Ori-

237 1171 334 1201 genein
348 1164 389 1201 his
404 1164 430 1190 in
445 1164 524 1195 locis,
539 1171 589 1201 nec
602 1170 617 1190 a
631 1164 711 1191 solita
724 1162 862 1201 subtiliter
877 1167 905 1189 et
923 1163 1033 1201 spinose

239 1198 391 1226 disserendi
416 1199 623 1229 consuetudine.
639 1205 691 1226 nec
706 1198 740 1225 ab
754 1205 798 1230 ea,
814 1205 895 1231 quam
918 1198 952 1224 de
968 1198 1033 1225 sub-

237 1234 345 1261 stantia!
363 1234 389 1260 in
407 1234 531 1268 personis
545 1233 644 1261 divinis
658 1233 763 1260 unitate
774 1233 853 1268 toties
864 1232 1030 1266 pmdicavit,

237 1270 360 1296 doctrina
388 1267 538 1296 discedere.
561 1267 629 1296 Cum
647 1268 732 1295 multa
752 1267 872 1295 eﬂ‘utiret
886 1268 980 1295 Celsus
999 1269 1032 1295 de

237 1305 405 1339 angelorum,
423 1305 456 1331 de
471 1304 537 1331 solis
550 1311 582 1331 ac
596 1303 666 1331 luna
679 1308 707 1330 et
723 1303 862 1339 stellarum
877 1303 1032 1339 cultuZVre-

237 1338 350 1373 spentlet
363 1338 495 1373 Origenes
504 1340 549 1366 lib.
560 1346 670 1371 v,num.
681 1340 694 1365 1
702 1338 822 1369 Ι,εοιυηι
835 1338 918 1365 Deum
927 1345 941 1364 a
953 1338 1032 1365 Chri-

236 1375 334 1401 stianis
346 1382 394 1409 per
412 1373 508 1402 Filium
523 1375 582 1409 ejus
596 1374 716 1401 invocari
732 1379 759 1401 et
769 1373 821 1400 coli
843 1378 887 1409 :ret
906 1382 915 1398 ι
934 1380 1031 1407 quein-

236 1408 381 1436 admodum
403 1408 562 1437 adoratortés
573 1410 637 1436 solis
648 1414 676 1436 et
689 1410 757 1435 lunae
767 1414 795 1435 et
806 1408 945 1436 stellarum
960 1417 1030 1435 nuu—

235 1453 316 1478 quain
339 1445 486 1472 adorarent
507 1445 653 1472 scintillam
673 1444 754 1479 ignis,
771 1444 829 1471 sive
849 1444 987 1470 lucernam
1003 1444 1029 1470 in

236 1486 324 1512 terra,
337 1481 378 1508 sic
394 1481 441 1515 qui
453 1480 687 1510 animadvertunt.
705 1480 841 1514 quomodo
858 1479 927 1515 Deus
940 1479 1029 1515 lumen

235 1516 281 1546 sit,
295 1520 322 1542 et
348 1514 484 1550 quomodo
500 1515 584 1543 Filius
598 1515 658 1548 ejus
670 1514 714 1541 lux
739 1522 802 1541 vera
824 1514 1030 1550 sitrilluminans

234 1558 343 1577 onmem
359 1549 496 1578 hominem
510 1551 661 1578 venientem
678 1550 705 1576 in
715 1549 786 1576 hunc
794 1549 922 1576 mundum
936 1549 1027 1584 (Jonn.

236 1594 256 1616 ι,
268 1586 306 1617 9),
324 1586 424 1620 quique
438 1587 502 1613 illud
513 1586 690 1620 intelligunt:
709 1584 767 1619 Ego
786 1592 845 1611 sum
866 1584 913 1610 itu:
934 1584 1028 1611 mundi

235 1619 407 1656 (JoanIvui,
419 1621 476 1656 l2),
492 1619 630 1648 immerito
644 1620 806 1656 adoraturos
820 1619 968 1656 scintillam
983 1626 1028 1656 so-

235 1654 270 1683 lis
283 1660 310 1683 et
321 1656 390 1683 luna:
407 1666 436 1683 ac
451 1654 603 1687 Stellarum,
623 1662 682 1689 quae
698 1655 733 1681 ad
753 1654 844 1682 lumen
861 1654 918 1681 veri
945 1654 1026 1681 lumi-

236 1692 278 1718 nis
296 1691 393 1721 Deuui,
415 1701 422 1716 ι
439 1692 506 1722 sive,
524 1696 552 1717 ut
575 1691 655 1725 paulo
669 1695 732 1717 ante
757 1690 886 1724 appellat,
906 1698 916 1714 ι
939 1689 1022 1725 Deum

234 1726 345 1754 Patrem
359 1727 413 1753 veri
434 1727 543 1753 luminis
558 1723 643 1759 parva
655 1729 683 1752 et
695 1723 799 1759 exigua
809 1730 861 1752 est.
878 1733 887 1750 ι
912 1724 969 1750 υύκ
990 1723 1023 1750 ἂν

233 1761 352 1795 εὐλόγως
369 1762 586 1795 πρῦσκυνὴσαιεν
600 1761 646 1787 τὸν
662 1760 743 1796 elevet
757 1760 859 1796 βρᾳχὺν
875 1759 1022 1796 σπινθῆρα,

234 1796 272 1828 ὡς
286 1794 353 1832 cipit;
370 1794 427 1831 φίας
446 1797 489 1822 τὸν
504 1794 572 1821 Θεὸν
585 1795 712 1832 ἀληθινοῦ
729 1794 828 1832 quosue,
841 1796 869 1822 tv
880 1794 958 1831 ἡλίῳ,
978 1794 1024 1821 καὶ

236 1831 346 1868 σελήὺῃ,
370 1833 417 1859 καὶ
432 1834 552 1867 ἄστροις.
576 1832 678 1858 ibidem
705 1831 780 1868 addit
796 1831 841 1858 Dei
857 1838 939 1868 op_cr_a
956 1837 971 1868 a
992 1839 1023 1858 se

235 1865 434 1902 non’d'eprimi,
450 1865 497 1894 sed
514 1871 683 1902 exploratum
696 1866 757 1902 _sibi
768 1874 842 1902 resse
857 1875 866 1891 ι
883 1865 931 1902 Dei
946 1865 1021 1900 ejus-

234 1911 286 1936 que
299 1900 437 1937 Uuigeniti
451 1900 620 1929 divinitatem
645 1900 774 1928 ineffabili
791 1901 947 1936 praestantia
969 1908 1021 1928 cte-

235 1938 303 1965 teris
316 1939 442 1965 omnibus
454 1945 514 1964 esse
530 1937 708 1971 superiorem.
727 1946 737 1962 ι

272 1974 357 2000 Unam
375 1981 440 2008 ergo
455 1970 583 2008 inﬂPiitr’e
604 1977 632 1999 et
656 1971 724 1998 Filio
743 1970 926 2003 divinitatem,
939 1978 1021 1998 unam

233 2007 321 2035 lucem
340 2007 465 2044 agnoscit
481 2007 624 2044 Origenes,
637 2012 718 2041 atque
733 2008 785 2044 hoc
800 2011 964 2044 argumento
979 2007 1022 2044 ni-

234 2044 309 2076 titur,
328 2042 378 2070 cur
400 2043 485 2071 Filius
504 2051 566 2070 cum
583 2042 666 2069 Patre
679 2043 801 2069 orandus
822 2048 850 2068 et
866 2042 1022 2069 adorandus

233 2080 279 2111 sit,
301 2088 332 2105 at:
347 2079 411 2106 nulli
427 2086 540 2114 prorsus
554 2079 593 2106 rei
609 2083 707 2114 creata:
715 2078 839 2104 eumdem
856 2077 956 2114 habere
973 2077 1020 2103 bo-

233 2122 327 2141 norem
352 2112 442 2141 liceat.
459 2113 591 2140 Similiter
610 2113 637 2140 in
660 2113 709 2146 lib.
724 2120 783 2145 vni,
798 2119 873 2138 num.
893 2112 934 2144 l5,
950 2119 1022 2146 qua:-

233 2150 302 2176 renti
321 2150 399 2177 Celso
428 2157 478 2176 cur
492 2157 554 2176 cum
570 2149 709 2176 Christum
736 2148 858 2175 colerent
879 2154 940 2174 cuni
965 2147 1021 2174 Deo

233 2185 315 2212 Patre
326 2185 485 2216 Christiani.
504 2184 644 2211 ministros
664 2183 711 2210 Dei
727 2183 817 2210 colere
830 2182 932 2209 nollent
947 2202 954 2215 ,
980 2183 1021 2209 sic

234 2223 380 2255 respondet
395 2221 537 2255 Origenes,
550 2225 579 2246 ut
594 2219 697 2253 angelis
715 2226 768 2245 non
784 2225 894 2255 omnem
910 2218 1018 2255 quidem

232 2253 335 2282 cultum
362 2261 389 2282 et
413 2253 555 2288 lioiiorein,
570 2257 617 2281 sed
633 2262 694 2281 eum
713 2258 817 2280 tantum
835 2253 880 2286 qui
897 2253 947 2279 soli
967 2254 1021 2280 Deo

231 2291 358 2322 debetur,
385 2291 532 2325 abjudicet,
562 2291 634 2316 hunc
661 2295 751 2315 autem
778 2289 1019 2325 divinuincultuin

231 2325 302 2353 Filio
319 2323 429 2354 strenue
446 2326 574 2352 vindicet.
594 2324 640 2351 Sic
652 2325 772 2358 loquitur
785 2325 818 2350 de
830 2323 953 2357 angelis:
967 2332 977 2348 ι
990 2324 1018 2350 Si

232 2362 328 2388 Celsus
342 2362 507 2396 intelligeret
527 2369 607 2388 verus
623 2361 671 2396 Dei
689 2360 841 2396 ministros,
858 2363 918 2396 post
932 2360 1020 2393 ipsum

232 2394 608 2432 Unigeuitum,Gabrieleui,
638 2394 822 2432 Michaelein,
847 2394 1020 2432 reliquosque

231 2429 343 2467 angélos
356 2438 382 2459 et
394 2432 586 2466 archangelos,
605 2437 708 2465 eosque
727 2429 856 2467 colendos
872 2436 934 2456 esse
951 2430 1022 2467 dice-

231 2465 295 2500 ret‘;
317 2467 432 2495 fortasse
450 2465 645 2501 expurgantes,
667 2470 694 2492 et
711 2465 775 2499 quid
796 2466 883 2491 cultus
913 2465 1023 2491 nomine

232 2503 439 2538 intelligendum
469 2500 581 2538 isit._’et
610 2509 671 2538 qua;
691 2503 754 2538 sint»
772 2500 887 2538 cqlentis
903 2502 1024 2538 actiones

231 2539 308 2572 (έσως
321 2535 356 2564 ἂν
371 2538 401 2564 τὸ
416 2536 538 2573 περὶτοῦ
552 2535 715 2573 θεραῆςειξειν
726 2536 807 2573 auro-3
825 2535 1025 2573 σημαινρμενον

231 2571 436 2609 ἐκκαθήραντες
453 2571 505 2599 ’καὶ
519 2573 573 2609 τῶν
584 2571 638 2599 ⁷τοῦ
663 2571 861 2607 θεραπεύοντος
878 2571 1022 2606 πράξεων)

231 2608 385 2636 diceremus
402 2611 428 2635 in
443 2608 622 2641 hunciocuin,
638 2614 666 2634 ut
683 2615 715 2634 ue
731 2613 814 2633 tantis
833 2608 913 2633 rebus
933 2609 1019 2633 disse-

233 2650 335 2675 rentes.
352 2653 412 2678 qua:
428 2644 461 2671 de
478 2645 517 2670 eis
530 2644 676 2678 cogitando
694 2642 824 2678 consequi
839 2649 992 2678 possumus.
1006 2650 1018 2666 ι

232 2678 272 2706 Ex
283 2676 380 2713 quibus
393 2684 466 2714 patet
479 2686 532 2706 non
544 2676 715 2713 displicuisse
729 2676 850 2712 Origeni,
863 2683 891 2703 ut
908 2677 1018 2714 quidam

232 2712 400 2747 exisiiuiant,
412 2716 544 2742 honorem
561 2712 649 2746 illum,
670 2720 750 2748 quem
774 2713 860 2739 beatis
875 2712 1016 2747 spiritibus

233 2757 340 2784 semper
350 2750 443 2778 habuit
460 2749 593 2781 Ecclesia,
606 2757 637 2775 ac
646 2756 754 2783 semper
766 2748 884 2784 habebit.
896 2748 942 2774 sed
954 2755 1015 2773 eum

232 2783 312 2819 quem
324 2784 432 2812 volebat
447 2785 554 2818 Celsus,
572 2786 616 2819 qui
631 2793 691 2812 cum
710 2783 760 2811 soli
776 2783 829 2810 Deo
848 2784 1016 2819 debitussit,

232 2817 292 2847 sine
311 2821 506 2853 superstitione
521 2817 625 2853 angelis
643 2820 743 2846 deferri
758 2826 810 2845 non
827 2823 925 2852 potest.
940 2817 1017 2844 Hunc

232 2856 334 2882 cultum
350 2856 398 2882 soli
414 2855 487 2882 Patri
503 2856 615 2889 ejusque
629 2854 697 2881 Filio
706 2860 807 2885 servat,
821 2861 854 2880 ac
870 2858 1015 2886 utrumque

231 2899 246 2917 ιι
262 2891 425 2929 Christianis
442 2900 451 2915 ι
467 2891 640 2929 totisviribus
654 2890 831 2929 supplicando
841 2889 1014 2929 etprecandu

233 2927 283 2954 solt
299 2935 309 2951 ι
323 2927 499 2954 demonstiat.
513 2925 568 2952 Cur
584 2932 673 2952 autem
699 2924 847 2951 Christiani
873 2924 1011 2951 Christum

1083 296 1182 330 Λόγου,
1200 297 1247 323 καὶ
1263 296 1445 332 ἐντευξόμεθα
1462 295 1547 331 αὐτῷ,
1561 296 1608 322 καὶ
1622 296 1856 332 εὑχαριστήσομεν
1866 316 1875 330 ,

1091 362 1152 382 cum
1173 355 1228 382 Deo
1240 354 1360 382 colerent
1377 355 1427 382 lias
1439 354 1518 381 aﬁert
1532 355 1660 384 rationes.
1674 359 1703 381 ut
1715 353 1770 388 iani
1784 357 1876 382 obser.

1090 390 1160 420 vavi,
1174 391 1245 423 quod
1267 391 1349 418 Pater
1374 391 1411 418 sit
1430 391 1456 417 in
1481 389 1569 421 Filio,
1587 395 1614 415 et
1629 389 1714 416 Filius
1732 390 1758 416 in
1775 389 1873 423 Patre;

1090 426 1161 458 quod
1172 425 1254 453 Pater
1268 431 1292 452 et
1311 425 1395 453 Filius
1406 433 1489 452 unum
1503 425 1557 453 sint
1569 434 1578 450 ι
1597 424 1738 452 identitate
1748 425 1875 452 volunta-

1090 461 1141 491 tis;
1155 462 1225 495 quod
1243 460 1310 488 ﬁdes
1331 466 1423 488 nostra
1442 461 1467 487 in
1490 460 1544 487 Deo
1564 460 1697 487 consistat
1722 467 1769 494 per
1784 460 1873 494 ipsum

1089 494 1200 527 Filium,
1214 497 1258 531 qui
1274 503 1335 522 eam
1348 496 1375 522 in
1391 495 1468 531 nobis
1480 495 1644 527 conﬁrmat;
1663 495 1735 531 quod
1763 494 1873 531 Patrem

1088 532 1221 564 colamus,
1237 532 1299 558 dum
1313 531 1373 565 ejus
1388 530 1484 558 Filium
1498 531 1677 560 admiramur,
1691 530 1736 564 qui
1752 536 1792 557 est
1806 530 1872 558 Ver-

1088 565 1163 599 bum,
1175 572 1203 593 et
1217 566 1359 600 sapientia,
1375 571 1403 593 et
1417 566 1527 596 veritas.
1549 571 1576 592 et
1590 565 1709 598 justitia,
1729 570 1756 592 et
1781 568 1871 593 omnia

1088 608 1258 636 quaecunque
1280 609 1341 628 esse
1358 601 1517 636 didicimus,
1531 605 1561 628 ut
1577 602 1663 634 ipsum
1677 600 1772 634 Deum,
1792 601 1829 629 ita
1844 607 1873 629 et

1089 643 1160 669 eum,
1180 635 1226 671 qui
1240 636 1339 671 exEtali
1358 635 1438 663 Patre
1457 637 1565 671 genitus
1576 640 1628 664 est.
1650 644 1660 671 ξ

1122 670 1197 699 Cum’
1211 670 1475 712 ergo’azquali‘tatem
1493 671 1583 712 Patris
1597 675 1634 712 ret
1649 670 1713 712 Filii
1730 678 1762 712 ac
1779 671 1872 699 unita-

1088 710 1141 733 tem
1156 705 1283 734 essent‘iat
1298 705 1351 734 tam
1366 706 1468 735 diserte
1484 706 1622 736 declaret;
1637 714 1686 733 cur
1693 705 1801 732 Patrem
1814 715 1871 734 ma-

1087 742 1128 776 gis
1141 742 1272 770 orandum
1289 749 1350 769 esse
1364 749 1446 775 quam
1462 741 1558 769 Filium
1572 741 1731 774 existimat;
1752 749 1802 768 cur
1813 750 1871 776 pre-

1086 778 1221 812 cationem
1234 777 1341 812 proprie
1356 777 1457 804 dictam
1471 777 1521 803 soli
1534 776 1641 803 videtur
1656 776 1728 803 Patri
1741 777 1871 804 servare!

1086 811 1145 839 Non
1158 813 1183 840 id
1199 811 1320 847 prefecto
1333 812 1466 847 praecipit,
1489 817 1519 838 ut
1542 812 1650 847 Patrem
1673 812 1773 847 saepius
1787 819 1870 846 quam

1085 846 1252 880 Filium,’aut
1264 846 1355 874 acrius
1366 854 1520 881 precemur,
1530 851 1576 873 ut
1586 846 1662 881 plura
1676 854 1690 872 a
1701 846 1780 873 Patre
1788 855 1869 881 quam

1085 891 1100 909 a
1117 883 1186 910 Filio
1204 887 1365 917 accepturos
1391 882 1580 914 conﬁdamus;
1608 889 1669 908 cum
1685 881 1753 908 Filio
1776 883 1869 911 omnia

1086 918 1188 944 tribuat
1199 925 1367 952 quaecunque
1377 922 1440 945 sunt
1454 917 1481 944 in
1494 917 1585 948 Patre,
1601 921 1628 943 et
1642 921 1786 950 utrumque
1801 927 1810 943 ι
1828 923 1871 945 ιο-

1087 953 1121 979 tis
1135 953 1237 980 viribus
1251 952 1428 987 supplicando
1448 957 1476 979 et
1491 952 1626 987 precando
1640 952 1692 979 coli
1707 961 1717 977 ι
1735 953 1868 980 declaret.

1087 987 1179 1022 Neque
1191 989 1274 1015 etiam
1286 987 1395 1015 subtilis
1413 987 1457 1015 illa
1474 987 1611 1015 distinctio
1626 987 1792 1022 precationis
1805 996 1869 1022 pro-

1083 1021 1143 1084 prie
1156 1028 1183 1051 et
1200 1023 1291 1050 minus
1316 1023 1536 1063 propriedictae,
1561 1022 1642 1062 aliain
1665 1022 1691 1049 in
1706 1021 1775 1049 Filio
1793 1030 1825 1062 ac
1841 1024 1868 1050 in

1105 1063 1163 1084 atre
1176 1063 1312 1084 naturam.
1328 1063 1374 1084 aut
1387 1065 1515 1084 maiorem
1538 1065 1704 1084 minorenive
1719 1063 1867 1084 notentiain

1105 1063 1163 1086 atre
1176 1057 1374 1088 naturam.’aut
1387 1058 1515 1091 majorem
1538 1057 1704 1084 minorenive
1719 1059 1867 1091 potentiam

1083 1094 1217 1128 designat,
1230 1101 1290 1128 cum
1303 1093 1398 1120 iisdem
1409 1094 1443 1121 de
1457 1093 1557 1126 causis,
1573 1097 1629 1119 tuin
1645 1093 1707 1128 quia
1724 1100 1794 1125 saepe
1807 1093 1870 1120 Ori-

1083 1127 1175 1162 geués,
1194 1133 1223 1155 ut
1241 1127 1342 1156 fatetur
1355 1128 1478 1161 linetins,
1494 1129 1528 1155 ad
1551 1128 1637 1162 ipsum
1659 1127 1756 1155 Filium
1773 1135 1868 1162 preces

1083 1164 1184 1199 dirigit,
1200 1168 1228 1191 et
1248 1164 1301 1191 hoc
1319 1164 1379 1198 ipso
1399 1164 1426 1190 in
1445 1164 1505 1191 loco
1525 1162 1746 1199 supplicationes,
1765 1164 1868 1199 gratia-

1083 1198 1147 1227 rum’
1158 1200 1290 1231 actiones,
1305 1204 1333 1227 et
1345 1199 1538 1233 postulationes
1549 1199 1573 1225 ei
1587 1198 1691 1225 debitas
1703 1198 1792 1225 docet.
1810 1198 1868 1227 Huc

1082 1241 1148 1270 ergo
1163 1235 1233 1262 redit
1253 1239 1308 1261 tota
1333 1234 1377 1261 illa
1393 1233 1780 1270 αἰειίιιειιοηιιιυπροσευχῆς
1807 1234 1868 1260 sive

1082 1268 1245 1304 précationis
1259 1269 1369 1296 nomine
1380 1276 1427 1296 eas
1446 1268 1742 1304 precesintelligainus,
1758 1276 1819 1303 qua:
1829 1270 1865 1296 ad

1081 1306 1205 1332 ordinem
1224 1305 1296 1332 inter
1311 1304 1419 1331 divinas
1432 1311 1562 1339 personas
1580 1304 1796 1339 intercedentem
1818 1311 1868 1331 acu

1081 1340 1297 1372 commodanlur,
1317 1339 1353 1366 ita
1365 1344 1405 1372 ut,
1425 1338 1487 1367 cum
1508 1339 1588 1366 Pater
1601 1339 1750 1366 divinitatis
1768 1338 1827 1367 fons
1837 1343 1866 1367 et

1081 1376 1158 1411 origo
1168 1376 1212 1407 sit,
1224 1375 1258 1401 ad
1275 1382 1336 1402 eum
1358 1375 1519 1411 dirigantur.
1536 1374 1692 1411 Patremgeo
1710 1381 1790 1411 sensu
1806 1382 1866 1401 ma-

1080 1409 1288 1444 gis'precamur
1300 1417 1379 1444 quam
1409 1410 1517 1442 Filium,
1541 1416 1595 1436 non
1610 1409 1796 1444 quiaszepius
1818 1413 1868 1437 aut

1080 1443 1182 1478 acrius,
1192 1445 1239 1480 sed
1252 1443 1316 1479 quia
1336 1453 1384 1480 per
1397 1444 1494 1472 Filium
1511 1452 1664 1479 precamur.
1682 1443 1789 1471 Nullum
1798 1452 1865 1472 sane

1080 1481 1152 1507 aliud
1170 1479 1315 1515 tliitcrimen
1337 1479 1407 1515 apud
1420 1480 1565 1515 Origenem
1594 1480 1714 1515 reperias
1729 1480 1799 1506 inter
1816 1487 1867 1508 eas

1081 1523 1176 1549 preces
1188 1523 1249 1550 quae
1263 1513 1393 1545 Patri.'et
1410 1523 1456 1544 eas
1473 1522 1532 1549 qua:
1545 1513 1614 1541 Filio
1627 1513 1797 1541 deferuntur.
1813 1516 1865 1550 Αιέ

1079 1558 1131 1585 que
1149 1549 1206 1577 haec
1219 1550 1277 1584 ejus
1289 1551 1423 1578 sententia
1438 1558 1470 1577 eo
1486 1551 1575 1576 minus
1589 1549 1778 1583 vituperanda,
1790 1549 1865 1584 quod

1078 1594 1111 1613 ex
1128 1586 1255 1613 Ecclesiae
1279 1587 1474 1613 consuetudine
1497 1591 1525 1612 et
1544 1585 1712 1618 publicarum
1729 1592 1863 1619 precum,

1078 1629 1138 1655 qua:
1148 1621 1183 1648 ad
1199 1619 1309 1647 Patrem
1320 1621 1484 1655 diriguntur,
1499 1620 1624 1647 instituto
1637 1620 1751 1655 deducta
1771 1620 1866 1647 videa-

1080 1654 1134 1683 tur.
1146 1655 1224 1683 Tanti
1241 1654 1441 1683 nionienti’visa
1454 1663 1498 1683 res
1513 1661 1555 1682 est
1565 1655 1700 1689 episcopis
1713 1654 1863 1687 Alricanis,

1079 1697 1107 1718 ut
1124 1699 1184 1719 eam
1211 1691 1390 1725 comprobent
1417 1697 1446 1718 et
1462 1691 1610 1717 decernant
1626 1697 1687 1717 can.
1705 1689 1741 1716 25
1761 1691 1863 1718 concil.

1076 1727 1203 1761 Carthag.
1225 1733 1275 1753 iu:
1294 1735 1303 1751 ι
1323 1725 1357 1753 Ut
1369 1734 1449 1754 nemo
1466 1725 1492 1752 in
1513 1726 1652 1761 precibus,
1666 1725 1803 1759 inquiunt,
1821 1727 1864 1752 vel

1078 1759 1190 1789 Patreni
1201 1769 1249 1796 pro
1262 1760 1343 1794 Filio,
1358 1762 1401 1788 vel
1418 1759 1520 1788 Filiuni
1530 1768 1579 1795 pro
1591 1759 1671 1796 Patre
1683 1761 1813 1788 nominet.
1830 1761 1865 1787 Et.

1076 1804 1137 1824 cum
1150 1795 1230 1823 altari
1254 1796 1403 1829 assistitur,
1431 1804 1538 1831 semper
1559 1796 1592 1822 ad
1607 1795 1716 1822 Patrem
1728 1795 1865 1831 dirigatur

1076 1833 1173 1859 oratio.
1194 1831 1227 1858 Et
1243 1833 1399 1866 quicunque
1415 1832 1465 1859 sibi
1481 1830 1577 1866 preces
1597 1831 1706 1857 aliunde
1717 1830 1862 1862 describit,

1077 1875 1129 1894 non
1147 1868 1186 1895 eis
1206 1872 1308 1898 utatur,
1325 1868 1377 1894 nisi
1397 1867 1473 1901 prius
1489 1874 1536 1893 eas
1556 1874 1618 1893 cum
1640 1866 1863 1893 instructioribus

1076 1903 1206 1929 fratribus
1218 1903 1372 1929 contulerit.
1390 1911 1400 1928 ι
1418 1902 1472 1929 Sed
1489 1902 1616 1936 Origeuis
1637 1901 1774 1928 sententia
1798 1902 1861 1928 illu-

1075 1939 1187 1965 stranda
1207 1942 1294 1965 estex
1310 1938 1368 1971 eius
1386 1938 1456 1965 libro
1483 1937 1522 1963 De
1536 1937 1669 1968 aratione,
1686 1936 1713 1963 in
1733 1944 1787 1970 quo
1799 1944 1863 1964 eant

1076 1973 1138 2000 data
1148 1980 1230 2007 opera
1247 1973 1428 2007 persequitur.

1110 2008 1139 2034 lu
1157 2006 1208 2035 hoc
1229 2008 1297 2034 libro
1318 2016 1394 2035 num.
1412 2007 1457 2039 14,
1479 2006 1513 2034 15
1535 2012 1562 2034 et
1576 2014 1648 2040 seq.,
1669 2011 1787 2040 quatuor
1800 2013 1863 2041 spe-

1075 2043 1131 2071 cies
1143 2043 1276 2070 orationis
1290 2051 1305 2069 a
1320 2042 1403 2070 Paulo
1427 2048 1602 2077 praescriptas
1625 2043 1764 2075 explicare
1779 2043 1861 2069 insti-

1075 2079 1135 2110 tuit,
1146 2078 1263 2114 δεήσεις,
1276 2078 1439 2114 προσευχὰς,
1452 2077 1795 2114 ἐντεύξειςιεὺχαριστὶας.
1816 2079 1863 2103 ob-

1075 2113 1255 2145 secrationes.
1280 2113 1457 2148 precationes,
1483 2113 1687 2147 postulationes,
1712 2117 1861 2147 gratiarum

1075 2149 1203 2175 actiones.
1220 2148 1442 2176 Obsecrationem
1460 2149 1554 2176 deﬁnit
1569 2148 1714 2175 orationem
1728 2148 1761 2173 ab
1771 2148 1863 2181 aliqua

1074 2184 1226 2217 suppliciter
1238 2185 1371 2218 emissam,
1388 2189 1416 2210 ut
1427 2184 1497 2218 quod
1512 2184 1561 2218 ipsi
1574 2185 1645 2210 deest
1661 2188 1839 2216 consequatur
1850 2190 1860 2208 .-

1077 2220 1261 2252 precationem
1279 2227 1354 2251 vero,
1367 2228 1425 2246 eam
1434 2227 1493 2254 quc
1505 2219 1717 2254 magnificentius
1731 2226 1791 2244 cum
1803 2220 1861 2252 gto-

1075 2254 1221 2288 ri/icatione
1231 2254 1263 2281 ab
1279 2254 1383 2281 homine
1393 2256 1420 2281 in
1435 2253 1557 2289 pericu!“
1574 2253 1718 2280 constituto
1736 2254 1768 2279 de
1785 2253 1860 2279 rebus

1074 2289 1220 2323 ntujorilms
1239 2290 1377 2318 emittitur.
1393 2289 1512 2316 Tertiam
1525 2291 1643 2324 speciem
1664 2289 1708 2319 iis,
1726 2295 1787 2322 qua:
1803 2295 1862 2314 nia—

1071 2325 1133 2364 joi-e
1147 2326 1228 2364 apud
1241 2324 1271 2364 Ds
1281 2333 1325 2351 uin
1350 2326 1448 2364 ﬁducia
1465 2326 1656 2364 postulantur";
1670 2325 1861 2364 quartani'de.

1037 2354 1058 2382 Ι)
1071 2354 1156 2394 iiique
1164 2354 1245 2387 bonis
1263 2359 1318 2393 jam
1334 2361 1455 2395 acceptis
1465 2354 1604 2394 'asSIguat.
1630 2354 1747 2395 Sbbjicit
1762 2359 1861 2395 deinde

1073 2393 1206 2430 cujusque
1225 2396 1327 2429 speciei
1343 2393 1477 2430 exempla.
1499 2393 1594 2429 prima;
1611 2394 1723 2429 quidem
1744 2401 1778 2430 ex
1790 2393 1862 2430 Mar-

1072 2428 1173 2457 deum
1190 2428 1370 2464 etEstheris;
1402 2428 1528 2458 secundae
1551 2437 1585 2456 ex
1611 2428 1727 2459 Azariai.
1747 2428 1859 2461 Tobiae,

1072 2468 1167 2497 Annaa,
1184 2464 1309 2493 Habacuc
1327 2473 1353 2492 et
1367 2465 1442 2493 Jonas
1457 2475 1465 2499 ;
1483 2466 1571 2492 tertia:
1590 2473 1621 2492 ex
1638 2464 1721 2491 Josue
1735 2465 1860 2499 elisam-

1072 2509 1121 2528 son
1152 2502 1340 2534 orationibus;
1367 2507 1471 2536 quartae
1496 2501 1669 2536 deniquerex
1695 2500 1738 2536 liis
1755 2498 1860 2526 Christi

1073 2509 1121 2528 son
1152 2509 1340 2534 orationibus;
1367 2509 1471 2536 quartae
1496 2509 1557 2527 ueni
1580 2509 1612 2527 ne
1634 2509 1669 2527 ex
1695 2509 1738 2525 nis
1755 2509 1858 2526 unristi

1073 2536 1173 2567 verbis,
1197 2546 1205 2561 ι
1223 2536 1362 2563 Conﬁteor
1375 2537 1434 2569 tibi,
1445 2536 1525 2563 Pater
1536 2509 1645 2569 (antiit.
1657 2542 1686 2566 Χ,
1702 2534 1761 2568 21),
1777 2543 1786 2559 ι
1804 2540 1858 2561 etc.

1073 2572 1174 2598 Statuit
1188 2571 1291 2606 gratias
1302 2570 1413 2598 Christo
1437 2572 1556 2606 agendas
1576 2578 1657 2597 esse:
1673 2571 1707 2606 ab
1717 2580 1750 2597 eo
1765 2575 1859 2604 posin.

1074 2607 1183 2633 landum
1191 2605 1276 2633 ’docet
1286 2606 1410 2641 exemplo
1425 2605 1568 2640 Stephani,
1585 2615 1594 2631 ι
1609 2605 1733 2641 Domine,
1751 2612 1785 2631 ne
1802 2610 1859 2632 sta-

1075 2646 1135 2668 tuas
1151 2642 1203 2669 illis
1217 2643 1268 2668 hoc
1283 2640 1424 2675 peccatum
1443 2641 1552 2677 (Matth.
1571 2648 1638 2672 xvn,
1654 2640 1700 2675 Mi)
1715 2649 1723 2667 :
1743 2649 1752 2666 i
1770 2642 1859 2677 eidem

1073 2684 1181 2711 quoque
1208 2677 1414 2711 supplicandum
1432 2675 1460 2704 et
1472 2677 1683 2707 obsecrantium,
1700 2681 1729 2703 nt
1752 2675 1859 2709 suppli-

1073 2714 1152 2773 hrbat
1176 2717 1253 2752 pater
1269 2712 1395 2745 lunatici,
1413 2722 1422 2737 ι
1442 2713 1572 2745 Obsecro,
1586 2713 1711 2744 Domine,
1729 2711 1859 2738 miserere

1082 2755 1088 2773 ι
1103 2755 1118 2773 ii
1135 2755 1197 2773 mei.
1216 2755 1226 2772 ι

1073 2748 1118 2773 lilii
1135 2749 1197 2774 mei.
1216 2755 1226 2772 )

1106 2783 1182 2815 Quod
1200 2787 1289 2808 autent
1318 2787 1423 2817 spectat
1440 2783 1473 2810 ad
1494 2782 1690 2817 precationem,
1710 2789 1791 2816 quam
1808 2788 1858 2813 ap-

1075 2820 1157 2852 pellat
1171 2818 1326 2852 προσευχὴν
1354 2820 1394 2845 sic
1413 2826 1489 2845 suam
1518 2818 1552 2844 de
1580 2826 1611 2845 ea
1631 2822 1750 2844 mentem
1772 2821 1860 2852 aperit

1073 2851 1148 2880 iinni.
1159 2851 1203 2880 15Ξ
1218 2851 1313 2879 Ἐὰιῖδῖ
1324 2853 1485 2888 ἀκούσωμεν
1498 2853 1513 2879 ὃ
1522 2862 1548 2879 τι
1557 2854 1623 2880 ποτέ
1636 2854 1693 2879 ἐστι
1709 2851 1860 2888 προσευχῇ,

1072 2890 1175 2923 μήποτε
1189 2889 1276 2915 οὐδενὶ
1290 2888 1343 2915 τῶν
1356 2886 1493 2923 γεννηῖτῶν
1508 2886 1785 2924 προσευκτέοννέσὲὶν,
1800 2886 1861 2913 οὐδὲ

1068 2925 1140 2960 αὑτῴ
1157 2925 1195 2959 τῷ
1219 2924 1327 2960 Χριστῷ
1341 2944 1348 2957 ,
1366 2924 1434 2951 ἀλλὰ
1451 2924 1523 2960 μόνῳ
1538 2924 1576 2951 τῶ
1590 2924 1650 2959 Θεῷ
1662 2923 1716 2950 τῶν
1730 2923 1799 2951 ὅλων
1813 2927 1862 2949 και
