4160 6434
402 426 505 479 795

1209 420 1782 478 ORIGENIANORUM
1822 420 1949 475 LIB.
1991 420 2056 486 ll,
2092 422 2242 478 CAP.
2283 423 2350 489 ΙΙ,
2392 422 2672 490 QUIEST.
2715 426 2780 479 ll.

3544 434 3648 488 79$

401 540 493 594 καὶ
520 536 929 608 προσευξόμεθα
965 537 1043 600 δὲ,
1086 536 1183 590 ἐὰν
1211 535 1496 607 δυνώμεθα
1519 537 1839 591 κατακούειν
1870 539 1965 609 τῆς

2074 554 2265 608 preces
2287 548 2498 595 nostras
2528 540 2636 595 Deo
2667 540 2897 599 oﬁ'erat:
2938 562 2958 594 ι
2993 546 3119 613 quia
3151 562 3256 601 non
3281 556 3365 603 est
3393 559 3655 613 auctam,
3680 594 3683 599 .

401 632 529 703 περ).
544 630 851 703 προσευχῆς
860 628 1215 701 κυριολεξίας,
1238 630 1331 683 καὶ
1346 646 1520 700 καταχ
1528 631 1754 700 ρήσεως.
1771 630 1974 700 Nempe

399 723 699 777 orationem
727 723 942 791 proprie
961 722 1157 777 dictam
1188 721 1295 774 Deo
1318 719 1466 773 Patri
1498 721 1649 776 fundi
1675 722 1844 792 jubet,
1870 724 1973 777 im-

400 813 672 882 propriatn
699 827 826 867 vero
846 822 896 866 et
914 811 1359 883 καταχρηπικὴν
1382 811 1518 865 Filio
1542 830 1555 865 :
1583 811 1659 865 illi
1684 820 1740 865 ut
1759 827 1970 873 summo

399 903 529 970 Deo,
566 905 825 958 honorum
878 905 1085 971 datori;
1138 903 1264 959 huic
1326 914 1577 973 tanquam
1630 902 1845 976 μεσίτῃ,
1875 904 1967 972 qui

398 1094 682 1175 Πατρὶμῷ
733 1101 895 1165 αὐτὸς
924 1102 1186 1175 erile):th
1225 1102 1383 1175 ἡμῶν
1422 1097 1770 1175 προσξύχετο.
1804 1096 1968 1175 _t__8ed

400 1174 443 1227 si
469 1166 831 1241 intelligamus
858 1172 987 1239 quid
1007 1174 1075 1225 sit
1099 1166 1339 1239 precatio
1358 1213 1373 1236 ,
1404 1166 1534 1226 nn'm
1565 1166 1705 1241 forte
1729 1166 1857 1241 nulli
1889 1169 1963 1241 rei

398 1245 591 1311 genitae
628 1238 894 1296 fundentia
916 1249 1019 1302 est.
1052 1238 1117 1295 ac
1146 1256 1212 1311 ne
1240 1243 1336 1307 ipsi
1366 1242 1585 1309 quidem
1610 1239 1857 1311 Christo.
1870 1238 1963 1292 sed

398 1307 495 1367 Soli
529 1316 637 1367 Deo
665 1314 1037 1366 universorum
1070 1322 1118 1365 et
1146 1309 1313 1373 Patri,
1337 1307 1496 1381 quem
1526 1318 1581 1362 et
1620 1310 1734 1377 ipse
1769 1307 1963 1381 Salva-

399 1393 486 1436 tor
537 1393 721 1437 noster
768 1382 1170 1450 precabatur?»
1224 1378 1389 1435 Suam
1439 1395 1572 1451 ergo
1634 1378 1960 1451 sententiam

397 1454 649 1522 proponit
677 1449 986 1506 dubitanter
1022 1492 1038 1515 ,
1072 1460 1130 1505 ιιι
1161 1453 1212 1505 in
1247 1466 1307 1506 re
1334 1452 1491 1519 longe
1511 1449 1754 1520 quaesita
1783 1449 1962 1522 magis

396 1519 556 1590 quam
582 1523 905 1576 necessaria.
940 1522 1144 1576 ltevera
1180 1522 1342 1577 allata
1382 1522 1450 1575 ab
1473 1519 1550 1575 eo
1586 1519 1833 1590 exempla
1863 1520 1962 1573 ob-

396 1592 784 1648 secrationiset
801 1593 1180 1659 postulationis
1205 1607 1308 1645 non
1335 1591 1512 1655 minus
1534 1589 1816 1660 magniﬁca
1834 1597 1963 1643 sunt

395 1678 555 1731 quam
590 1662 955 1732 precationis;
985 1678 1084 1716 nec
1116 1661 1487 1716 Mardochaeus
1514 1659 1753 1732 divinam
1787 1659 1957 1732 maje-

395 1728 817 1787 statem'exilius
850 1734 1125 1799 praedicat,
1178 1747 1299 1786 cum
1357 1732 1471 1786 ait:
1511 1750 1529 1782 ι
1567 1730 1814 1799 Domine,
1840 1728 1955 1783 Rex

394 1804 738 1873 omnipotens
768 1800 985 1873 (Esther
1014 1818 1131 1867 xm,
1170 1802 1246 1872 9),
1287 1821 1305 1854 ι
1337 1816 1499 1870 quam
1549 1817 1673 1855 cum
1705 1798 1957 1873 Habacue

396 1868 566 1927 dicit:
605 1891 625 1924 ι
675 1868 916 1938 Domine,
968 1873 1146 1926 audivi
1196 1868 1437 1926 auditum
1490 1880 1641 1924 tuum
1668 1911 1684 1935 ,
1717 1877 1771 1922 et
1799 1868 1952 1923 timui

396 1940 628 2005 (Eabae.
662 1958 744 2005 Ill,
776 1944 853 2012 t).
891 1962 910 1995 ι
955 1944 1088 1996 Cum
1120 1958 1246 2011 ergo
1264 1942 1500 1997 fateatur
1518 1940 1717 2009 gratias
1737 1939 1957 2012 Christo

394 2016 655 2083 agendas,
693 2010 851 2082 eique
892 2010 1322 2082 supplicandum,
1371 2021 1427 2083 et
1460 2012 1534 2083 ab
1568 2025 1633 2083 eo
1680 2010 1957 2079 postulan-

394 2080 556 2147 dum;
601 2084 645 2137 si
680 2080 863 2150 postea
905 2080 1271 2153 precationem
1325 2082 1425 2137 soli
1459 2080 1604 2135 Patri
1658 2094 1959 2153 congruere

394 2154 575 2217 docet,
598 2148 706 2206 non
734 2148 920 2221 potuit'
958 2153 1099 2206 hanc
1140 2153 1539 2207 distinctionem
1601 2148 1829 2221 majore,
1862 2151 1958 2221 mi-

394 2238 593 2277 norere
617 2220 853 2291 potentia
883 2222 1059 2276 metiri
1086 2240 1100 2288 ;
1134 2225 1227 2275 sed
1276 2223 1643 2292 precationem
1695 2220 1957 2292 oratienis

394 2288 663 2360 quoddam
702 2308 822 2346 esse.
848 2308 1017 2360 genus
1040 2288 1291 2361 putabat,
1316 2294 1368 2346 in
1400 2307 1508 2361 quo
1536 2290 1717 2351 Pater,
1749 2301 1806 2342 ut
1836 2288 1958 2344 fons

393 2362 715 2427 divinitatis,
740 2362 1098 2428 gloriﬁcatur.
1134 2361 1284 2417 Hanc
1327 2361 1650 2417 sententiam
1696 2361 1958 2428 Origenes

393 2432 461 2485 iis
489 2433 669 2485 ﬁrmat
705 2431 1163 2499 rationibus,un
1196 2433 1327 2486 nihil
1361 2432 1504 2485 aliud
1539 2431 1589 2483 ei
1623 2432 1955 2499 propositum

391 2516 515 2555 esse
539 2503 935 2564 demonstrant,
969 2502 1069 2555 nisi
1098 2513 1153 2556 ut
1180 2503 1311 2556 ordo
1339 2502 1480 2557 inter
1525 2500 1741 2554 Patrem
1773 2511 1828 2553 et
1864 2500 1956 2554 Fi-

394 2571 519 2624 lintn
540 2573 882 2627 intercedens
909 2574 961 2625 in
982 2573 1384 2639 precationibus
1406 2571 1747 2626 observetur.
1774 2569 1955 2624 Prima

389 2650 475 2695 est
491 2644 631 2708 quod
648 2644 764 2711 ipse
780 2642 1031 2699 Christus
1047 2642 1260 2697 Patrem
1283 2653 1534 2710 precatus
1556 2642 1646 2701 sit,
1671 2648 1726 2711 et
1751 2649 1807 2693 ut
1830 2655 1954 2711 eum

389 2710 759 2780 precaremur,
795 2711 1042 2780 jusserit.
1071 2728 1192 2766 cum
1219 2714 1359 2767 hanc
1386 2710 1952 2781 precandiformnlam

389 2783 724 2903 prae;rriiisit
758 2802 771 2836 :
799 2779 828 2833 ⁷(
856 2782 1017 2837 Pater
1043 2794 1246 2847 noster,
1277 2779 1523 2852 qui—esin
1554 2780 1709 2835 caelis
1738 2779 1951 2850 (Matth.

389 2866 465 2903 vs.
563 2892 574 2902 .
602 2873 622 2903 ι

387 2866 622 2916 ιιι-,ηδ

459 2851 632 2975 {ﬁlim
665 2924 927 2977 rationem
957 2922 1035 2975 sic
1063 2922 1319 2988 exponit:
1348 2922 1411 2976 Et
1434 2921 1544 2993 γὰρ
1565 2920 1771 2993 ἕτερος,
1799 2921 1873 2993 ᾡς
1897 2923 1956 2974 ὲν

388 2991 565 3055 ἄλλοις
585 2994 881 3063 δείκνυται,
923 2994 1041 3046 κατ’
1071 2993 1258 3063 οὐσίαν
1287 2998 1383 3046 καὶ
1415 2991 1770 3063 ὑποκείμενος
1812 2991 1954 3062 [leg.

389 3062 831 3136 unoxaipevovlo
866 3063 992 3128 Υἱὸς
1010 3062 1104 3136 τοῦ
1126 3063 1367 3136 ῨΠατρὸς,
1391 3074 1496 3118 etc.
1534 3080 1552 3113 t
1587 3062 1715 3115 Nam
1739 3062 1784 3116 si
1818 3062 1956 3136 alius

388 3146 471 3189 est
500 3150 528 3187 a
557 3133 719 3189 Patre
749 3133 932 3195 Filius,
962 3146 1019 3188 ut
1047 3134 1174 3187 alibi
1207 3133 1635 3197 demonstratur,
1659 3133 1952 3185 secundum

387 3206 677 3259 essentiam
710 3216 765 3259 et
792 3208 1171 3273 suppositum;
1208 3202 1293 3257 vel
1334 3203 1503 3258 Filius
1537 3202 1777 3273 orandus
1826 3212 1951 3267 est,

2076 628 2251 698 inquit
2305 645 2372 684 ex
2402 629 2652 700 Origenis
2674 646 2904 700 persona
2935 635 3289 707 Augustinus.
3324 657 3343 691 ι
3373 638 3647 710 indulgen-

2076 721 2262 773 darum
2289 720 2630 789 petitionum,
2667 724 2759 777 sed
2795 727 3143 794 supplicator.
3182 748 3201 781 ι
3234 729 3450 784 Clarius
3482 732 3645 787 etiam

2080 819 2314 864 mentem
2347 827 2499 865 suam
2533 815 2709 880 aperit
2739 814 2830 869 lib.
2863 832 2979 880 vm,
3018 834 3163 872 num.
3192 819 3299 877 t5:
3354 820 3515 875 Ἀλλὰ
3554 822 3647 876 τὸν

2076 902 2171 954 ἕνα
2189 900 2341 968 Θεὸν,
2375 903 2466 956 καὶ
2493 903 2582 957 τὸν
2596 903 2695 959 ἕνα
2722 906 2849 960 Υἱὸν
2866 907 3051 974 αὑτοῦ,
3085 911 3181 964 καὶ
3208 912 3399 981 Λόγον,
3437 915 3533 969 καὶ
3569 916 3646 967 ει-

2072 1096 2394 1153 clesiasticae
2422 1114 2615 1168 preces
2665 1099 2755 1154 uni
2801 1099 2990 1155 formae
3024 1104 3343 1165 reddantur,
3390 1123 3489 1160 nnc
3522 1110 3643 1164 aliis

2071 1168 2232 1246 aliter
2254 1171 2603 1246 precantibus
2619 1172 3048 1246 diserepeittef't}
3071 1173 3523 1246 οςιχισχιζόμεοα,
3545 1180 3641 1233 ἐὰν

2068 1239 2117 1313 οἱ
2162 1237 2273 1313 μὲν.
2294 1237 2371 1309 τῷ
2417 1239 2590 1313 Πᾳτρὶ
2624 1240 2773 1313 -οἱ-δὲ
2809 1240 2896 1313 λτῷ
2930 1241 3043 1311 Υ-ξῷ
3074 1237 3381 1313 εὑῇξόμέθέιιῖ
3418 1237 3641 1304 ἰδιώτῶν

2067 1305 2518 1384 ἁμάρτίαγίιατᾲ-
2540 1305 2751 1382 ’πολλὴν
2771 1382 2779 1384 4
2796 1305 3167 1384 ἀκὲραιότητᾰί
3189 1314 3275 1368 διὰ
3300 1316 3359 1368 τὸ
3381 1319 3642 1373 ἀϐασάνι-

2069 1379 2198 1432 στον
2235 1381 2329 1461 θεαὶ
2344 1379 2720 1461 ’ἀνεξέταστον
2757 1379 3180 1461 ᾁμαρλτανόνλερν
3223 1384 3241 1456 [
3252 1391 3361 1461 ieg.
3397 1389 3641 1461 ἀμᾳρτά-

2066 1449 2268 1526 ιρντες]
2301 1449 2412 1526 τῷν
2453 1449 2901 1526 προοίευχοιέένων
2931 1454 3008 1526 τῷ
3052 1454 3187 1526 Υξῷ,
3220 1449 3337 1508 ea;
3365 1449 3639 1526 pesd'roﬁ

2067 1520 2302 1594 ηατρὸζ,
2329 1520 2759 1594 εἴτεῃυρὶςῖτοῦ
2788 1520 3024 1594 Πᾳτρόζ.
3052 1543 3071 1576 ι
3106 1520 3293 1579 Nonne
3317 1520 3461 1580 enim
3495 1532 3641 1584 εσ-ἱιι-

2063 1591 2262 1656 dimur,
2291 1593 2340 1664 .si
2373 1591 2742 1664 aliirPatrerm,
2784 1592 2881 1664 alii,
2912 1591 3112 1648 Filium
3148 1610 3454 1664 precemur,
3496 1600 3637 1653 idem

2061 1675 2159 1729 per
2197 1660 2421 1716 multam
2445 1662 2843 1739 simplicitatem
2873 1660 3273 1739 inconsiderate
3306 1674 3360 1720 et
3390 1668 3639 1739 inexplo-

2062 1740 2179 1804 rate
2211 1742 2519 1804 peccantes,
2539 1748 2617 1804 _ac
2639 1733 2841 1804 idiotat,
2870 1735 2961 1804 qni
2988 1734 3184 1790 Filium
3215 1746 3378 1792 orant
3402 1742 3487 1794 vel
3513 1733 3637 1795 eum

2060 1798 2240 1865 Patre,
2278 1801 2362 1856 vel
2389 1801 2505 1857 sine
2538 1801 2739 1856 Patre?
2772 1822 2790 1854 ι

2130 1871 2209 1949 li}:
2244 1872 2330 1927 his
2357 1883 2503 1941 patet
2533 1874 2665 1949 nihil
2702 1873 2849 1949 aliud
2879 1872 3096 1949 Origeni
3128 1879 3463 1945 propositum
3491 1897 3632 1949 esse,

2066 1942 2266 2020 nisiut
2303 1956 2365 1996 ea
2398 1945 2652 2020 precandi
2689 1946 2849 2020 rario“
2877 1942 3364 2020 observeturt’qna:
3395 1952 3536 2020 viget
3583 1942 3636 2008 in

2063 2011 2328 2075 Ecclesia,
2358 2022 2418 2066 ut
2442 2011 2603 2067 Pater
2630 2028 2725 2082 per
2751 2013 2945 2067 Filium
2974 2026 3179 2070 oretur.
3209 2011 3344 2072 Cum
3384 2011 3633 2079 naturam

2066 2082 2304 2135 divinam
2334 2082 2385 2136 in
2422 2082 2558 2137 Filio
2585 2083 2924 2149 considerat,
2960 2085 3158 2139 fatetur
3187 2101 3308 2141 eum
3342 2090 3637 2147 obsecran-

2062 2151 2190 2231 durn
2213 2167 2354 2216 esse,
2390 2153 2459 2208 ab
2483 2167 2546 2231 eo
2578 2153 2975 2231 postulantium.
3013 2156 3217 2231 gratias
3262 2158 3311 2211 ei
3350 2163 3583 2229 agendas
3614 2183 3630 2231 ;

2063 2224 2154 2275 sed
2185 2238 2306 2276 cum
2337 2224 2560 2298 attendit
2592 2238 2716 2276 eum
2762 2238 2792 2275 a
2831 2224 2992 2298 Patre
3022 2224 3220 2280 omnia
3257 2224 3553 2298 accepisse,
3577 2224 3634 2288 et

2064 2303 2250 2346 nostra
2275 2308 2435 2347 causa
2464 2295 2802 2347 incarnatum
2826 2310 2891 2348 ac
2913 2294 3134 2350 fratrem
3158 2294 3405 2352 nostrum
3432 2294 3630 2358 iactum

2063 2378 2204 2423 esse.
2236 2364 2510 2417 concludit
2531 2377 2739 2431 preces,
2763 2379 2899 2431 quas
2923 2380 3023 2433 nec
3041 2367 3230 2433 plurali
3260 2385 3506 2428 numero.
3534 2388 3634 2428 nec

2064 2434 2215 2487 vario
2248 2444 2301 2485 et
2330 2432 2660 2488 inconstanti
2709 2435 2867 2487 modo
2897 2431 3075 2489 eﬂ'erri
3126 2439 3298 2501 deret,
3332 2440 3395 2492 ad
3417 2439 3630 2497 Patrem

2098 2517 2162 2576 er_
2199 2502 2394 2576 Filium
2430 2518 2552 2558 esse
2579 2502 2902 2576 dirigendas.
2934 2505 3039 2576 Sed
3069 2508 3158 2575 qui
3208 2506 3422 2576 Origeni
3454 2512 3539 2566 his
3577 2514 3629 2566 in

2084 2574 2199 2646 ocis
2225 2572 2356 2646 nihil
2382 2584 2567 2628 contra
2595 2573 2945 2646 divinitatem
2968 2572 3173 2646 Christi
3205 2572 3475 2635 excidisse
3496 2597 3628 2637 con-.-

2064 2644 2244 2718 tendo,
2272 2642 2410 2718 idem
2436 2652 2613 2718 tamen
2639 2642 2846 2718 fatebor
2874 2642 2997 2718 eum
3020 2645 3071 2698 in
3102 2650 3343 2718 operosis
3375 2653 3633 2718 quaestio—

2062 2714 2221 2767 nibus
2253 2725 2308 2767 et
2335 2712 2556 2767 minutis
2584 2709 3253 2781 ratiocinationibusjttsto
3289 2709 3624 2775 disertiorem

2060 2796 2201 2846 eSse,
2237 2798 2301 2859 ac
2330 2796 2395 2837 ea
2431 2793 2690 2848 statuere,
2739 2785 2979 2859 qute,__si
3039 2787 3182 2839 nulla
3226 2791 3628 2859 restringantur

2060 2854 2399 2929 exceptione,
2437 2867 2536 2929 nee
2582 2867 2702 2906 cum
2756 2854 3026 2929 precibus,
3063 2854 3509 2929 quasUOrigeties
3560 2876 3629 2917 ex

2065 2923 2343 2997 Scriptura
2366 2924 2578 2997 repetit,
2606 2937 2703 2997 nec
2747 2938 2872 2997 cum
2912 2924 3313 2997 illisconciliari
3347 2923 3623 2997 poterunt,

2062 2992 2263 3069 quatin
2295 2994 2425 3069 ipsis
2453 2992 2708 3069 Ecclesiae
2742 2993 3071 3069 primordiis
3122 2992 3508 3069 nonnunquam
3554 2992 3623 3056 ad

2062 3061 2705 3140 Filiumudirigebantur;
2742 3061 2850 3117 imo
2899 3078 2998 3119 nec
3025 3080 3146 3140 cum
3193 3069 3321 3136 ipsis
3364 3061 3626 3140 'Origenis

2061 3133 2359 3202 principiis,
2390 3132 2454 3188 ei
2481 3132 2678 3205 quibus
2707 3144 3029 3202 sequeretur
3077 3132 3225 3205 ipsas
3254 3140 3419 3193 etiam
3468 3132 3627 3196 Gbse-

2060 3204 2353 3279 erationes,
2378 3203 2767 3279 postulationes
2794 3212 2852 3279 et
2873 3203 3166 3279 gratiarum
3195 3209 3435 3264 actiones
3454 3250 3468 3275 ,
3491 3227 3626 3279 quas

390 3291 496 3327 non
525 3288 705 3327 autem
736 3267 915 3339 Pater,
956 3274 1041 3327 vel
1087 3267 1339 3342 uterque,
1378 3273 1460 3327 vel
1516 3272 1661 3327 solus
1705 3271 1885 3326 Pater.
1924 3291 1943 3323 ι
1980 3267 2023 3329 ε
2053 3272 2193 3327 Filio
2224 3267 2407 3330 deberi
2440 3275 2664 3339 fatetur,
2706 3267 2902 3330 eodeni
2926 3277 3086 3331 modo
3110 3267 3475 3337 instituendas
3504 3267 3625 3337 esse

390 3345 577 3398 Solum
606 3344 803 3399 Filium
825 3347 972 3399 orari
1018 3344 1135 3398 sine
1163 3342 1323 3397 Patre
1358 3344 1651 3397 absurdum
1704 3343 1956 3397 omnibus

393 3417 564 3467 visum
602 3415 663 3468 iri
698 3432 803 3469 non
835 3415 1047 3469 dubitat
1080 3431 1093 3467 :
1137 3424 1427 3480 utrumque
1475 3426 1653 3466 autem
1681 3426 1840 3465 orare
1873 3414 1956 3466 in-

387 3486 729 3539 t'Olllllmdllm
766 3486 814 3540 ei
847 3487 1082 3547 videtur,
1113 3492 1213 3538 eta
1237 3482 1537 3551 Scriptura:
1566 3483 1957 3537 consuetudine

387 3555 656 3619 alienum;
680 3555 968 3610 dicendum
994 3555 1138 3609 enim
1164 3554 1301 3607 l'oret
1327 3554 1517 3623 plurali
1546 3566 1793 3616 numero,
1817 3551 1959 3606 Prte-

385 3626 520 3686 bete,
555 3627 864 3694 benefacite,
895 3626 1248 3690 suppeditata,
1278 3623 1496 3694 salvete.
1526 3623 1652 3694 Inde
1682 3623 1957 3694 concludit

386 3697 558 3749 solum
600 3693 819 3750 Patrem
850 3696 1117 3748 orandum
1143 3708 1286 3757 esse,
1319 3711 1338 3744 ι
1372 3693 1465 3746 sed
1505 3710 1569 3746 ne
1607 3693 1709 3745 hoc
1734 3693 1951 3761 quidem

384 3768 589 3833 absque
630 3781 843 3819 summo
899 3764 1194 3818 Sacerdote
1246 3779 1367 3815 cum
1403 3761 1692 3833 jejurando
1735 3780 1761 3833 a
1795 3761 1956 3815 Patre

383 3832 704 3899 constituto,
739 3837 1033 3888 secundum
1057 3834 1183 3886 illud
1212 3833 1326 3887 :Tu
1351 3849 1405 3886 es
1441 3832 1697 3886 Sacerdos
1726 3832 1781 3885 in
1803 3842 1957 3885 teter-

383 3921 507 3958 num
532 3907 814 3959 secundum
833 3905 1067 3958 ordinem
1088 3902 1459 3957 Melchisedech
1484 3901 1657 3972 (Psal.
1675 3917 1784 3966 tux,
1807 3901 1915 3972 14).
1930 3922 1949 3956 ι

384 3974 511 4029 Haec
550 3978 840 4030 conﬁrmat
875 3977 959 4029 his
992 3974 1195 4030 Christi
1227 3974 1405 4027 verbis
1437 3989 1452 4026 :
1482 3992 1501 4023 ι
1537 3974 1735 4034 Amen,
1771 3988 1953 4039 amen,

382 4047 504 4100 dico
530 4046 706 4109 vobis,
738 4045 781 4099 si
801 4046 927 4114 quid
954 4044 1220 4114 petieritis
1253 4043 1466 4114 Patrem
1491 4042 1543 4095 iit
1572 4044 1790 4095 nomine
1810 4057 1950 4114 meo,

380 4115 532 4169 dabit
554 4116 710 4169 vobis
735 4110 922 4186 (Idan.
953 4110 1066 4177 in,
1096 4113 1209 4186 25).
1246 4133 1266 4166 ι
1298 4113 1443 4167 Nihil
1467 4127 1601 4186 sane
1621 4114 1672 4165 in
1707 4116 1806 4186 hac
1830 4110 1956 4186 Gri-

380 4189 532 4252 genis
556 4181 803 4240 doctrina
823 4181 1349 4255 reprehendendum,
1367 4199 1467 4238 nec
1484 4183 1699 4237 Patrem
1722 4184 1853 4255 _sine
1866 4181 1954 4236 Fi-

380 4258 475 4319 lio,
508 4272 607 4312 nec
629 4256 823 4311 Filium
851 4252 969 4311 sine
995 4254 1159 4309 Patre
1181 4257 1445 4309 orandum
1473 4253 1785 4308 statuentis.
1816 4252 1952 4307 Cum

378 4339 562 4381 autem
610 4342 715 4380 non
745 4330 981 4392 deceret,
1010 4335 1067 4378 ut
1096 4340 1285 4394 preces
1308 4324 1502 4394 plurali
1526 4339 1752 4377 numero
1779 4324 1954 4377 ell'er-

377 4407 607 4465 rentur,
642 4395 928 4467 Origenes,
985 4399 1097 4467 qui;
1135 4396 1501 4450 necessarium
1531 4403 1863 4467 esse_putat_
1884 4395 1951 4467 ad

377 4462 692 4521 accuratam
721 4462 940 4537 p'recum
974 4462 1396 4537 institutionem,
1438 4476 1496 4518 ut
1526 4463 1708 4518 Patris
1734 4474 1789 4537 et
1823 4462 1949 4537 [filii

379 4537 585 4593 mentio
609 4533 740 4603 ﬁat;
773 4537 951 4591 neutri
983 4538 1113 4590 facit
1134 4536 1413 4605 iniuriam,
1436 4550 1563 4589 cunt
1602 4535 1789 4605 easiad
1839 4533 1946 4587 Pa-

2059 3360 2122 3398 ac
2158 3347 2328 3413 ipsam
2361 3345 2746 3414 precationem.

2130 3414 2407 3497 Liolestum
2431 3416 2572 3469 forte
2611 3415 3074 3497 videbitur,_quod
3108 3417 3191 3497 his
3219 3417 3621 3497 petiteronotnii

2056 3486 2237 3557 verbis
2256 3499 2571 3547 occurrens,
2599 3499 2720 3554 quae
2746 3486 2847 3540 sibi
2872 3486 3143 3557 objectum
3176 3488 3239 3540 iri
3272 3491 3620 3557 providebat:

2063 3556 2502 3632 t_Atlorenteutrt
2531 3570 2721 3632 omnes
2747 3555 2922 3624 angeli
2947 3555 3041 3611 Dei
3062 3557 3241 3628 (Deut.
3266 3555 3436 3625 iuit,
3469 3559 3583 3632 45):
3601 3583 3619 3611 ο

2060 3627 2198 3680 idem
2234 3624 2303 3679 de
2365 3625 2605 3696 Ecclesia
2660 3624 2862 3679 dictum
2919 3642 3040 3681 esse
3071 3624 3452 3696 respondeat;
3488 3650 3505 3681 ι
3542 3624 3620 3686 ’δί

2055 3697 2198 3766 quis,
2226 3696 2417 3764 inquit.
2443 3695 2762 3749 existimans
2793 3696 3154 3765 precationem
3194 3698 3293 3765 ipsi
3324 3700 3459 3753 Filio
3502 3699 3621 3754 fun-

2056 3769 2287 3821 dendam
2322 3780 2463 3833 esse,
2489 3768 2859 3836 acreveritus
2891 3766 2955 3836 id
3006 3769 3147 3836 quod
3201 3782 3268 3822 ex
3308 3772 3624 3825 adoratione

2057 3837 2443 3906 consequitur,
2493 3835 2719 3906 objiciat
2776 3834 2933 3892 nobis
2992 3834 3165 3892 illud:
3225 3837 3456 3891 Adorent
3500 3856 3627 3893 eum.

2056 3905 2253 3959 omnes
2288 3906 2459 3976 angeli
2497 3905 2614 3969 Dei,
2645 3907 2789 3974 quod
2824 3907 2942 3961 sine
2986 3911 3360 3962 controversia
3397 3910 3449 3962 in
3484 3909 3620 3964 Deu-

2058 3979 2360 4030 teronomio
2389 3978 2456 4032 de
2480 3976 2697 4031 Christo
2720 3977 2921 4030 dictum
2952 3988 3072 4041 est;
3109 3979 3394 4032 dicendum
3427 3979 3500 4031 illi
3536 3990 3624 4035 est

2056 4046 2373 4112 Ecclesiatn,
2404 4062 2523 4117 quae
2546 4045 2843 4101 Jerusalem
2877 4061 2908 4099 a
2953 4047 3212 4117 propheta
3264 4049 3576 4117 nominatur
3599 4088 3626 4114 ν

2057 4118 2271 4170 adorari
2318 4132 2347 4171 a
2388 4115 2607 4186 regibus
2663 4126 2721 4170 et
2759 4115 2965 4184 reginis
3019 4118 3317 4186 nutricibus
3368 4116 3525 4173 factis
3566 4132 3625 4173 et.

2055 4187 2312 4250 nutritiis,
2337 4196 2395 4241 ut
2415 4185 2562 4257 patet
2591 4200 2657 4240 ex
2685 4187 2768 4240 his
2790 4188 3000 4241 verbis:
3033 4185 3169 4240 Erae
3197 4188 3375 4242 levabo
3403 4189 3471 4239 ad
3493 4206 3621 4257 gen»

2053 4268 2127 4310 tes
2158 4272 2367 4311 manum
2404 4256 2664 4311 mentm...
2691 4267 2842 4310 erunt
2871 4272 3010 4325 reges
3045 4256 3245 4309 nutritii
3280 4258 3378 4318 tui,
3404 4268 3450 4311 et
3478 4256 3618 4325 regi-

2053 4343 2136 4381 me
2190 4328 2419 4382 nutrices
2451 4338 2599 4380 tute:
2650 4327 2799 4380 vultu
2847 4328 2903 4379 in
2938 4336 3130 4380 terram
3162 4329 3388 4381 demisso
3433 4330 3628 4381 adora-

2055 4398 2181 4451 bunt
2198 4408 2246 4450 te
2265 4397 2400 4468 (lsa.
2428 4412 2575 4460 xm,
2598 4396 2693 4462 22,
2712 4396 2825 4465 25),
2849 4414 2869 4448 ι
2896 4395 3148 4451 etc.Cum
3175 4401 3361 4451 eadem
3393 4398 3463 4468 sit
3491 4414 3616 4464 pre-

2052 4467 2211 4521 candi
2244 4466 2300 4521 et
2326 4468 2587 4522 adorandi
2637 4468 2795 4529 ratio,
2836 4468 3056 4519 minime
3099 4468 3314 4529 tuirum,
3353 4469 3397 4521 si
3429 4466 3629 4537 Orige-

2055 4553 2172 4604 nes,
2198 4540 2289 4605 qui
2317 4552 2507 4605 preces
2537 4538 2605 4593 ad
2627 4537 2867 4602 Patrem,
2887 4546 2946 4590 ut
2973 4538 3040 4590 ad
3070 4537 3269 4590 fontem
3294 4537 3615 4603 divinitatis,

379 4616 515 4677 trem
572 4609 883 4677 dirigendas
918 4609 1093 4662 docet.
1146 4604 1300 4673 Quod
1350 4616 1531 4659 autem
1578 4604 1657 4658 ait
1683 4604 1879 4659 Filium
1915 4622 1946 4660 a
1979 4611 2022 4665 D
2052 4604 2357 4677 dirigendas
2383 4611 2564 4670 docet,
2616 4609 2756 4661 idem
2787 4607 2855 4662 de
2901 4608 3217 4661 adoratinne
3244 4618 3469 4661 statuat.
3507 4607 3625 4661 Dii--

375 4675 541 4732 Patre
553 4675 716 4732 alium
739 4692 856 4733 esse
877 4677 1169 4732 secundum
1188 4678 1482 4732 essentiam
1498 4684 1554 4731 et
1566 4677 1902 4743 suppositum
1922 4718 1938 4740 ,

375 4750 509 4803 satis
533 4750 644 4818 jam
666 4764 935 4818 superque
963 4748 1397 4818 demonstratum
1434 4756 1519 4800 est
1548 4747 1841 4818 essentiam
1867 4746 1941 4818 ab

375 4833 443 4872 eo
465 4816 817 4880 considerari,
849 4816 1138 4888 'quatenus
1193 4817 1362 4873 certis
1392 4817 1818 4886 proprietatibus
1847 4816 1941 4870 de-

375 4890 525 4959 ﬁnita
557 4899 661 4956 est,
692 4899 766 4954 et,
790 4900 847 4942 ut
879 4892 993 4959 ipse
1021 4888 1278 4957 loquitur,
1309 4888 1742 4959 circutttsctjpta.

445 4954 683 5014 Tertiam
713 4954 974 5013 rationem
993 4974 1060 5013 ex
1089 4954 1154 5013 eo
1182 4962 1397 5027 repetit,
1420 4956 1560 5026 quod
1583 4954 1751 5011 Filius
1778 4971 1806 5009 a
1835 4954 1940 5011 Pa-

376 5040 459 5084 tre
487 5031 666 5084 omnia
699 5032 990 5101 acceperit,
1011 5037 1065 5082 et
1098 5029 1268 5101 frater
1320 5039 1526 5101 noster,
1560 5030 1940 5101 susceptahu-

374 5116 534 5154 utana
569 5111 792 5165 natura,
826 5096 1003 5154 factus
1022 5104 1110 5153 sit.
1138 5097 1231 5153 Sic
1256 5100 1401 5153 enim
1434 5097 1708 5150 Christum
1736 5096 1946 5152 inducit

374 5187 473 5225 nos
505 5164 865 5241 alloquentem
900 5189 914 5224 :
963 5170 1229 5241 Ἀρχιερεί
1256 5168 1365 5240 γὰρ
1388 5168 1465 5238 τῷ
1663 5164 1815 5241 ὑμῶν
1844 5182 1943 5241 καῖ

372 5237 812 5310 τασταϐένξειύπὸ
834 5241 928 5293 τοῦ
963 5237 1176 5310 Ilus—pb};
1213 5241 1304 5292 καὶ
1330 5237 1664 5310 ἁταρακλήῖῳ
1714 5237 1941 5310 (iarbam?

372 5312 585 5383 Πατρὺς
614 5308 751 5365 εἶναι
777 5311 1017 5383 λαϐόντι,
1045 5307 1467 5383 εὔχεσθαι.γὺμᾷ
1489 5310 1549 5383 oi)
1568 5307 1688 5383 fisi,
1722 5307 1855 5383 ἀλλᾲ
1874 5308 1940 5360 δι’

372 5378 671 5456 ἁρχιὲρέως
700 5384 794 5436 καὶ
816 5378 1263 5456 grumaim-out...
1303 5378 1541 5456 :Aoelgtp
1564 5378 1620 5456 δὲ
1646 5378 1942 5456 προσεύχεσ-

374 5448 495 5526 σβᾶι
515 5448 639 5516 ’ἑοὺς
665 5448 1105 5526 κριτηξιιιὶμένούς
1120 5452 1238 5515 ἑνὸς
1257 5451 1421 5526 αὑτοῦ
1439 5448 1650 5521 nam;
1667 5448 1938 5526 abacto-rw

372 5524 611 5593 εὖλογον.
648 5543 666 5575 ι
698 5520 807 5579 Nec
844 5520 965 5577 eum
1007 5538 1181 5593 orare
1217 5525 1448 5587 debetis,
1486 5520 1578 5588 qut
1611 5520 1939 5593 constitutus

370 5606 452 5647 est
487 5592 723 5663 pontifex
759 5610 789 5647 a
824 5594 1006 5658 Patre,
1027 5604 1083 5646 et
1112 5609 1140 5646 a
1167 5592 1326 5646 Patre
1347 5593 1556 5659 accepit
1592 5597 1650 5642 ut
1671 5592 1935 5663 esset_ad-

370 5658 633 5730 Vocatus;
668 5666 761 5719 sed
786 5680 880 5733 per
915 5664 1225 5734 pontiﬁcem
1257 5672 1313 5734 et
1344 5658 1931 5734 advocatum....hFra-

373 5746 509 5788 trem
539 5727 719 5790 autem
764 5727 1011 5788 arari—ah
1057 5734 1141 5799 iis,
1179 5731 1271 5801 qui
1315 5733 1501 5786 eodem
1553 5744 1618 5783 ac
1652 5730 1742 5784 ille
1771 5727 1934 5784 Patre

370 5806 696 5877 gloriantur,
724 5818 830 5877 non
857 5813 942 5858 est
971 5803 1165 5857 rationi
1198 5810 1642 5877 consentaneum.
1665 5816 1696 5877 _t

438 5873 711 5930 Clausulas
749 5875 869 5930 loco
905 5884 1155 5943 quartam
1189 5872 1455 5927 rationem
1485 5869 1724 5936 subiicit,
1761 5879 1819 5923 ut
1840 5883 1927 5924 εον

2052 4678 2196 4731 bium
2227 4693 2348 4732 esse
2393 4694 2498 4733 non
2528 4688 2704 4747 potest
2729 4693 2797 4731 ex
2831 4678 3171 4747 testimoniis
3198 4680 3355 4730 modo
3396 4678 3570 4731 allatis
3599 4718 3629 4739 ,.

2048 4748 2176 4816 quin
2202 4747 2477 4803 Christum
2513 4746 2634 4802 eum
2661 4747 2843 4813 Patre,
2866 4758 2924 4801 ut
2948 4762 3127 4801 verum
3156 4746 3349 4801 Filium
3367 4758 3422 4801 et
3453 4762 3628 4801 υιιιιιηι

2047 4833 2169 4871 cum
2197 4818 2355 4873 Patre
2392 4820 2557 4873 Deum
2596 4818 2809 4872 adorari
2843 4820 3052 4873 doceat.
3081 4818 3233 4883 Quod
3257 4819 3300 4871 si
3348 4832 3464 4873 eam
3504 4816 3617 4872 dis-

2050 4890 2365 4943 tinctionem
2406 4890 2699 4954 adhibeat,
2746 4898 2805 4941 ut
2858 4888 3106 4957 quamvis
3150 4887 3310 4941 Pater
3336 4898 3390 4941 et
3424 4886 3622 4957 Filius,

2046 4968 2104 5010 ιιι
2140 4975 2277 5012 unus
2307 4960 2467 5019 Deus,
2491 4959 2650 5013 simul
2692 4955 3002 5021 adorentur,
3040 4958 3284 5011 adoratio
3308 4966 3485 5011 tamen
3508 4955 3614 5010 Pa-

2048 5029 2138 5093 tri,
2170 5038 2227 5081 ιιι
2250 5029 2381 5084 fonti
2418 5029 2736 5093 divinitatis,
2762 5027 2899 5081 Filio
2926 5037 2984 5080 ut
3015 5025 3126 5081 Deo
3158 5043 3223 5082 ex
3254 5027 3366 5082 Deo
3395 5029 3611 5080 defera-

2050 5107 2164 5163 tur;
2204 5098 2360 5167 longe
2383 5099 2547 5153 distat
2567 5099 2680 5152 haec
2704 5099 2976 5153 sententia
3007 5098 3316 5167 abArianis
3343 5112 3620 5167 commen-

2047 5170 2133 5223 tis.
2169 5166 2429 5235 Quamvis
2462 5176 2642 5224 autem
2693 5170 2744 5222 in
2772 5169 3019 5236 exemplo
3047 5166 3305 5221 Ecclesiae
3330 5184 3358 5219 a
3392 5166 3618 5236 regibus

2044 5248 2103 5293 et
2132 5240 2332 5309 reginis
2365 5241 2604 5293 adorata:
2632 5239 3003 5307 metaphoram
3032 5239 3277 5309 admittat
3306 5236 3562 5306 Origenes
3591 5279 3607 5300 ,

2045 5323 2151 5362 non
2182 5308 2305 5363 inde
2344 5312 2590 5378 sequitur
2637 5310 2841 5378 pariter
2892 5308 3176 5361 admisisse
3207 5308 3259 5360 in
3290 5308 3609 5378 adoratione

2043 5392 2162 5447 qua:
2183 5379 2320 5434 Filio
2343 5376 2580 5433 defertur
2598 5394 2616 5443 ;
2637 5376 2739 5432 sed
2760 5380 2859 5431 hoc
2877 5388 3082 5431 tantum
3098 5376 3389 5441 contendit,
3414 5392 3610 5447 qnam-

2042 5450 2124 5503 vis
2154 5449 2316 5503 Pater
2342 5452 2617 5511 adoretur,
2654 5464 2718 5502 ac
2753 5447 2922 5502 Filius
2948 5448 3222 5512 adoretur,
3264 5462 3369 5500 non
3403 5448 3613 5501 idcirco

2043 5519 2442 5573 distinctionem
2486 5519 2765 5587 utriusque
2800 5533 3039 5584 persona:
3073 5517 3219 5582 tolli;
3254 5520 3448 5586 quippe
3466 5532 3607 5587 cunt

2041 5587 2279 5643 Ecclesia
2308 5590 2424 5657 ipsa
2449 5588 2663 5657 adorari
2686 5586 2918 5642 dicatur.
2953 5587 3125 5657 Simili
3159 5588 3364 5639 ratione
3390 5586 3607 5657 talinro

2038 5668 2229 5712 octavo
2262 5655 2442 5712 contra
2482 5656 2694 5712 Celsum
2729 5670 2786 5711 ut
2829 5657 3019 5726 probet
3049 5656 3263 5710 Patrem
3308 5666 3363 5709 et
3410 5655 3607 5710 Filium

2038 5743 2145 5781 non
2178 5729 2459 5791 confundi,
2490 5731 2737 5797 quamvis
2781 5743 2946 5783 unum
2979 5742 3098 5781 esse
3123 5727 3391 5788 dicantur,
3435 5728 3605 5779 utitur

2037 5798 2283 5865 exemplo
2306 5797 2600 5864 primorum
2636 5798 2894 5861 ﬁdelium,
2916 5813 3143 5866 quorum
3165 5811 3260 5849 cor
3288 5812 3452 5866 unum
3485 5806 3603 5848 erat

2036 5879 2088 5923 ct
2118 5868 2294 5922 anima
2330 5883 2454 5923 una.
2491 5872 2567 5922 An
2600 5869 2723 5923 inde
2756 5865 3092 5945 sequiturab
3124 5881 3187 5922 eo
3215 5867 3352 5921 inter
3385 5865 3610 5920 Patrem
