  <div class='ocr_page' id='page_1' title='image "/cluster/home/n/w/nwhite01/storage/ocr_20150623/17:no.7/coo.31924054872977/409.png"; bbox 0 0 4160 6396; ppageno 0'>
   <div class='ocr_carea' id='block_1_1' title="bbox 510 383 617 442">
    <p class='ocr_par' dir='ltr' id='par_1_1' title="bbox 510 383 617 442">
     <span class='ocr_line' id='line_1_1' title="bbox 510 383 617 442; baseline -0.009 0"><span class='ocrx_word' id='word_1_1' title='bbox 510 383 617 442; x_wconf 77' lang='lat'><strong>795</strong></span> 
     </span>
    </p>
   </div>
   <div class='ocr_carea' id='block_1_2' title="bbox 1785 374 2474 435">
    <p class='ocr_par' dir='ltr' id='par_1_2' title="bbox 1785 374 2474 435">
     <span class='ocr_line' id='line_1_2' title="bbox 1785 374 2474 435; baseline -0.003 0"><span class='ocrx_word' id='word_1_2' title='bbox 1785 380 1842 435; x_wconf 91' lang='lat' dir='ltr'><strong>P.</strong></span> <span class='ocrx_word' id='word_1_3' title='bbox 1881 374 2199 434; x_wconf 73' lang='lat' dir='ltr'><strong>DANIELIS</strong></span> <span class='ocrx_word' id='word_1_4' title='bbox 2236 375 2474 433; x_wconf 79' lang='lat' dir='ltr'><strong>HUETII</strong></span> 
     </span>
    </p>
   </div>
   <div class='ocr_carea' id='block_1_3' title="bbox 3668 386 3773 445">
    <p class='ocr_par' dir='ltr' id='par_1_3' title="bbox 3668 386 3773 445">
     <span class='ocr_line' id='line_1_3' title="bbox 3668 386 3773 445; baseline 0.038 -4"><span class='ocrx_word' id='word_1_5' title='bbox 3668 386 3773 445; x_wconf 82' lang='lat'><strong>796</strong></span> 
     </span>
    </p>
   </div>
   <div class='ocr_carea' id='block_1_4' title="bbox 510 494 2094 570">
    <p class='ocr_par' dir='ltr' id='par_1_4' title="bbox 510 494 2094 570">
     <span class='ocr_line' id='line_1_4' title="bbox 510 494 2094 570; baseline -0.005 -14"><span class='ocrx_word' id='word_1_6' title='bbox 510 502 665 561; x_wconf 79' lang='grc' dir='ltr'>κόνα.</span> <span class='ocrx_word' id='word_1_7' title='bbox 689 501 809 565; x_wconf 80' lang='grc' dir='ltr'>ταῖς</span> <span class='ocrx_word' id='word_1_8' title='bbox 844 498 985 554; x_wconf 83' lang='grc' dir='ltr'>κατὰ</span> <span class='ocrx_word' id='word_1_9' title='bbox 1023 499 1084 554; x_wconf 74' lang='grc' dir='ltr'>τὺ</span> <span class='ocrx_word' id='word_1_10' title='bbox 1136 499 1359 554; x_wconf 80' lang='grc' dir='ltr'>δυνατὸν</span> <span class='ocrx_word' id='word_1_11' title='bbox 1391 500 1523 570; x_wconf 79' lang='grc' dir='ltr'>ἡμῖν</span> <span class='ocrx_word' id='word_1_12' title='bbox 1554 498 1783 561; x_wconf 79' lang='grc' dir='ltr'><strong>ἱκεσίαις</strong></span> <span class='ocrx_word' id='word_1_13' title='bbox 1813 498 1907 551; x_wconf 74' lang='grc' dir='ltr'><strong>καὶ</strong></span> <span class='ocrx_word' id='word_1_14' title='bbox 1934 494 2094 562; x_wconf 79' lang='grc' dir='ltr'>ἀξιώ-</span> 
     </span>
    </p>
   </div>
   <div class='ocr_carea' id='block_1_5' title="bbox 2198 494 3771 570">
    <p class='ocr_par' dir='ltr' id='par_1_5' title="bbox 2200 494 3771 567">
     <span class='ocr_line' id='line_1_5' title="bbox 2200 494 3771 567; baseline 0.004 -18"><span class='ocrx_word' id='word_1_15' title='bbox 2200 495 2324 549; x_wconf 87' lang='lat' dir='ltr'><strong>dem</strong></span> <span class='ocrx_word' id='word_1_16' title='bbox 2348 512 2363 550; x_wconf 89' lang='lat'><strong>:</strong></span> <span class='ocrx_word' id='word_1_17' title='bbox 2398 513 2418 545; x_wconf 74' lang='grc' dir='ltr'><strong>ι</strong></span> <span class='ocrx_word' id='word_1_18' title='bbox 2449 494 2586 562; x_wconf 85' lang='lat' dir='ltr'><strong>Quia</strong></span> <span class='ocrx_word' id='word_1_19' title='bbox 2613 494 2779 567; x_wconf 89' lang='lat' dir='ltr'><strong>igitur</strong></span> <span class='ocrx_word' id='word_1_20' title='bbox 2811 495 3063 553; x_wconf 79' lang='lat' dir='ltr'><strong>Salvator</strong></span> <span class='ocrx_word' id='word_1_21' title='bbox 3091 494 3369 554; x_wconf 74' lang='lat' dir='ltr'><strong>Creatoris</strong></span> <span class='ocrx_word' id='word_1_22' title='bbox 3396 507 3482 554; x_wconf 89' lang='lat' dir='ltr'><strong>est</strong></span> <span class='ocrx_word' id='word_1_23' title='bbox 3509 498 3697 567; x_wconf 86' lang='lat' dir='ltr'><strong>Filius,</strong></span> <span class='ocrx_word' id='word_1_24' title='bbox 3718 504 3771 557; x_wconf 92' lang='lat' dir='ltr'><strong>in</strong></span> 
     </span>
    </p>
   </div>
   <div class='ocr_carea' id='block_1_6' title="bbox 510 590 2093 663">
    <p class='ocr_par' dir='ltr' id='par_1_6' title="bbox 510 590 2093 663">
     <span class='ocr_line' id='line_1_6' title="bbox 510 590 2093 663; baseline -0.003 -16"><span class='ocrx_word' id='word_1_25' title='bbox 510 610 631 648; x_wconf 78' lang='grc' dir='ltr'>σισι</span> <span class='ocrx_word' id='word_1_26' title='bbox 657 594 906 663; x_wconf 78' lang='grc' dir='ltr'>σέϐομεν.</span> <span class='ocrx_word' id='word_1_27' title='bbox 934 592 1395 663; x_wconf 83' lang='grc' dir='ltr'>προσάγοντεςτῷ</span> <span class='ocrx_word' id='word_1_28' title='bbox 1424 592 1545 663; x_wconf 86' lang='grc' dir='ltr'><strong>Θεῷ</strong></span> <span class='ocrx_word' id='word_1_29' title='bbox 1570 592 1680 645; x_wconf 81' lang='grc' dir='ltr'>τῶν</span> <span class='ocrx_word' id='word_1_30' title='bbox 1702 591 1839 646; x_wconf 83' lang='grc' dir='ltr'>ὅλων</span> <span class='ocrx_word' id='word_1_31' title='bbox 1877 590 1976 653; x_wconf 75' lang='grc' dir='ltr'>τὰς</span> <span class='ocrx_word' id='word_1_32' title='bbox 2010 592 2093 643; x_wconf 71' lang='grc' dir='ltr'>εὐ-</span> 
     </span>
    </p>
   </div>
   <div class='ocr_carea' id='block_1_7' title="bbox 510 678 2093 757">
    <p class='ocr_par' dir='ltr' id='par_1_7' title="bbox 510 678 2093 757">
     <span class='ocr_line' id='line_1_7' title="bbox 510 678 2093 757; baseline -0.001 -19"><span class='ocrx_word' id='word_1_33' title='bbox 510 688 610 757; x_wconf 78' lang='grc' dir='ltr'><strong>χὰς</strong></span> <span class='ocrx_word' id='word_1_34' title='bbox 638 685 723 738; x_wconf 74' lang='grc' dir='ltr'><strong>διὰ</strong></span> <span class='ocrx_word' id='word_1_35' title='bbox 752 684 845 737; x_wconf 82' lang='grc' dir='ltr'>τοῦ</span> <span class='ocrx_word' id='word_1_36' title='bbox 873 684 1208 753; x_wconf 82' lang='grc' dir='ltr'>Μονογενοῦς</span> <span class='ocrx_word' id='word_1_37' title='bbox 1234 684 1399 738; x_wconf 77' lang='grc' dir='ltr'>αὑτοῦ</span> <span class='ocrx_word' id='word_1_38' title='bbox 1415 678 1458 752; x_wconf 83' lang='grc' dir='ltr'>ᾧ</span> <span class='ocrx_word' id='word_1_39' title='bbox 1480 684 1695 755; x_wconf 85' lang='grc' dir='ltr'>πρῶτον</span> <span class='ocrx_word' id='word_1_40' title='bbox 1712 683 2093 755; x_wconf 79' lang='grc' dir='ltr'><strong>προσφέρομεν</strong></span> 
     </span>
    </p>
   </div>
   <div class='ocr_carea' id='block_1_8' title="bbox 508 775 2094 847">
    <p class='ocr_par' dir='ltr' id='par_1_8' title="bbox 508 775 2094 847">
     <span class='ocr_line' id='line_1_8' title="bbox 508 775 2094 847; baseline -0.001 -17"><span class='ocrx_word' id='word_1_41' title='bbox 508 778 704 840; x_wconf 77' lang='grc' dir='ltr'>αὑτὰς,</span> <span class='ocrx_word' id='word_1_42' title='bbox 729 775 1003 840; x_wconf 75' lang='grc' dir='ltr'>ἀξιοῦντες</span> <span class='ocrx_word' id='word_1_43' title='bbox 1019 777 1205 839; x_wconf 80' lang='grc' dir='ltr'>αὐτὸν,</span> <span class='ocrx_word' id='word_1_44' title='bbox 1232 777 1457 846; x_wconf 78' lang='grc' dir='ltr'>ἱλασμὸν</span> <span class='ocrx_word' id='word_1_45' title='bbox 1478 776 1608 829; x_wconf 79' lang='grc' dir='ltr'>ὄντα</span> <span class='ocrx_word' id='word_1_46' title='bbox 1633 777 1763 847; x_wconf 73' lang='grc' dir='ltr'>περὶ</span> <span class='ocrx_word' id='word_1_47' title='bbox 1790 775 1897 829; x_wconf 82' lang='grc' dir='ltr'>τῶν</span> <span class='ocrx_word' id='word_1_48' title='bbox 1912 778 2094 846; x_wconf 72' lang='grc' dir='ltr'>ἀμαρο</span> 
     </span>
    </p>
   </div>
   <div class='ocr_carea' id='block_1_9' title="bbox 508 868 2091 942">
    <p class='ocr_par' dir='ltr' id='par_1_9' title="bbox 508 868 2091 942">
     <span class='ocr_line' id='line_1_9' title="bbox 508 868 2091 942; baseline -0.003 -17"><span class='ocrx_word' id='word_1_49' title='bbox 508 870 639 925; x_wconf 87' lang='grc' dir='ltr'>τιῶν</span> <span class='ocrx_word' id='word_1_50' title='bbox 661 868 838 940; x_wconf 77' lang='grc' dir='ltr'>ἡμῶν,</span> <span class='ocrx_word' id='word_1_51' title='bbox 867 874 1238 941; x_wconf 82' lang='grc' dir='ltr'><strong>προσαγαγεῖν</strong></span> <span class='ocrx_word' id='word_1_52' title='bbox 1267 872 1343 934; x_wconf 83' lang='grc' dir='ltr'>ὡς</span> <span class='ocrx_word' id='word_1_53' title='bbox 1362 870 1624 942; x_wconf 80' lang='grc' dir='ltr'>ἀρχιερέα</span> <span class='ocrx_word' id='word_1_54' title='bbox 1657 870 1756 933; x_wconf 71' lang='grc' dir='ltr'><strong>τὰς</strong></span> <span class='ocrx_word' id='word_1_55' title='bbox 1787 869 1969 939; x_wconf 80' lang='grc' dir='ltr'>εὐχὰς,</span> <span class='ocrx_word' id='word_1_56' title='bbox 1997 868 2091 921; x_wconf 79' lang='grc' dir='ltr'><strong>καὶ</strong></span> 
     </span>
    </p>
   </div>
   <div class='ocr_carea' id='block_1_10' title="bbox 506 960 2087 1034">
    <p class='ocr_par' dir='ltr' id='par_1_10' title="bbox 506 960 2087 1034">
     <span class='ocr_line' id='line_1_10' title="bbox 506 960 2087 1034; baseline -0.001 -18"><span class='ocrx_word' id='word_1_57' title='bbox 506 962 609 1025; x_wconf 78' lang='grc' dir='ltr'>τὰς</span> <span class='ocrx_word' id='word_1_58' title='bbox 639 961 851 1027; x_wconf 86' lang='grc' dir='ltr'>Θυσίας,</span> <span class='ocrx_word' id='word_1_59' title='bbox 872 964 1078 1025; x_wconf 72' lang='grc' dir='ltr'>καὶτὰς</span> <span class='ocrx_word' id='word_1_60' title='bbox 1106 963 1376 1029; x_wconf 77' lang='grc' dir='ltr'><strong>ἐντεύξεις</strong></span> <span class='ocrx_word' id='word_1_61' title='bbox 1399 963 1555 1034; x_wconf 79' lang='grc' dir='ltr'>ἡμῶν</span> <span class='ocrx_word' id='word_1_62' title='bbox 1575 963 1653 1034; x_wconf 83' lang='grc' dir='ltr'><strong>τῷ</strong></span> <span class='ocrx_word' id='word_1_63' title='bbox 1669 964 1761 1015; x_wconf 74' lang='grc' dir='ltr'><strong>ἐπὶ</strong></span> <span class='ocrx_word' id='word_1_64' title='bbox 1789 963 1923 1015; x_wconf 81' lang='grc' dir='ltr'>πᾶσι</span> <span class='ocrx_word' id='word_1_65' title='bbox 1950 960 2087 1031; x_wconf 79' lang='grc' dir='ltr'><strong>Θεῷ·</strong></span> 
     </span>
    </p>
   </div>
   <div class='ocr_carea' id='block_1_11' title="bbox 508 1053 2092 1127">
    <p class='ocr_par' dir='ltr' id='par_1_11' title="bbox 508 1053 2092 1127">
     <span class='ocr_line' id='line_1_11' title="bbox 508 1053 2092 1127; baseline -0.003 -16"><span class='ocrx_word' id='word_1_66' title='bbox 508 1069 562 1111; x_wconf 89' lang='lat' dir='ltr'><strong>et</strong></span> <span class='ocrx_word' id='word_1_67' title='bbox 596 1054 841 1119; x_wconf 80' lang='lat' dir='ltr'><strong>inferius,</strong></span> <span class='ocrx_word' id='word_1_68' title='bbox 869 1072 1019 1112; x_wconf 90' lang='lat' dir='ltr'><strong>num.</strong></span> <span class='ocrx_word' id='word_1_69' title='bbox 1052 1056 1121 1111; x_wconf 77' lang='grc'><strong>26</strong></span> <span class='ocrx_word' id='word_1_70' title='bbox 1150 1076 1163 1110; x_wconf 90' lang='lat'>:</span> <span class='ocrx_word' id='word_1_71' title='bbox 1192 1057 1355 1127; x_wconf 88' lang='grc' dir='ltr'><strong>Μὸνῳ</strong></span> <span class='ocrx_word' id='word_1_72' title='bbox 1385 1056 1496 1127; x_wconf 84' lang='grc' dir='ltr'>γὰρ</span> <span class='ocrx_word' id='word_1_73' title='bbox 1513 1054 1878 1126; x_wconf 83' lang='grc' dir='ltr'>προσευκτέον</span> <span class='ocrx_word' id='word_1_74' title='bbox 1904 1054 1982 1125; x_wconf 84' lang='grc' dir='ltr'>τῷ</span> <span class='ocrx_word' id='word_1_75' title='bbox 1997 1053 2092 1107; x_wconf 75' lang='grc' dir='ltr'><strong>ἐπὶ</strong></span> 
     </span>
    </p>
   </div>
   <div class='ocr_carea' id='block_1_12' title="bbox 507 1144 2093 1219">
    <p class='ocr_par' dir='ltr' id='par_1_12' title="bbox 507 1144 2093 1219">
     <span class='ocr_line' id='line_1_12' title="bbox 507 1144 2093 1219; baseline -0.003 -18"><span class='ocrx_word' id='word_1_76' title='bbox 507 1149 619 1201; x_wconf 79' lang='grc' dir='ltr'>πᾶν</span> <span class='ocrx_word' id='word_1_77' title='bbox 636 1148 774 1219; x_wconf 85' lang='grc' dir='ltr'>Θεῷ,</span> <span class='ocrx_word' id='word_1_78' title='bbox 808 1147 902 1202; x_wconf 70' lang='grc' dir='ltr'><strong>καὶ</strong></span> <span class='ocrx_word' id='word_1_79' title='bbox 923 1148 1284 1219; x_wconf 87' lang='grc' dir='ltr'>προσευκτέον</span> <span class='ocrx_word' id='word_1_80' title='bbox 1310 1163 1373 1215; x_wconf 92' lang='grc' dir='ltr'><strong>γε</strong></span> <span class='ocrx_word' id='word_1_81' title='bbox 1389 1145 1467 1216; x_wconf 80' lang='grc' dir='ltr'>τῷ</span> <span class='ocrx_word' id='word_1_82' title='bbox 1490 1146 1804 1213; x_wconf 85' lang='grc' dir='ltr'>Μονογενεῖ,</span> <span class='ocrx_word' id='word_1_83' title='bbox 1826 1144 1919 1197; x_wconf 73' lang='grc' dir='ltr'>καὶ</span> <span class='ocrx_word' id='word_1_84' title='bbox 1942 1161 2093 1215; x_wconf 85' lang='grc' dir='ltr'>πρω-</span> 
     </span>
    </p>
   </div>
   <div class='ocr_carea' id='block_1_13' title="bbox 507 1236 2093 1312">
    <p class='ocr_par' dir='ltr' id='par_1_13' title="bbox 507 1236 2093 1312">
     <span class='ocr_line' id='line_1_13' title="bbox 507 1236 2093 1312; baseline -0.004 -17"><span class='ocrx_word' id='word_1_85' title='bbox 507 1241 715 1312; x_wconf 82' lang='grc' dir='ltr'>τοτόκῳ</span> <span class='ocrx_word' id='word_1_86' title='bbox 745 1242 927 1312; x_wconf 82' lang='grc' dir='ltr'><strong>πάσης</strong></span> <span class='ocrx_word' id='word_1_87' title='bbox 949 1240 1202 1305; x_wconf 79' lang='grc' dir='ltr'><strong>κτίσεως,</strong></span> <span class='ocrx_word' id='word_1_88' title='bbox 1230 1239 1387 1309; x_wconf 85' lang='grc' dir='ltr'><strong>Λόγῳ</strong></span> <span class='ocrx_word' id='word_1_89' title='bbox 1410 1238 1569 1302; x_wconf 78' lang='grc' dir='ltr'>Θεοῦ,</span> <span class='ocrx_word' id='word_1_90' title='bbox 1596 1237 1692 1291; x_wconf 77' lang='grc' dir='ltr'><strong>καὶ</strong></span> <span class='ocrx_word' id='word_1_91' title='bbox 1722 1237 1978 1302; x_wconf 78' lang='grc' dir='ltr'><strong>ἀξιωτέον</strong></span> <span class='ocrx_word' id='word_1_92' title='bbox 2002 1236 2093 1291; x_wconf 79' lang='grc' dir='ltr'>αὐ-</span> 
     </span>
    </p>
   </div>
   <div class='ocr_carea' id='block_1_14' title="bbox 506 1328 2096 1404">
    <p class='ocr_par' dir='ltr' id='par_1_14' title="bbox 506 1328 2096 1404">
     <span class='ocr_line' id='line_1_14' title="bbox 506 1328 2096 1404; baseline -0.003 -18"><span class='ocrx_word' id='word_1_93' title='bbox 506 1333 619 1397; x_wconf 84' lang='grc' dir='ltr'>τὸν,</span> <span class='ocrx_word' id='word_1_94' title='bbox 643 1334 719 1396; x_wconf 86' lang='grc' dir='ltr'>ὼς</span> <span class='ocrx_word' id='word_1_95' title='bbox 747 1332 1026 1404; x_wconf 82' lang='grc' dir='ltr'>ἀρχιερέα,</span> <span class='ocrx_word' id='word_1_96' title='bbox 1053 1330 1153 1401; x_wconf 80' lang='grc' dir='ltr'>τὴν</span> <span class='ocrx_word' id='word_1_97' title='bbox 1178 1334 1264 1384; x_wconf 72' lang='grc' dir='ltr'><strong>ἐπ’</strong></span> <span class='ocrx_word' id='word_1_98' title='bbox 1296 1332 1456 1385; x_wconf 78' lang='grc' dir='ltr'>αὑτὸν</span> <span class='ocrx_word' id='word_1_99' title='bbox 1496 1330 1781 1397; x_wconf 75' lang='grc' dir='ltr'>φθάσασαν</span> <span class='ocrx_word' id='word_1_100' title='bbox 1806 1328 1965 1400; x_wconf 81' lang='grc' dir='ltr'>ἡμῶν</span> <span class='ocrx_word' id='word_1_101' title='bbox 2004 1328 2096 1381; x_wconf 83' lang='grc' dir='ltr'>εὐ-</span> 
     </span>
    </p>
   </div>
   <div class='ocr_carea' id='block_1_15' title="bbox 505 1419 2089 1496">
    <p class='ocr_par' dir='ltr' id='par_1_15' title="bbox 505 1419 2089 1496">
     <span class='ocr_line' id='line_1_15' title="bbox 505 1419 2089 1496; baseline -0.004 -17"><span class='ocrx_word' id='word_1_102' title='bbox 505 1424 610 1496; x_wconf 83' lang='grc' dir='ltr'>χὴν</span> <span class='ocrx_word' id='word_1_103' title='bbox 640 1425 932 1495; x_wconf 79' lang='grc' dir='ltr'>ἀναφέρειν</span> <span class='ocrx_word' id='word_1_104' title='bbox 961 1424 1053 1477; x_wconf 74' lang='grc' dir='ltr'><strong>ἐπὶ</strong></span> <span class='ocrx_word' id='word_1_105' title='bbox 1094 1424 1183 1477; x_wconf 79' lang='grc' dir='ltr'>τὸν</span> <span class='ocrx_word' id='word_1_106' title='bbox 1216 1423 1349 1476; x_wconf 89' lang='grc' dir='ltr'>Θεὸν</span> <span class='ocrx_word' id='word_1_107' title='bbox 1375 1422 1563 1484; x_wconf 81' lang='grc' dir='ltr'>αὑτοῦ,</span> <span class='ocrx_word' id='word_1_108' title='bbox 1598 1423 1694 1475; x_wconf 59' lang='grc' dir='ltr'><strong>καὶ⁵</strong></span> <span class='ocrx_word' id='word_1_109' title='bbox 1734 1420 1865 1474; x_wconf 84' lang='grc' dir='ltr'>Θεὸν</span> <span class='ocrx_word' id='word_1_110' title='bbox 1909 1419 2089 1491; x_wconf 83' lang='grc' dir='ltr'>ἡμῶν.</span> 
     </span>
    </p>
   </div>
   <div class='ocr_carea' id='block_1_16' title="bbox 507 1512 2091 1586">
    <p class='ocr_par' dir='ltr' id='par_1_16' title="bbox 507 1512 2091 1586">
     <span class='ocr_line' id='line_1_16' title="bbox 507 1512 2091 1586; baseline -0.003 -16"><span class='ocrx_word' id='word_1_111' title='bbox 507 1519 813 1586; x_wconf 80' lang='lat' dir='ltr'><strong>Aliquando</strong></span> <span class='ocrx_word' id='word_1_112' title='bbox 846 1528 1025 1571; x_wconf 86' lang='lat' dir='ltr'><strong>tamen</strong></span> <span class='ocrx_word' id='word_1_113' title='bbox 1060 1518 1127 1570; x_wconf 89' lang='lat' dir='ltr'><strong>ad</strong></span> <span class='ocrx_word' id='word_1_114' title='bbox 1157 1514 1391 1570; x_wconf 84' lang='lat' dir='ltr'><strong>Verbum</strong></span> <span class='ocrx_word' id='word_1_115' title='bbox 1424 1529 1612 1583; x_wconf 82' lang='lat' dir='ltr'><strong>preces</strong></span> <span class='ocrx_word' id='word_1_116' title='bbox 1642 1512 1867 1585; x_wconf 82' lang='lat' dir='ltr'><strong>allegari</strong></span> <span class='ocrx_word' id='word_1_117' title='bbox 1892 1527 2091 1568; x_wconf 89' lang='lat' dir='ltr'><strong>conce-</strong></span> 
     </span>
    </p>
   </div>
   <div class='ocr_carea' id='block_1_17' title="bbox 510 1609 2091 1680">
    <p class='ocr_par' dir='ltr' id='par_1_17' title="bbox 510 1609 2091 1680">
     <span class='ocr_line' id='line_1_17' title="bbox 510 1609 2091 1680; baseline -0.001 -15"><span class='ocrx_word' id='word_1_118' title='bbox 510 1611 614 1674; x_wconf 88' lang='lat' dir='ltr'><strong>dit,</strong></span> <span class='ocrx_word' id='word_1_119' title='bbox 644 1627 750 1666; x_wconf 92' lang='lat' dir='ltr'><strong>non</strong></span> <span class='ocrx_word' id='word_1_120' title='bbox 779 1610 937 1680; x_wconf 89' lang='lat' dir='ltr'><strong>quasi</strong></span> <span class='ocrx_word' id='word_1_121' title='bbox 967 1611 1078 1666; x_wconf 89' lang='lat' dir='ltr'><strong>Deo</strong></span> <span class='ocrx_word' id='word_1_122' title='bbox 1108 1610 1254 1664; x_wconf 91' lang='lat' dir='ltr'><strong>Patri</strong></span> <span class='ocrx_word' id='word_1_123' title='bbox 1286 1609 1612 1673; x_wconf 77' lang='lat' dir='ltr'><strong>offerendas,</strong></span> <span class='ocrx_word' id='word_1_124' title='bbox 1657 1610 1752 1666; x_wconf 90' lang='lat' dir='ltr'><strong>sed</strong></span> <span class='ocrx_word' id='word_1_125' title='bbox 1787 1610 1940 1679; x_wconf 90' lang='lat' dir='ltr'><strong>quasi</strong></span> <span class='ocrx_word' id='word_1_126' title='bbox 1969 1609 2091 1664; x_wconf 86' lang='lat' dir='ltr'><strong>Filii</strong></span> 
     </span>
    </p>
   </div>
   <div class='ocr_carea' id='block_1_18' title="bbox 509 1702 2092 1773">
    <p class='ocr_par' dir='ltr' id='par_1_18' title="bbox 509 1702 2092 1773">
     <span class='ocr_line' id='line_1_18' title="bbox 509 1702 2092 1773; baseline -0.002 -15"><span class='ocrx_word' id='word_1_127' title='bbox 509 1704 680 1771; x_wconf 85' lang='lat' dir='ltr'><strong>ipsius</strong></span> <span class='ocrx_word' id='word_1_128' title='bbox 708 1704 990 1773; x_wconf 87' lang='lat' dir='ltr'><strong>proprias;</strong></span> <span class='ocrx_word' id='word_1_129' title='bbox 1026 1718 1127 1759; x_wconf 91' lang='lat' dir='ltr'><strong>nec</strong></span> <span class='ocrx_word' id='word_1_130' title='bbox 1181 1712 1440 1773; x_wconf 92' lang='lat' dir='ltr'><strong>tanquam</strong></span> <span class='ocrx_word' id='word_1_131' title='bbox 1472 1704 1537 1757; x_wconf 92' lang='lat' dir='ltr'><strong>ad</strong></span> <span class='ocrx_word' id='word_1_132' title='bbox 1573 1703 1821 1773; x_wconf 80' lang='grc' dir='ltr'><strong>μεσίτην,</strong></span> <span class='ocrx_word' id='word_1_133' title='bbox 1848 1702 1941 1756; x_wconf 87' lang='lat' dir='ltr'><strong>sed</strong></span> <span class='ocrx_word' id='word_1_134' title='bbox 1971 1712 2092 1756; x_wconf 86' lang='lat' dir='ltr'><strong>tan-</strong></span> 
     </span>
    </p>
   </div>
   <div class='ocr_carea' id='block_1_19' title="bbox 510 1796 2089 1865">
    <p class='ocr_par' dir='ltr' id='par_1_19' title="bbox 510 1796 2089 1865">
     <span class='ocr_line' id='line_1_19' title="bbox 510 1796 2089 1865; baseline -0.001 -16"><span class='ocrx_word' id='word_1_135' title='bbox 510 1811 675 1865; x_wconf 86' lang='lat' dir='ltr'><strong>quam</strong></span> <span class='ocrx_word' id='word_1_136' title='bbox 705 1796 770 1849; x_wconf 91' lang='lat' dir='ltr'><strong>ad</strong></span> <span class='ocrx_word' id='word_1_137' title='bbox 803 1797 977 1865; x_wconf 89' lang='lat' dir='ltr'><strong>ipsum</strong></span> <span class='ocrx_word' id='word_1_138' title='bbox 1030 1796 1167 1851; x_wconf 89' lang='lat' dir='ltr'><strong>bona</strong></span> <span class='ocrx_word' id='word_1_139' title='bbox 1205 1809 1302 1865; x_wconf 90' lang='lat' dir='ltr'><strong>per</strong></span> <span class='ocrx_word' id='word_1_140' title='bbox 1328 1809 1388 1851; x_wconf 88' lang='lat' dir='ltr'><strong>se</strong></span> <span class='ocrx_word' id='word_1_141' title='bbox 1428 1796 1739 1851; x_wconf 88' lang='lat' dir='ltr'><strong>hominibus</strong></span> <span class='ocrx_word' id='word_1_142' title='bbox 1772 1796 1955 1865; x_wconf 73' lang='lat' dir='ltr'><strong>largiri</strong></span> <span class='ocrx_word' id='word_1_143' title='bbox 1992 1809 2089 1847; x_wconf 80' lang='lat' dir='ltr'><strong>va-</strong></span> 
     </span>
    </p>
   </div>
   <div class='ocr_carea' id='block_1_20' title="bbox 2192 586 3769 659">
    <p class='ocr_par' dir='ltr' id='par_1_20' title="bbox 2192 586 3769 659">
     <span class='ocr_line' id='line_1_20' title="bbox 2192 586 3769 659; baseline 0.004 -18"><span class='ocrx_word' id='word_1_144' title='bbox 2192 602 2480 641; x_wconf 88' lang='lat' dir='ltr'><strong>commune</strong></span> <span class='ocrx_word' id='word_1_145' title='bbox 2516 586 2730 642; x_wconf 86' lang='lat' dir='ltr'><strong>Patrem</strong></span> <span class='ocrx_word' id='word_1_146' title='bbox 2765 586 3070 659; x_wconf 85' lang='lat' dir='ltr'><strong>Filiumque</strong></span> <span class='ocrx_word' id='word_1_147' title='bbox 3116 589 3421 653; x_wconf 90' lang='lat' dir='ltr'><strong>laudemus,</strong></span> <span class='ocrx_word' id='word_1_148' title='bbox 3476 590 3630 659; x_wconf 88' lang='lat' dir='ltr'><strong>cujus</strong></span> <span class='ocrx_word' id='word_1_149' title='bbox 3662 592 3769 656; x_wconf 84' lang='lat' dir='ltr'><strong>lex,</strong></span> 
     </span>
    </p>
   </div>
   <div class='ocr_carea' id='block_1_21' title="bbox 2194 678 3769 747">
    <p class='ocr_par' dir='ltr' id='par_1_21' title="bbox 2194 678 3769 747">
     <span class='ocr_line' id='line_1_21' title="bbox 2194 678 3769 747; baseline 0.004 -16"><span class='ocrx_word' id='word_1_150' title='bbox 2194 678 2348 744; x_wconf 90' lang='lat' dir='ltr'><strong>cujus</strong></span> <span class='ocrx_word' id='word_1_151' title='bbox 2375 688 2431 732; x_wconf 91' lang='lat' dir='ltr'><strong>et</strong></span> <span class='ocrx_word' id='word_1_152' title='bbox 2461 678 2719 746; x_wconf 84' lang='lat' dir='ltr'><strong>templum</strong></span> <span class='ocrx_word' id='word_1_153' title='bbox 2746 689 2863 747; x_wconf 88' lang='lat' dir='ltr'><strong>est;</strong></span> <span class='ocrx_word' id='word_1_154' title='bbox 2896 698 2916 731; x_wconf 74' lang='grc' dir='ltr'><strong>ι</strong></span> <span class='ocrx_word' id='word_1_155' title='bbox 2951 690 3006 735; x_wconf 94' lang='lat' dir='ltr'><strong>et</strong></span> <span class='ocrx_word' id='word_1_156' title='bbox 3029 680 3221 735; x_wconf 90' lang='lat' dir='ltr'><strong>homil.</strong></span> <span class='ocrx_word' id='word_1_157' title='bbox 3254 681 3321 735; x_wconf 78' lang='lat'><strong>&#39;57</strong></span> <span class='ocrx_word' id='word_1_158' title='bbox 3383 682 3436 736; x_wconf 91' lang='lat' dir='ltr'><strong>in</strong></span> <span class='ocrx_word' id='word_1_159' title='bbox 3472 683 3724 737; x_wconf 84' lang='lat' dir='ltr'><strong>eumdem</strong></span> <span class='ocrx_word' id='word_1_160' title='bbox 3755 701 3769 737; x_wconf 92' lang='lat'><strong>:</strong></span> 
     </span>
    </p>
   </div>
   <div class='ocr_carea' id='block_1_22' title="bbox 2199 767 3775 841">
    <p class='ocr_par' dir='ltr' id='par_1_22' title="bbox 2199 767 3775 841">
     <span class='ocr_line' id='line_1_22' title="bbox 2199 767 3775 841; baseline 0.003 -20"><span class='ocrx_word' id='word_1_161' title='bbox 2199 786 2219 819; x_wconf 71' lang='grc' dir='ltr'><strong>ι</strong></span> <span class='ocrx_word' id='word_1_162' title='bbox 2259 767 2553 839; x_wconf 86' lang='lat' dir='ltr'><strong>Propterea</strong></span> <span class='ocrx_word' id='word_1_163' title='bbox 2573 768 2782 823; x_wconf 91' lang='lat' dir='ltr'><strong>Domini</strong></span> <span class='ocrx_word' id='word_1_164' title='bbox 2825 771 3257 825; x_wconf 87' lang='lat' dir='ltr'><strong>misericordiam</strong></span> <span class='ocrx_word' id='word_1_165' title='bbox 3287 773 3661 841; x_wconf 86' lang='lat' dir='ltr'><strong>deprecemur,</strong></span> <span class='ocrx_word' id='word_1_166' title='bbox 3707 789 3775 828; x_wconf 92' lang='lat' dir='ltr'><strong>ne</strong></span> 
     </span>
    </p>
   </div>
   <div class='ocr_carea' id='block_1_23' title="bbox 2194 861 3776 933">
    <p class='ocr_par' dir='ltr' id='par_1_23' title="bbox 2194 861 3776 933">
     <span class='ocr_line' id='line_1_23' title="bbox 2194 861 3776 933; baseline 0.004 -18"><span class='ocrx_word' id='word_1_167' title='bbox 2194 863 2349 916; x_wconf 91' lang='lat' dir='ltr'><strong>nobis</strong></span> <span class='ocrx_word' id='word_1_168' title='bbox 2385 861 2690 917; x_wconf 90' lang='lat' dir='ltr'><strong>tacentibus</strong></span> <span class='ocrx_word' id='word_1_169' title='bbox 2721 862 2930 931; x_wconf 86' lang='lat' dir='ltr'><strong>lapides</strong></span> <span class='ocrx_word' id='word_1_170' title='bbox 2954 864 3258 929; x_wconf 91' lang='lat' dir='ltr'><strong>clamitent,</strong></span> <span class='ocrx_word' id='word_1_171' title='bbox 3290 864 3385 919; x_wconf 90' lang='lat' dir='ltr'><strong>sed</strong></span> <span class='ocrx_word' id='word_1_172' title='bbox 3408 863 3695 933; x_wconf 88' lang='lat' dir='ltr'><strong>loquamur</strong></span> <span class='ocrx_word' id='word_1_173' title='bbox 3721 875 3776 921; x_wconf 89' lang='lat' dir='ltr'><strong>et</strong></span> 
     </span>
    </p>
   </div>
   <div class='ocr_carea' id='block_1_24' title="bbox 2193 954 3768 1029">
    <p class='ocr_par' dir='ltr' id='par_1_24' title="bbox 2193 954 3768 1029">
     <span class='ocr_line' id='line_1_24' title="bbox 2193 954 3768 1029; baseline 0.004 -20"><span class='ocrx_word' id='word_1_174' title='bbox 2193 954 2475 1010; x_wconf 83' lang='lat' dir='ltr'><strong>laudemus</strong></span> <span class='ocrx_word' id='word_1_175' title='bbox 2495 956 2660 1011; x_wconf 91' lang='lat' dir='ltr'><strong>Deum</strong></span> <span class='ocrx_word' id='word_1_176' title='bbox 2688 957 2740 1012; x_wconf 93' lang='lat' dir='ltr'><strong>in</strong></span> <span class='ocrx_word' id='word_1_177' title='bbox 2772 957 2954 1025; x_wconf 85' lang='lat' dir='ltr'><strong>Patre,</strong></span> <span class='ocrx_word' id='word_1_178' title='bbox 2977 970 3032 1014; x_wconf 92' lang='lat' dir='ltr'><strong>et</strong></span> <span class='ocrx_word' id='word_1_179' title='bbox 3050 958 3205 1024; x_wconf 85' lang='lat' dir='ltr'><strong>Filio,</strong></span> <span class='ocrx_word' id='word_1_180' title='bbox 3227 967 3282 1013; x_wconf 91' lang='lat' dir='ltr'><strong>et</strong></span> <span class='ocrx_word' id='word_1_181' title='bbox 3301 958 3507 1029; x_wconf 90' lang='lat' dir='ltr'><strong>Spiritu</strong></span> <span class='ocrx_word' id='word_1_182' title='bbox 3525 970 3768 1017; x_wconf 63' lang='lat' dir='ltr'><strong>sancto.»</strong></span> 
     </span>
    </p>
   </div>
   <div class='ocr_carea' id='block_1_25' title="bbox 2192 1049 3776 1123">
    <p class='ocr_par' dir='ltr' id='par_1_25' title="bbox 2192 1049 3776 1123">
     <span class='ocr_line' id='line_1_25' title="bbox 2192 1049 3776 1123; baseline 0.004 -18"><span class='ocrx_word' id='word_1_183' title='bbox 2192 1049 2350 1105; x_wconf 90' lang='lat' dir='ltr'><strong>Orari</strong></span> <span class='ocrx_word' id='word_1_184' title='bbox 2385 1050 2605 1119; x_wconf 90' lang='lat' dir='ltr'><strong>quidem</strong></span> <span class='ocrx_word' id='word_1_185' title='bbox 2631 1051 2845 1107; x_wconf 86' lang='lat' dir='ltr'><strong>Patrem</strong></span> <span class='ocrx_word' id='word_1_186' title='bbox 2876 1051 3032 1122; x_wconf 83' lang='lat' dir='ltr'><strong>jubet</strong></span> <span class='ocrx_word' id='word_1_187' title='bbox 3061 1063 3117 1109; x_wconf 88' lang='lat' dir='ltr'><strong>et</strong></span> <span class='ocrx_word' id='word_1_188' title='bbox 3162 1053 3383 1123; x_wconf 87' lang='lat' dir='ltr'><strong>Filium,</strong></span> <span class='ocrx_word' id='word_1_189' title='bbox 3417 1055 3511 1111; x_wconf 89' lang='lat' dir='ltr'><strong>sed</strong></span> <span class='ocrx_word' id='word_1_190' title='bbox 3548 1055 3776 1113; x_wconf 91' lang='lat' dir='ltr'><strong>diverso</strong></span> 
     </span>
    </p>
   </div>
   <div class='ocr_carea' id='block_1_26' title="bbox 2192 1141 2704 1212">
    <p class='ocr_par' dir='ltr' id='par_1_26' title="bbox 2192 1141 2704 1212">
     <span class='ocr_line' id='line_1_26' title="bbox 2192 1141 2704 1212; baseline 0.002 -17"><span class='ocrx_word' id='word_1_191' title='bbox 2192 1155 2392 1212; x_wconf 81' lang='lat' dir='ltr'><strong>genere</strong></span> <span class='ocrx_word' id='word_1_192' title='bbox 2419 1141 2704 1196; x_wconf 90' lang='lat' dir='ltr'><strong>orationis.</strong></span> 
     </span>
    </p>
   </div>
   <div class='ocr_carea' id='block_1_27' title="bbox 2267 1230 3772 1305">
    <p class='ocr_par' dir='ltr' id='par_1_27' title="bbox 2267 1230 3772 1305">
     <span class='ocr_line' id='line_1_27' title="bbox 2267 1230 3772 1305; baseline 0.003 -20"><span class='ocrx_word' id='word_1_193' title='bbox 2267 1230 2435 1286; x_wconf 79' lang='lat' dir='ltr'><strong>XXX.</strong></span> <span class='ocrx_word' id='word_1_194' title='bbox 2462 1230 2805 1288; x_wconf 91' lang='lat' dir='ltr'><strong>Postremum</strong></span> <span class='ocrx_word' id='word_1_195' title='bbox 2833 1233 2937 1291; x_wconf 86' lang='lat' dir='ltr'><strong>hoc</strong></span> <span class='ocrx_word' id='word_1_196' title='bbox 2966 1234 3328 1304; x_wconf 77' lang='lat' dir='ltr'><strong>obiiciendum</strong></span> <span class='ocrx_word' id='word_1_197' title='bbox 3355 1235 3505 1291; x_wconf 83' lang='lat' dir='ltr'><strong>venit</strong></span> <span class='ocrx_word' id='word_1_198' title='bbox 3527 1235 3772 1305; x_wconf 75' lang='lat' dir='ltr'><strong>Origeni,</strong></span> 
     </span>
    </p>
   </div>
   <div class='ocr_carea' id='block_1_28' title="bbox 2194 1325 3774 1399">
    <p class='ocr_par' dir='ltr' id='par_1_28' title="bbox 2194 1325 3774 1399">
     <span class='ocr_line' id='line_1_28' title="bbox 2194 1325 3774 1399; baseline 0.003 -20"><span class='ocrx_word' id='word_1_199' title='bbox 2194 1325 2475 1394; x_wconf 87' lang='lat' dir='ltr'><strong>opinatum</strong></span> <span class='ocrx_word' id='word_1_200' title='bbox 2498 1341 2623 1380; x_wconf 90' lang='lat' dir='ltr'><strong>eum</strong></span> <span class='ocrx_word' id='word_1_201' title='bbox 2668 1326 2889 1381; x_wconf 77' lang='lat' dir='ltr'><strong>humani</strong></span> <span class='ocrx_word' id='word_1_202' title='bbox 2942 1328 3371 1398; x_wconf 87' lang='lat' dir='ltr'><strong>redemptionem</strong></span> <span class='ocrx_word' id='word_1_203' title='bbox 3400 1330 3619 1399; x_wconf 77' lang='lat' dir='ltr'><strong>generis</strong></span> <span class='ocrx_word' id='word_1_204' title='bbox 3648 1328 3774 1398; x_wconf 86' lang='lat' dir='ltr'><strong>Spi-</strong></span> 
     </span>
    </p>
   </div>
   <div class='ocr_carea' id='block_1_29' title="bbox 2195 1416 3774 1489">
    <p class='ocr_par' dir='ltr' id='par_1_29' title="bbox 2195 1416 3774 1489">
     <span class='ocr_line' id='line_1_29' title="bbox 2195 1416 3774 1489; baseline 0.001 -18"><span class='ocrx_word' id='word_1_205' title='bbox 2195 1416 2361 1471; x_wconf 88' lang='lat' dir='ltr'><strong>ritum</strong></span> <span class='ocrx_word' id='word_1_206' title='bbox 2386 1427 2635 1473; x_wconf 82' lang='lat' dir='ltr'><strong>sanctum</strong></span> <span class='ocrx_word' id='word_1_207' title='bbox 2661 1419 3004 1489; x_wconf 90' lang='lat' dir='ltr'><strong>potissimum</strong></span> <span class='ocrx_word' id='word_1_208' title='bbox 3035 1420 3317 1487; x_wconf 86' lang='lat' dir='ltr'><strong>decuisse;</strong></span> <span class='ocrx_word' id='word_1_209' title='bbox 3367 1429 3531 1488; x_wconf 87' lang='lat' dir='ltr'><strong>atque</strong></span> <span class='ocrx_word' id='word_1_210' title='bbox 3572 1420 3625 1474; x_wconf 90' lang='lat' dir='ltr'><strong>id</strong></span> <span class='ocrx_word' id='word_1_211' title='bbox 3656 1436 3774 1473; x_wconf 87' lang='lat' dir='ltr'><strong>mu-</strong></span> 
     </span>
    </p>
   </div>
   <div class='ocr_carea' id='block_1_30' title="bbox 2195 1509 3773 1583">
    <p class='ocr_par' dir='ltr' id='par_1_30' title="bbox 2195 1509 3773 1583">
     <span class='ocr_line' id='line_1_30' title="bbox 2195 1509 3773 1583; baseline 0.004 -21"><span class='ocrx_word' id='word_1_212' title='bbox 2195 1522 2297 1563; x_wconf 89' lang='lat' dir='ltr'><strong>nus</strong></span> <span class='ocrx_word' id='word_1_213' title='bbox 2330 1523 2450 1563; x_wconf 90' lang='lat' dir='ltr'><strong>cum</strong></span> <span class='ocrx_word' id='word_1_214' title='bbox 2478 1509 2632 1564; x_wconf 92' lang='lat' dir='ltr'><strong>obire</strong></span> <span class='ocrx_word' id='word_1_215' title='bbox 2664 1525 2725 1566; x_wconf 90' lang='lat' dir='ltr'><strong>ac</strong></span> <span class='ocrx_word' id='word_1_216' title='bbox 2759 1512 3034 1566; x_wconf 88' lang='lat' dir='ltr'><strong>sustinere</strong></span> <span class='ocrx_word' id='word_1_217' title='bbox 3062 1512 3378 1583; x_wconf 86' lang='lat' dir='ltr'><strong>neutiquam</strong></span> <span class='ocrx_word' id='word_1_218' title='bbox 3402 1522 3609 1583; x_wconf 57' lang='lat' dir='ltr'><strong>posset,</strong></span> <span class='ocrx_word' id='word_1_219' title='bbox 3635 1511 3773 1568; x_wconf 84' lang='lat' dir='ltr'><strong>Filio</strong></span> 
     </span>
    </p>
   </div>
   <div class='ocr_carea' id='block_1_31' title="bbox 2194 1598 3773 1674">
    <p class='ocr_par' dir='ltr' id='par_1_31' title="bbox 2194 1598 3773 1674">
     <span class='ocr_line' id='line_1_31' title="bbox 2194 1598 3773 1674; baseline 0.003 -21"><span class='ocrx_word' id='word_1_220' title='bbox 2194 1598 2541 1669; x_wconf 87' lang='lat' dir='ltr'><strong>imposuisse,</strong></span> <span class='ocrx_word' id='word_1_221' title='bbox 2575 1600 2765 1670; x_wconf 72' lang='lat' dir='ltr'><strong>utpot&#39;e</strong></span> <span class='ocrx_word' id='word_1_222' title='bbox 2813 1604 2907 1673; x_wconf 91' lang='lat' dir='ltr'><strong>qui</strong></span> <span class='ocrx_word' id='word_1_223' title='bbox 2966 1619 3108 1659; x_wconf 91' lang='lat' dir='ltr'><strong>unus</strong></span> <span class='ocrx_word' id='word_1_224' title='bbox 3157 1617 3307 1659; x_wconf 88' lang='lat' dir='ltr'><strong>recte</strong></span> <span class='ocrx_word' id='word_1_225' title='bbox 3333 1606 3515 1674; x_wconf 87' lang='lat' dir='ltr'><strong>quiret</strong></span> <span class='ocrx_word' id='word_1_226' title='bbox 3547 1606 3773 1674; x_wconf 88' lang='lat' dir='ltr'><strong>provin-</strong></span> 
     </span>
    </p>
   </div>
   <div class='ocr_carea' id='block_1_32' title="bbox 2194 1690 3774 1751">
    <p class='ocr_par' dir='ltr' id='par_1_32' title="bbox 2194 1690 3774 1751">
     <span class='ocr_line' id='line_1_32' title="bbox 2194 1690 3774 1751; baseline 0.004 -6"><span class='ocrx_word' id='word_1_227' title='bbox 2194 1690 2333 1745; x_wconf 88' lang='lat' dir='ltr'><strong>ciam</strong></span> <span class='ocrx_word' id='word_1_228' title='bbox 2384 1694 2525 1747; x_wconf 85' lang='lat' dir='ltr'><strong>hanc</strong></span> <span class='ocrx_word' id='word_1_229' title='bbox 2566 1693 2972 1749; x_wconf 89' lang='lat' dir='ltr'><strong>administrare.</strong></span> <span class='ocrx_word' id='word_1_230' title='bbox 2996 1694 3213 1749; x_wconf 88' lang='lat' dir='ltr'><strong>Prostat</strong></span> <span class='ocrx_word' id='word_1_231' title='bbox 3248 1705 3613 1749; x_wconf 91' lang='lat' dir='ltr'><strong>commentum</strong></span> <span class='ocrx_word' id='word_1_232' title='bbox 3646 1694 3774 1751; x_wconf 75' lang='lat' dir='ltr'><strong>iilud</strong></span> 
     </span>
    </p>
   </div>
   <div class='ocr_carea' id='block_1_33' title="bbox 2197 1782 3775 1855">
    <p class='ocr_par' dir='ltr' id='par_1_33' title="bbox 2197 1782 3775 1855">
     <span class='ocr_line' id='line_1_33' title="bbox 2197 1782 3775 1855; baseline 0.003 -22"><span class='ocrx_word' id='word_1_233' title='bbox 2197 1791 2326 1836; x_wconf 92' lang='lat' dir='ltr'><strong>tom.</strong></span> <span class='ocrx_word' id='word_1_234' title='bbox 2378 1797 2416 1837; x_wconf 88' lang='lat' dir='ltr'><strong>ll</strong></span> <span class='ocrx_word' id='word_1_235' title='bbox 2442 1823 2457 1847; x_wconf 91' lang='lat'><strong>,</strong></span> <span class='ocrx_word' id='word_1_236' title='bbox 2492 1783 2547 1837; x_wconf 84' lang='lat' dir='ltr'><strong>in</strong></span> <span class='ocrx_word' id='word_1_237' title='bbox 2595 1782 2780 1847; x_wconf 74' lang='lat' dir='ltr'><strong>10am,</strong></span> <span class='ocrx_word' id='word_1_238' title='bbox 2816 1799 2964 1838; x_wconf 92' lang='lat' dir='ltr'><strong>num.</strong></span> <span class='ocrx_word' id='word_1_239' title='bbox 3002 1783 3034 1838; x_wconf 88' lang='lat'><strong>6</strong></span> <span class='ocrx_word' id='word_1_240' title='bbox 3064 1784 3177 1855; x_wconf 72' lang='lat' dir='ltr'><strong>(9i)</strong></span> <span class='ocrx_word' id='word_1_241' title='bbox 3214 1802 3227 1837; x_wconf 88' lang='lat'><strong>:</strong></span> <span class='ocrx_word' id='word_1_242' title='bbox 3261 1785 3331 1837; x_wconf 86' lang='grc' dir='ltr'>Ἢ</span> <span class='ocrx_word' id='word_1_243' title='bbox 3360 1785 3499 1854; x_wconf 81' lang='grc' dir='ltr'>τάχα</span> <span class='ocrx_word' id='word_1_244' title='bbox 3534 1785 3650 1836; x_wconf 77' lang='grc' dir='ltr'>ἐστὶ</span> <span class='ocrx_word' id='word_1_245' title='bbox 3679 1784 3775 1837; x_wconf 76' lang='grc' dir='ltr'>καὶ</span> 
     </span>
    </p>
   </div>
   <div class='ocr_carea' id='block_1_34' title="bbox 506 1853 2094 1960">
    <p class='ocr_par' dir='ltr' id='par_1_34' title="bbox 506 1853 2090 1960">
     <span class='ocr_line' id='line_1_34' title="bbox 506 1853 2090 1960; baseline 0 -19"><span class='ocrx_word' id='word_1_246' title='bbox 506 1853 730 1943; x_wconf 74' lang='lat' dir='ltr'><strong>leuitem.</strong></span> <span class='ocrx_word' id='word_1_247' title='bbox 769 1853 842 1940; x_wconf 53' lang='lat' dir='ltr'><strong>ni.</strong></span> <span class='ocrx_word' id='word_1_248' title='bbox 868 1888 959 1941; x_wconf 86' lang='lat' dir='ltr'><strong>lib.</strong></span> <span class='ocrx_word' id='word_1_249' title='bbox 989 1903 1039 1953; x_wconf 85' lang='grc' dir='ltr'><strong>ν,</strong></span> <span class='ocrx_word' id='word_1_250' title='bbox 1080 1853 1227 1941; x_wconf 74' lang='grc' dir='ltr'>ηυιηί</span> <span class='ocrx_word' id='word_1_251' title='bbox 1262 1888 1319 1942; x_wconf 83' lang='lat' dir='ltr'><strong>ll</strong></span> <span class='ocrx_word' id='word_1_252' title='bbox 1355 1906 1368 1941; x_wconf 90' lang='lat'>:</span> <span class='ocrx_word' id='word_1_253' title='bbox 1421 1887 1541 1942; x_wconf 81' lang='grc' dir='ltr'><strong>Κᾶν</strong></span> <span class='ocrx_word' id='word_1_254' title='bbox 1579 1889 1653 1959; x_wconf 82' lang='grc' dir='ltr'><strong>μὴ</strong></span> <span class='ocrx_word' id='word_1_255' title='bbox 1680 1853 1999 1960; x_wconf 55' lang='grc' dir='ltr'>τηλικιῖῦτος</span> <span class='ocrx_word' id='word_1_256' title='bbox 2031 1888 2090 1941; x_wconf 81' lang='grc' dir='ltr'>δέ</span> 
     </span>
    </p>
   </div>
   <div class='ocr_carea' id='block_1_35' title="bbox 2198 1853 3775 1960">
    <p class='ocr_par' dir='ltr' id='par_1_35' title="bbox 2198 1853 3775 1948">
     <span class='ocr_line' id='line_1_35' title="bbox 2198 1853 3775 1948; baseline 0.002 -23"><span class='ocrx_word' id='word_1_257' title='bbox 2198 1872 2347 1926; x_wconf 79' lang='grc' dir='ltr'>τοῦτο</span> <span class='ocrx_word' id='word_1_258' title='bbox 2390 1876 2586 1936; x_wconf 84' lang='grc' dir='ltr'>εἰπεῖν,</span> <span class='ocrx_word' id='word_1_259' title='bbox 2613 1876 2695 1928; x_wconf 87' lang='grc' dir='ltr'>ὃτι</span> <span class='ocrx_word' id='word_1_260' title='bbox 2728 1875 2955 1947; x_wconf 82' lang='grc' dir='ltr'>ὲδεῖτοή</span> <span class='ocrx_word' id='word_1_261' title='bbox 2992 1853 3166 1940; x_wconf 89' lang='grc' dir='ltr'>κτίσις</span> <span class='ocrx_word' id='word_1_262' title='bbox 3190 1877 3329 1948; x_wconf 81' lang='grc' dir='ltr'>ὑπὲρ</span> <span class='ocrx_word' id='word_1_263' title='bbox 3365 1853 3775 1947; x_wconf 13' lang='grc' dir='ltr'><strong>τοτῗδίὲλευθεριιι)⁴</strong></span> 
     </span>
    </p>
   </div>
   <div class='ocr_carea' id='block_1_36' title="bbox 506 1973 2090 2047">
    <p class='ocr_par' dir='ltr' id='par_1_36' title="bbox 506 1973 2090 2047">
     <span class='ocr_line' id='line_1_36' title="bbox 506 1973 2090 2047; baseline -0.002 -16"><span class='ocrx_word' id='word_1_264' title='bbox 506 1994 592 2039; x_wconf 80' lang='grc' dir='ltr'><strong>τις</strong></span> <span class='ocrx_word' id='word_1_265' title='bbox 616 1973 673 2047; x_wconf 83' lang='grc' dir='ltr'>ᾖ,</span> <span class='ocrx_word' id='word_1_266' title='bbox 695 1976 846 2030; x_wconf 81' lang='grc' dir='ltr'>οὐδὲν</span> <span class='ocrx_word' id='word_1_267' title='bbox 863 1973 1022 2047; x_wconf 84' lang='grc' dir='ltr'>ἦττον</span> <span class='ocrx_word' id='word_1_268' title='bbox 1040 1976 1133 2030; x_wconf 74' lang='grc' dir='ltr'>καὶ</span> <span class='ocrx_word' id='word_1_269' title='bbox 1156 1979 1184 2029; x_wconf 86' lang='grc' dir='ltr'>ὁ</span> <span class='ocrx_word' id='word_1_270' title='bbox 1203 1976 1444 2040; x_wconf 83' lang='grc' dir='ltr'>τοιοῦτος</span> <span class='ocrx_word' id='word_1_271' title='bbox 1464 1976 1705 2046; x_wconf 83' lang='grc' dir='ltr'>εὐχέσθω</span> <span class='ocrx_word' id='word_1_272' title='bbox 1724 1976 1802 2047; x_wconf 81' lang='grc' dir='ltr'>τῷ</span> <span class='ocrx_word' id='word_1_273' title='bbox 1823 1977 1981 2047; x_wconf 83' lang='grc' dir='ltr'>Λόγῳ</span> <span class='ocrx_word' id='word_1_274' title='bbox 1995 1974 2090 2029; x_wconf 80' lang='grc' dir='ltr'>τοῦ</span> 
     </span>
    </p>
   </div>
   <div class='ocr_carea' id='block_1_37' title="bbox 508 2064 2092 2137">
    <p class='ocr_par' dir='ltr' id='par_1_37' title="bbox 508 2064 2092 2137">
     <span class='ocr_line' id='line_1_37' title="bbox 508 2064 2092 2137; baseline 0.001 -19"><span class='ocrx_word' id='word_1_275' title='bbox 508 2065 647 2119; x_wconf 79' lang='grc' dir='ltr'>Θεοῦ</span> <span class='ocrx_word' id='word_1_276' title='bbox 674 2066 959 2137; x_wconf 85' lang='grc' dir='ltr'>δυναμένῳ</span> <span class='ocrx_word' id='word_1_277' title='bbox 982 2066 1143 2119; x_wconf 81' lang='grc' dir='ltr'>αὐτὸν</span> <span class='ocrx_word' id='word_1_278' title='bbox 1186 2064 1459 2130; x_wconf 76' lang='grc' dir='ltr'>ἰάσασθαι,</span> <span class='ocrx_word' id='word_1_279' title='bbox 1484 2067 1579 2120; x_wconf 74' lang='grc' dir='ltr'><strong>καὶ</strong></span> <span class='ocrx_word' id='word_1_280' title='bbox 1606 2067 1785 2137; x_wconf 86' lang='grc' dir='ltr'>πολλῷ</span> <span class='ocrx_word' id='word_1_281' title='bbox 1830 2067 1990 2120; x_wconf 82' lang='grc' dir='ltr'>πλέον</span> <span class='ocrx_word' id='word_1_282' title='bbox 2014 2065 2092 2137; x_wconf 81' lang='grc' dir='ltr'>τῷ</span> 
     </span>
    </p>
   </div>
   <div class='ocr_carea' id='block_1_38' title="bbox 506 2158 2090 2231">
    <p class='ocr_par' dir='ltr' id='par_1_38' title="bbox 506 2158 2090 2231">
     <span class='ocr_line' id='line_1_38' title="bbox 506 2158 2090 2231; baseline -0.001 -18"><span class='ocrx_word' id='word_1_283' title='bbox 506 2158 687 2230; x_wconf 78' lang='grc' dir='ltr'>Πατρὶ</span> <span class='ocrx_word' id='word_1_284' title='bbox 719 2158 906 2223; x_wconf 80' lang='grc' dir='ltr'>αὑτοῦ,</span> <span class='ocrx_word' id='word_1_285' title='bbox 956 2159 1033 2223; x_wconf 82' lang='grc' dir='ltr'>ὡς</span> <span class='ocrx_word' id='word_1_286' title='bbox 1074 2160 1168 2213; x_wconf 79' lang='grc' dir='ltr'>καὶ</span> <span class='ocrx_word' id='word_1_287' title='bbox 1200 2164 1313 2224; x_wconf 80' lang='grc' dir='ltr'>τοῖς</span> <span class='ocrx_word' id='word_1_288' title='bbox 1346 2159 1611 2231; x_wconf 87' lang='grc' dir='ltr'>πρότερον</span> <span class='ocrx_word' id='word_1_289' title='bbox 1647 2160 1875 2225; x_wconf 87' lang='grc' dir='ltr'>δικαίοις</span> <span class='ocrx_word' id='word_1_290' title='bbox 1920 2160 2090 2227; x_wconf 77' lang='grc' dir='ltr'>ἐξαπ-</span> 
     </span>
    </p>
   </div>
   <div class='ocr_carea' id='block_1_39' title="bbox 507 2250 2092 2322">
    <p class='ocr_par' dir='ltr' id='par_1_39' title="bbox 507 2250 2092 2322">
     <span class='ocr_line' id='line_1_39' title="bbox 507 2250 2092 2322; baseline 0.003 -18"><span class='ocrx_word' id='word_1_291' title='bbox 507 2250 718 2306; x_wconf 81' lang='grc' dir='ltr'>έστειλε</span> <span class='ocrx_word' id='word_1_292' title='bbox 741 2252 831 2305; x_wconf 86' lang='grc' dir='ltr'><strong>τὸν</strong></span> <span class='ocrx_word' id='word_1_293' title='bbox 860 2252 1032 2322; x_wconf 84' lang='grc' dir='ltr'>Λόγον</span> <span class='ocrx_word' id='word_1_294' title='bbox 1068 2253 1286 2319; x_wconf 80' lang='grc' dir='ltr'>ἑαυτοῦ,</span> <span class='ocrx_word' id='word_1_295' title='bbox 1318 2253 1412 2306; x_wconf 77' lang='grc' dir='ltr'>καὶ</span> <span class='ocrx_word' id='word_1_296' title='bbox 1446 2252 1635 2306; x_wconf 80' lang='grc' dir='ltr'>ἰάσατο</span> <span class='ocrx_word' id='word_1_297' title='bbox 1673 2253 1888 2316; x_wconf 83' lang='grc' dir='ltr'>αὐτούς.</span> <span class='ocrx_word' id='word_1_298' title='bbox 1929 2253 2092 2308; x_wconf 80' lang='lat' dir='ltr'><strong>Multo</strong></span> 
     </span>
    </p>
   </div>
   <div class='ocr_carea' id='block_1_40' title="bbox 508 2342 2090 2413">
    <p class='ocr_par' dir='ltr' id='par_1_40' title="bbox 508 2342 2090 2413">
     <span class='ocr_line' id='line_1_40' title="bbox 508 2342 2090 2413; baseline 0.003 -18"><span class='ocrx_word' id='word_1_299' title='bbox 508 2345 684 2413; x_wconf 84' lang='lat' dir='ltr'><strong>magis</strong></span> <span class='ocrx_word' id='word_1_300' title='bbox 718 2343 896 2412; x_wconf 84' lang='lat' dir='ltr'><strong>rogari</strong></span> <span class='ocrx_word' id='word_1_301' title='bbox 920 2344 1074 2412; x_wconf 89' lang='lat' dir='ltr'><strong>jubet</strong></span> <span class='ocrx_word' id='word_1_302' title='bbox 1109 2342 1327 2398; x_wconf 85' lang='lat' dir='ltr'><strong>Patrem</strong></span> <span class='ocrx_word' id='word_1_303' title='bbox 1369 2359 1531 2413; x_wconf 89' lang='lat' dir='ltr'><strong>quam</strong></span> <span class='ocrx_word' id='word_1_304' title='bbox 1561 2344 1778 2409; x_wconf 83' lang='lat' dir='ltr'><strong>Filium,</strong></span> <span class='ocrx_word' id='word_1_305' title='bbox 1826 2355 1880 2398; x_wconf 90' lang='lat' dir='ltr'><strong>et</strong></span> <span class='ocrx_word' id='word_1_306' title='bbox 1911 2346 2090 2399; x_wconf 89' lang='lat' dir='ltr'><strong>inten-</strong></span> 
     </span>
    </p>
   </div>
   <div class='ocr_carea' id='block_1_41' title="bbox 509 2432 2094 2505">
    <p class='ocr_par' dir='ltr' id='par_1_41' title="bbox 509 2432 2094 2505">
     <span class='ocr_line' id='line_1_41' title="bbox 509 2432 2094 2505; baseline 0.001 -18"><span class='ocrx_word' id='word_1_307' title='bbox 509 2434 638 2487; x_wconf 91' lang='lat' dir='ltr'><strong>tiori</strong></span> <span class='ocrx_word' id='word_1_308' title='bbox 670 2448 732 2486; x_wconf 87' lang='lat' dir='ltr'><strong>ac</strong></span> <span class='ocrx_word' id='word_1_309' title='bbox 755 2432 1029 2487; x_wconf 82' lang='lat' dir='ltr'><strong>humiliori</strong></span> <span class='ocrx_word' id='word_1_310' title='bbox 1059 2434 1326 2488; x_wconf 89' lang='lat' dir='ltr'><strong>oratione.</strong></span> <span class='ocrx_word' id='word_1_311' title='bbox 1366 2435 1545 2505; x_wconf 85' lang='lat' dir='ltr'><strong>Atque</strong></span> <span class='ocrx_word' id='word_1_312' title='bbox 1572 2434 1625 2489; x_wconf 93' lang='lat' dir='ltr'><strong>id</strong></span> <span class='ocrx_word' id='word_1_313' title='bbox 1656 2435 1760 2489; x_wconf 87' lang='lat' dir='ltr'><strong>sibi</strong></span> <span class='ocrx_word' id='word_1_314' title='bbox 1783 2433 1971 2490; x_wconf 88' lang='lat' dir='ltr'><strong>volunt</strong></span> <span class='ocrx_word' id='word_1_315' title='bbox 1994 2433 2094 2489; x_wconf 89' lang='lat' dir='ltr'><strong>Pa-</strong></span> 
     </span>
    </p>
   </div>
   <div class='ocr_carea' id='block_1_42' title="bbox 508 2524 2087 2590">
    <p class='ocr_par' dir='ltr' id='par_1_42' title="bbox 508 2524 2087 2590">
     <span class='ocr_line' id='line_1_42' title="bbox 508 2524 2087 2590; baseline 0 -11"><span class='ocrx_word' id='word_1_316' title='bbox 508 2534 645 2590; x_wconf 85' lang='lat' dir='ltr'><strong>tres,</strong></span> <span class='ocrx_word' id='word_1_317' title='bbox 677 2539 800 2578; x_wconf 93' lang='lat' dir='ltr'><strong>cum</strong></span> <span class='ocrx_word' id='word_1_318' title='bbox 835 2524 1073 2579; x_wconf 88' lang='lat' dir='ltr'><strong>clamant</strong></span> <span class='ocrx_word' id='word_1_319' title='bbox 1095 2525 1299 2581; x_wconf 80' lang='lat' dir='ltr'><strong>dixisse</strong></span> <span class='ocrx_word' id='word_1_320' title='bbox 1326 2525 1474 2581; x_wconf 87' lang='lat' dir='ltr'><strong>illum</strong></span> <span class='ocrx_word' id='word_1_321' title='bbox 1511 2542 1619 2582; x_wconf 93' lang='lat' dir='ltr'><strong>non</strong></span> <span class='ocrx_word' id='word_1_322' title='bbox 1666 2541 1787 2583; x_wconf 89' lang='lat' dir='ltr'><strong>esse</strong></span> <span class='ocrx_word' id='word_1_323' title='bbox 1819 2527 2087 2582; x_wconf 90' lang='lat' dir='ltr'><strong>orandum</strong></span> 
     </span>
    </p>
   </div>
   <div class='ocr_carea' id='block_1_43' title="bbox 508 2612 2091 2679">
    <p class='ocr_par' dir='ltr' id='par_1_43' title="bbox 508 2612 2091 2679">
     <span class='ocr_line' id='line_1_43' title="bbox 508 2612 2091 2679; baseline 0.001 -10"><span class='ocrx_word' id='word_1_324' title='bbox 508 2629 633 2669; x_wconf 91' lang='lat' dir='ltr'><strong>cum</strong></span> <span class='ocrx_word' id='word_1_325' title='bbox 659 2612 823 2669; x_wconf 87' lang='lat' dir='ltr'><strong>Patre</strong></span> <span class='ocrx_word' id='word_1_326' title='bbox 850 2612 1085 2679; x_wconf 84' lang='lat' dir='ltr'><strong>Filium;</strong></span> <span class='ocrx_word' id='word_1_327' title='bbox 1120 2614 1222 2669; x_wconf 85' lang='lat' dir='ltr'><strong>hoc</strong></span> <span class='ocrx_word' id='word_1_328' title='bbox 1256 2624 1360 2679; x_wconf 85' lang='lat' dir='ltr'><strong>est,</strong></span> <span class='ocrx_word' id='word_1_329' title='bbox 1398 2630 1507 2672; x_wconf 92' lang='lat' dir='ltr'><strong>non</strong></span> <span class='ocrx_word' id='word_1_330' title='bbox 1550 2630 1671 2671; x_wconf 87' lang='lat' dir='ltr'><strong>esse</strong></span> <span class='ocrx_word' id='word_1_331' title='bbox 1700 2618 1967 2671; x_wconf 91' lang='lat' dir='ltr'><strong>orandum</strong></span> <span class='ocrx_word' id='word_1_332' title='bbox 1999 2616 2091 2671; x_wconf 92' lang='lat' dir='ltr'><strong>iti-</strong></span> 
     </span>
    </p>
   </div>
   <div class='ocr_carea' id='block_1_44' title="bbox 508 2701 2094 2763">
    <p class='ocr_par' dir='ltr' id='par_1_44' title="bbox 508 2701 2094 2763">
     <span class='ocr_line' id='line_1_44' title="bbox 508 2701 2094 2763; baseline 0.004 -6"><span class='ocrx_word' id='word_1_333' title='bbox 508 2704 632 2758; x_wconf 87' lang='lat' dir='ltr'><strong>dem</strong></span> <span class='ocrx_word' id='word_1_334' title='bbox 667 2712 727 2757; x_wconf 93' lang='lat' dir='ltr'><strong>ut</strong></span> <span class='ocrx_word' id='word_1_335' title='bbox 763 2701 979 2758; x_wconf 90' lang='lat' dir='ltr'><strong>Patrem</strong></span> <span class='ocrx_word' id='word_1_336' title='bbox 1028 2702 1248 2758; x_wconf 89' lang='lat' dir='ltr'><strong>Filium.</strong></span> <span class='ocrx_word' id='word_1_337' title='bbox 1288 2704 1441 2762; x_wconf 86' lang='lat' dir='ltr'><strong>Nunc</strong></span> <span class='ocrx_word' id='word_1_338' title='bbox 1483 2706 1662 2762; x_wconf 79' lang='lat' dir='ltr'><strong>facilis</strong></span> <span class='ocrx_word' id='word_1_339' title='bbox 1691 2716 1777 2763; x_wconf 90' lang='lat' dir='ltr'><strong>est</strong></span> <span class='ocrx_word' id='word_1_340' title='bbox 1801 2718 2094 2763; x_wconf 80' lang='lat' dir='ltr'><strong>sexcento-</strong></span> 
     </span>
    </p>
   </div>
   <div class='ocr_carea' id='block_1_45' title="bbox 509 2795 2093 2868">
    <p class='ocr_par' dir='ltr' id='par_1_45' title="bbox 509 2795 2093 2868">
     <span class='ocr_line' id='line_1_45' title="bbox 509 2795 2093 2868; baseline 0.004 -19"><span class='ocrx_word' id='word_1_341' title='bbox 509 2808 630 2849; x_wconf 85' lang='lat' dir='ltr'><strong>rum</strong></span> <span class='ocrx_word' id='word_1_342' title='bbox 662 2795 905 2851; x_wconf 91' lang='lat' dir='ltr'><strong>locorum</strong></span> <span class='ocrx_word' id='word_1_343' title='bbox 933 2796 1259 2860; x_wconf 88' lang='lat' dir='ltr'><strong>intellectus,</strong></span> <span class='ocrx_word' id='word_1_344' title='bbox 1290 2798 1343 2852; x_wconf 91' lang='lat' dir='ltr'><strong>in</strong></span> <span class='ocrx_word' id='word_1_345' title='bbox 1385 2798 1583 2868; x_wconf 77' lang='lat' dir='ltr'><strong>quibus</strong></span> <span class='ocrx_word' id='word_1_346' title='bbox 1607 2799 1825 2855; x_wconf 86' lang='lat' dir='ltr'><strong>Patrem</strong></span> <span class='ocrx_word' id='word_1_347' title='bbox 1853 2816 1977 2855; x_wconf 90' lang='lat' dir='ltr'><strong>cum</strong></span> <span class='ocrx_word' id='word_1_348' title='bbox 2000 2799 2093 2855; x_wconf 86' lang='lat' dir='ltr'><strong>Fi—</strong></span> 
     </span>
    </p>
   </div>
   <div class='ocr_carea' id='block_1_46' title="bbox 510 2885 2095 2962">
    <p class='ocr_par' dir='ltr' id='par_1_46' title="bbox 510 2885 2095 2962">
     <span class='ocr_line' id='line_1_46' title="bbox 510 2885 2095 2962; baseline 0.006 -23"><span class='ocrx_word' id='word_1_349' title='bbox 510 2885 586 2941; x_wconf 93' lang='lat' dir='ltr'><strong>lio</strong></span> <span class='ocrx_word' id='word_1_350' title='bbox 614 2886 757 2940; x_wconf 87' lang='lat' dir='ltr'><strong>nulla</strong></span> <span class='ocrx_word' id='word_1_351' title='bbox 789 2888 1124 2957; x_wconf 86' lang='lat' dir='ltr'><strong>precationis</strong></span> <span class='ocrx_word' id='word_1_352' title='bbox 1158 2889 1401 2944; x_wconf 90' lang='lat' dir='ltr'><strong>adhibita</strong></span> <span class='ocrx_word' id='word_1_353' title='bbox 1446 2890 1802 2947; x_wconf 86' lang='lat' dir='ltr'><strong>distinctione</strong></span> <span class='ocrx_word' id='word_1_354' title='bbox 1840 2892 2095 2962; x_wconf 83' lang='lat' dir='ltr'><strong>interpel-</strong></span> 
     </span>
    </p>
   </div>
   <div class='ocr_carea' id='block_1_47' title="bbox 509 2976 2086 3049">
    <p class='ocr_par' dir='ltr' id='par_1_47' title="bbox 509 2976 2086 3049">
     <span class='ocr_line' id='line_1_47' title="bbox 509 2976 2086 3049; baseline 0.005 -18"><span class='ocrx_word' id='word_1_355' title='bbox 509 2976 624 3034; x_wconf 86' lang='lat' dir='ltr'><strong>lat:</strong></span> <span class='ocrx_word' id='word_1_356' title='bbox 655 2981 833 3049; x_wconf 84' lang='lat' dir='ltr'><strong>qualls</strong></span> <span class='ocrx_word' id='word_1_357' title='bbox 857 2980 945 3036; x_wconf 91' lang='lat' dir='ltr'><strong>ille</strong></span> <span class='ocrx_word' id='word_1_358' title='bbox 969 2990 1052 3035; x_wconf 89' lang='lat' dir='ltr'><strong>est</strong></span> <span class='ocrx_word' id='word_1_359' title='bbox 1082 2996 1148 3035; x_wconf 85' lang='lat' dir='ltr'><strong>ex</strong></span> <span class='ocrx_word' id='word_1_360' title='bbox 1189 2980 1375 3036; x_wconf 87' lang='lat' dir='ltr'><strong>homil.</strong></span> <span class='ocrx_word' id='word_1_361' title='bbox 1402 2982 1438 3037; x_wconf 70' lang='grc'><strong>4</strong></span> <span class='ocrx_word' id='word_1_362' title='bbox 1489 2982 1544 3036; x_wconf 82' lang='lat' dir='ltr'><strong>in</strong></span> <span class='ocrx_word' id='word_1_363' title='bbox 1574 2982 1796 3049; x_wconf 82' lang='lat' dir='ltr'><strong>Jerem.,</strong></span> <span class='ocrx_word' id='word_1_364' title='bbox 1826 2998 1979 3038; x_wconf 84' lang='lat' dir='ltr'><strong>num.</strong></span> <span class='ocrx_word' id='word_1_365' title='bbox 2009 2984 2042 3039; x_wconf 88' lang='lat'><strong>6</strong></span> <span class='ocrx_word' id='word_1_366' title='bbox 2069 3000 2086 3039; x_wconf 90' lang='lat'><strong>:</strong></span> 
     </span>
    </p>
   </div>
   <div class='ocr_carea' id='block_1_48' title="bbox 516 3071 2090 3145">
    <p class='ocr_par' dir='ltr' id='par_1_48' title="bbox 516 3071 2090 3145">
     <span class='ocr_line' id='line_1_48' title="bbox 516 3071 2090 3145; baseline 0.006 -21"><span class='ocrx_word' id='word_1_367' title='bbox 516 3090 536 3124; x_wconf 74' lang='grc' dir='ltr'><strong>ι</strong></span> <span class='ocrx_word' id='word_1_368' title='bbox 566 3071 698 3129; x_wconf 78' lang='lat' dir='ltr'><strong>Cum</strong></span> <span class='ocrx_word' id='word_1_369' title='bbox 731 3082 914 3128; x_wconf 89' lang='lat' dir='ltr'><strong>autem</strong></span> <span class='ocrx_word' id='word_1_370' title='bbox 969 3074 1251 3145; x_wconf 89' lang='lat' dir='ltr'><strong>plenitudo</strong></span> <span class='ocrx_word' id='word_1_371' title='bbox 1285 3074 1525 3143; x_wconf 84' lang='lat' dir='ltr'><strong>gentium</strong></span> <span class='ocrx_word' id='word_1_372' title='bbox 1585 3075 1899 3141; x_wconf 88' lang='lat' dir='ltr'><strong>introierit,</strong></span> <span class='ocrx_word' id='word_1_373' title='bbox 1960 3086 2090 3133; x_wconf 87' lang='lat' dir='ltr'><strong>tunc</strong></span> 
     </span>
    </p>
   </div>
   <div class='ocr_carea' id='block_1_49' title="bbox 508 3165 2092 3238">
    <p class='ocr_par' dir='ltr' id='par_1_49' title="bbox 508 3165 2092 3238">
     <span class='ocr_line' id='line_1_49' title="bbox 508 3165 2092 3238; baseline 0.003 -19"><span class='ocrx_word' id='word_1_374' title='bbox 508 3167 689 3220; x_wconf 90' lang='lat' dir='ltr'><strong>omnis</strong></span> <span class='ocrx_word' id='word_1_375' title='bbox 720 3165 886 3222; x_wconf 91' lang='lat' dir='ltr'><strong>Israel</strong></span> <span class='ocrx_word' id='word_1_376' title='bbox 925 3165 1110 3222; x_wconf 85' lang='lat' dir='ltr'><strong>salvus</strong></span> <span class='ocrx_word' id='word_1_377' title='bbox 1140 3167 1246 3221; x_wconf 91' lang='lat' dir='ltr'><strong>erit</strong></span> <span class='ocrx_word' id='word_1_378' title='bbox 1273 3166 1341 3234; x_wconf 82' lang='grc'>⁸³,</span> <span class='ocrx_word' id='word_1_379' title='bbox 1376 3177 1425 3223; x_wconf 86' lang='lat' dir='ltr'><strong>et</strong></span> <span class='ocrx_word' id='word_1_380' title='bbox 1445 3168 1536 3237; x_wconf 79' lang='lat' dir='ltr'><strong>ﬁet</strong></span> <span class='ocrx_word' id='word_1_381' title='bbox 1570 3184 1707 3222; x_wconf 79' lang='lat' dir='ltr'><strong>unus</strong></span> <span class='ocrx_word' id='word_1_382' title='bbox 1733 3182 1860 3238; x_wconf 64' lang='lat' dir='ltr'><strong>great</strong></span> <span class='ocrx_word' id='word_1_383' title='bbox 1880 3177 1929 3222; x_wconf 88' lang='lat' dir='ltr'><strong>et</strong></span> <span class='ocrx_word' id='word_1_384' title='bbox 1956 3184 2092 3223; x_wconf 86' lang='lat' dir='ltr'><strong>unus</strong></span> 
     </span>
    </p>
   </div>
   <div class='ocr_carea' id='block_1_50' title="bbox 2192 1964 3777 2040">
    <p class='ocr_par' dir='ltr' id='par_1_50' title="bbox 2192 1964 3777 2040">
     <span class='ocr_line' id='line_1_50' title="bbox 2192 1964 3777 2040; baseline 0.002 -23"><span class='ocrx_word' id='word_1_385' title='bbox 2192 1964 2348 2037; x_wconf 76' lang='grc' dir='ltr'>θῆναι</span> <span class='ocrx_word' id='word_1_386' title='bbox 2377 1967 2485 2021; x_wconf 80' lang='grc' dir='ltr'><strong>ἀπὸ</strong></span> <span class='ocrx_word' id='word_1_387' title='bbox 2502 1969 2599 2036; x_wconf 85' lang='grc' dir='ltr'>τῆς</span> <span class='ocrx_word' id='word_1_388' title='bbox 2631 1967 2874 2031; x_wconf 80' lang='grc' dir='ltr'><strong>δουλείας</strong></span> <span class='ocrx_word' id='word_1_389' title='bbox 2905 1970 3004 2039; x_wconf 83' lang='grc' dir='ltr'><strong>τῆς</strong></span> <span class='ocrx_word' id='word_1_390' title='bbox 3029 1969 3256 2040; x_wconf 80' lang='grc' dir='ltr'>φθορᾶς,</span> <span class='ocrx_word' id='word_1_391' title='bbox 3282 1969 3415 2022; x_wconf 80' lang='grc' dir='ltr'>ἀλλὰ</span> <span class='ocrx_word' id='word_1_392' title='bbox 3448 1969 3543 2022; x_wconf 82' lang='grc' dir='ltr'>καὶ</span> <span class='ocrx_word' id='word_1_393' title='bbox 3570 1968 3631 2021; x_wconf 80' lang='grc' dir='ltr'><strong>τὸ</strong></span> <span class='ocrx_word' id='word_1_394' title='bbox 3663 1968 3777 2020; x_wconf 85' lang='grc' dir='ltr'><strong>τῶν</strong></span> 
     </span>
    </p>
   </div>
   <div class='ocr_carea' id='block_1_51' title="bbox 2190 2052 3777 2131">
    <p class='ocr_par' dir='ltr' id='par_1_51' title="bbox 2190 2052 3777 2131">
     <span class='ocr_line' id='line_1_51' title="bbox 2190 2052 3777 2131; baseline 0 -22"><span class='ocrx_word' id='word_1_395' title='bbox 2190 2055 2493 2129; x_wconf 82' lang='grc' dir='ltr'>ἀνθρώπων</span> <span class='ocrx_word' id='word_1_396' title='bbox 2508 2058 2685 2127; x_wconf 84' lang='grc' dir='ltr'>γένος.</span> <span class='ocrx_word' id='word_1_397' title='bbox 2716 2060 2993 2131; x_wconf 84' lang='grc' dir='ltr'>μακαρίας</span> <span class='ocrx_word' id='word_1_398' title='bbox 3023 2060 3117 2113; x_wconf 72' lang='grc' dir='ltr'><strong>καὶ</strong></span> <span class='ocrx_word' id='word_1_399' title='bbox 3147 2058 3297 2123; x_wconf 84' lang='grc' dir='ltr'>θείας</span> <span class='ocrx_word' id='word_1_400' title='bbox 3318 2060 3600 2127; x_wconf 81' lang='grc' dir='ltr'>δυνάμεως</span> <span class='ocrx_word' id='word_1_401' title='bbox 3627 2052 3777 2111; x_wconf 62' lang='grc' dir='ltr'>ἔναν-</span> 
     </span>
    </p>
   </div>
   <div class='ocr_carea' id='block_1_52' title="bbox 2192 2146 3777 2221">
    <p class='ocr_par' dir='ltr' id='par_1_52' title="bbox 2192 2146 3777 2221">
     <span class='ocr_line' id='line_1_52' title="bbox 2192 2146 3777 2221; baseline 0.001 -21"><span class='ocrx_word' id='word_1_402' title='bbox 2192 2146 2541 2220; x_wconf 77' lang='grc' dir='ltr'>Θρωπούσης,</span> <span class='ocrx_word' id='word_1_403' title='bbox 2567 2151 2689 2220; x_wconf 73' lang='grc' dir='ltr'>ἥτις</span> <span class='ocrx_word' id='word_1_404' title='bbox 2718 2148 3073 2221; x_wconf 75' lang='grc' dir='ltr'>διορθώσεται</span> <span class='ocrx_word' id='word_1_405' title='bbox 3100 2151 3193 2204; x_wconf 79' lang='grc' dir='ltr'><strong>καὶ</strong></span> <span class='ocrx_word' id='word_1_406' title='bbox 3212 2150 3281 2203; x_wconf 83' lang='grc' dir='ltr'>τὰ</span> <span class='ocrx_word' id='word_1_407' title='bbox 3304 2150 3396 2202; x_wconf 76' lang='grc' dir='ltr'><strong>ἐπὶ</strong></span> <span class='ocrx_word' id='word_1_408' title='bbox 3420 2150 3519 2220; x_wconf 78' lang='grc' dir='ltr'><strong>τῆς</strong></span> <span class='ocrx_word' id='word_1_409' title='bbox 3542 2150 3665 2220; x_wconf 83' lang='grc' dir='ltr'>γῆς,</span> <span class='ocrx_word' id='word_1_410' title='bbox 3684 2150 3777 2203; x_wconf 80' lang='grc' dir='ltr'><strong>καὶ</strong></span> 
     </span>
    </p>
   </div>
   <div class='ocr_carea' id='block_1_53' title="bbox 2189 2238 3777 2313">
    <p class='ocr_par' dir='ltr' id='par_1_53' title="bbox 2189 2238 3777 2313">
     <span class='ocr_line' id='line_1_53' title="bbox 2189 2238 3777 2313; baseline 0 -21"><span class='ocrx_word' id='word_1_411' title='bbox 2189 2238 2430 2312; x_wconf 76' lang='grc' dir='ltr'>ὡσπερεὶ</span> <span class='ocrx_word' id='word_1_412' title='bbox 2456 2242 2723 2295; x_wconf 76' lang='grc' dir='ltr'>ἐπέϐαλλε</span> <span class='ocrx_word' id='word_1_413' title='bbox 2754 2260 2870 2305; x_wconf 85' lang='grc' dir='ltr'><strong>πως</strong></span> <span class='ocrx_word' id='word_1_414' title='bbox 2904 2242 2981 2313; x_wconf 81' lang='grc' dir='ltr'>τῷ</span> <span class='ocrx_word' id='word_1_415' title='bbox 3021 2244 3162 2313; x_wconf 85' lang='grc' dir='ltr'>ἁγίῳ</span> <span class='ocrx_word' id='word_1_416' title='bbox 3203 2242 3479 2312; x_wconf 81' lang='grc' dir='ltr'>Πνεύματι</span> <span class='ocrx_word' id='word_1_417' title='bbox 3508 2244 3541 2312; x_wconf 81' lang='grc' dir='ltr'>ἡ</span> <span class='ocrx_word' id='word_1_418' title='bbox 3577 2238 3777 2310; x_wconf 79' lang='grc' dir='ltr'>πρᾶξις</span> 
     </span>
    </p>
   </div>
   <div class='ocr_carea' id='block_1_54' title="bbox 2192 2331 3777 2405">
    <p class='ocr_par' dir='ltr' id='par_1_54' title="bbox 2192 2331 3777 2405">
     <span class='ocr_line' id='line_1_54' title="bbox 2192 2331 3777 2405; baseline 0 -20"><span class='ocrx_word' id='word_1_419' title='bbox 2192 2331 2352 2403; x_wconf 81' lang='grc' dir='ltr'>αὕτη,</span> <span class='ocrx_word' id='word_1_420' title='bbox 2372 2333 2564 2402; x_wconf 76' lang='grc' dir='ltr'>ἥντινα</span> <span class='ocrx_word' id='word_1_421' title='bbox 2586 2333 2879 2404; x_wconf 82' lang='grc' dir='ltr'>ὑπομένειν</span> <span class='ocrx_word' id='word_1_422' title='bbox 2904 2335 2966 2387; x_wconf 83' lang='grc' dir='ltr'><strong>οὐ</strong></span> <span class='ocrx_word' id='word_1_423' title='bbox 2989 2334 3285 2405; x_wconf 82' lang='grc' dir='ltr'>δυνάμενον</span> <span class='ocrx_word' id='word_1_424' title='bbox 3302 2331 3663 2403; x_wconf 77' lang='grc' dir='ltr'>προϐάλλεται</span> <span class='ocrx_word' id='word_1_425' title='bbox 3684 2332 3777 2385; x_wconf 79' lang='grc' dir='ltr'><strong>τὸν</strong></span> 
     </span>
    </p>
   </div>
   <div class='ocr_carea' id='block_1_55' title="bbox 2191 2420 3771 2495">
    <p class='ocr_par' dir='ltr' id='par_1_55' title="bbox 2191 2420 3771 2495">
     <span class='ocr_line' id='line_1_55' title="bbox 2191 2420 3771 2495; baseline 0.001 -22"><span class='ocrx_word' id='word_1_426' title='bbox 2191 2421 2437 2492; x_wconf 81' lang='grc' dir='ltr'>Σωτῆρα,</span> <span class='ocrx_word' id='word_1_427' title='bbox 2467 2422 2542 2486; x_wconf 87' lang='grc' dir='ltr'>ὡς</span> <span class='ocrx_word' id='word_1_428' title='bbox 2581 2422 2642 2475; x_wconf 80' lang='grc' dir='ltr'>τὸ</span> <span class='ocrx_word' id='word_1_429' title='bbox 2666 2422 2981 2495; x_wconf 79' lang='grc' dir='ltr'>τηλικοῦτον</span> <span class='ocrx_word' id='word_1_430' title='bbox 3013 2420 3175 2478; x_wconf 78' lang='grc' dir='ltr'>ἆθλον</span> <span class='ocrx_word' id='word_1_431' title='bbox 3218 2424 3376 2495; x_wconf 85' lang='grc' dir='ltr'>μόνον</span> <span class='ocrx_word' id='word_1_432' title='bbox 3408 2424 3650 2492; x_wconf 77' lang='grc' dir='ltr'>ἐνεγκεῖν</span> <span class='ocrx_word' id='word_1_433' title='bbox 3680 2422 3771 2475; x_wconf 81' lang='grc' dir='ltr'>δυ-</span> 
     </span>
    </p>
   </div>
   <div class='ocr_carea' id='block_1_56' title="bbox 2191 2512 3775 2585">
    <p class='ocr_par' dir='ltr' id='par_1_56' title="bbox 2191 2512 3775 2585">
     <span class='ocr_line' id='line_1_56' title="bbox 2191 2512 3775 2585; baseline -0.001 -19"><span class='ocrx_word' id='word_1_434' title='bbox 2191 2513 2441 2584; x_wconf 83' lang='grc' dir='ltr'>νάμενον.</span> <span class='ocrx_word' id='word_1_435' title='bbox 2466 2512 2667 2569; x_wconf 90' lang='lat' dir='ltr'><strong>Coutra</strong></span> <span class='ocrx_word' id='word_1_436' title='bbox 2693 2528 2813 2568; x_wconf 86' lang='lat' dir='ltr'><strong>eam</strong></span> <span class='ocrx_word' id='word_1_437' title='bbox 2834 2514 3146 2585; x_wconf 91' lang='lat' dir='ltr'><strong>opinionem</strong></span> <span class='ocrx_word' id='word_1_438' title='bbox 3168 2524 3503 2585; x_wconf 86' lang='lat' dir='ltr'><strong>consurgunt</strong></span> <span class='ocrx_word' id='word_1_439' title='bbox 3529 2513 3775 2568; x_wconf 86' lang='lat' dir='ltr'><strong>universi</strong></span> 
     </span>
    </p>
   </div>
   <div class='ocr_carea' id='block_1_57' title="bbox 2192 2599 3776 2673">
    <p class='ocr_par' dir='ltr' id='par_1_57' title="bbox 2192 2599 3776 2673">
     <span class='ocr_line' id='line_1_57' title="bbox 2192 2599 3776 2673; baseline 0.002 -19"><span class='ocrx_word' id='word_1_440' title='bbox 2192 2599 2405 2665; x_wconf 88' lang='lat' dir='ltr'><strong>Patres,</strong></span> <span class='ocrx_word' id='word_1_441' title='bbox 2442 2611 2495 2657; x_wconf 92' lang='lat' dir='ltr'><strong>et</strong></span> <span class='ocrx_word' id='word_1_442' title='bbox 2527 2617 2638 2672; x_wconf 75' lang='lat' dir='ltr'><strong>pra:</strong></span> <span class='ocrx_word' id='word_1_443' title='bbox 2665 2603 2891 2673; x_wconf 82' lang='lat' dir='ltr'><strong>reliquis</strong></span> <span class='ocrx_word' id='word_1_444' title='bbox 2912 2603 3196 2659; x_wconf 83' lang='lat' dir='ltr'><strong>Trinitatis</strong></span> <span class='ocrx_word' id='word_1_445' title='bbox 3221 2613 3422 2659; x_wconf 79' lang='lat' dir='ltr'><strong>sancta:</strong></span> <span class='ocrx_word' id='word_1_446' title='bbox 3449 2603 3694 2671; x_wconf 86' lang='lat' dir='ltr'><strong>personis</strong></span> <span class='ocrx_word' id='word_1_447' title='bbox 3724 2604 3776 2657; x_wconf 94' lang='lat' dir='ltr'><strong>id</strong></span> 
     </span>
    </p>
   </div>
   <div class='ocr_carea' id='block_1_58' title="bbox 2191 2691 3777 2764">
    <p class='ocr_par' dir='ltr' id='par_1_58' title="bbox 2191 2691 3777 2764">
     <span class='ocr_line' id='line_1_58' title="bbox 2191 2691 3777 2764; baseline -0.001 -18"><span class='ocrx_word' id='word_1_448' title='bbox 2191 2693 2371 2760; x_wconf 87' lang='lat' dir='ltr'><strong>operis</strong></span> <span class='ocrx_word' id='word_1_449' title='bbox 2394 2691 2531 2747; x_wconf 85' lang='lat' dir='ltr'><strong>Filio</strong></span> <span class='ocrx_word' id='word_1_450' title='bbox 2570 2693 2840 2764; x_wconf 65' lang='lat' dir='ltr'><strong>prateipue</strong></span> <span class='ocrx_word' id='word_1_451' title='bbox 2869 2692 3185 2747; x_wconf 85' lang='lat' dir='ltr'><strong>convenisse</strong></span> <span class='ocrx_word' id='word_1_452' title='bbox 3214 2694 3614 2755; x_wconf 89' lang='lat' dir='ltr'><strong>demonstrant,</strong></span> <span class='ocrx_word' id='word_1_453' title='bbox 3642 2706 3777 2745; x_wconf 62' lang='lat' dir='ltr'><strong>cauo</strong></span> 
     </span>
    </p>
   </div>
   <div class='ocr_carea' id='block_1_59' title="bbox 2193 2780 3778 2852">
    <p class='ocr_par' dir='ltr' id='par_1_59' title="bbox 2193 2780 3778 2852">
     <span class='ocr_line' id='line_1_59' title="bbox 2193 2780 3778 2852; baseline -0.003 -15"><span class='ocrx_word' id='word_1_454' title='bbox 2193 2797 2393 2852; x_wconf 89' lang='lat' dir='ltr'><strong>sasque</strong></span> <span class='ocrx_word' id='word_1_455' title='bbox 2418 2780 2581 2851; x_wconf 83' lang='lat' dir='ltr'><strong>huius</strong></span> <span class='ocrx_word' id='word_1_456' title='bbox 2620 2782 2849 2835; x_wconf 88' lang='lat' dir='ltr'><strong>reddunt</strong></span> <span class='ocrx_word' id='word_1_457' title='bbox 2904 2780 3232 2848; x_wconf 89' lang='lat' dir='ltr'><strong>multiplices</strong></span> <span class='ocrx_word' id='word_1_458' title='bbox 3269 2792 3324 2835; x_wconf 90' lang='lat' dir='ltr'><strong>et</strong></span> <span class='ocrx_word' id='word_1_459' title='bbox 3376 2782 3603 2843; x_wconf 85' lang='lat' dir='ltr'><strong>validas,</strong></span> <span class='ocrx_word' id='word_1_460' title='bbox 3637 2796 3778 2851; x_wconf 87' lang='lat' dir='ltr'><strong>qua-</strong></span> 
     </span>
    </p>
   </div>
   <div class='ocr_carea' id='block_1_60' title="bbox 2194 2873 3778 2943">
    <p class='ocr_par' dir='ltr' id='par_1_60' title="bbox 2194 2873 3778 2943">
     <span class='ocr_line' id='line_1_60' title="bbox 2194 2873 3778 2943; baseline -0.001 -14"><span class='ocrx_word' id='word_1_461' title='bbox 2194 2889 2313 2929; x_wconf 91' lang='lat' dir='ltr'><strong>rum</strong></span> <span class='ocrx_word' id='word_1_462' title='bbox 2347 2874 2436 2930; x_wconf 88' lang='lat' dir='ltr'><strong>hic</strong></span> <span class='ocrx_word' id='word_1_463' title='bbox 2466 2873 2774 2943; x_wconf 79' lang='lat' dir='ltr'><strong>explicandi</strong></span> <span class='ocrx_word' id='word_1_464' title='bbox 2806 2873 2956 2929; x_wconf 89' lang='lat' dir='ltr'><strong>locus</strong></span> <span class='ocrx_word' id='word_1_465' title='bbox 2987 2889 3094 2929; x_wconf 92' lang='lat' dir='ltr'><strong>non</strong></span> <span class='ocrx_word' id='word_1_466' title='bbox 3130 2883 3234 2929; x_wconf 82' lang='lat' dir='ltr'><strong>est.</strong></span> <span class='ocrx_word' id='word_1_467' title='bbox 3260 2874 3475 2929; x_wconf 86' lang='lat' dir='ltr'><strong>Patrem</strong></span> <span class='ocrx_word' id='word_1_468' title='bbox 3504 2884 3687 2929; x_wconf 89' lang='lat' dir='ltr'><strong>tamen</strong></span> <span class='ocrx_word' id='word_1_469' title='bbox 3711 2888 3778 2928; x_wconf 86' lang='lat' dir='ltr'><strong>ac</strong></span> 
     </span>
    </p>
   </div>
   <div class='ocr_carea' id='block_1_61' title="bbox 2196 2963 3774 3036">
    <p class='ocr_par' dir='ltr' id='par_1_61' title="bbox 2196 2963 3774 3036">
     <span class='ocr_line' id='line_1_61' title="bbox 2196 2963 3774 3036; baseline 0.001 -17"><span class='ocrx_word' id='word_1_470' title='bbox 2196 2964 2461 3036; x_wconf 88' lang='lat' dir='ltr'><strong>Spiritum</strong></span> <span class='ocrx_word' id='word_1_471' title='bbox 2488 2975 2737 3020; x_wconf 88' lang='lat' dir='ltr'><strong>sanctum</strong></span> <span class='ocrx_word' id='word_1_472' title='bbox 2772 2963 2964 3021; x_wconf 89' lang='lat' dir='ltr'><strong>eodem</strong></span> <span class='ocrx_word' id='word_1_473' title='bbox 2992 2965 3172 3022; x_wconf 79' lang='lat' dir='ltr'><strong>oﬂicio</strong></span> <span class='ocrx_word' id='word_1_474' title='bbox 3201 2966 3347 3021; x_wconf 85' lang='lat' dir='ltr'><strong>haud</strong></span> <span class='ocrx_word' id='word_1_475' title='bbox 3379 2981 3538 3021; x_wconf 89' lang='lat' dir='ltr'><strong>secus</strong></span> <span class='ocrx_word' id='word_1_476' title='bbox 3573 2981 3638 3021; x_wconf 91' lang='lat' dir='ltr'><strong>ac</strong></span> <span class='ocrx_word' id='word_1_477' title='bbox 3675 2966 3774 3020; x_wconf 83' lang='lat' dir='ltr'><strong>Fi-</strong></span> 
     </span>
    </p>
   </div>
   <div class='ocr_carea' id='block_1_62' title="bbox 2192 3057 3777 3129">
    <p class='ocr_par' dir='ltr' id='par_1_62' title="bbox 2192 3057 3777 3129">
     <span class='ocr_line' id='line_1_62' title="bbox 2192 3057 3777 3129; baseline -0.002 -15"><span class='ocrx_word' id='word_1_478' title='bbox 2192 3059 2325 3114; x_wconf 86' lang='lat' dir='ltr'><strong>lium</strong></span> <span class='ocrx_word' id='word_1_479' title='bbox 2360 3057 2577 3129; x_wconf 75' lang='lat' dir='ltr'><strong>defungi</strong></span> <span class='ocrx_word' id='word_1_480' title='bbox 2601 3059 2841 3129; x_wconf 88' lang='lat' dir='ltr'><strong>potuisse</strong></span> <span class='ocrx_word' id='word_1_481' title='bbox 2861 3058 3166 3114; x_wconf 88' lang='lat' dir='ltr'><strong>communis</strong></span> <span class='ocrx_word' id='word_1_482' title='bbox 3194 3069 3276 3113; x_wconf 87' lang='lat' dir='ltr'><strong>est</strong></span> <span class='ocrx_word' id='word_1_483' title='bbox 3308 3058 3364 3113; x_wconf 77' lang='lat' dir='ltr'><strong>Et</strong></span> <span class='ocrx_word' id='word_1_484' title='bbox 3383 3057 3562 3113; x_wconf 64' lang='lat' dir='ltr'><strong>clesie</strong></span> <span class='ocrx_word' id='word_1_485' title='bbox 3584 3057 3777 3113; x_wconf 86' lang='lat' dir='ltr'><strong>catho-</strong></span> 
     </span>
    </p>
   </div>
   <div class='ocr_carea' id='block_1_63' title="bbox 2195 3145 3779 3218">
    <p class='ocr_par' dir='ltr' id='par_1_63' title="bbox 2195 3145 3779 3218">
     <span class='ocr_line' id='line_1_63' title="bbox 2195 3145 3779 3218; baseline -0.001 -14"><span class='ocrx_word' id='word_1_486' title='bbox 2195 3148 2315 3204; x_wconf 68' lang='lat' dir='ltr'><strong>licae</strong></span> <span class='ocrx_word' id='word_1_487' title='bbox 2351 3148 2623 3215; x_wconf 88' lang='lat' dir='ltr'><strong>doctrina,</strong></span> <span class='ocrx_word' id='word_1_488' title='bbox 2651 3163 2884 3218; x_wconf 86' lang='lat' dir='ltr'><strong>eamque</strong></span> <span class='ocrx_word' id='word_1_489' title='bbox 2917 3156 3099 3203; x_wconf 87' lang='lat' dir='ltr'><strong>tuetur</strong></span> <span class='ocrx_word' id='word_1_490' title='bbox 3121 3145 3360 3203; x_wconf 86' lang='lat' dir='ltr'><strong>Thomas</strong></span> <span class='ocrx_word' id='word_1_491' title='bbox 3395 3156 3539 3217; x_wconf 91' lang='lat' dir='ltr'><strong>part.</strong></span> <span class='ocrx_word' id='word_1_492' title='bbox 3592 3160 3677 3210; x_wconf 83' lang='lat' dir='ltr'><strong>tu,</strong></span> <span class='ocrx_word' id='word_1_493' title='bbox 3716 3161 3779 3215; x_wconf 89' lang='lat' dir='ltr'><strong>q.</strong></span> 
     </span>
    </p>
   </div>
   <div class='ocr_carea' id='block_1_64' title="bbox 512 3210 3776 3329">
    <p class='ocr_par' dir='ltr' id='par_1_64' title="bbox 512 3210 3776 3329">
     <span class='ocr_line' id='line_1_64' title="bbox 512 3210 3776 3329; baseline 0.001 -38"><span class='ocrx_word' id='word_1_494' title='bbox 1141 3210 2091 3329; x_wconf 35' lang='lat' dir='ltr'><strong>23,-nm&#39;u;glv;og;ﬁn:1;“;</strong></span> <span class='ocrx_word' id='word_1_495' title='bbox 2119 3210 2162 3271; x_wconf 66' lang='grc' dir='ltr'>ο</span> <span class='ocrx_word' id='word_1_496' title='bbox 2198 3240 2259 3305; x_wconf 78' lang='lat'><strong>3.</strong></span> <span class='ocrx_word' id='word_1_497' title='bbox 2285 3255 2339 3296; x_wconf 84' lang='lat' dir='ltr'><strong>a.</strong></span> <span class='ocrx_word' id='word_1_498' title='bbox 2369 3239 2422 3295; x_wconf 76' lang='grc' dir='ltr'><strong>Β.</strong></span> <span class='ocrx_word' id='word_1_499' title='bbox 2461 3210 2629 3295; x_wconf 80' lang='lat' dir='ltr'><strong>Favet</strong></span> <span class='ocrx_word' id='word_1_500' title='bbox 2660 3210 3014 3295; x_wconf 75' lang='lat' dir='ltr'><strong>nihilominus</strong></span> <span class='ocrx_word' id='word_1_501' title='bbox 3041 3239 3258 3310; x_wconf 87' lang='lat' dir='ltr'><strong>Origeni</strong></span> <span class='ocrx_word' id='word_1_502' title='bbox 3302 3210 3610 3304; x_wconf 79' lang='lat' dir='ltr'><strong>Anselmus,</strong></span> <span class='ocrx_word' id='word_1_503' title='bbox 3637 3210 3776 3309; x_wconf 74' lang='lat' dir='ltr'><strong>qui,</strong></span> 
     </span>
    </p>
   </div>
   <div class='ocr_carea' id='block_1_65' title="bbox 510 3350 2087 3421">
    <p class='ocr_par' dir='ltr' id='par_1_65' title="bbox 510 3350 2087 3421">
     <span class='ocr_line' id='line_1_65' title="bbox 510 3350 2087 3421; baseline 0.001 -18"><span class='ocrx_word' id='word_1_504' title='bbox 510 3351 770 3421; x_wconf 77' lang='lat' dir='ltr'><strong>gniﬁcare</strong></span> <span class='ocrx_word' id='word_1_505' title='bbox 783 3350 1208 3420; x_wconf 89' lang='lat' dir='ltr'><strong>omnipotentem</strong></span> <span class='ocrx_word' id='word_1_506' title='bbox 1224 3350 1510 3406; x_wconf 89' lang='lat' dir='ltr'><strong>Dominum</strong></span> <span class='ocrx_word' id='word_1_507' title='bbox 1530 3365 1656 3405; x_wconf 91' lang='lat' dir='ltr'><strong>cum</strong></span> <span class='ocrx_word' id='word_1_508' title='bbox 1672 3350 1890 3405; x_wconf 77' lang='lat' dir='ltr'><strong>Christo</strong></span> <span class='ocrx_word' id='word_1_509' title='bbox 1904 3350 2055 3418; x_wconf 70' lang='lat' dir='ltr'><strong>Iesu;</strong></span> <span class='ocrx_word' id='word_1_510' title='bbox 2068 3370 2087 3404; x_wconf 72' lang='grc' dir='ltr'><strong>ι</strong></span> 
     </span>
    </p>
   </div>
   <div class='ocr_carea' id='block_1_66' title="bbox 510 3439 2091 3509">
    <p class='ocr_par' dir='ltr' id='par_1_66' title="bbox 510 3439 2091 3509">
     <span class='ocr_line' id='line_1_66' title="bbox 510 3439 2091 3509; baseline 0 -12"><span class='ocrx_word' id='word_1_511' title='bbox 510 3448 567 3497; x_wconf 88' lang='lat' dir='ltr'><strong>et</strong></span> <span class='ocrx_word' id='word_1_512' title='bbox 591 3442 677 3495; x_wconf 91' lang='lat' dir='ltr'><strong>ille</strong></span> <span class='ocrx_word' id='word_1_513' title='bbox 704 3456 773 3496; x_wconf 82' lang='lat' dir='ltr'><strong>ex</strong></span> <span class='ocrx_word' id='word_1_514' title='bbox 814 3441 1002 3497; x_wconf 84' lang='lat' dir='ltr'><strong>homil.</strong></span> <span class='ocrx_word' id='word_1_515' title='bbox 1044 3442 1112 3496; x_wconf 73' lang='grc'><strong>12</strong></span> <span class='ocrx_word' id='word_1_516' title='bbox 1145 3442 1202 3494; x_wconf 85' lang='lat' dir='ltr'><strong>in</strong></span> <span class='ocrx_word' id='word_1_517' title='bbox 1246 3439 1465 3509; x_wconf 70' lang='lat' dir='ltr'><strong>Ezech.,</strong></span> <span class='ocrx_word' id='word_1_518' title='bbox 1502 3456 1650 3496; x_wconf 86' lang='lat' dir='ltr'><strong>num.</strong></span> <span class='ocrx_word' id='word_1_519' title='bbox 1680 3441 1715 3496; x_wconf 86' lang='lat'><strong>5</strong></span> <span class='ocrx_word' id='word_1_520' title='bbox 1748 3459 1761 3496; x_wconf 93' lang='lat'>:</span> <span class='ocrx_word' id='word_1_521' title='bbox 1804 3460 1823 3495; x_wconf 74' lang='grc' dir='ltr'><strong>ι</strong></span> <span class='ocrx_word' id='word_1_522' title='bbox 1854 3440 1924 3497; x_wconf 92' lang='lat' dir='ltr'><strong>Ut</strong></span> <span class='ocrx_word' id='word_1_523' title='bbox 1947 3459 2091 3497; x_wconf 85' lang='lat' dir='ltr'><strong>nun-</strong></span> 
     </span>
    </p>
   </div>
   <div class='ocr_carea' id='block_1_67' title="bbox 510 3535 2091 3607">
    <p class='ocr_par' dir='ltr' id='par_1_67' title="bbox 510 3535 2091 3607">
     <span class='ocr_line' id='line_1_67' title="bbox 510 3535 2091 3607; baseline 0.004 -20"><span class='ocrx_word' id='word_1_524' title='bbox 510 3549 677 3603; x_wconf 87' lang='lat' dir='ltr'><strong>quam</strong></span> <span class='ocrx_word' id='word_1_525' title='bbox 715 3536 783 3589; x_wconf 91' lang='lat' dir='ltr'><strong>ad</strong></span> <span class='ocrx_word' id='word_1_526' title='bbox 836 3535 1047 3589; x_wconf 88' lang='lat' dir='ltr'><strong>radices</strong></span> <span class='ocrx_word' id='word_1_527' title='bbox 1103 3544 1320 3590; x_wconf 82' lang='lat' dir='ltr'><strong>nostras</strong></span> <span class='ocrx_word' id='word_1_528' title='bbox 1351 3544 1589 3605; x_wconf 86' lang='lat' dir='ltr'><strong>ponatur</strong></span> <span class='ocrx_word' id='word_1_529' title='bbox 1631 3536 1858 3602; x_wconf 90' lang='lat' dir='ltr'><strong>securis,</strong></span> <span class='ocrx_word' id='word_1_530' title='bbox 1886 3551 2007 3607; x_wconf 52' lang='lat' dir='ltr'><strong>quae.</strong></span> <span class='ocrx_word' id='word_1_531' title='bbox 2038 3539 2091 3594; x_wconf 92' lang='lat' dir='ltr'><strong>in</strong></span> 
     </span>
    </p>
   </div>
   <div class='ocr_carea' id='block_1_68' title="bbox 512 3625 2091 3697">
    <p class='ocr_par' dir='ltr' id='par_1_68' title="bbox 512 3625 2091 3697">
     <span class='ocr_line' id='line_1_68' title="bbox 512 3625 2091 3697; baseline 0.003 -18"><span class='ocrx_word' id='word_1_532' title='bbox 512 3626 807 3697; x_wconf 76' lang='lat' dir='ltr'><strong>Evangelio</strong></span> <span class='ocrx_word' id='word_1_533' title='bbox 858 3627 1209 3696; x_wconf 68' lang='lat' dir='ltr'><strong>praedicatur,</strong></span> <span class='ocrx_word' id='word_1_534' title='bbox 1265 3628 1531 3683; x_wconf 86' lang='lat' dir='ltr'><strong>attentius</strong></span> <span class='ocrx_word' id='word_1_535' title='bbox 1579 3625 1764 3683; x_wconf 71' lang='lat' dir='ltr'><strong>Iesum</strong></span> <span class='ocrx_word' id='word_1_536' title='bbox 1813 3627 2091 3685; x_wconf 85' lang='lat' dir='ltr'><strong>Christum</strong></span> 
     </span>
    </p>
   </div>
   <div class='ocr_carea' id='block_1_69' title="bbox 514 3717 2093 3789">
    <p class='ocr_par' dir='ltr' id='par_1_69' title="bbox 514 3717 2093 3789">
     <span class='ocr_line' id='line_1_69' title="bbox 514 3717 2093 3789; baseline 0.003 -17"><span class='ocrx_word' id='word_1_537' title='bbox 514 3718 804 3772; x_wconf 88' lang='lat' dir='ltr'><strong>Dominum</strong></span> <span class='ocrx_word' id='word_1_538' title='bbox 835 3727 1081 3771; x_wconf 91' lang='lat' dir='ltr'><strong>nostrum</strong></span> <span class='ocrx_word' id='word_1_539' title='bbox 1129 3732 1253 3772; x_wconf 86' lang='lat' dir='ltr'><strong>cum</strong></span> <span class='ocrx_word' id='word_1_540' title='bbox 1301 3717 1460 3773; x_wconf 82' lang='lat' dir='ltr'><strong>Patre</strong></span> <span class='ocrx_word' id='word_1_541' title='bbox 1493 3734 1591 3775; x_wconf 90' lang='lat' dir='ltr'><strong>suo</strong></span> <span class='ocrx_word' id='word_1_542' title='bbox 1630 3732 1950 3789; x_wconf 85' lang='lat' dir='ltr'><strong>precemur;</strong></span> <span class='ocrx_word' id='word_1_543' title='bbox 1985 3738 2005 3772; x_wconf 83' lang='grc'>›</span> <span class='ocrx_word' id='word_1_544' title='bbox 2035 3730 2093 3776; x_wconf 89' lang='lat' dir='ltr'><strong>et</strong></span> 
     </span>
    </p>
   </div>
   <div class='ocr_carea' id='block_1_70' title="bbox 512 3805 2091 3877">
    <p class='ocr_par' dir='ltr' id='par_1_70' title="bbox 512 3805 2091 3877">
     <span class='ocr_line' id='line_1_70' title="bbox 512 3805 2091 3877; baseline 0.004 -16"><span class='ocrx_word' id='word_1_545' title='bbox 512 3806 603 3861; x_wconf 83' lang='lat' dir='ltr'><strong>hic</strong></span> <span class='ocrx_word' id='word_1_546' title='bbox 624 3822 689 3861; x_wconf 90' lang='lat' dir='ltr'><strong>ex</strong></span> <span class='ocrx_word' id='word_1_547' title='bbox 719 3806 904 3861; x_wconf 92' lang='lat' dir='ltr'><strong>homil.</strong></span> <span class='ocrx_word' id='word_1_548' title='bbox 941 3806 1008 3861; x_wconf 78' lang='grc'><strong>15</strong></span> <span class='ocrx_word' id='word_1_549' title='bbox 1041 3808 1095 3861; x_wconf 87' lang='lat' dir='ltr'><strong>in</strong></span> <span class='ocrx_word' id='word_1_550' title='bbox 1118 3805 1247 3860; x_wconf 86' lang='lat' dir='ltr'><strong>Luc.</strong></span> <span class='ocrx_word' id='word_1_551' title='bbox 1276 3822 1295 3863; x_wconf 90' lang='lat'><strong><em>:</em></strong></span> <span class='ocrx_word' id='word_1_552' title='bbox 1324 3824 1343 3859; x_wconf 77' lang='grc' dir='ltr'><strong>ι</strong></span> <span class='ocrx_word' id='word_1_553' title='bbox 1371 3807 1446 3863; x_wconf 93' lang='lat' dir='ltr'><strong>Ut</strong></span> <span class='ocrx_word' id='word_1_554' title='bbox 1480 3808 1647 3877; x_wconf 86' lang='lat' dir='ltr'><strong>igitur</strong></span> <span class='ocrx_word' id='word_1_555' title='bbox 1678 3817 1732 3861; x_wconf 91' lang='lat' dir='ltr'><strong>et</strong></span> <span class='ocrx_word' id='word_1_556' title='bbox 1756 3823 1855 3864; x_wconf 89' lang='lat' dir='ltr'><strong>nos</strong></span> <span class='ocrx_word' id='word_1_557' title='bbox 1884 3819 2091 3866; x_wconf 90' lang='lat' dir='ltr'><strong>stantes</strong></span> 
     </span>
    </p>
   </div>
   <div class='ocr_carea' id='block_1_71' title="bbox 514 3899 2090 3973">
    <p class='ocr_par' dir='ltr' id='par_1_71' title="bbox 514 3899 2090 3973">
     <span class='ocr_line' id='line_1_71' title="bbox 514 3899 2090 3973; baseline 0.003 -19"><span class='ocrx_word' id='word_1_558' title='bbox 514 3900 569 3954; x_wconf 92' lang='lat' dir='ltr'><strong>iu</strong></span> <span class='ocrx_word' id='word_1_559' title='bbox 600 3900 824 3969; x_wconf 90' lang='lat' dir='ltr'><strong>templo,</strong></span> <span class='ocrx_word' id='word_1_560' title='bbox 852 3910 907 3955; x_wconf 91' lang='lat' dir='ltr'><strong>et</strong></span> <span class='ocrx_word' id='word_1_561' title='bbox 950 3910 1194 3955; x_wconf 89' lang='lat' dir='ltr'><strong>tenentes</strong></span> <span class='ocrx_word' id='word_1_562' title='bbox 1220 3901 1311 3954; x_wconf 89' lang='lat' dir='ltr'><strong>Dei</strong></span> <span class='ocrx_word' id='word_1_563' title='bbox 1340 3899 1562 3966; x_wconf 87' lang='lat' dir='ltr'><strong>Filium,</strong></span> <span class='ocrx_word' id='word_1_564' title='bbox 1609 3900 2090 3973; x_wconf 86' lang='lat' dir='ltr'><strong>amplexantesque</strong></span> 
     </span>
    </p>
   </div>
   <div class='ocr_carea' id='block_1_72' title="bbox 513 3990 2078 4062">
    <p class='ocr_par' dir='ltr' id='par_1_72' title="bbox 513 3990 2078 4062">
     <span class='ocr_line' id='line_1_72' title="bbox 513 3990 2078 4062; baseline 0.001 -16"><span class='ocrx_word' id='word_1_565' title='bbox 513 4007 660 4058; x_wconf 93' lang='lat' dir='ltr'><strong>eum,</strong></span> <span class='ocrx_word' id='word_1_566' title='bbox 694 3992 840 4062; x_wconf 87' lang='lat' dir='ltr'><strong>digni</strong></span> <span class='ocrx_word' id='word_1_567' title='bbox 869 3990 1187 4047; x_wconf 77' lang='lat' dir='ltr'><strong>remissione</strong></span> <span class='ocrx_word' id='word_1_568' title='bbox 1216 4000 1269 4045; x_wconf 84' lang='lat' dir='ltr'><strong>et</strong></span> <span class='ocrx_word' id='word_1_569' title='bbox 1288 3990 1628 4062; x_wconf 87' lang='lat' dir='ltr'><strong>profectione</strong></span> <span class='ocrx_word' id='word_1_570' title='bbox 1654 3992 1721 4046; x_wconf 92' lang='lat' dir='ltr'><strong>ad</strong></span> <span class='ocrx_word' id='word_1_571' title='bbox 1757 3992 1979 4047; x_wconf 90' lang='lat' dir='ltr'><strong>meliora</strong></span> <span class='ocrx_word' id='word_1_572' title='bbox 2014 3994 2078 4048; x_wconf 88' lang='lat' dir='ltr'><strong>si-</strong></span> 
     </span>
    </p>
   </div>
   <div class='ocr_carea' id='block_1_73' title="bbox 517 4083 2089 4156">
    <p class='ocr_par' dir='ltr' id='par_1_73' title="bbox 517 4083 2089 4156">
     <span class='ocr_line' id='line_1_73' title="bbox 517 4083 2089 4156; baseline 0.001 -16"><span class='ocrx_word' id='word_1_573' title='bbox 517 4099 657 4151; x_wconf 89' lang='lat' dir='ltr'><strong>mus,</strong></span> <span class='ocrx_word' id='word_1_574' title='bbox 689 4086 1344 4154; x_wconf 89' lang='lat' dir='ltr'><strong>oremusomnipotentem</strong></span> <span class='ocrx_word' id='word_1_575' title='bbox 1374 4083 1806 4152; x_wconf 90' lang='lat' dir='ltr'><strong>Deum,oremus</strong></span> <span class='ocrx_word' id='word_1_576' title='bbox 1831 4096 1886 4140; x_wconf 91' lang='lat' dir='ltr'><strong>et</strong></span> <span class='ocrx_word' id='word_1_577' title='bbox 1914 4087 2089 4156; x_wconf 89' lang='lat' dir='ltr'><strong>ipsum</strong></span> 
     </span>
    </p>
   </div>
   <div class='ocr_carea' id='block_1_74' title="bbox 518 4175 2093 4248">
    <p class='ocr_par' dir='ltr' id='par_1_74' title="bbox 518 4175 2093 4248">
     <span class='ocr_line' id='line_1_74' title="bbox 518 4175 2093 4248; baseline 0.003 -18"><span class='ocrx_word' id='word_1_578' title='bbox 518 4179 797 4246; x_wconf 85' lang='lat' dir='ltr'><strong>parvulum</strong></span> <span class='ocrx_word' id='word_1_579' title='bbox 825 4175 1032 4241; x_wconf 80' lang='lat' dir='ltr'><strong>Jesum,</strong></span> <span class='ocrx_word' id='word_1_580' title='bbox 1065 4192 1227 4247; x_wconf 90' lang='lat' dir='ltr'><strong>quem</strong></span> <span class='ocrx_word' id='word_1_581' title='bbox 1269 4177 1469 4248; x_wconf 90' lang='lat' dir='ltr'><strong>alloqui</strong></span> <span class='ocrx_word' id='word_1_582' title='bbox 1504 4186 1559 4231; x_wconf 92' lang='lat' dir='ltr'><strong>et</strong></span> <span class='ocrx_word' id='word_1_583' title='bbox 1599 4187 1784 4232; x_wconf 89' lang='lat' dir='ltr'><strong>tenere</strong></span> <span class='ocrx_word' id='word_1_584' title='bbox 1816 4178 2093 4235; x_wconf 87' lang='lat' dir='ltr'><strong>desidera-</strong></span> 
     </span>
    </p>
   </div>
   <div class='ocr_carea' id='block_1_75' title="bbox 517 4268 2099 4337">
    <p class='ocr_par' dir='ltr' id='par_1_75' title="bbox 517 4268 2099 4337">
     <span class='ocr_line' id='line_1_75' title="bbox 517 4268 2099 4337; baseline 0 -13"><span class='ocrx_word' id='word_1_585' title='bbox 517 4284 637 4324; x_wconf 90' lang='lat' dir='ltr'><strong>mus</strong></span> <span class='ocrx_word' id='word_1_586' title='bbox 660 4270 712 4323; x_wconf 92' lang='lat' dir='ltr'><strong>in</strong></span> <span class='ocrx_word' id='word_1_587' title='bbox 742 4268 1015 4337; x_wconf 80' lang='lat' dir='ltr'><strong>brachiis;</strong></span> <span class='ocrx_word' id='word_1_588' title='bbox 1048 4287 1067 4322; x_wconf 74' lang='grc' dir='ltr'><strong>ι</strong></span> <span class='ocrx_word' id='word_1_589' title='bbox 1094 4279 1149 4324; x_wconf 89' lang='lat' dir='ltr'><strong>et</strong></span> <span class='ocrx_word' id='word_1_590' title='bbox 1172 4270 1308 4325; x_wconf 87' lang='lat' dir='ltr'><strong>alter</strong></span> <span class='ocrx_word' id='word_1_591' title='bbox 1337 4270 1438 4324; x_wconf 90' lang='lat' dir='ltr'><strong>iste</strong></span> <span class='ocrx_word' id='word_1_592' title='bbox 1470 4284 1535 4324; x_wconf 88' lang='lat' dir='ltr'><strong>ex</strong></span> <span class='ocrx_word' id='word_1_593' title='bbox 1553 4268 1740 4325; x_wconf 90' lang='lat' dir='ltr'><strong>homil.</strong></span> <span class='ocrx_word' id='word_1_594' title='bbox 1762 4270 1830 4324; x_wconf 79' lang='grc'><strong>18</strong></span> <span class='ocrx_word' id='word_1_595' title='bbox 1860 4269 1913 4325; x_wconf 88' lang='lat' dir='ltr'><strong>in</strong></span> <span class='ocrx_word' id='word_1_596' title='bbox 1945 4285 2099 4327; x_wconf 82' lang='lat' dir='ltr'><strong>eum-</strong></span> 
     </span>
    </p>
   </div>
   <div class='ocr_carea' id='block_1_76' title="bbox 595 4383 1696 4454">
    <p class='ocr_par' dir='ltr' id='par_1_76' title="bbox 595 4383 1696 4454">
     <span class='ocr_line' id='line_1_76' title="bbox 595 4383 1696 4454; baseline -0.002 -14"><span class='ocrx_word' id='word_1_597' title='bbox 595 4386 642 4428; x_wconf 75' lang='lat' dir='ltr'><strong>‘I</strong></span> <span class='ocrx_word' id='word_1_598' title='bbox 666 4386 822 4442; x_wconf 81' lang='lat' dir='ltr'><strong>Rom.</strong></span> <span class='ocrx_word' id='word_1_599' title='bbox 853 4402 933 4454; x_wconf 78' lang='lat' dir='ltr'><strong>xi,</strong></span> <span class='ocrx_word' id='word_1_600' title='bbox 962 4385 1053 4452; x_wconf 75' lang='lat'><strong>25,</strong></span> <span class='ocrx_word' id='word_1_601' title='bbox 1091 4385 1181 4442; x_wconf 70' lang='lat'><strong>26.</strong></span> <span class='ocrx_word' id='word_1_602' title='bbox 1260 4385 1308 4417; x_wconf 86' lang='grc'><strong>⁸³</strong></span> <span class='ocrx_word' id='word_1_603' title='bbox 1334 4383 1493 4441; x_wconf 82' lang='lat' dir='ltr'><strong>Joan.</strong></span> <span class='ocrx_word' id='word_1_604' title='bbox 1520 4401 1574 4450; x_wconf 85' lang='lat' dir='ltr'><strong>x,</strong></span> <span class='ocrx_word' id='word_1_605' title='bbox 1605 4384 1696 4439; x_wconf 74' lang='grc'><strong>16.</strong></span> 
     </span>
    </p>
   </div>
   <div class='ocr_carea' id='block_1_77' title="bbox 520 4497 3459 4570">
    <p class='ocr_par' dir='ltr' id='par_1_77' title="bbox 520 4497 3459 4570">
     <span class='ocr_line' id='line_1_77' title="bbox 520 4497 3459 4570; baseline -0.002 -10"><span class='ocrx_word' id='word_1_606' title='bbox 520 4513 573 4561; x_wconf 90' lang='lat' dir='ltr'><strong>et</strong></span> <span class='ocrx_word' id='word_1_607' title='bbox 601 4500 797 4556; x_wconf 83' lang='lat' dir='ltr'><strong>Filium</strong></span> <span class='ocrx_word' id='word_1_608' title='bbox 846 4514 952 4554; x_wconf 91' lang='lat' dir='ltr'><strong>non</strong></span> <span class='ocrx_word' id='word_1_609' title='bbox 988 4500 1280 4570; x_wconf 84' lang='lat' dir='ltr'><strong>arctiorem</strong></span> <span class='ocrx_word' id='word_1_610' title='bbox 1316 4498 1774 4570; x_wconf 75' lang='lat' dir='ltr'><strong>coniunctionem,</strong></span> <span class='ocrx_word' id='word_1_611' title='bbox 1818 4513 1981 4568; x_wconf 91' lang='lat' dir='ltr'><strong>quam</strong></span> <span class='ocrx_word' id='word_1_612' title='bbox 2012 4498 2094 4553; x_wconf 91' lang='lat' dir='ltr'><strong>in-</strong></span> <span class='ocrx_word' id='word_1_613' title='bbox 2124 4508 2170 4565; x_wconf 80' lang='grc' dir='ltr'>ι)</span> <span class='ocrx_word' id='word_1_614' title='bbox 2200 4501 2461 4565; x_wconf 85' lang='lat' dir='ltr'><strong>xurianti,</strong></span> <span class='ocrx_word' id='word_1_615' title='bbox 2521 4501 2663 4557; x_wconf 86' lang='lat' dir='ltr'><strong>hanc</strong></span> <span class='ocrx_word' id='word_1_616' title='bbox 2714 4499 3081 4570; x_wconf 89' lang='lat' dir='ltr'><strong>conjecturam</strong></span> <span class='ocrx_word' id='word_1_617' title='bbox 3119 4498 3395 4569; x_wconf 85' lang='lat' dir='ltr'><strong>proponit,</strong></span> <span class='ocrx_word' id='word_1_618' title='bbox 3424 4497 3459 4568; x_wconf 79' lang='grc' dir='ltr'>ἢ</span> 
     </span>
    </p>
   </div>
   <div class='ocr_carea' id='block_1_78' title="bbox 521 4568 2093 4639">
    <p class='ocr_par' dir='ltr' id='par_1_78' title="bbox 521 4568 2093 4639">
     <span class='ocr_line' id='line_1_78' title="bbox 521 4568 2093 4639; baseline -0.004 -9"><span class='ocrx_word' id='word_1_619' title='bbox 521 4585 603 4630; x_wconf 88' lang='lat' dir='ltr'><strong>ter</strong></span> <span class='ocrx_word' id='word_1_620' title='bbox 632 4570 816 4625; x_wconf 86' lang='lat' dir='ltr'><strong>fideles</strong></span> <span class='ocrx_word' id='word_1_621' title='bbox 849 4569 1103 4624; x_wconf 73' lang='lat' dir='ltr'><strong>admitti?</strong></span> <span class='ocrx_word' id='word_1_622' title='bbox 1134 4569 1480 4639; x_wconf 82' lang='lat' dir='ltr'><strong>Nequaquam</strong></span> <span class='ocrx_word' id='word_1_623' title='bbox 1516 4568 1782 4637; x_wconf 87' lang='lat' dir='ltr'><strong>profecto,</strong></span> <span class='ocrx_word' id='word_1_624' title='bbox 1824 4570 2093 4637; x_wconf 87' lang='lat' dir='ltr'><strong>siquidem</strong></span> 
     </span>
    </p>
   </div>
   <div class='ocr_carea' id='block_1_79' title="bbox 520 4638 2088 4707">
    <p class='ocr_par' dir='ltr' id='par_1_79' title="bbox 520 4638 2088 4707">
     <span class='ocr_line' id='line_1_79' title="bbox 520 4638 2088 4707; baseline -0.004 -8"><span class='ocrx_word' id='word_1_625' title='bbox 520 4642 846 4699; x_wconf 82' lang='lat' dir='ltr'><strong>identitatem</strong></span> <span class='ocrx_word' id='word_1_626' title='bbox 890 4640 1189 4695; x_wconf 85' lang='lat' dir='ltr'><strong>voluntatis</strong></span> <span class='ocrx_word' id='word_1_627' title='bbox 1228 4638 1430 4694; x_wconf 86' lang='lat' dir='ltr'><strong>ibidem</strong></span> <span class='ocrx_word' id='word_1_628' title='bbox 1466 4638 1518 4692; x_wconf 91' lang='lat' dir='ltr'><strong>in</strong></span> <span class='ocrx_word' id='word_1_629' title='bbox 1551 4647 1780 4707; x_wconf 90' lang='lat' dir='ltr'><strong>utroque</strong></span> <span class='ocrx_word' id='word_1_630' title='bbox 1820 4639 2088 4693; x_wconf 79' lang='lat' dir='ltr'><strong>defendit.</strong></span> 
     </span>
    </p>
   </div>
   <div class='ocr_carea' id='block_1_80' title="bbox 522 4708 2094 4780">
    <p class='ocr_par' dir='ltr' id='par_1_80' title="bbox 522 4708 2094 4780">
     <span class='ocr_line' id='line_1_80' title="bbox 522 4708 2094 4780; baseline -0.005 -11"><span class='ocrx_word' id='word_1_631' title='bbox 522 4714 638 4769; x_wconf 81' lang='lat' dir='ltr'><strong>Non</strong></span> <span class='ocrx_word' id='word_1_632' title='bbox 694 4710 865 4780; x_wconf 89' lang='lat' dir='ltr'><strong>magis</strong></span> <span class='ocrx_word' id='word_1_633' title='bbox 916 4712 1259 4763; x_wconf 88' lang='lat' dir='ltr'><strong>metuendum</strong></span> <span class='ocrx_word' id='word_1_634' title='bbox 1294 4711 1396 4762; x_wconf 87' lang='lat' dir='ltr'><strong>hoc</strong></span> <span class='ocrx_word' id='word_1_635' title='bbox 1432 4708 1552 4763; x_wconf 92' lang='lat' dir='ltr'><strong>loco</strong></span> <span class='ocrx_word' id='word_1_636' title='bbox 1603 4719 1709 4780; x_wconf 76' lang='lat' dir='ltr'><strong>est,</strong></span> <span class='ocrx_word' id='word_1_637' title='bbox 1742 4723 1825 4780; x_wconf 80' lang='lat' dir='ltr'><strong>ne</strong></span> <span class='ocrx_word' id='word_1_638' title='bbox 1856 4709 2094 4763; x_wconf 88' lang='lat' dir='ltr'><strong>debitam</strong></span> 
     </span>
    </p>
   </div>
   <div class='ocr_carea' id='block_1_81' title="bbox 521 4775 2099 4848">
    <p class='ocr_par' dir='ltr' id='par_1_81' title="bbox 521 4775 2099 4848">
     <span class='ocr_line' id='line_1_81' title="bbox 521 4775 2099 4848; baseline -0.006 -7"><span class='ocrx_word' id='word_1_639' title='bbox 521 4784 665 4841; x_wconf 85' lang='lat' dir='ltr'><strong>Filio</strong></span> <span class='ocrx_word' id='word_1_640' title='bbox 696 4775 1063 4834; x_wconf 62' lang='lat' dir='ltr'><strong>ado&#39;rationem</strong></span> <span class='ocrx_word' id='word_1_641' title='bbox 1097 4780 1257 4833; x_wconf 67' lang='lat' dir='ltr'><strong>laedat</strong></span> <span class='ocrx_word' id='word_1_642' title='bbox 1286 4780 1512 4848; x_wconf 89' lang='lat' dir='ltr'><strong>petitum</strong></span> <span class='ocrx_word' id='word_1_643' title='bbox 1539 4792 1603 4831; x_wconf 84' lang='lat' dir='ltr'><strong>ex</strong></span> <span class='ocrx_word' id='word_1_644' title='bbox 1652 4775 1788 4848; x_wconf 81' lang='lat' dir='ltr'><strong>Isaia</strong></span> <span class='ocrx_word' id='word_1_645' title='bbox 1822 4780 2099 4831; x_wconf 80' lang='lat' dir='ltr'><strong>adoratio-</strong></span> 
     </span>
    </p>
   </div>
   <div class='ocr_carea' id='block_1_82' title="bbox 525 4847 2099 4920">
    <p class='ocr_par' dir='ltr' id='par_1_82' title="bbox 525 4847 2099 4920">
     <span class='ocr_line' id='line_1_82' title="bbox 525 4847 2099 4920; baseline -0.005 -9"><span class='ocrx_word' id='word_1_646' title='bbox 525 4858 611 4911; x_wconf 89' lang='lat' dir='ltr'><strong>nis</strong></span> <span class='ocrx_word' id='word_1_647' title='bbox 630 4852 957 4920; x_wconf 83' lang='lat' dir='ltr'><strong>exemplum.</strong></span> <span class='ocrx_word' id='word_1_648' title='bbox 988 4881 1057 4892; x_wconf 81' lang='lat'><strong>—-</strong></span> <span class='ocrx_word' id='word_1_649' title='bbox 1088 4852 1146 4905; x_wconf 91' lang='lat' dir='ltr'><strong>D.</strong></span> <span class='ocrx_word' id='word_1_650' title='bbox 1178 4847 1433 4920; x_wconf 84' lang='lat' dir='ltr'><strong>Prudent.</strong></span> <span class='ocrx_word' id='word_1_651' title='bbox 1460 4849 1679 4920; x_wconf 40' lang='lat' dir='ltr'><strong>Litanam,</strong></span> <span class='ocrx_word' id='word_1_652' title='bbox 1706 4847 1789 4920; x_wconf 66' lang='lat' dir='ltr'><strong>pe</strong></span> <span class='ocrx_word' id='word_1_653' title='bbox 1826 4849 2099 4920; x_wconf 73' lang='lat' dir='ltr'><strong>divinitate</strong></span> 
     </span>
    </p>
   </div>
   <div class='ocr_carea' id='block_1_83' title="bbox 526 4917 2103 4989">
    <p class='ocr_par' dir='ltr' id='par_1_83' title="bbox 526 4917 2103 4989">
     <span class='ocr_line' id='line_1_83' title="bbox 526 4917 2103 4989; baseline -0.005 -10"><span class='ocrx_word' id='word_1_654' title='bbox 526 4924 723 4979; x_wconf 76' lang='lat' dir='ltr'><strong>Christi</strong></span> <span class='ocrx_word' id='word_1_655' title='bbox 759 4917 854 4975; x_wconf 80' lang='lat' dir='ltr'><strong>lib.</strong></span> <span class='ocrx_word' id='word_1_656' title='bbox 885 4935 961 4984; x_wconf 85' lang='lat' dir='ltr'><strong>Iv,</strong></span> <span class='ocrx_word' id='word_1_657' title='bbox 1005 4935 1123 4989; x_wconf 86' lang='lat' dir='ltr'><strong>cap.</strong></span> <span class='ocrx_word' id='word_1_658' title='bbox 1154 4918 1242 4980; x_wconf 77' lang='grc'><strong>16,</strong></span> <span class='ocrx_word' id='word_1_659' title='bbox 1277 4934 1427 4972; x_wconf 89' lang='lat' dir='ltr'><strong>num.</strong></span> <span class='ocrx_word' id='word_1_660' title='bbox 1459 4917 1487 4989; x_wconf 64' lang='grc' dir='ltr'><strong>’ζ</strong></span> <span class='ocrx_word' id='word_1_661' title='bbox 1534 4928 1590 4973; x_wconf 92' lang='lat' dir='ltr'><strong>et</strong></span> <span class='ocrx_word' id='word_1_662' title='bbox 1615 4921 1669 4970; x_wconf 81' lang='lat'><strong>8.</strong></span> <span class='ocrx_word' id='word_1_663' title='bbox 1705 4918 1834 4989; x_wconf 72' lang='lat' dir='ltr'><strong>Vide</strong></span> <span class='ocrx_word' id='word_1_664' title='bbox 1879 4918 2103 4988; x_wconf 90' lang='lat' dir='ltr'><strong>insuper</strong></span> 
     </span>
    </p>
   </div>
   <div class='ocr_carea' id='block_1_84' title="bbox 530 4986 2098 5059">
    <p class='ocr_par' dir='ltr' id='par_1_84' title="bbox 530 4986 2098 5059">
     <span class='ocr_line' id='line_1_84' title="bbox 530 4986 2098 5059; baseline -0.005 -10"><span class='ocrx_word' id='word_1_665' title='bbox 530 5003 689 5049; x_wconf 88' lang='lat' dir='ltr'><strong>notas</strong></span> <span class='ocrx_word' id='word_1_666' title='bbox 716 4992 913 5045; x_wconf 88' lang='lat' dir='ltr'><strong>eruditi</strong></span> <span class='ocrx_word' id='word_1_667' title='bbox 952 4986 1104 5059; x_wconf 82' lang='lat' dir='ltr'><strong>Angli</strong></span> <span class='ocrx_word' id='word_1_668' title='bbox 1140 4992 1191 5044; x_wconf 91' lang='lat' dir='ltr'><strong>iu</strong></span> <span class='ocrx_word' id='word_1_669' title='bbox 1229 4990 1424 5043; x_wconf 91' lang='lat' dir='ltr'><strong>librum</strong></span> <span class='ocrx_word' id='word_1_670' title='bbox 1452 4987 1702 5059; x_wconf 63' lang='lat' dir='ltr'><strong>Origenis</strong></span> <span class='ocrx_word' id='word_1_671' title='bbox 1731 4986 1805 5059; x_wconf 60' lang='lat' dir='ltr'><strong>De</strong></span> <span class='ocrx_word' id='word_1_672' title='bbox 1834 4986 2098 5059; x_wconf 70' lang='lat' dir='ltr'><strong>oratione,</strong></span> 
     </span>
    </p>
   </div>
   <div class='ocr_carea' id='block_1_85' title="bbox 529 5056 2104 5129">
    <p class='ocr_par' dir='ltr' id='par_1_85' title="bbox 529 5056 2104 5129">
     <span class='ocr_line' id='line_1_85' title="bbox 529 5056 2104 5129; baseline -0.004 -11"><span class='ocrx_word' id='word_1_673' title='bbox 529 5067 629 5119; x_wconf 90' lang='lat' dir='ltr'><strong>sub</strong></span> <span class='ocrx_word' id='word_1_674' title='bbox 659 5064 817 5115; x_wconf 90' lang='lat' dir='ltr'><strong>linem</strong></span> <span class='ocrx_word' id='word_1_675' title='bbox 853 5064 980 5114; x_wconf 92' lang='lat' dir='ltr'><strong>Iomi</strong></span> <span class='ocrx_word' id='word_1_676' title='bbox 1041 5056 1210 5113; x_wconf 77' lang='lat' dir='ltr'><strong>nostri</strong></span> <span class='ocrx_word' id='word_1_677' title='bbox 1234 5058 1477 5129; x_wconf 87' lang='lat' dir='ltr'><strong>prioris.</strong></span> <span class='ocrx_word' id='word_1_678' title='bbox 1517 5056 1652 5129; x_wconf 83' lang='lat' dir='ltr'><strong>Vide</strong></span> <span class='ocrx_word' id='word_1_679' title='bbox 1680 5067 1734 5110; x_wconf 90' lang='lat' dir='ltr'><strong>et</strong></span> <span class='ocrx_word' id='word_1_680' title='bbox 1763 5057 1973 5129; x_wconf 14' lang='lat' dir='ltr'><strong>Bullugm</strong></span> <span class='ocrx_word' id='word_1_681' title='bbox 2005 5057 2104 5111; x_wconf 84' lang='lat' dir='ltr'><strong>De-</strong></span> 
     </span>
    </p>
   </div>
   <div class='ocr_carea' id='block_1_86' title="bbox 531 5127 2103 5259">
    <p class='ocr_par' dir='ltr' id='par_1_86' title="bbox 531 5127 2103 5259">
     <span class='ocr_line' id='line_1_86' title="bbox 531 5127 2103 5259; baseline -0.004 -71"><span class='ocrx_word' id='word_1_682' title='bbox 829 5130 1096 5254; x_wconf 78' lang='lat' dir='ltr'><strong>ica&#39;nw,</strong></span> <span class='ocrx_word' id='word_1_683' title='bbox 1121 5132 1186 5185; x_wconf 90' lang='lat' dir='ltr'><strong>de</strong></span> <span class='ocrx_word' id='word_1_684' title='bbox 1202 5127 1320 5185; x_wconf 84' lang='lat' dir='ltr'><strong>Filii</strong></span> <span class='ocrx_word' id='word_1_685' title='bbox 1343 5128 1419 5199; x_wconf 83' lang='grc' dir='ltr'><strong>τῷ</strong></span> <span class='ocrx_word' id='word_1_686' title='bbox 1433 5127 1870 5199; x_wconf 53' lang='grc' dir='ltr'>ὁμοουσίῳβεει.</span> <span class='ocrx_word' id='word_1_687' title='bbox 1900 5127 1956 5193; x_wconf 69' lang='lat'><strong>2,</strong></span> <span class='ocrx_word' id='word_1_688' title='bbox 1979 5142 2103 5199; x_wconf 85' lang='lat' dir='ltr'><strong>cap.</strong></span> 
     </span>
    </p>
   </div>
   <div class='ocr_carea' id='block_1_87' title="bbox 616 5200 882 5257">
    <p class='ocr_par' dir='ltr' id='par_1_87' title="bbox 616 5200 882 5257">
     <span class='ocr_line' id='line_1_87' title="bbox 616 5200 882 5257; baseline -0.011 0"><span class='ocrx_word' id='word_1_689' title='bbox 616 5219 763 5257; x_wconf 87' lang='lat' dir='ltr'><strong>num.</strong></span> <span class='ocrx_word' id='word_1_690' title='bbox 796 5200 882 5255; x_wconf 80' lang='grc'><strong>15.</strong></span> 
     </span>
    </p>
   </div>
   <div class='ocr_carea' id='block_1_88' title="bbox 571 5244 2102 5343">
    <p class='ocr_par' dir='ltr' id='par_1_88' title="bbox 571 5244 2102 5343">
     <span class='ocr_line' id='line_1_88' title="bbox 571 5244 2102 5343; baseline -0.004 -17"><span class='ocrx_word' id='word_1_691' title='bbox 571 5244 1341 5343; x_wconf 68' lang='grc' dir='ltr'>οοηιηιεηιιιηι</span> <span class='ocrx_word' id='word_1_692' title='bbox 1387 5268 1521 5321; x_wconf 84' lang='lat' dir='ltr'><strong>illud</strong></span> <span class='ocrx_word' id='word_1_693' title='bbox 1557 5277 1683 5321; x_wconf 89' lang='lat' dir='ltr'><strong>tam.</strong></span> <span class='ocrx_word' id='word_1_694' title='bbox 1717 5281 1765 5343; x_wconf 79' lang='lat' dir='ltr'><strong>tt</strong></span> <span class='ocrx_word' id='word_1_695' title='bbox 1811 5267 1868 5343; x_wconf 79' lang='lat' dir='ltr'><strong>in</strong></span> <span class='ocrx_word' id='word_1_696' title='bbox 1914 5266 2102 5343; x_wconf 56' lang='lat' dir='ltr'><strong>(eam,</strong></span> 
     </span>
    </p>
   </div>
   <div class='ocr_carea' id='block_1_89' title="bbox 536 5339 2106 5411">
    <p class='ocr_par' dir='ltr' id='par_1_89' title="bbox 536 5339 2106 5411">
     <span class='ocr_line' id='line_1_89' title="bbox 536 5339 2106 5411; baseline -0.004 -13"><span class='ocrx_word' id='word_1_697' title='bbox 536 5339 683 5398; x_wconf 79' lang='lat' dir='ltr'><strong>nuin.</strong></span> <span class='ocrx_word' id='word_1_698' title='bbox 704 5339 765 5395; x_wconf 46' lang='lat'><strong>&#39;6.</strong></span> <span class='ocrx_word' id='word_1_699' title='bbox 796 5343 869 5395; x_wconf 75' lang='lat' dir='ltr'><strong>Eo</strong></span> <span class='ocrx_word' id='word_1_700' title='bbox 896 5342 1010 5395; x_wconf 85' lang='lat' dir='ltr'><strong>loco</strong></span> <span class='ocrx_word' id='word_1_701' title='bbox 1038 5343 1232 5411; x_wconf 68' lang='lat' dir='ltr'><strong>quaerit</strong></span> <span class='ocrx_word' id='word_1_702' title='bbox 1256 5342 1513 5411; x_wconf 69' lang='lat' dir='ltr'><strong>Origenes</strong></span> <span class='ocrx_word' id='word_1_703' title='bbox 1535 5339 1812 5411; x_wconf 6' lang='lat' dir='ltr'><strong>quomodo,</strong></span> <span class='ocrx_word' id='word_1_704' title='bbox 1834 5340 1947 5393; x_wconf 89' lang='lat' dir='ltr'><strong>tieri</strong></span> <span class='ocrx_word' id='word_1_705' title='bbox 1981 5353 2106 5411; x_wconf 83' lang='lat' dir='ltr'><strong>pos-</strong></span> 
     </span>
    </p>
   </div>
   <div class='ocr_carea' id='block_1_90' title="bbox 540 5407 2108 5481">
    <p class='ocr_par' dir='ltr' id='par_1_90' title="bbox 540 5407 2108 5481">
     <span class='ocr_line' id='line_1_90' title="bbox 540 5407 2108 5481; baseline -0.004 -14"><span class='ocrx_word' id='word_1_706' title='bbox 540 5416 631 5476; x_wconf 79' lang='lat' dir='ltr'><strong>sit,</strong></span> <span class='ocrx_word' id='word_1_707' title='bbox 650 5416 692 5467; x_wconf 92' lang='lat' dir='ltr'><strong>si</strong></span> <span class='ocrx_word' id='word_1_708' title='bbox 720 5412 956 5481; x_wconf 83' lang='lat' dir='ltr'><strong>Spiritus</strong></span> <span class='ocrx_word' id='word_1_709' title='bbox 987 5407 1208 5466; x_wconf 83' lang='lat' dir='ltr'><strong>sanctus</strong></span> <span class='ocrx_word' id='word_1_710' title='bbox 1244 5425 1339 5479; x_wconf 89' lang='lat' dir='ltr'><strong>per</strong></span> <span class='ocrx_word' id='word_1_711' title='bbox 1383 5407 1579 5462; x_wconf 84' lang='lat' dir='ltr'><strong>Filium</strong></span> <span class='ocrx_word' id='word_1_712' title='bbox 1629 5408 1861 5481; x_wconf 76' lang='lat' dir='ltr'><strong>exsistit,</strong></span> <span class='ocrx_word' id='word_1_713' title='bbox 1899 5418 1955 5460; x_wconf 92' lang='lat' dir='ltr'><strong>ut</strong></span> <span class='ocrx_word' id='word_1_714' title='bbox 1993 5409 2108 5481; x_wconf 78' lang='lat' dir='ltr'><strong>ipse</strong></span> 
     </span>
    </p>
   </div>
   <div class='ocr_carea' id='block_1_91' title="bbox 540 5478 2108 5551">
    <p class='ocr_par' dir='ltr' id='par_1_91' title="bbox 540 5478 2108 5551">
     <span class='ocr_line' id='line_1_91' title="bbox 540 5478 2108 5551; baseline -0.004 -13"><span class='ocrx_word' id='word_1_715' title='bbox 540 5483 709 5538; x_wconf 80' lang='lat' dir='ltr'><strong>Filius</strong></span> <span class='ocrx_word' id='word_1_716' title='bbox 734 5478 871 5551; x_wconf 79' lang='lat' dir='ltr'><strong>apud</strong></span> <span class='ocrx_word' id='word_1_717' title='bbox 899 5479 1087 5535; x_wconf 88' lang='lat' dir='ltr'><strong>Isaiam</strong></span> <span class='ocrx_word' id='word_1_718' title='bbox 1114 5478 1337 5536; x_wconf 80' lang='lat' dir='ltr'><strong>missum</strong></span> <span class='ocrx_word' id='word_1_719' title='bbox 1363 5496 1420 5534; x_wconf 90' lang='lat' dir='ltr'><strong>se</strong></span> <span class='ocrx_word' id='word_1_720' title='bbox 1444 5480 1584 5551; x_wconf 82' lang='lat' dir='ltr'><strong>dicat</strong></span> <span class='ocrx_word' id='word_1_721' title='bbox 1607 5494 1635 5531; x_wconf 86' lang='lat' dir='ltr'><strong>a</strong></span> <span class='ocrx_word' id='word_1_722' title='bbox 1662 5478 1890 5551; x_wconf 75' lang='lat' dir='ltr'><strong>Dominp</strong></span> <span class='ocrx_word' id='word_1_723' title='bbox 1908 5488 1963 5551; x_wconf 83' lang='lat' dir='ltr'><strong>et</strong></span> <span class='ocrx_word' id='word_1_724' title='bbox 1986 5478 2108 5547; x_wconf 86' lang='lat' dir='ltr'><strong>Spi-</strong></span> 
     </span>
    </p>
   </div>
   <div class='ocr_carea' id='block_1_92' title="bbox 542 5548 2106 5621">
    <p class='ocr_par' dir='ltr' id='par_1_92' title="bbox 542 5548 2106 5621">
     <span class='ocr_line' id='line_1_92' title="bbox 542 5548 2106 5621; baseline -0.006 -13"><span class='ocrx_word' id='word_1_725' title='bbox 542 5555 649 5609; x_wconf 85' lang='lat' dir='ltr'><strong>ritu</strong></span> <span class='ocrx_word' id='word_1_726' title='bbox 686 5548 819 5621; x_wconf 46' lang='lat' dir='ltr'><strong>eju&#39;s.</strong></span> <span class='ocrx_word' id='word_1_727' title='bbox 851 5552 1151 5620; x_wconf 78' lang='lat' dir='ltr'><strong>ReSpondet</strong></span> <span class='ocrx_word' id='word_1_728' title='bbox 1179 5551 1375 5619; x_wconf 86' lang='lat' dir='ltr'><strong>primo,</strong></span> <span class='ocrx_word' id='word_1_729' title='bbox 1408 5567 1425 5601; x_wconf 76' lang='grc' dir='ltr'><strong>ι</strong></span> <span class='ocrx_word' id='word_1_730' title='bbox 1446 5549 1666 5604; x_wconf 88' lang='lat' dir='ltr'><strong>missum</strong></span> <span class='ocrx_word' id='word_1_731' title='bbox 1696 5563 1815 5621; x_wconf 84' lang='lat' dir='ltr'><strong>esse</strong></span> <span class='ocrx_word' id='word_1_732' title='bbox 1835 5548 2106 5621; x_wconf 68' lang='lat' dir='ltr'><strong>Christum</strong></span> 
     </span>
    </p>
   </div>
   <div class='ocr_carea' id='block_1_93' title="bbox 543 5618 2102 5691">
    <p class='ocr_par' dir='ltr' id='par_1_93' title="bbox 543 5618 2102 5691">
     <span class='ocr_line' id='line_1_93' title="bbox 543 5618 2102 5691; baseline -0.005 -13"><span class='ocrx_word' id='word_1_733' title='bbox 543 5640 574 5678; x_wconf 84' lang='lat' dir='ltr'><strong>a</strong></span> <span class='ocrx_word' id='word_1_734' title='bbox 612 5618 838 5691; x_wconf 79' lang='lat' dir='ltr'><strong>Spiritu,</strong></span> <span class='ocrx_word' id='word_1_735' title='bbox 874 5618 979 5674; x_wconf 81' lang='lat' dir='ltr'><strong>non</strong></span> <span class='ocrx_word' id='word_1_736' title='bbox 1002 5623 1144 5689; x_wconf 90' lang='lat' dir='ltr'><strong>quod</strong></span> <span class='ocrx_word' id='word_1_737' title='bbox 1178 5618 1222 5674; x_wconf 87' lang='lat' dir='ltr'><strong>is</strong></span> <span class='ocrx_word' id='word_1_738' title='bbox 1256 5633 1446 5673; x_wconf 89' lang='lat' dir='ltr'><strong>natura</strong></span> <span class='ocrx_word' id='word_1_739' title='bbox 1476 5618 1832 5691; x_wconf 66' lang='lat' dir='ltr'><strong>prazs_ta_nti_or_</strong></span> <span class='ocrx_word' id='word_1_740' title='bbox 1868 5618 1964 5691; x_wconf 67' lang='lat' dir='ltr'><strong>sit,</strong></span> <span class='ocrx_word' id='word_1_741' title='bbox 2009 5618 2102 5671; x_wconf 88' lang='lat' dir='ltr'><strong>sed</strong></span> 
     </span>
    </p>
   </div>
   <div class='ocr_carea' id='block_1_94' title="bbox 542 5688 2113 5764">
    <p class='ocr_par' dir='ltr' id='par_1_94' title="bbox 542 5688 2113 5764">
     <span class='ocr_line' id='line_1_94' title="bbox 542 5688 2113 5764; baseline -0.004 -17"><span class='ocrx_word' id='word_1_742' title='bbox 542 5688 764 5764; x_wconf 84' lang='lat' dir='ltr'><strong>propter</strong></span> <span class='ocrx_word' id='word_1_743' title='bbox 792 5692 1147 5764; x_wconf 64' lang='lat' dir='ltr'><strong>(monerulam</strong></span> <span class='ocrx_word' id='word_1_744' title='bbox 1178 5691 1563 5764; x_wconf 81' lang='lat' dir='ltr'><strong>incarnationis</strong></span> <span class='ocrx_word' id='word_1_745' title='bbox 1586 5688 1713 5764; x_wconf 85' lang='lat' dir='ltr'><strong>_Fi|ii</strong></span> <span class='ocrx_word' id='word_1_746' title='bbox 1728 5688 1834 5764; x_wconf 65' lang='lat' dir='ltr'><strong>_Dei</strong></span> <span class='ocrx_word' id='word_1_747' title='bbox 1863 5688 2113 5764; x_wconf 79' lang='lat' dir='ltr'><strong>Salvato-</strong></span> 
     </span>
    </p>
   </div>
   <div class='ocr_carea' id='block_1_95' title="bbox 542 5758 2106 5833">
    <p class='ocr_par' dir='ltr' id='par_1_95' title="bbox 542 5758 2106 5833">
     <span class='ocr_line' id='line_1_95' title="bbox 542 5758 2106 5833; baseline -0.005 -15"><span class='ocrx_word' id='word_1_748' title='bbox 542 5758 619 5818; x_wconf 69' lang='lat' dir='ltr'><strong>iis</strong></span> <span class='ocrx_word' id='word_1_749' title='bbox 640 5758 731 5833; x_wconf 79' lang='lat' dir='ltr'><strong>qui</strong></span> <span class='ocrx_word' id='word_1_750' title='bbox 778 5777 837 5815; x_wconf 92' lang='lat' dir='ltr'><strong>se</strong></span> <span class='ocrx_word' id='word_1_751' title='bbox 876 5762 1022 5833; x_wconf 82' lang='lat' dir='ltr'><strong>infra</strong></span> <span class='ocrx_word' id='word_1_752' title='bbox 1047 5761 1307 5833; x_wconf 81' lang='lat' dir='ltr'><strong>Spiritum</strong></span> <span class='ocrx_word' id='word_1_753' title='bbox 1328 5760 1643 5833; x_wconf 61' lang='lat' dir='ltr'><strong>imminuit.</strong></span> <span class='ocrx_word' id='word_1_754' title='bbox 1675 5775 1694 5809; x_wconf 73' lang='grc' dir='ltr'><strong>ι</strong></span> <span class='ocrx_word' id='word_1_755' title='bbox 1727 5758 2106 5833; x_wconf 71' lang='lat' dir='ltr'><strong>Deindevero.</strong></span> 
     </span>
    </p>
   </div>
   <div class='ocr_carea' id='block_1_96' title="bbox 542 5826 2109 5901">
    <p class='ocr_par' dir='ltr' id='par_1_96' title="bbox 542 5826 2109 5901">
     <span class='ocr_line' id='line_1_96' title="bbox 542 5826 2109 5901; baseline -0.005 -12"><span class='ocrx_word' id='word_1_756' title='bbox 542 5843 600 5889; x_wconf 91' lang='lat' dir='ltr'><strong>ut</strong></span> <span class='ocrx_word' id='word_1_757' title='bbox 625 5826 743 5890; x_wconf 72' lang='lat' dir='ltr'><strong>erat</strong></span> <span class='ocrx_word' id='word_1_758' title='bbox 770 5832 983 5901; x_wconf 73' lang='lat' dir='ltr'><strong>ingenio</strong></span> <span class='ocrx_word' id='word_1_759' title='bbox 1013 5831 1065 5886; x_wconf 91' lang='lat' dir='ltr'><strong>in</strong></span> <span class='ocrx_word' id='word_1_760' title='bbox 1092 5826 1363 5897; x_wconf 77' lang='lat' dir='ltr'><strong>ejusmodi</strong></span> <span class='ocrx_word' id='word_1_761' title='bbox 1393 5830 1551 5885; x_wconf 82' lang='lat' dir='ltr'><strong>rebus</strong></span> <span class='ocrx_word' id='word_1_762' title='bbox 1601 5828 1973 5890; x_wconf 65' lang='lat' dir='ltr'><strong>excogitandis</strong></span> <span class='ocrx_word' id='word_1_763' title='bbox 2021 5826 2109 5881; x_wconf 87' lang='lat' dir='ltr'><strong>lu-</strong></span> 
     </span>
    </p>
   </div>
   <div class='ocr_carea' id='block_1_97' title="bbox 2200 3331 3775 3405">
    <p class='ocr_par' dir='ltr' id='par_1_97' title="bbox 2200 3331 3775 3405">
     <span class='ocr_line' id='line_1_97' title="bbox 2200 3331 3775 3405; baseline -0.005 -16"><span class='ocrx_word' id='word_1_764' title='bbox 2200 3333 2307 3389; x_wconf 89' lang='lat' dir='ltr'><strong>alio</strong></span> <span class='ocrx_word' id='word_1_765' title='bbox 2363 3332 2597 3390; x_wconf 87' lang='lat' dir='ltr'><strong>fortasse</strong></span> <span class='ocrx_word' id='word_1_766' title='bbox 2643 3348 2940 3405; x_wconf 84' lang='lat' dir='ltr'><strong>persuasus</strong></span> <span class='ocrx_word' id='word_1_767' title='bbox 2971 3341 3289 3404; x_wconf 85' lang='lat' dir='ltr'><strong>argumento</strong></span> <span class='ocrx_word' id='word_1_768' title='bbox 3348 3347 3453 3386; x_wconf 91' lang='lat' dir='ltr'><strong>non</strong></span> <span class='ocrx_word' id='word_1_769' title='bbox 3485 3331 3646 3387; x_wconf 88' lang='lat' dir='ltr'><strong>aliam</strong></span> <span class='ocrx_word' id='word_1_770' title='bbox 3679 3346 3775 3399; x_wconf 81' lang='lat' dir='ltr'><strong>pu-</strong></span> 
     </span>
    </p>
   </div>
   <div class='ocr_carea' id='block_1_98' title="bbox 2200 3424 3777 3495">
    <p class='ocr_par' dir='ltr' id='par_1_98' title="bbox 2200 3424 3777 3495">
     <span class='ocr_line' id='line_1_98' title="bbox 2200 3424 3777 3495; baseline -0.003 -16"><span class='ocrx_word' id='word_1_771' title='bbox 2200 3424 2371 3481; x_wconf 82' lang='lat' dir='ltr'><strong>tuisse</strong></span> <span class='ocrx_word' id='word_1_772' title='bbox 2409 3424 2562 3480; x_wconf 88' lang='lat' dir='ltr'><strong>carui</strong></span> <span class='ocrx_word' id='word_1_773' title='bbox 2597 3439 2709 3479; x_wconf 67' lang='lat' dir='ltr'><strong>suae</strong></span> <span class='ocrx_word' id='word_1_774' title='bbox 2751 3424 3002 3481; x_wconf 69' lang='lat' dir='ltr'><strong>humana:</strong></span> <span class='ocrx_word' id='word_1_775' title='bbox 3032 3424 3229 3495; x_wconf 89' lang='lat' dir='ltr'><strong>illigari</strong></span> <span class='ocrx_word' id='word_1_776' title='bbox 3294 3436 3582 3493; x_wconf 88' lang='lat' dir='ltr'><strong>personam</strong></span> <span class='ocrx_word' id='word_1_777' title='bbox 3612 3438 3777 3492; x_wconf 82' lang='lat' dir='ltr'><strong>quam</strong></span> 
     </span>
    </p>
   </div>
   <div class='ocr_carea' id='block_1_99' title="bbox 2200 3511 3778 3587">
    <p class='ocr_par' dir='ltr' id='par_1_99' title="bbox 2200 3511 3778 3587">
     <span class='ocr_line' id='line_1_99' title="bbox 2200 3511 3778 3587; baseline -0.003 -16"><span class='ocrx_word' id='word_1_778' title='bbox 2200 3515 2395 3571; x_wconf 86' lang='lat' dir='ltr'><strong>Filium</strong></span> <span class='ocrx_word' id='word_1_779' title='bbox 2424 3516 2563 3571; x_wconf 82' lang='lat' dir='ltr'><strong>dixit</strong></span> <span class='ocrx_word' id='word_1_780' title='bbox 2584 3516 2636 3571; x_wconf 91' lang='lat' dir='ltr'><strong>in</strong></span> <span class='ocrx_word' id='word_1_781' title='bbox 2661 3532 2730 3573; x_wconf 93' lang='lat' dir='ltr'><strong>eo</strong></span> <span class='ocrx_word' id='word_1_782' title='bbox 2756 3530 2943 3587; x_wconf 89' lang='lat' dir='ltr'><strong>opere,</strong></span> <span class='ocrx_word' id='word_1_783' title='bbox 2964 3515 3052 3571; x_wconf 90' lang='lat' dir='ltr'><strong>cui</strong></span> <span class='ocrx_word' id='word_1_784' title='bbox 3074 3514 3287 3570; x_wconf 88' lang='lat' dir='ltr'><strong>titulum</strong></span> <span class='ocrx_word' id='word_1_785' title='bbox 3322 3513 3472 3579; x_wconf 86' lang='lat' dir='ltr'><strong>fecit,</strong></span> <span class='ocrx_word' id='word_1_786' title='bbox 3495 3512 3607 3568; x_wconf 85' lang='lat' dir='ltr'><strong>Cur</strong></span> <span class='ocrx_word' id='word_1_787' title='bbox 3638 3511 3778 3567; x_wconf 72' lang='lat' dir='ltr'><strong>Dens</strong></span> 
     </span>
    </p>
   </div>
   <div class='ocr_carea' id='block_1_100' title="bbox 2198 3603 3775 3676">
    <p class='ocr_par' dir='ltr' id='par_1_100' title="bbox 2198 3603 3775 3676">
     <span class='ocr_line' id='line_1_100' title="bbox 2198 3603 3775 3676; baseline -0.003 -17"><span class='ocrx_word' id='word_1_788' title='bbox 2198 3606 2373 3661; x_wconf 78' lang='lat' dir='ltr'><strong>homo.</strong></span> <span class='ocrx_word' id='word_1_789' title='bbox 2413 3624 2433 3659; x_wconf 73' lang='grc' dir='ltr'><strong>ι</strong></span> <span class='ocrx_word' id='word_1_790' title='bbox 2470 3605 2738 3673; x_wconf 86' lang='lat' dir='ltr'><strong>Quoniam</strong></span> <span class='ocrx_word' id='word_1_791' title='bbox 2776 3620 2928 3676; x_wconf 80' lang='lat' dir='ltr'><strong>ergo,</strong></span> <span class='ocrx_word' id='word_1_792' title='bbox 2977 3605 3177 3675; x_wconf 90' lang='lat' dir='ltr'><strong>inquit,</strong></span> <span class='ocrx_word' id='word_1_793' title='bbox 3228 3603 3506 3673; x_wconf 88' lang='lat' dir='ltr'><strong>quodlibet</strong></span> <span class='ocrx_word' id='word_1_794' title='bbox 3548 3618 3775 3673; x_wconf 88' lang='lat' dir='ltr'><strong>parvum</strong></span> 
     </span>
    </p>
   </div>
   <div class='ocr_carea' id='block_1_101' title="bbox 2196 3694 3774 3765">
    <p class='ocr_par' dir='ltr' id='par_1_101' title="bbox 2196 3694 3774 3765">
     <span class='ocr_line' id='line_1_101' title="bbox 2196 3694 3774 3765; baseline -0.003 -14"><span class='ocrx_word' id='word_1_795' title='bbox 2196 3696 2587 3752; x_wconf 85' lang='lat' dir='ltr'><strong>inconveniens</strong></span> <span class='ocrx_word' id='word_1_796' title='bbox 2619 3697 2674 3752; x_wconf 93' lang='lat' dir='ltr'><strong>in</strong></span> <span class='ocrx_word' id='word_1_797' title='bbox 2714 3697 2825 3752; x_wconf 85' lang='lat' dir='ltr'><strong>Deo</strong></span> <span class='ocrx_word' id='word_1_798' title='bbox 2843 3704 2928 3752; x_wconf 90' lang='lat' dir='ltr'><strong>est</strong></span> <span class='ocrx_word' id='word_1_799' title='bbox 2953 3694 3310 3765; x_wconf 75' lang='lat' dir='ltr'><strong>impossibile,</strong></span> <span class='ocrx_word' id='word_1_800' title='bbox 3332 3709 3437 3751; x_wconf 90' lang='lat' dir='ltr'><strong>non</strong></span> <span class='ocrx_word' id='word_1_801' title='bbox 3460 3694 3643 3750; x_wconf 84' lang='lat' dir='ltr'><strong>debuit</strong></span> <span class='ocrx_word' id='word_1_802' title='bbox 3664 3694 3774 3748; x_wconf 83' lang='lat' dir='ltr'><strong>alia</strong></span> 
     </span>
    </p>
   </div>
   <div class='ocr_carea' id='block_1_102' title="bbox 2196 3786 3242 3859">
    <p class='ocr_par' dir='ltr' id='par_1_102' title="bbox 2196 3786 3242 3859">
     <span class='ocr_line' id='line_1_102' title="bbox 2196 3786 3242 3859; baseline -0.004 -16"><span class='ocrx_word' id='word_1_803' title='bbox 2196 3802 2429 3859; x_wconf 87' lang='lat' dir='ltr'><strong>persona</strong></span> <span class='ocrx_word' id='word_1_804' title='bbox 2462 3787 2763 3854; x_wconf 88' lang='lat' dir='ltr'><strong>incarnari,</strong></span> <span class='ocrx_word' id='word_1_805' title='bbox 2798 3803 2962 3858; x_wconf 90' lang='lat' dir='ltr'><strong>quam</strong></span> <span class='ocrx_word' id='word_1_806' title='bbox 2998 3786 3193 3842; x_wconf 83' lang='lat' dir='ltr'><strong>Filius.</strong></span> <span class='ocrx_word' id='word_1_807' title='bbox 3222 3803 3242 3839; x_wconf 71' lang='grc' dir='ltr'><strong><em>ο</em></strong></span> 
     </span>
    </p>
   </div>
   <div class='ocr_carea' id='block_1_103' title="bbox 2758 3876 3211 3947">
    <p class='ocr_par' dir='ltr' id='par_1_103' title="bbox 2758 3876 3211 3947">
     <span class='ocr_line' id='line_1_103' title="bbox 2758 3876 3211 3947; baseline -0.009 -11"><span class='ocrx_word' id='word_1_808' title='bbox 2758 3878 3086 3947; x_wconf 71' lang='lat' dir='ltr'><strong>QUASSTIO</strong></span> <span class='ocrx_word' id='word_1_809' title='bbox 3124 3876 3211 3933; x_wconf 83' lang='grc' dir='ltr'><strong>ΙΙΙ.</strong></span> 
     </span>
    </p>
   </div>
   <div class='ocr_carea' id='block_1_104' title="bbox 2230 3983 3746 4035">
    <p class='ocr_par' dir='ltr' id='par_1_104' title="bbox 2230 3983 3746 4035">
     <span class='ocr_line' id='line_1_104' title="bbox 2230 3983 3746 4035; baseline 0.002 -12"><span class='ocrx_word' id='word_1_810' title='bbox 2230 3983 2297 4023; x_wconf 76' lang='lat' dir='ltr'><strong><em>DE</em></strong></span> <span class='ocrx_word' id='word_1_811' title='bbox 2327 3985 2576 4035; x_wconf 73' lang='lat' dir='ltr'><strong>CHRISTO,</strong></span> <span class='ocrx_word' id='word_1_812' title='bbox 2609 3986 2838 4033; x_wconf 71' lang='grc' dir='ltr'>ειυεουε</span> <span class='ocrx_word' id='word_1_813' title='bbox 2884 3985 3276 4026; x_wconf 65' lang='lat' dir='ltr'><strong>INCARNATIONE</strong></span> <span class='ocrx_word' id='word_1_814' title='bbox 3296 4012 3309 4034; x_wconf 70' lang='grc' dir='ltr'><strong>ν</strong></span> <span class='ocrx_word' id='word_1_815' title='bbox 3335 3987 3405 4025; x_wconf 77' lang='grc' dir='ltr'><strong>ΕΤ</strong></span> <span class='ocrx_word' id='word_1_816' title='bbox 3436 3984 3746 4027; x_wconf 60' lang='grc' dir='ltr'>(εεοκοιιιι.</span> 
     </span>
    </p>
   </div>
   <div class='ocr_carea' id='block_1_105' title="bbox 2199 4062 3776 4133">
    <p class='ocr_par' dir='ltr' id='par_1_105' title="bbox 2199 4062 3776 4133">
     <span class='ocr_line' id='line_1_105' title="bbox 2199 4062 3776 4133; baseline -0.002 -15"><span class='ocrx_word' id='word_1_817' title='bbox 2199 4062 2238 4118; x_wconf 94' lang='grc' dir='ltr'><strong>Ι.</strong></span> <span class='ocrx_word' id='word_1_818' title='bbox 2281 4063 2525 4119; x_wconf 82' lang='lat' dir='ltr'><strong>Plurima</strong></span> <span class='ocrx_word' id='word_1_819' title='bbox 2561 4067 2625 4119; x_wconf 84' lang='lat' dir='ltr'><strong>de</strong></span> <span class='ocrx_word' id='word_1_820' title='bbox 2647 4064 2856 4119; x_wconf 84' lang='lat' dir='ltr'><strong>Christo</strong></span> <span class='ocrx_word' id='word_1_821' title='bbox 2894 4066 3091 4118; x_wconf 85' lang='lat' dir='ltr'><strong>absona</strong></span> <span class='ocrx_word' id='word_1_822' title='bbox 3120 4064 3369 4133; x_wconf 81' lang='lat' dir='ltr'><strong>Origenes</strong></span> <span class='ocrx_word' id='word_1_823' title='bbox 3401 4064 3643 4133; x_wconf 74' lang='lat' dir='ltr'><strong>opinatus</strong></span> <span class='ocrx_word' id='word_1_824' title='bbox 3675 4072 3776 4117; x_wconf 76' lang='lat' dir='ltr'><strong>est.</strong></span> 
     </span>
    </p>
   </div>
   <div class='ocr_carea' id='block_1_106' title="bbox 2269 4132 3778 4203">
    <p class='ocr_par' dir='ltr' id='par_1_106' title="bbox 2269 4132 3778 4203">
     <span class='ocr_line' id='line_1_106' title="bbox 2269 4132 3778 4203; baseline -0.003 -13"><span class='ocrx_word' id='word_1_825' title='bbox 2269 4136 2332 4190; x_wconf 91' lang='lat' dir='ltr'><strong>ll.</strong></span> <span class='ocrx_word' id='word_1_826' title='bbox 2361 4134 2549 4189; x_wconf 83' lang='lat' dir='ltr'><strong>Utrum</strong></span> <span class='ocrx_word' id='word_1_827' title='bbox 2581 4135 2846 4189; x_wconf 82' lang='lat' dir='ltr'><strong>Christum</strong></span> <span class='ocrx_word' id='word_1_828' title='bbox 2871 4132 3287 4189; x_wconf 25' lang='lat' dir='ltr'><strong>substantialit’er</strong></span> <span class='ocrx_word' id='word_1_829' title='bbox 3320 4139 3372 4187; x_wconf 88' lang='lat' dir='ltr'><strong>in</strong></span> <span class='ocrx_word' id='word_1_830' title='bbox 3412 4132 3624 4203; x_wconf 71' lang='lat' dir='ltr'><strong>Moyse,</strong></span> <span class='ocrx_word' id='word_1_831' title='bbox 3652 4148 3778 4200; x_wconf 78' lang='lat' dir='ltr'><strong>pro-</strong></span> 
     </span>
    </p>
   </div>
   <div class='ocr_carea' id='block_1_107' title="bbox 2271 4201 3775 4275">
    <p class='ocr_par' dir='ltr' id='par_1_107' title="bbox 2271 4201 3775 4275">
     <span class='ocr_line' id='line_1_107' title="bbox 2271 4201 3775 4275; baseline -0.002 -17"><span class='ocrx_word' id='word_1_832' title='bbox 2271 4207 2439 4275; x_wconf 84' lang='lat' dir='ltr'><strong>phetis</strong></span> <span class='ocrx_word' id='word_1_833' title='bbox 2481 4216 2530 4259; x_wconf 87' lang='lat' dir='ltr'><strong>et</strong></span> <span class='ocrx_word' id='word_1_834' title='bbox 2581 4206 2785 4274; x_wconf 85' lang='lat' dir='ltr'><strong>angelis</strong></span> <span class='ocrx_word' id='word_1_835' title='bbox 2834 4205 3072 4275; x_wconf 76' lang='lat' dir='ltr'><strong>adfuisse</strong></span> <span class='ocrx_word' id='word_1_836' title='bbox 3110 4204 3348 4258; x_wconf 71' lang='lat' dir='ltr'><strong>seruerit.</strong></span> <span class='ocrx_word' id='word_1_837' title='bbox 3396 4204 3482 4257; x_wconf 93' lang='lat' dir='ltr'><strong>Ill.</strong></span> <span class='ocrx_word' id='word_1_838' title='bbox 3509 4201 3522 4203; x_wconf 68' lang='grc'><strong><em>“</em></strong></span> <span class='ocrx_word' id='word_1_839' title='bbox 3547 4201 3775 4275; x_wconf 75' lang='lat' dir='ltr'><strong>Patrum</strong></span> 
     </span>
    </p>
   </div>
   <div class='ocr_carea' id='block_1_108' title="bbox 2277 4274 3778 4345">
    <p class='ocr_par' dir='ltr' id='par_1_108' title="bbox 2277 4274 3778 4345">
     <span class='ocr_line' id='line_1_108' title="bbox 2277 4274 3778 4345; baseline -0.003 -17"><span class='ocrx_word' id='word_1_840' title='bbox 2277 4277 2562 4330; x_wconf 84' lang='lat' dir='ltr'><strong>multorum</strong></span> <span class='ocrx_word' id='word_1_841' title='bbox 2601 4292 2818 4329; x_wconf 84' lang='lat' dir='ltr'><strong>assensu</strong></span> <span class='ocrx_word' id='word_1_842' title='bbox 2843 4284 2892 4329; x_wconf 86' lang='lat' dir='ltr'><strong>et</strong></span> <span class='ocrx_word' id='word_1_843' title='bbox 2926 4292 3026 4328; x_wconf 85' lang='lat' dir='ltr'><strong>sua</strong></span> <span class='ocrx_word' id='word_1_844' title='bbox 3054 4274 3219 4345; x_wconf 78' lang='lat' dir='ltr'><strong>ipsius</strong></span> <span class='ocrx_word' id='word_1_845' title='bbox 3256 4275 3602 4344; x_wconf 78' lang='lat' dir='ltr'><strong>ﬂuctuatione</strong></span> <span class='ocrx_word' id='word_1_846' title='bbox 3627 4274 3778 4337; x_wconf 78' lang='lat' dir='ltr'><strong>iuvu-</strong></span> 
     </span>
    </p>
   </div>
   <div class='ocr_carea' id='block_1_109' title="bbox 3494 4498 3778 4569">
    <p class='ocr_par' dir='ltr' id='par_1_109' title="bbox 3494 4498 3778 4569">
     <span class='ocr_line' id='line_1_109' title="bbox 3494 4498 3778 4569; baseline 0.011 -18"><span class='ocrx_word' id='word_1_847' title='bbox 3494 4498 3634 4569; x_wconf 76' lang='grc' dir='ltr'>τάχα</span> <span class='ocrx_word' id='word_1_848' title='bbox 3657 4499 3778 4554; x_wconf 77' lang='grc' dir='ltr'><strong>ἐστὶ</strong></span> 
     </span>
    </p>
   </div>
   <div class='ocr_carea' id='block_1_110' title="bbox 2197 4570 3777 4641">
    <p class='ocr_par' dir='ltr' id='par_1_110' title="bbox 2197 4570 3777 4641">
     <span class='ocr_line' id='line_1_110' title="bbox 2197 4570 3777 4641; baseline -0.003 -13"><span class='ocrx_word' id='word_1_849' title='bbox 2197 4574 2293 4628; x_wconf 71' lang='grc' dir='ltr'><strong>καὶ</strong></span> <span class='ocrx_word' id='word_1_850' title='bbox 2322 4572 2481 4626; x_wconf 84' lang='grc' dir='ltr'>τοῦτο</span> <span class='ocrx_word' id='word_1_851' title='bbox 2511 4574 2688 4625; x_wconf 85' lang='grc' dir='ltr'>εἰπεῖν</span> <span class='ocrx_word' id='word_1_852' title='bbox 2725 4572 2806 4625; x_wconf 82' lang='grc' dir='ltr'>ὅτι</span> <span class='ocrx_word' id='word_1_853' title='bbox 2835 4571 3004 4624; x_wconf 77' lang='grc' dir='ltr'>ἐδεῖτο</span> <span class='ocrx_word' id='word_1_854' title='bbox 3050 4572 3084 4641; x_wconf 77' lang='grc' dir='ltr'>ἠ</span> <span class='ocrx_word' id='word_1_855' title='bbox 3115 4570 3312 4641; x_wconf 78' lang='grc' dir='ltr'>κτίσις,</span> <span class='ocrx_word' id='word_1_856' title='bbox 3341 4580 3447 4641; x_wconf 84' lang='lat' dir='ltr'><strong>etc.</strong></span> <span class='ocrx_word' id='word_1_857' title='bbox 3505 4570 3777 4637; x_wconf 88' lang='lat' dir='ltr'><strong>Duplicem</strong></span> 
     </span>
    </p>
   </div>
   <div class='ocr_carea' id='block_1_111' title="bbox 2199 4640 3768 4711">
    <p class='ocr_par' dir='ltr' id='par_1_111' title="bbox 2199 4640 3768 4711">
     <span class='ocr_line' id='line_1_111' title="bbox 2199 4640 3768 4711; baseline -0.003 -13"><span class='ocrx_word' id='word_1_858' title='bbox 2199 4644 2291 4698; x_wconf 89' lang='lat' dir='ltr'><strong>hic</strong></span> <span class='ocrx_word' id='word_1_859' title='bbox 2325 4658 2566 4699; x_wconf 88' lang='lat' dir='ltr'><strong>errorem</strong></span> <span class='ocrx_word' id='word_1_860' title='bbox 2602 4644 2829 4711; x_wconf 78' lang='lat' dir='ltr'><strong>castigat</strong></span> <span class='ocrx_word' id='word_1_861' title='bbox 2863 4640 3113 4697; x_wconf 77' lang='lat' dir='ltr'><strong>Huetius.</strong></span> <span class='ocrx_word' id='word_1_862' title='bbox 3155 4640 3262 4694; x_wconf 89' lang='lat' dir='ltr'><strong>Sed</strong></span> <span class='ocrx_word' id='word_1_863' title='bbox 3302 4640 3385 4693; x_wconf 89' lang='lat' dir='ltr'><strong>vir</strong></span> <span class='ocrx_word' id='word_1_864' title='bbox 3419 4641 3768 4711; x_wconf 69' lang='lat' dir='ltr'><strong>doctissimus</strong></span> 
     </span>
    </p>
   </div>
   <div class='ocr_carea' id='block_1_112' title="bbox 2200 4707 3778 4781">
    <p class='ocr_par' dir='ltr' id='par_1_112' title="bbox 2200 4707 3778 4781">
     <span class='ocr_line' id='line_1_112' title="bbox 2200 4707 3778 4781; baseline -0.002 -13"><span class='ocrx_word' id='word_1_865' title='bbox 2200 4714 2378 4769; x_wconf 88' lang='lat' dir='ltr'><strong>minus</strong></span> <span class='ocrx_word' id='word_1_866' title='bbox 2397 4707 2783 4767; x_wconf 81' lang='lat' dir='ltr'><strong>animadvertit</strong></span> <span class='ocrx_word' id='word_1_867' title='bbox 2821 4712 2952 4765; x_wconf 89' lang='lat' dir='ltr'><strong>illud</strong></span> <span class='ocrx_word' id='word_1_868' title='bbox 3002 4710 3263 4781; x_wconf 73' lang='grc' dir='ltr'>ὡσπερεὶ,</span> <span class='ocrx_word' id='word_1_869' title='bbox 3311 4711 3450 4779; x_wconf 85' lang='lat' dir='ltr'><strong>quod</strong></span> <span class='ocrx_word' id='word_1_870' title='bbox 3487 4707 3778 4777; x_wconf 89' lang='lat' dir='ltr'><strong>Origeuem</strong></span> 
     </span>
    </p>
   </div>
   <div class='ocr_carea' id='block_1_113' title="bbox 2202 4782 3780 4853">
    <p class='ocr_par' dir='ltr' id='par_1_113' title="bbox 2202 4782 3780 4853">
     <span class='ocr_line' id='line_1_113' title="bbox 2202 4782 3780 4853; baseline -0.003 -16"><span class='ocrx_word' id='word_1_871' title='bbox 2202 4783 2378 4853; x_wconf 85' lang='lat' dir='ltr'><strong>figura</strong></span> <span class='ocrx_word' id='word_1_872' title='bbox 2414 4782 2645 4852; x_wconf 89' lang='lat' dir='ltr'><strong>quadam</strong></span> <span class='ocrx_word' id='word_1_873' title='bbox 2678 4782 2940 4853; x_wconf 82' lang='lat' dir='ltr'><strong>orationis</strong></span> <span class='ocrx_word' id='word_1_874' title='bbox 2963 4784 3042 4835; x_wconf 91' lang='lat' dir='ltr'><strong>uti</strong></span> <span class='ocrx_word' id='word_1_875' title='bbox 3071 4782 3429 4853; x_wconf 84' lang='lat' dir='ltr'><strong>demonstrat,</strong></span> <span class='ocrx_word' id='word_1_876' title='bbox 3477 4793 3541 4833; x_wconf 90' lang='lat' dir='ltr'><strong>ac</strong></span> <span class='ocrx_word' id='word_1_877' title='bbox 3572 4794 3780 4853; x_wconf 84' lang='lat' dir='ltr'><strong>nequa-</strong></span> 
     </span>
    </p>
   </div>
   <div class='ocr_carea' id='block_1_114' title="bbox 2202 4852 3779 4923">
    <p class='ocr_par' dir='ltr' id='par_1_114' title="bbox 2202 4852 3779 4923">
     <span class='ocr_line' id='line_1_114' title="bbox 2202 4852 3779 4923; baseline -0.002 -16"><span class='ocrx_word' id='word_1_878' title='bbox 2202 4852 2367 4923; x_wconf 88' lang='lat' dir='ltr'><strong>quam</strong></span> <span class='ocrx_word' id='word_1_879' title='bbox 2399 4855 2580 4907; x_wconf 82' lang='lat' dir='ltr'><strong>dicere</strong></span> <span class='ocrx_word' id='word_1_880' title='bbox 2635 4852 3064 4906; x_wconf 89' lang='lat' dir='ltr'><strong>incarnationem</strong></span> <span class='ocrx_word' id='word_1_881' title='bbox 3100 4852 3325 4921; x_wconf 83' lang='lat' dir='ltr'><strong>Spiritui</strong></span> <span class='ocrx_word' id='word_1_882' title='bbox 3361 4858 3549 4904; x_wconf 85' lang='lat' dir='ltr'><strong>sancto</strong></span> <span class='ocrx_word' id='word_1_883' title='bbox 3602 4852 3779 4916; x_wconf 83' lang='lat' dir='ltr'><strong>potis-</strong></span> 
     </span>
    </p>
   </div>
   <div class='ocr_carea' id='block_1_115' title="bbox 2202 4922 3779 4991">
    <p class='ocr_par' dir='ltr' id='par_1_115' title="bbox 2202 4922 3779 4991">
     <span class='ocr_line' id='line_1_115' title="bbox 2202 4922 3779 4991; baseline -0.003 -12"><span class='ocrx_word' id='word_1_884' title='bbox 2202 4922 2398 4979; x_wconf 88' lang='lat' dir='ltr'><strong>simum</strong></span> <span class='ocrx_word' id='word_1_885' title='bbox 2447 4924 2788 4987; x_wconf 85' lang='lat' dir='ltr'><strong>convenisse,</strong></span> <span class='ocrx_word' id='word_1_886' title='bbox 2842 4936 3074 4991; x_wconf 88' lang='lat' dir='ltr'><strong>eumque</strong></span> <span class='ocrx_word' id='word_1_887' title='bbox 3110 4923 3211 4975; x_wconf 90' lang='lat' dir='ltr'><strong>hoc</strong></span> <span class='ocrx_word' id='word_1_888' title='bbox 3243 4935 3442 4975; x_wconf 86' lang='lat' dir='ltr'><strong>munus</strong></span> <span class='ocrx_word' id='word_1_889' title='bbox 3506 4922 3779 4991; x_wconf 70' lang='lat' dir='ltr'><strong>sustinuere</strong></span> 
     </span>
    </p>
   </div>
   <div class='ocr_carea' id='block_1_116' title="bbox 2202 4990 3777 5062">
    <p class='ocr_par' dir='ltr' id='par_1_116' title="bbox 2202 4990 3777 5062">
     <span class='ocr_line' id='line_1_116' title="bbox 2202 4990 3777 5062; baseline -0.002 -14"><span class='ocrx_word' id='word_1_890' title='bbox 2202 5009 2310 5048; x_wconf 90' lang='lat' dir='ltr'><strong>non</strong></span> <span class='ocrx_word' id='word_1_891' title='bbox 2340 4994 2619 5062; x_wconf 90' lang='lat' dir='ltr'><strong>potuisse;</strong></span> <span class='ocrx_word' id='word_1_892' title='bbox 2657 4994 2752 5062; x_wconf 82' lang='lat' dir='ltr'><strong>sed</strong></span> <span class='ocrx_word' id='word_1_893' title='bbox 2782 4993 2933 5059; x_wconf 90' lang='lat' dir='ltr'><strong>quasi</strong></span> <span class='ocrx_word' id='word_1_894' title='bbox 2961 4990 3008 5046; x_wconf 86' lang='lat' dir='ltr'><strong>ei</strong></span> <span class='ocrx_word' id='word_1_895' title='bbox 3050 4994 3384 5062; x_wconf 70' lang='lat' dir='ltr'><strong>conveniret,</strong></span> <span class='ocrx_word' id='word_1_896' title='bbox 3409 5005 3473 5042; x_wconf 90' lang='lat' dir='ltr'><strong>ac</strong></span> <span class='ocrx_word' id='word_1_897' title='bbox 3505 4990 3777 5045; x_wconf 85' lang='lat' dir='ltr'><strong>sustinere</strong></span> 
     </span>
    </p>
   </div>
   <div class='ocr_carea' id='block_1_117' title="bbox 2206 5059 3779 5132">
    <p class='ocr_par' dir='ltr' id='par_1_117' title="bbox 2206 5059 3779 5132">
     <span class='ocr_line' id='line_1_117' title="bbox 2206 5059 3779 5132; baseline -0.003 -15"><span class='ocrx_word' id='word_1_898' title='bbox 2206 5078 2313 5117; x_wconf 89' lang='lat' dir='ltr'><strong>non</strong></span> <span class='ocrx_word' id='word_1_899' title='bbox 2342 5059 2548 5132; x_wconf 83' lang='lat' dir='ltr'><strong>posset,</strong></span> <span class='ocrx_word' id='word_1_900' title='bbox 2582 5062 2655 5115; x_wconf 90' lang='lat' dir='ltr'><strong>ita</strong></span> <span class='ocrx_word' id='word_1_901' title='bbox 2685 5060 2956 5132; x_wconf 87' lang='lat' dir='ltr'><strong>S_alvator_i</strong></span> <span class='ocrx_word' id='word_1_902' title='bbox 2989 5061 3267 5115; x_wconf 89' lang='lat' dir='ltr'><strong>detulisse.</strong></span> <span class='ocrx_word' id='word_1_903' title='bbox 3309 5059 3445 5113; x_wconf 82' lang='lat' dir='ltr'><strong>Nam</strong></span> <span class='ocrx_word' id='word_1_904' title='bbox 3467 5074 3598 5132; x_wconf 73' lang='lat' dir='ltr'><strong>eum</strong></span> <span class='ocrx_word' id='word_1_905' title='bbox 3624 5070 3779 5113; x_wconf 87' lang='lat' dir='ltr'><strong>certo</strong></span> 
     </span>
    </p>
   </div>
   <div class='ocr_carea' id='block_1_118' title="bbox 2206 5129 3780 5201">
    <p class='ocr_par' dir='ltr' id='par_1_118' title="bbox 2206 5129 3780 5201">
     <span class='ocr_line' id='line_1_118' title="bbox 2206 5129 3780 5201; baseline -0.001 -15"><span class='ocrx_word' id='word_1_906' title='bbox 2206 5129 2418 5187; x_wconf 78' lang='lat' dir='ltr'><strong>teneret</strong></span> <span class='ocrx_word' id='word_1_907' title='bbox 2433 5131 2695 5201; x_wconf 88' lang='lat' dir='ltr'><strong>Origenes</strong></span> <span class='ocrx_word' id='word_1_908' title='bbox 2718 5130 2910 5201; x_wconf 84' lang='lat' dir='ltr'><strong>Filium</strong></span> <span class='ocrx_word' id='word_1_909' title='bbox 2929 5130 3131 5201; x_wconf 90' lang='lat' dir='ltr'><strong>Spiritu</strong></span> <span class='ocrx_word' id='word_1_910' title='bbox 3153 5139 3341 5185; x_wconf 84' lang='lat' dir='ltr'><strong>sancto</strong></span> <span class='ocrx_word' id='word_1_911' title='bbox 3376 5129 3630 5197; x_wconf 86' lang='lat' dir='ltr'><strong>majorem</strong></span> <span class='ocrx_word' id='word_1_912' title='bbox 3654 5143 3780 5185; x_wconf 82' lang='lat' dir='ltr'><strong>esse</strong></span> 
     </span>
    </p>
   </div>
   <div class='ocr_carea' id='block_1_119' title="bbox 2210 5200 3773 5270">
    <p class='ocr_par' dir='ltr' id='par_1_119' title="bbox 2210 5200 3773 5270">
     <span class='ocr_line' id='line_1_119' title="bbox 2210 5200 3773 5270; baseline -0.003 -14"><span class='ocrx_word' id='word_1_913' title='bbox 2210 5204 2421 5257; x_wconf 87' lang='lat' dir='ltr'><strong>ratione</strong></span> <span class='ocrx_word' id='word_1_914' title='bbox 2442 5200 2688 5268; x_wconf 76' lang='lat' dir='ltr'><strong>originis,</strong></span> <span class='ocrx_word' id='word_1_915' title='bbox 2726 5217 2826 5255; x_wconf 86' lang='lat' dir='ltr'><strong>nec</strong></span> <span class='ocrx_word' id='word_1_916' title='bbox 2848 5200 2913 5254; x_wconf 88' lang='lat' dir='ltr'><strong>ab</strong></span> <span class='ocrx_word' id='word_1_917' title='bbox 2944 5200 3011 5256; x_wconf 85' lang='lat' dir='ltr'><strong>eo</strong></span> <span class='ocrx_word' id='word_1_918' title='bbox 3046 5201 3183 5254; x_wconf 88' lang='lat' dir='ltr'><strong>mitti</strong></span> <span class='ocrx_word' id='word_1_919' title='bbox 3212 5215 3392 5270; x_wconf 89' lang='lat' dir='ltr'><strong>posse,</strong></span> <span class='ocrx_word' id='word_1_920' title='bbox 3422 5201 3627 5270; x_wconf 82' lang='lat' dir='ltr'><strong>quippe</strong></span> <span class='ocrx_word' id='word_1_921' title='bbox 3651 5214 3773 5252; x_wconf 85' lang='lat' dir='ltr'><strong>cum</strong></span> 
     </span>
    </p>
   </div>
   <div class='ocr_carea' id='block_1_120' title="bbox 2208 5268 3775 5342">
    <p class='ocr_par' dir='ltr' id='par_1_120' title="bbox 2208 5268 3775 5342">
     <span class='ocr_line' id='line_1_120' title="bbox 2208 5268 3775 5342; baseline -0.004 -15"><span class='ocrx_word' id='word_1_922' title='bbox 2208 5273 2439 5342; x_wconf 89' lang='lat' dir='ltr'><strong>Spiritus</strong></span> <span class='ocrx_word' id='word_1_923' title='bbox 2466 5281 2687 5325; x_wconf 88' lang='lat' dir='ltr'><strong>sanctus</strong></span> <span class='ocrx_word' id='word_1_924' title='bbox 2706 5286 2803 5339; x_wconf 85' lang='lat' dir='ltr'><strong>per</strong></span> <span class='ocrx_word' id='word_1_925' title='bbox 2826 5271 3017 5342; x_wconf 82' lang='lat' dir='ltr'><strong>Filium</strong></span> <span class='ocrx_word' id='word_1_926' title='bbox 3044 5268 3292 5334; x_wconf 79' lang='lat' dir='ltr'><strong>exsistat,</strong></span> <span class='ocrx_word' id='word_1_927' title='bbox 3313 5272 3393 5325; x_wconf 87' lang='lat' dir='ltr'><strong>sic</strong></span> <span class='ocrx_word' id='word_1_928' title='bbox 3416 5271 3567 5342; x_wconf 71' lang='lat' dir='ltr'><strong>Isaia:</strong></span> <span class='ocrx_word' id='word_1_929' title='bbox 3600 5268 3775 5342; x_wconf 80' lang='lat' dir='ltr'><strong>locum</strong></span> 
     </span>
    </p>
   </div>
   <div class='ocr_carea' id='block_1_121' title="bbox 2206 5339 3776 5412">
    <p class='ocr_par' dir='ltr' id='par_1_121' title="bbox 2206 5339 3776 5412">
     <span class='ocr_line' id='line_1_121' title="bbox 2206 5339 3776 5412; baseline -0.004 -16"><span class='ocrx_word' id='word_1_930' title='bbox 2206 5339 2585 5412; x_wconf 78' lang='lat' dir='ltr'><strong>explicandum</strong></span> <span class='ocrx_word' id='word_1_931' title='bbox 2616 5343 2852 5410; x_wconf 90' lang='lat' dir='ltr'><strong>putavit.</strong></span> <span class='ocrx_word' id='word_1_932' title='bbox 2882 5351 2939 5395; x_wconf 91' lang='lat' dir='ltr'><strong>ut</strong></span> <span class='ocrx_word' id='word_1_933' title='bbox 2970 5341 3136 5395; x_wconf 89' lang='lat' dir='ltr'><strong>Filius</strong></span> <span class='ocrx_word' id='word_1_934' title='bbox 3162 5356 3269 5394; x_wconf 90' lang='lat' dir='ltr'><strong>non</strong></span> <span class='ocrx_word' id='word_1_935' title='bbox 3300 5350 3358 5393; x_wconf 91' lang='lat' dir='ltr'><strong>ut</strong></span> <span class='ocrx_word' id='word_1_936' title='bbox 3381 5355 3411 5393; x_wconf 92' lang='lat' dir='ltr'><strong>a</strong></span> <span class='ocrx_word' id='word_1_937' title='bbox 3440 5339 3776 5412; x_wconf 79' lang='lat' dir='ltr'><strong>majore,sed</strong></span> 
     </span>
    </p>
   </div>
   <div class='ocr_carea' id='block_1_122' title="bbox 2208 5411 3783 5482">
    <p class='ocr_par' dir='ltr' id='par_1_122' title="bbox 2208 5411 3783 5482">
     <span class='ocr_line' id='line_1_122' title="bbox 2208 5411 3783 5482; baseline -0.003 -16"><span class='ocrx_word' id='word_1_938' title='bbox 2208 5411 2326 5467; x_wconf 90' lang='lat' dir='ltr'><strong>uta</strong></span> <span class='ocrx_word' id='word_1_939' title='bbox 2361 5425 2592 5481; x_wconf 85' lang='lat' dir='ltr'><strong>persona</strong></span> <span class='ocrx_word' id='word_1_940' title='bbox 2618 5425 2686 5482; x_wconf 78' lang='lat' dir='ltr'><strong>ex</strong></span> <span class='ocrx_word' id='word_1_941' title='bbox 2720 5412 2837 5479; x_wconf 91' lang='lat' dir='ltr'><strong>ipso</strong></span> <span class='ocrx_word' id='word_1_942' title='bbox 2863 5412 3188 5482; x_wconf 74' lang='lat' dir='ltr'><strong>procedente</strong></span> <span class='ocrx_word' id='word_1_943' title='bbox 3220 5422 3276 5465; x_wconf 91' lang='lat' dir='ltr'><strong>et</strong></span> <span class='ocrx_word' id='word_1_944' title='bbox 3307 5412 3410 5465; x_wconf 85' lang='lat' dir='ltr'><strong>hoc</strong></span> <span class='ocrx_word' id='word_1_945' title='bbox 3448 5424 3645 5482; x_wconf 72' lang='lat' dir='ltr'><strong>muuus</strong></span> <span class='ocrx_word' id='word_1_946' title='bbox 3679 5411 3783 5462; x_wconf 86' lang='lat' dir='ltr'><strong>bo-</strong></span> 
     </span>
    </p>
   </div>
   <div class='ocr_carea' id='block_1_123' title="bbox 2209 5480 3776 5538">
    <p class='ocr_par' dir='ltr' id='par_1_123' title="bbox 2209 5480 3776 5538">
     <span class='ocr_line' id='line_1_123' title="bbox 2209 5480 3776 5538; baseline -0.004 0"><span class='ocrx_word' id='word_1_947' title='bbox 2209 5480 2373 5538; x_wconf 30' lang='lat' dir='ltr'><strong>noris’</strong></span> <span class='ocrx_word' id='word_1_948' title='bbox 2397 5496 2561 5535; x_wconf 89' lang='lat' dir='ltr'><strong>causa</strong></span> <span class='ocrx_word' id='word_1_949' title='bbox 2592 5480 2877 5535; x_wconf 79' lang='lat' dir='ltr'><strong>deferente</strong></span> <span class='ocrx_word' id='word_1_950' title='bbox 2911 5483 3107 5535; x_wconf 88' lang='lat' dir='ltr'><strong>missus</strong></span> <span class='ocrx_word' id='word_1_951' title='bbox 3152 5481 3445 5536; x_wconf 89' lang='lat' dir='ltr'><strong>diceretur.</strong></span> <span class='ocrx_word' id='word_1_952' title='bbox 3477 5480 3776 5533; x_wconf 83' lang='lat' dir='ltr'><strong>Perabsur-</strong></span> 
     </span>
    </p>
   </div>
   <div class='ocr_carea' id='block_1_124' title="bbox 2210 5548 3776 5622">
    <p class='ocr_par' dir='ltr' id='par_1_124' title="bbox 2210 5548 3776 5622">
     <span class='ocr_line' id='line_1_124' title="bbox 2210 5548 3776 5622; baseline -0.004 -15"><span class='ocrx_word' id='word_1_953' title='bbox 2210 5555 2336 5607; x_wconf 88' lang='lat' dir='ltr'><strong>dum</strong></span> <span class='ocrx_word' id='word_1_954' title='bbox 2366 5564 2495 5622; x_wconf 86' lang='lat' dir='ltr'><strong>ergo</strong></span> <span class='ocrx_word' id='word_1_955' title='bbox 2528 5551 2666 5622; x_wconf 77' lang='lat' dir='ltr'><strong>foret</strong></span> <span class='ocrx_word' id='word_1_956' title='bbox 2695 5552 2745 5604; x_wconf 92' lang='lat' dir='ltr'><strong>id</strong></span> <span class='ocrx_word' id='word_1_957' title='bbox 2774 5550 2917 5622; x_wconf 88' lang='lat' dir='ltr'><strong>quod</strong></span> <span class='ocrx_word' id='word_1_958' title='bbox 2946 5551 3207 5622; x_wconf 83' lang='lat' dir='ltr'><strong>Origenes</strong></span> <span class='ocrx_word' id='word_1_959' title='bbox 3236 5565 3340 5604; x_wconf 89' lang='lat' dir='ltr'><strong>ase</strong></span> <span class='ocrx_word' id='word_1_960' title='bbox 3365 5549 3492 5622; x_wconf 78' lang='lat' dir='ltr'><strong>fingi</strong></span> <span class='ocrx_word' id='word_1_961' title='bbox 3513 5548 3776 5622; x_wconf 60' lang='lat' dir='ltr'><strong>declarat,</strong></span> 
     </span>
    </p>
   </div>
   <div class='ocr_carea' id='block_1_125' title="bbox 2210 5618 3778 5691">
    <p class='ocr_par' dir='ltr' id='par_1_125' title="bbox 2210 5618 3778 5691">
     <span class='ocr_line' id='line_1_125' title="bbox 2210 5618 3778 5691; baseline -0.003 -15"><span class='ocrx_word' id='word_1_962' title='bbox 2210 5632 2271 5676; x_wconf 90' lang='lat' dir='ltr'><strong>ut</strong></span> <span class='ocrx_word' id='word_1_963' title='bbox 2300 5618 2911 5691; x_wconf 71' lang='lat' dir='ltr'><strong>gernianissituaiuejus</strong></span> <span class='ocrx_word' id='word_1_964' title='bbox 2932 5621 3253 5691; x_wconf 78' lang='lat' dir='ltr'><strong>sententiam</strong></span> <span class='ocrx_word' id='word_1_965' title='bbox 3312 5621 3580 5691; x_wconf 88' lang='lat' dir='ltr'><strong>accipere.</strong></span> <span class='ocrx_word' id='word_1_966' title='bbox 3611 5618 3778 5691; x_wconf 67' lang='lat' dir='ltr'><strong>--_Q.</strong></span> 
     </span>
    </p>
   </div>
   <div class='ocr_carea' id='block_1_126' title="bbox 2210 5686 3789 5817">
    <p class='ocr_par' dir='ltr' id='par_1_126' title="bbox 2210 5686 3789 5817">
     <span class='ocr_line' id='line_1_126' title="bbox 2210 5686 3789 5817; baseline -0.004 -70"><span class='ocrx_word' id='word_1_967' title='bbox 2210 5686 2468 5817; x_wconf 53' lang='grc' dir='ltr'><strong>1)Γᾶἀεῖἱὶ</strong></span> <span class='ocrx_word' id='word_1_968' title='bbox 2501 5691 2718 5759; x_wconf 66' lang='lat' dir='ltr'><strong>Manu,</strong></span> <span class='ocrx_word' id='word_1_969' title='bbox 2753 5686 2834 5747; x_wconf 77' lang='lat' dir='ltr'><strong>De</strong></span> <span class='ocrx_word' id='word_1_970' title='bbox 2858 5690 3064 5747; x_wconf 75' lang='lat' dir='ltr'><strong>divinit.</strong></span> <span class='ocrx_word' id='word_1_971' title='bbox 3096 5688 3291 5746; x_wconf 82' lang='lat' dir='ltr'><strong>Christi</strong></span> <span class='ocrx_word' id='word_1_972' title='bbox 3318 5690 3412 5747; x_wconf 87' lang='lat' dir='ltr'><strong>lib.</strong></span> <span class='ocrx_word' id='word_1_973' title='bbox 3434 5686 3521 5757; x_wconf 74' lang='grc' dir='ltr'><strong>ἰν,</strong></span> <span class='ocrx_word' id='word_1_974' title='bbox 3546 5702 3668 5759; x_wconf 82' lang='lat' dir='ltr'><strong>cap.</strong></span> <span class='ocrx_word' id='word_1_975' title='bbox 3694 5686 3789 5753; x_wconf 78' lang='lat' dir='ltr'><strong>l6,</strong></span> 
     </span>
     <span class='ocr_line' id='line_1_127' title="bbox 2213 5778 2487 5817; baseline 0 0"><span class='ocrx_word' id='word_1_976' title='bbox 2213 5778 2363 5817; x_wconf 89' lang='lat' dir='ltr'><strong>num.</strong></span> <span class='ocrx_word' id='word_1_977' title='bbox 2474 5798 2487 5817; x_wconf 90' lang='lat'><strong>.</strong></span> 
     </span>
    </p>
   </div>
   <div class='ocr_carea' id='block_1_127' title="bbox 2213 5778 2487 5819">
    <p class='ocr_par' dir='ltr' id='par_1_127' title="bbox 2213 5778 2487 5819">
     <span class='ocr_line' id='line_1_128' title="bbox 2213 5778 2487 5819; baseline -0.004 -1"><span class='ocrx_word' id='word_1_978' title='bbox 2213 5778 2363 5819; x_wconf 89' lang='lat' dir='ltr'><strong>num.</strong></span> <span class='ocrx_word' id='word_1_979' title='bbox 2400 5778 2487 5817; x_wconf 77' lang='grc' dir='ltr'>ιυ.</span> 
     </span>
    </p>
   </div>
  </div>
