4160 6410
300 406 407 463 797

1119 411 1696 470 ORIGENIANORUM
1731 412 1862 468 LIB.
1902 411 1967 475 ll,
2008 411 2160 468 CAP.
2203 409 2270 475 II,
2313 408 2592 478 QUAEST.
2632 409 2743 478 IIIJ

3458 409 3563 464 798

372 536 477 582 tur.
515 526 598 603 IV.
631 527 746 594 Quo
783 545 937 603 sensu
968 530 1163 603 dixerit
1200 530 1400 586 Filium
1428 532 1522 603 Dei
1545 575 1559 599 ,
1597 544 1876 603 antequam
1907 537 1952 594 Α
1981 548 2145 596 unus,
2177 550 2198 584 ι
2239 531 2414 602 inquit
2434 545 2584 585 num.
2629 528 2685 592 5,
2720 545 2740 580 ι
2777 526 2989 582 Domini
3026 526 3132 582 mei
3177 523 3304 582 .Iesu
3356 527 3561 582 Christi

373 608 508 651 esset
541 601 715 657 homo.
743 601 1085 673 mediatorem
1131 602 1315 673 fuisse.
1359 604 1420 656 V.
1455 602 1520 656 1η
1547 621 1650 673 quo
1678 601 1739 658 eti
1762 603 1874 657 Pa-

373 679 512 720 trum
543 671 889 739 quorumdam
914 672 1254 725 consensione
1277 690 1332 727 se
1360 671 1567 728 tuetur.
1587 672 1671 726 VI.
1693 674 1873 728 Excu-

377 740 585 809 tiuntur
622 741 735 808 ejus
758 756 960 793 errores
989 743 1055 794 de
1097 743 1277 795 anima
1320 743 1536 800 Christi.
1587 745 1694 798 VII.
1739 745 1875 809 Qni-

377 808 470 860 bus
510 817 682 862 tamen
725 826 828 862 non
869 812 1206 873 pertinaciter
1249 813 1494 868 adita-sit.
1542 814 1674 869 VIII.
1726 808 1876 866 Non-

377 878 513 930 nulli
564 881 728 945 ipsius
784 891 1112 934 accusatores
1185 884 1559 938 retundantur.
1615 883 1704 938 IX.
1759 883 1876 948 Quo

375 963 530 1000 sensu
564 947 761 1002 Filium
789 961 834 1002 et
875 950 989 1014 ejus
1032 952 1263 1004 animam
1309 970 1468 1006 unum
1506 971 1614 1009 esse
1659 947 1873 1016 dixerit,

376 1020 813 1084 quemadmodum
868 1018 1026 1072 Pater
1082 1029 1131 1074 et
1187 1020 1357 1075 Filius
1407 1040 1566 1076 unum
1612 1034 1752 1078 sunt.
1802 1022 1872 1077 X.

383 1085 571 1141 Utrum
605 1087 1106 1162 Christunicarnem
1134 1092 1198 1144 de
1224 1093 1348 1145 ccelo
1379 1096 1617 1148 attulisse
1654 1111 1875 1162 persua-

377 1172 496 1239 sum
539 1159 796 1239 habuerit.
853 1158 942 1239 XI.
987 1161 1068 1212 An
1111 1163 1388 1239 crediderit
1447 1158 1713 1218 Christum
1762 1179 1877 1230 spe-

379 1231 607 1282 cielenus
641 1231 696 1280 in
741 1231 894 1281 terris
928 1233 1264 1294 apparuisse,
1306 1249 1411 1286 non
1453 1250 1624 1287 veram
1661 1250 1871 1287 carnem

416 1310 627 1371 estesse.
654 1297 765 1371 XII.
814 1299 1104 1371 Solvuntur
1143 1301 1376 1371 diﬁiciles
1414 1304 1576 1371 ipsius
1615 1305 1714 1356 loci
1747 1303 1873 1357 duo.

437 1367 517 1420 III.
547 1365 696 1440 Unde
742 1369 795 1420 in
840 1367 974 1422 hanc
1010 1371 1166 1439 aﬂicti
1199 1365 1442 1424 "Christo'
1472 1372 1598 1440 falsi
1643 1373 1876 1439 corporis

381 1439 725 1503 suspicionem
747 1441 964 1496 venerit,
990 1440 1314 1505 exploratur.
1347 1439 1483 1496 XIV.
1511 1441 1699 1496 Utrum
1719 1443 1874 1496 Chri-

381 1519 519 1561 stum
550 1523 747 1560 merum
771 1524 881 1562 esse
913 1511 1170 1563 hominem
1216 1512 1612 1566 existimaverit.
1654 1511 1766 1565 XV.
1797 1516 1878 1565 An

381 1579 513 1651 duos
561 1575 797 1651 Christus
839 1578 1072 1651 ﬁnderit.
1121 1577 1260 1651 XVI.
1297 1578 1485 1634 Utrum
1516 1592 1561 1634 et
1590 1600 1690 1651 quo
1717 1599 1875 1634 sensu

382 1644 566 1718 {esum
596 1644 847 1718 induisse
879 1646 1076 1701 Filium
1119 1648 1210 1703 Dei
1248 1644 1682 1718 pronuntiaverit.
1715 1651 1874 1704 XVII.

385 1715 503 1782 Quo
556 1733 708 1770 sensu
760 1717 1026 1771 Christum
1064 1715 1257 1773 dixerit
1309 1721 1583 1780 deiﬁcasse
1632 1731 1878 1774 naturam

382 1790 686 1842 humanam.
720 1786 901 1840 XVIII.
935 1787 1052 1851 Quo
1082 1805 1240 1842 sensu
1274 1789 1540 1844 Christum
1569 1808 1678 1846 esse
1725 1791 1878 1844 dixe-

384 1859 451 1908 rit
477 1856 642 1929 virum
667 1855 817 1929 illurn
839 1859 1092 1929 iterilem,
1120 1863 1184 1911 de
1207 1877 1307 1929 quo
1329 1859 1588 1913 Jeremias
1607 1878 1723 1928 cap.
1743 1875 1850 1914 χχιι

1977 622 2242 676 adventus
2280 635 2388 688 quo
2416 617 2697 674 descendit
2719 616 2783 670 ad
2819 626 3020 677 terras;
3053 625 3107 670 et
3138 617 3204 669 ad
3243 613 3434 670 Isaiam
3462 628 3555 666 ve-

1975 715 2079 780 nit,
2104 724 2158 769 et
2185 713 2251 768 ad
2282 711 2502 783 Moysen
2538 711 2706 775 venit,
2739 716 2793 764 et
2818 709 2886 762 ad
2919 707 3173 776 populum
3200 707 3372 768 venit,
3406 715 3461 760 et
3491 704 3561 757 ad

1977 819 2419 874 unumquemque
2440 804 2824 873 prophetarum
2849 802 2997 854 venit
3023 817 3039 854 :
3067 814 3240 868 neque
3267 808 3322 853 tu
3343 799 3557 862 timeas,

1976 897 2187 954 etiamsi
2212 895 2326 964 jam
2355 895 2494 951 cmlo
2530 903 2778 963 receptus
2805 901 2910 958 est,
2945 891 3140 946 iterum
3181 891 3384 944 veniet.
3417 888 3554 955 Quia

1977 999 2157 1048 autem
2205 997 2260 1044 et
2305 995 2433 1043 ante
2477 985 2821 1056 praesentiam
2869 983 3140 1040 carnalem
3191 982 3257 1036 ad
3309 980 3561 1037 homines

1976 1083 2228 1147 venerit,
2265 1081 2440 1151 ipsum
2471 1080 2657 1148 accipe
2694 1087 2886 1132 testem
2936 1076 3342 1131 denuntiantem
3395 1087 3561 1144 atque

1981 1178 2250 1231 dicentem
2280 1191 2294 1228 :
2321 1172 2645 1239 Jerusalem,
2672 1169 3007 1233 Jerusalem,
3045 1184 3163 1238 qua:
3202 1169 3396 1222 occidis
3429 1181 3556 1235 pro-

1980 1267 2184 1338 phetas,
2205 1276 2252 1320 et
2283 1264 2492 1334 lapides
2525 1281 2612 1318 eos
2653 1263 2743 1333 qui
2779 1263 2927 1315 missi
2967 1270 3086 1314 sunt
3123 1259 3192 1312 ad
3228 1269 3310 1322 te,
3358 1258 3562 1329 quoties

1982 1357 2130 1413 volui
2156 1356 2400 1426 colligere
2433 1355 2575 1422 ﬁlios
2617 1363 2734 1407 tuos
2749 1351 2843 1404 ιιι
2875 1352 3091 1416 Quoties
3119 1350 3278 1402 volui.
3329 1346 3444 1403 Non
3477 1348 3560 1402 di—

1983 1449 2093 1503 cit:
2122 1446 2241 1503 Non
2274 1446 2383 1501 vidi
2413 1455 2464 1499 te
2491 1445 2594 1500 nisi
2625 1445 2731 1500 isto
2761 1443 2999 1496 adventu
3027 1459 3040 1505 ;
3067 1440 3163 1495 sed
3193 1439 3324 1494 dicit
3355 1456 3370 1492 :
3413 1437 3559 1504 Quo-

1979 1540 2080 1593 ties
2108 1538 2274 1593 uolui.
2316 1537 2384 1592 Et
2405 1551 2502 1606 per
2526 1534 2768 1606 singulos
2791 1535 3178 1604 prophetarum
3229 1539 3556 1584 convertens

1979 1631 2230 1702 se:Ego,
2257 1629 2459 1697 inquit,
2511 1641 2660 1682 eram
2710 1625 2958 1682 Christus
3002 1625 3092 1694 qui
3155 1623 3415 1691 loquebar
3462 1634 3560 1690 per

1981 1723 2291 1791 prophetas.
2319 1719 2438 1775 Dixi
2474 1735 2490 1774 :
2527 1717 2712 1788 Neque
2748 1727 2803 1772 tu
2835 1717 3064 1781 timeas,
3091 1724 3146 1769 et
3196 1729 3338 1767 nunc
3382 1711 3554 1766 mitti-

1986 1823 2070 1868 tur
2105 1813 2264 1869 Jesus
2289 1811 2561 1868 Christus.
2596 1810 2714 1866 Non
2754 1811 3016 1866 mentitur
3049 1827 3063 1863 :
3099 1807 3381 1863 Vobiscum
3417 1823 3555 1868 sum,

1743 1894 1874 1983 λίςξέ
1910 1894 1952 1954 Β
1978 1907 2053 1960 ait
2078 1905 2358 1970 Dominus,
2379 1919 2553 1959 omnes
2579 1905 2690 1957 dies
2716 1918 2882 1972 usque
2927 1901 2997 1955 ad
3047 1899 3554 1954 consummationem

386 1995 818 2068 censuerit._XX.
857 1996 968 2068 _Pro
1002 1995 1190 2068 quibus
1215 2017 1428 2067 passum
1456 1995 1722 2053 Christum
1757 2001 1872 2068 opi-

384 2075 538 2118 natus
563 2068 650 2120 sit.
684 2065 823 2120 XXI.
851 2065 1451 2122 Recensentur'Patrum
1482 2065 1874 2124 criminationes

382 2135 631 2216 aduersus
690 2134 931 2216 Qrigenis
1000 2140 1330 2216 sententiam.
1396 2138 1557 2216 XXII.
1625 2140 1754 2204 Quae
1812 2156 1876 2193 ea:

382 2207 546 2272 ipsius
595 2207 760 2259 verbis
793 2209 1120 2274 proponitur.
1162 2207 1352 2267 XXIII.
1401 2209 1524 2262 Non
1568 2215 1700 2264 satis
1755 2227 1877 2264 con-

335 2287 341 2293 '
383 2283 491 2328 stat
516 2292 584 2348 an
608 2292 743 2342 sa’pe
773 2279 892 2345 jam
937 2293 1033 2345 pro
1067 2278 1218 2331 rebus
1266 2283 1468 2332 ratione
1505 2281 1775 2348 prteditis,
1808 2297 1877 2332 an

384 2345 544 2398 semel
563 2355 773 2418 tantum
800 2362 1008 2411 passum
1028 2385 1043 2410 ,
1085 2349 1338 2418 anietiam
1371 2345 1657 2418 aliquando
1692 2366 1880 2418 passu-

384 2430 503 2466 rum
529 2414 793 2488 Christum
815 2420 1094 2488 putauerit.
1135 2417 1327 2472 XXIV.
1371 2414 1470 2472 Eas'
1503 2436 1662 2488 supra
1693 2414 1878 2473 allatis

385 2485 614 2557 genuina
668 2487 835 2557 ipsius
893 2487 1080 2557 Opinio
1119 2488 1347 2557 elicitur.
1400 2485 1576 2542 XXV.
1626 2487 1792 2557 Cujus
1831 2499 1879 2542 et

386 2555 532 2622 origo
584 2556 869 2627 indicatur.
915 2555 1128 2627 __XX__VI.
1165 2556 1461 2627 ANonnulla
1522 2555 1725 2627 faciunt
1784 2575 1879 2627 pro

383 2638 545 2676 causa
595 2622 856 2694 Origenis.
915 2623 1126 2684 XXVII.
1159 2625 1348 2682 Utrum
1395 2622 1661 2682 Christum
1690 2631 1746 2681 in
1773 2622 1882 2682 sole

387 2708 574 2757 corpus
590 2710 744 2766 suum
773 2696 1042 2766 reliquisse
1057 2701 1154 2751 sibi
1175 2699 1408 2766 ﬁnxerit.
1429 2697 1672 2754 XXVIII.
1691 2697 1882 2752 Utrum

386 2765 647 2816 censuerit
677 2763 942 2818 Christum
992 2763 1250 2836 hominem
1290 2784 1401 2821 esse
1439 2769 1690 2833 desiisse,
1740 2779 1883 2836 post-

385 2848 559 2913 quam
586 2843 824 2913 mortuus
873 2845 968 2888 est.
1009 2835 1204 2913 XXIX.
1243 2837 1357 2902 Quo
1403 2855 1557 2891 sensu
1609 2835 1884 2913 Christum

309 2943 314 2948 .
385 2905 580 2976 dixerit
615 2907 775 2956 etiam
811 2920 949 2976 nunc
999 2907 1173 2976 lugere
1217 2915 1430 2974 peccata
1481 2917 1680 2961 nostra.
1708 2906 1882 2962 XXX.

391 2970 587 3026 Utrum
617 2989 836 3042 regnum
864 2970 1074 3028 Christi
1086 2970 1379 3030 desiturum
1407 2978 1707 3034 crediderit.

388 3061 432 3118 l.
462 3063 769 3134 Vulgatum,
806 3076 862 3120 et
889 3065 942 3119 in
961 3066 1158 3122 scholis
1177 3077 1448 3137 receptum
1467 3068 1884 3138 theologiearum

319 3155 743 3224 disputationum
767 3157 1010 3213 ordinem
1059 3158 1148 3212 hic
1184 3157 1518 3224 deserimus,
1551 3169 1884 3214 assectanles

317 3245 611 3319 Origenem
637 3289 652 3313 ,
694 3249 850 3318 cujus
879 3258 936 3302 ut
963 3250 1254 3305 abnormes

317 3339 487 3393 rebus
523 3337 720 3393 divinis
750 3339 1033 3393 sententia:
1055 3377 1071 3402 ,
1104 3340 1174 3392 ita
1201 3338 1485 3408 peculiari,
1513 3349 1569 3394 et
1597 3355 1629 3395 a
1656 3355 1887 3396 consue—

317 3430 393 3484 tis
438 3430 618 3484 aliena
647 3430 913 3484 divisione
938 3431 1234 3484 tractandae
1260 3439 1408 3486 sunt.
1467 3429 1525 3486 In
1577 3430 1889 3486 inferiorem

316 3534 448 3592 ergo
474 3520 651 3576 locum
687 3521 926 3590 rejectis,
974 3535 1092 3590 qua:
1138 3521 1204 3574 ad
1243 3521 1466 3590 angelos
1510 3532 1566 3578 et
1614 3524 1889 3592 opiﬁcium

319 3627 418 3666 sex
446 3613 695 3679 dierum,
745 3614 962 3682 aliaque
1009 3612 1094 3668 his
1133 3613 1384 3684 deinceps
1434 3617 1687 3669 subnecti
1733 3617 1892 3670 solita

317 3703 638 3771 pertinent,
669 3703 1096 3771 quaestionibus,
1127 3701 1380 3774 Origenis
1424 3707 1490 3759 de
1536 3703 1703 3761 Verbi
1735 3707 1893 3761 ὲνανο

319 3794 604 3866 θρωπήσει
675 3804 730 3849 et
790 3795 1070 3868 οἰκονομίᾳ
1120 3805 1518 3865 perscrutemur
1558 3799 1814 3864 decreta,
1843 3797 1890 3853 si

1979 2017 2160 2072 steculi
2186 2017 2252 2068 ⁸⁸.
2290 2013 2405 2069 Νοη
2448 2015 2751 2069 mentitur:
2799 2012 2902 2066 Ubi
2949 2012 3054 2066 duo
3085 2012 3161 2065 vel
3207 2019 3310 2064 tres
3351 2008 3558 2063 collecti

1981 2111 2171 2163 suntin
2196 2109 2404 2161 nomine
2434 2122 2570 2168 meo,
2597 2115 2646 2159 et
2674 2121 2769 2174 ego
2796 2121 2913 2158 sum
2937 2105 2993 2156 in
3028 2104 3198 2156 medio
3229 2099 3495 2155 eorum“.
3527 2118 3546 2149 ι

1985 2201 2079 2256 His
2125 2208 2344 2254 assonat
2390 2208 2518 2252 tom.
2572 2213 2647 2251 xu
2691 2198 2746 2250 in
2811 2195 3030 2260 Matth.,
3073 2209 3220 2248 num.
3265 2192 3336 2246 45
3367 2211 3379 2246 :
3411 2190 3556 2262 Πρό-

1985 2308 2113 2362 σχες
2135 2290 2192 2343 δὲ
2217 2292 2265 2342 εἱ
2298 2289 2522 2342 δύνασαι
2555 2284 2848 2342 καὶταῦτα
2887 2288 3062 2339 εἰπεῖν
3105 2284 3232 2355 περὶ
3273 2283 3378 2336 τῶν
3413 2282 3558 2336 κατὰ

1981 2383 2076 2436 τὸν
2098 2381 2282 2445 τόπον,
2317 2381 2398 2434 ὅτι
2443 2379 2738 2451 νοήσαντες
2781 2379 2829 2433 οἱ
2867 2376 3104 2449 μαθηταὶ
3156 2377 3247 2429 τὸν
3294 2375 3420 2428 Υἱὸν
3460 2375 3558 2428 τοῦ

1985 2473 2121 2529 Θεοῦ
2147 2470 2617 2543 κεχρηματικέναι
2642 2471 2883 2533 Μωῡσεϊ,
2911 2469 3004 2522 καὶ
3026 2467 3186 2521 αὑτὸν
3214 2461 3350 2520 εἶναι
3375 2465 3465 2520 τὸν
3487 2465 3559 2517 sl-

1989 2567 2194 2641 ρηκὸτα
2213 2583 2228 2598 ι
2252 2565 2312 2618 οὐ
2340 2565 2452 2636 γὰρ
2472 2563 2661 2634 ὄψεται
2687 2561 2972 2634 ἄνθρωπος
2999 2561 3060 2614 τὸ
3097 2558 3384 2631 πρόσωπόν
3430 2574 3555 2629 μου,

1987 2661 2084 2714 καὶ
2113 2659 2368 2731 {querar
2426 2665 2482 2711 et
2528 2663 2689 2712 tract.
2733 2669 2861 2708 XXVI
2914 2653 2971 2706 in
3005 2651 3222 2718 Matth.,
3273 2667 3420 2705 num.
3461 2651 3556 2713 28,

1986 2768 2110 2823 pag.
2136 2752 2263 2816 849,
2291 2766 2569 2820 exponens
2592 2747 2762 2803 illud:
2807 2745 3023 2812 Quoties
3063 2744 3203 2798 uolui
3243 2758 3559 2812 congregare

1989 2847 2128 2917 ﬁlios
2157 2853 2297 2910 tuos,
2324 2844 2458 2898 sicut
2495 2841 2696 2912 gallina
2727 2839 2898 2909 pullos
2941 2855 3064 2892 suos
3105 2838 3200 2893 sub
3240 2852 3436 2904 pennas
3458 2878 3471 2901 ,
3507 2847 3558 2889 et

1992 2937 2250 2992 noluisti?
2286 2955 2305 2988 ι
2339 2933 2638 3004 Quomodo,
2692 2932 2904 3001 inquit,
2960 2930 3048 2987 hic
3113 2930 3369 2985 Dominus
3403 2927 3560 2983 Jesns

1991 3033 2146 3101 quasi
2201 3032 2290 3102 qui
2343 3030 2653 3100 frequenter
2701 3025 2880 3082 voluit
2944 3036 3274 3094 congregare
3320 3019 3556 3087 Judteos,

1994 3141 2100 3182 non
2130 3133 2308 3181 autem
2357 3119 2704 3194 congregavit
2749 3129 2970 3189 prOpter
3014 3113 3408 3171 contumaciam
3458 3127 3558 3166 no-

1289 3207 1518 3306 ξίιξῑιῑᾱί
1547 3207 1888 3322 usus;
1916 3255 1961 3317 ο
2635 3207 3281 3322 δίῖίοίὶθῖθξῗθῖῗῗῖτῖἷτ
3305 3207 3552 3322 sui:

1992 3310 2336 3368 manifestum
2363 3307 2527 3363 semel
2547 3321 2669 3361 eum
2693 3303 2937 3359 docuisse
2954 3301 3010 3355 in
3035 3313 3263 3370 corpore
3298 3297 3512 3354 Judaeos
3533 3298 3562 3351 ?

1990 3405 2097 3460 Sed
2130 3418 2235 3458 non
2260 3401 2433 3457 solum
2462 3401 2514 3453 in
2541 3397 2829 3468 praesentia
2853 3436 2869 3462 ,
2895 3409 3082 3448 verum
3108 3395 3272 3448 etiam
3301 3392 3555 3445 substan-

1992 3496 2192 3553 tialiler
2214 3508 2428 3564 semper
2463 3491 2714 3547 Christus
2748 3501 2989 3558 praesens
3029 3485 3128 3540 fuit
3172 3495 3226 3539 et
3261 3485 3310 3538 iu
3357 3483 3562 3555 Moyse.

1991 3596 2046 3641 et
2079 3585 2130 3640 in
2159 3581 2472 3654 prophetis;
2509 3579 2681 3650 magis
2720 3587 2900 3632 autem
2947 3587 3006 3632 et
3060 3577 3114 3629 in
3150 3573 3354 3644 angelis
3403 3575 3565 3629 mini-

1991 3675 2294 3730 strantibus
2324 3671 2484 3728 saluti
2511 3671 2784 3734 humanae,
2822 3677 2880 3723 et
2926 3681 3024 3737 per
3046 3666 3289 3737 singulas
3335 3681 3565 3735 genera-

1994 3787 2169 3842 tiones
2203 3806 2214 3841 :
2251 3793 2308 3840 et
2341 3783 2421 3838 sic
2458 3782 2712 3851 impletur
2746 3796 2759 3832 :
2805 3777 3018 3845 Quoties
3050 3777 3212 3832 volui.
3245 3777 3346 3830 Per
3380 3778 3564 3846 singu-

319 3902 442 3956 quae
491 3896 616 3941 sunt
667 3887 900 3940 obnoxia
962 3887 1506 3957 reprehensionibus,
1553 3899 1608 3944 ei
1653 3890 1892 3942 animum
1994 3877 2074 3933 Ias
2108 3877 2253 3933 enim
2284 3877 2662 3947 generationes
2709 3886 2924 3941 semper
2963 3871 3130 3925 voluit
3174 3877 3230 3922 et
3285 3867 3566 3922 festinavit

309 3988 550 4050 possunt
587 3977 1106 4034 otfeuderelectoris
1131 3980 1442 4035 orthodoxi.
1475 3979 1556 4036 Ac
1579 3991 1892 4047 suutcerle,
1997 3970 2260 4042 Perﬁce":
2309 3968 2642 4024 VOIUIIlalem
2691 3965 2874 4020 Patris
2923 3965 2980 4019 in
3025 3963 3106 4019 eis
3141 3979 3154 4012 ε
3193 3963 3296 4017 θἰεί
3352 3977 3458 4015 ηοη
3509 3961 3562 4014 ill

319 4085 502 4142 neque
548 4085 755 4142 pauca,
793 4087 913 4140 quae
965 4072 1034 4126 ab
1081 4072 1200 4142 ejus
1229 4072 1488 4126 ventilata
1536 4081 1592 4126 et
1621 4072 1897 4127 confutata
1995 4077 2222 4131 corpore
2250 4061 2598 4122 constitutus,
2640 4057 2786 4112 sicut
2818 4070 2960 4109 nunc
2993 4053 3045 4107 in
3077 4052 3184 4108 ﬁne
3223 4051 3568 4128 saeculorum,

321 4163 680 4230 adversariis,
714 4174 918 4218 aeterna
959 4164 1163 4218 nomini
1194 4164 1312 4235 ejus
1340 4163 1596 4235 stigmata
1625 4165 1898 4235 imposue-

1996 4163 2175 4209 tamen
2213 4168 2428 4224 semper
2474 4150 2750 4206 festinavit
2787 4161 3116 4218 congregare
3159 4145 3298 4199 ﬁlios
3343 4141 3562 4198 Jerusa-

320 4263 470 4310 runt.
638 4315 656 4330 ο
1226 4233 1237 4235 ⁷
1424 4233 1439 4235 ί
1706 4233 1719 4235 “
1993 4249 2120 4304 lem.
2155 4247 2330 4317 Ipsius
2370 4244 2515 4300 enim
2545 4241 2774 4299 volentis
2797 4255 3128 4310 congregare
3162 4236 3300 4291 ﬁlios
3341 4233 3562 4290 Jerusac

396 4349 459 4404 II.
494 4325 655 4404 Levev
673 4348 800 4404 illud
849 4356 934 4402 est
984 4362 1094 4417 prie
1135 4345 1359 4417 reliquis
1387 4361 1511 4402 mox
1539 4344 1896 4417 exponendis,
1995 4340 2100 4395 lem
2131 4353 2290 4394 voces
2337 4337 2606 4391 habentur
2652 4334 2706 4388 in
2737 4332 2855 4402 lege
2881 4340 2937 4386 et
2967 4330 3019 4383 in
3055 4327 3370 4399 prophetis:
3397 4336 3454 4379 et
3498 4325 3566 4378 de

321 4454 382 4500 et
407 4443 638 4512 aliquam
669 4441 875 4497 habens
901 4441 1335 4504 excusationem,
1361 4456 1470 4511 quo
1497 4441 1770 4496 Christum
1801 4442 1899 4496 do-
1999 4431 2118 4502 ipso
2141 4430 2406 4499 scriptum
2435 4435 2517 4482 est
2551 4443 2564 4480 :
2597 4424 2912 4494 Expendens
2944 4422 3058 4474 alas
3081 4435 3203 4472 suas
3228 4417 3567 4512 accepitgeos,

322 4537 457 4603 cuit,
485 4509 773 4607 antequam
820 4535 984 4589 homo
1025 4535 1212 4599 fieret,
1261 4509 1410 4586 Patri
1465 4531 1892 4599 ministrantem,
1929 4602 1958 4607 ᾗ
1999 4533 2046 4578 et
2087 4522 2312 4591 suscepit
2352 4536 2440 4575 eos
2476 4533 2630 4587 super
2663 4514 2904 4584 scapulas
2927 4513 3170 4607 suas":
3214 4519 3270 4607 et
3300 4509 3569 4607 quotidia-

323 4625 382 4681 in
427 4601 646 4694 Moyse:
667 4624 939 4694 prophetis
978 4632 1033 4676 et
1079 4621 1287 4690 angelis
1337 4621 1612 4675 hominum
1669 4621 1892 4675 salutem
1926 4602 1971 4657 Ι)
2000 4629 2128 4668 num
2166 4627 2302 4682 opus
2333 4621 2416 4666 est
2449 4608 2651 4665 Christi
2679 4619 3009 4678 congregare
3036 4605 3180 4659 ﬁlios
3223 4601 3564 4664 Jerusalem;

322 4693 775 4788 promoventibns
799 4714 1064 4778 adfuisse,
1100 4721 1155 4768 et
1187 4712 1403 4782 quidem
1439 4710 1887 4778 substantialiter,
1998 4708 2065 4762 de
2096 4706 2290 4775 quibus
2319 4703 2373 4757 in
2416 4701 2552 4756 Isaia
2577 4709 2630 4756 et
2661 4703 2714 4754 in
2745 4698 2966 4768 reliquis
2996 4696 3276 4767 prophetis
3304 4693 3458 4788 plura
3489 4693 3569 4746 di-

324 4787 491 4877 atque
523 4809 592 4862 ita
620 4823 772 4864 suam
799 4805 1198 4876 quodammodo
1243 4802 1554 4874 οἰκονομίαν
1588 4802 1892 4857 inchoasse.
1999 4810 2214 4854 cuntur.
2256 4797 2325 4852 Et
2351 4795 2589 4866 quotidie
2627 4793 2719 4848 Dei
2753 4791 2924 4847 Filius
2951 4796 3248 4859 congregat
3285 4787 3568 4855 dispersos

323 4904 407 4960 En
446 4901 540 4957 tibi
570 4902 737 4972 ipsius
766 4902 926 4954 verba
958 4914 1023 4954 ex
1050 4898 1240 4954 homil.
1269 4896 1302 4951 8
1327 4898 1383 4951 in
1410 4895 1622 4962 Genes.,
1651 4895 1891 4960 num..8:

331 5013 360 5047 ι
394 4995 461 5050 Et
511 5005 690 5048 tamen
735 4991 1186 5048 considerandum
1236 4997 1319 5044 est
1353 4990 1478 5058 quia
1517 4988 1741 5059 angelus
1783 4987 1898 5041 haec

324 5087 563 5143 refertur
598 5087 664 5140 ad
684 5086 956 5140 Abraham
979 5085 1218 5146 locutus,
1253 5093 1308 5136 et
1327 5084 1455 5152 quia
1478 5083 1530 5136 in
1559 5094 1895 5149 consequen-

327 5182 476 5235 tibus
529 5181 813 5234 evidenter
870 5179 959 5232 hic
1010 5177 1232 5246 angelus
1266 5175 1524 5229 Dominus
1573 5172 1896 5228 ostenditur.

332 5273 484 5328 Unde
507 5283 634 5340 puto
657 5270 798 5340 quod
836 5269 974 5324 sicut
1010 5269 1150 5322 inter
1182 5281 1280 5321 nos
1311 5266 1556 5320 homines
1588 5264 1772 5317 habitu
1814 5277 1901 5316 re-

325 5372 521 5436 pertus
545 5371 629 5417 est
657 5373 714 5415 ut
747 5363 932 5425 homo,
966 5359 1040 5414 ita
1069 5368 1125 5413 et
1162 5358 1306 5411 inter
1331 5354 1550 5423 angelos
1601 5351 1786 5407 habitu
1815 5361 1899 5406 est

329 5462 582 5522 repertus
632 5460 690 5506 ut
738 5451 1004 5521 angelus;
1060 5468 1079 5501 ι
1118 5455 1172 5502 et
1225 5462 1294 5500 ex
1345 5445 1535 5500 homil.
1590 5445 1618 5497 1
1665 5444 1719 5497 ἰη
1768 5442 1898 5496 illud

325 5543 482 5599 Isaiae
511 5561 526 5599 :
565 5539 632 5596 Et
657 5558 826 5613 regem
855 5541 1132 5594 Dominum
1157 5538 1390 5594 Sabaoth
1409 5537 1514 5590 vidi
1540 5535 1704 5589 oculis
1743 5534 1895 5597 meis,

327 5644 379 5689 et
405 5637 594 5690 missus
625 5642 699 5689 est
729 5637 796 5688 ad
827 5649 907 5686 me
947 5649 1082 5686 unus
1104 5631 1167 5684 de
1198 5630 1458 5690 seraphim
1487 5627 1534 5659 ³⁸
1563 5643 1577 5680 :
1611 5643 1630 5675 ε
1664 5625 1779 5680 Non
1816 5635 1900 5680 est

321 5857 326 5859 -
403 5841 454 5874 ⁸⁸
478 5839 584 5895 Isa.
624 5853 702 5900 vi.
727 5836 780 5900 5,
810 5833 866 5890 6.

1999 4894 2138 4950 ﬁlios
2186 4892 2314 4956 Dei,
2369 4889 2512 4944 sicut
2557 4886 2755 4958 gallina
2799 4883 2977 4954 pullos
3024 4895 3154 4937 suos
3208 4880 3308 4934 sub
3363 4891 3570 4948 pennas

2000 5001 2148 5043 suas.
2187 5003 2209 5037 ι
2241 4983 2296 5037 In
2322 4997 2429 5052 quo
2485 4995 2606 5034 cum
2647 4978 2723 5032 ait
2769 4972 3198 5031 substantialiter
3242 4981 3566 5042 praesentem

1993 5071 2444 5129 fuisseChristum
2467 5069 2519 5124 in
2539 5066 2721 5138 Moyse
2742 5074 2797 5119 et
2822 5065 2874 5118 in
2896 5062 3194 5133 prophetis,
3219 5059 3564 5130 conjunctio—

1999 5182 2122 5222 nem
2186 5163 2437 5234 intelligit
2487 5159 2776 5231 σχετικὴν,
2829 5171 2935 5210 non
2983 5168 3114 5208 vero
3175 5151 3565 5222 ὑποστατικήν.

1998 5259 2273 5315 Praeterea
2305 5266 2437 5309 tom.
2470 5268 2489 5308 ι
2519 5254 2576 5305 in
2605 5249 2796 5316 Joan.,
2825 5264 2972 5302 num.
2996 5247 3066 5300 54
3099 5262 3114 5300 :
3157 5246 3270 5298 Καὶ
3305 5242 3435 5314 περὶ
3469 5241 3574 5312 μὲν

2005 5350 2099 5405 τοῦ
2121 5349 2405 5421 ἄνθρωπον
2432 5345 2592 5399 αὑτὸν
2619 5341 2899 5412 γεγονέναι
2931 5337 3104 5400 οὐδεὶς
3137 5336 3243 5389 τῶν
3279 5351 3572 5387 πεπιστευ-

2007 5443 2180 5496 κότων
2216 5439 2476 5502 διστάζει.
2516 5436 2654 5508 Περὶ
2704 5433 2762 5488 δὲ
2805 5430 2900 5486 τοῦ
2953 5429 3200 5498 ἄγγελον,
3253 5424 3572 5496 πειθώμεθα

2005 5533 2293 5606 τηροῦντες
2331 5530 2428 5594 τὰς
2466 5529 2572 5581 τῶν
2608 5525 2852 5595 ἀγγέλων
2885 5519 3202 5590 ἐπιφανείας
3236 5515 3329 5570 καὶ
3356 5515 3573 5585 λόγους,

2007 5625 2096 5680 ὅτε
2119 5626 2219 5696 τῆς
2243 5624 2350 5678 τῶν
2375 5621 2623 5691 ἀγγέλων
2654 5617 2900 5687 ἐξουσίας
2927 5615 3171 5688 φαίνεται
3189 5653 3204 5677 ,
3239 5610 3296 5664 ἐν
3330 5627 3442 5664 τισι
3482 5609 3579 5666 τό-

967 5831 1014 5866 "
1038 5829 1227 5888 Matth.
1255 5845 1416 5897 mu,
1439 5828 1529 5884 37.
1606 5824 1651 5859 ³⁸
1681 5825 1867 5882 Matth.
1893 5839 2087 5892 xxvm,
2122 5821 2214 5876 20.
2289 5819 2332 5852 ³⁷
2363 5816 2549 5873 Matth.
2591 5833 2750 5886 xvln,
2779 5814 2871 5870 ‘20.
2949 5814 2996 5848 ⁵⁸
3018 5815 3170 5871 Deut.
3205 5821 3384 5873 sxxii,
3418 5809 3515 5880 ιι.
