4160 6388
609 350 714 406 739

1884 367 1946 422 P.
1988 367 2307 427 DANIELIS
2344 367 2578 425 HUETII

3752 369 3859 425 800

604 481 731 527 ππς
751 466 852 537 τῆς
876 468 1097 541 Γρᾳφῆς
1121 472 1369 543 ἀγγέλων
1399 478 1666 548 λεγόντων
1691 479 1881 551 ὥσπερ
1918 466 2010 534 ἐπὶ
2047 481 2139 534 τοῦ

2258 536 2262 545 _
2290 491 2531 547 ventum,
2559 482 2824 538 mediator
2855 483 3072 552 quidem
3102 492 3223 538 erat
3250 485 3550 548 hominum,
3582 484 3678 539 sed
3722 502 3855 539 non-

606 558 798 629 '05:0n
840 564 1091 634 ἅγγελος
1133 572 1354 637 Kvplov
1394 574 1464 627 ἐν
1500 576 1641 645 πυρὶ
1698 576 1924 647 φλογὸς
1961 576 2179 645 βάτου,

602 653 701 706 καὶ
730 651 925 720 εἶπεν,
967 659 1082 727 ἐγὼ
1123 662 1269 730 Θεὸς
1324 667 1600 738 Ἀϐραὰμ,
1650 671 1749 724 καὶ
1814 672 2045 737 Ἰσαὰκ,
2079 673 2179 726 καὶ

615 744 851 801 Ἰακώϐ·
896 749 1030 805 ἀλλὰ
1073 756 1165 808 καὶ
1208 759 1237 810 ὁ
1297 758 1523 824 Ἡσαΐας
1569 762 1737 833 φησί·
1787 765 2067 820 Καλεῒται
2111 768 2179 819 τὸ

600 835 788 928 ὄνομα
816 842 1024 909 αὑτοῦ,
1047 849 1315 918 μεγάλης
1330 852 1571 925 ,ϐουλῆς
1602 858 1907 928 Ἄγγελος.
1940 859 2005 913 Ει
2028 860 2179 915 initio

603 927 732 981 tomi
772 935 1052 999 sequentis
1089 936 1256 994 docet
1302 941 1494 998 Filium
1553 945 1644 1001 Dei
1704 927 1927 1005 missum
1974 964 2095 1006 esse
2145 967 2175 1007 a

597 1015 764 1073 Patre
792 1022 857 1073 ad
892 1026 1219 1096 prophetas;
1256 1040 1311 1087 et
1344 1048 1468 1087 cum
1500 1034 1783 1106 Scriptura
1826 1041 1903 1094 ait
1943 1059 1958 1095 :
1988 1042 2175 1098 Sermo

596 1108 771 1178 factus
794 1124 868 1165 es!
896 1118 964 1168 ad
985 1118 1197 1189 Oseam,
1221 1122 1300 1179 sic
1325 1124 1456 1181 illud
1484 1128 1915 1200 intelligendum,
1938 1135 2171 1191 Verbum

598 1204 692 1259 Dei
746 1208 969 1264 missum
1026 1228 1147 1269 esse
1197 1216 1264 1271 ad
1310 1216 1527 1275 Oseam.
1572 1219 1716 1277 ldem
1774 1224 1936 1280 habet
1984 1238 2174 1283 auctor

594 1297 834 1357 liomil..l
870 1301 923 1355 in
966 1304 1209 1361 diversos
1248 1324 1260 1358 :
1302 1328 1319 1361 ι
1360 1311 1592 1368 Abrahae
1639 1314 1785 1371 Patri
1831 1319 2170 1379 credentium

595 1387 769 1443 tribus
797 1389 947 1447 horis
984 1397 1267 1465 temporis,
1296 1399 1421 1456 licet
1450 1418 1558 1458 non
1593 1419 1691 1472 per
1720 1406 1891 1477 ipsam
1924 1409 2170 1468 ineffabi-

592 1478 699 1534 lem
728 1482 955 1575 Deitatis
985 1488 1372 1559 substantiam,
1406 1497 1501 1551 sed
1532 1500 1710 1567 potius
1740 1517 1838 1573 per
1864 1506 2169 1575 angelicam

589 1573 832 1639 speciem
860 1590 891 1630 a
931 1580 1160 1637 meridie
1192 1584 1341 1639 visus
1369 1597 1451 1642 est
1482 1606 1496 1643 :
1536 1590 1696 1647 nobis
1733 1573 1963 1665 triginta
1996 1599 2168 1656 tribus

588 1664 748 1718 annis
782 1666 833 1719 in
877 1677 1020 1724 terra
1046 1676 1319 1743 apparuit,
1353 1688 1408 1733 et
1444 1697 1568 1736 cum
1601 1664 1912 1744 hominibus
1942 1706 2169 1747 conver-

586 1757 696 1809 sari
746 1758 994 1826 dignatus
1037 1774 1121 1818 est
1153 1767 1221 1823 ".
1283 1767 1457 1827 Jacob
1510 1776 1676 1831 etiam
1723 1780 1873 1836 brevi
1925 1792 2166 1854 tempore

585 1863 687 1918 per
729 1854 979 1922 angelum
1009 1858 1360 1920 nihilominus
1404 1870 1653 1938 apparuit
1689 1872 1994 1933 colluctans
2040 1894 2162 1933 cum

583 1956 670 2002 eo,
705 1962 725 1995 Ι
752 1954 857 2001 elC.

658 2034 742 2088 ΙΙΙ.
794 2038 1200 2106 Reprehensum
1255 2046 1425 2107 fuisse
1470 2053 1526 2107 id
1568 2054 1621 2109 in
1657 2054 1891 2128 Origene
1939 2061 2165 2116 adnotat

586 2128 772 2185 Sistus
823 2134 1081 2192 Senensis
1132 2138 1229 2197 lib.
1283 2158 1351 2208 v,
1392 2160 1518 2201 ann.
1572 2148 1697 2214 105,
1754 2152 1849 2205 sed
1876 2155 2160 2225 Augustini

581 2225 843 2297 suffragio
873 2229 1133 2288 defendit.
1175 2234 1524 2296 Consiniilem
1569 2257 1704 2299 sane
1750 2222 1985 2315 professi
2035 2222 2160 2305 sunt

580 2317 883 2374 doctrinam
918 2322 1107 2380 Patres
1149 2328 1360 2399 antiqui
1398 2332 1742 2403 complures,
1777 2352 1884 2393 non
1923 2339 2161 2411 Origene

578 2407 755 2460 solum
784 2414 1133 2481 vetustiores,
1161 2417 1245 2472 vel
1284 2421 1471 2489 coaevi,
1505 2426 1599 2479 sed
1627 2430 1962 2487 recentiores
1993 2407 2157 2488 etiam

577 2512 635 2555 et
672 2501 890 2561 Nicaena
936 2511 1147 2581 synodo
1192 2516 1543 2583 posteriores.
1592 2519 1794 2579 Horum
1837 2528 2053 2583 nomina
2104 2537 2159 2585 et

580 2592 701 2649 loca
753 2598 964 2669 colligit
1014 2601 1288 2661 Pamelius
1339 2609 1392 2663 in
1458 2610 1762 2670 Paradoxis
1814 2616 2154 2688 Tertulliani,

735 2688 802 2782 A179
842 2707 855 2743 :
903 2691 1239 2764 collegerunt
1285 2701 1515 2756 subinde
1559 2714 1614 2759 et
1662 2706 1775 2762 alii.
1831 2708 1907 2764 Ex
1964 2712 2159 2782 quibus

577 2777 712 2836 locis
736 2780 905 2851 liquet
944 2800 1258 2853 persuasum
1300 2791 1387 2846 his
1430 2793 1602 2851 fuisse
1640 2795 1896 2855 Patrihus
1946 2777 2154 2860 rnorem

574 2870 724 2927 Patri
779 2887 1058 2945 gerentem
1110 2878 1312 2936 Filium
1372 2885 1706 2953 patriarchis
1769 2894 2153 2961 aspectabilent

573 2980 699 3020 sese
729 2968 1046 3034 praibuisse,
1078 2970 1303 3043 Deique,
1335 2976 1545 3046 angeli,
1575 2980 1660 3033 vel
1691 2980 1903 3037 Domini
1935 2986 2150 3041 nomina

574 3056 743 3113 fuisse
772 3061 1021 3115 sortitum
1045 3079 1058 3127 ;
1091 3072 1145 3117 et
1171 3079 1508 3137 quaecunque
1538 3067 1593 3122 in
1621 3068 1953 3129 Testamenti
1988 3072 2151 3131 Vete-

572 3149 649 3202 ris
681 3149 904 3205 historia
944 3167 975 3207 a
1018 3152 1128 3209 Deo
1157 3154 1300 3209 facta
1333 3156 1595 3226 legimus,
1630 3159 1825 3217 Filium
1873 3175 2148 3222 auctorem
2178 3178 2220 3237 ο

575 3239 849 3296 habuisse.
882 3244 1134 3299 Altamen
1177 3262 1286 3302 non
1322 3247 1376 3303 in
1407 3264 1471 3305 ea
1520 3252 1625 3307 sibi
1680 3264 1896 3311 constat
1934 3268 2153 3314 senten-

572 3328 647 3382 tia
676 3341 865 3388 noster
910 3333 1204 3406 Origenes,
1248 3354 1373 3394 nam
1423 3346 1646 3399 easdem
1701 3362 1916 3417 quoque
1969 3362 2153 3420 partes

573 3434 964 3492 nonnunquam
1022 3427 1134 3483 Deo
1183 3428 1333 3484 Patri
1391 3433 1602 3489 videtur
1653 3438 2154 3503 assignare:velut

582 3510 768 3566 homil.
819 3514 854 3568 3
899 3517 954 3569 in
1012 3516 1143 3572 Lua.
1175 3535 1193 3573 :
1229 3538 1248 3571 ι
1288 3519 1476 3577 Gratia
1519 3524 1649 3591 Dei,
1709 3527 1926 3598 inquit,
1957 3530 2153 3589 fuitut

571 3613 860 3671 appareret
907 3604 1208 3678 Abraham,
1262 3610 1345 3665 vel
1391 3614 1607 3669 caeteris
1659 3619 1940 3687 prophetis
1985 3635 1998 3671 :
2041 3636 2148 3676 non

572 3695 714 3761 quod
745 3697 938 3754 oculus
968 3708 1175 3755 tantum
1209 3704 1392 3760 cordis
1418 3704 1692 3763 Abraham
1736 3711 1788 3765 in
1822 3728 1985 3769 causa
2028 3715 2149 3770 fue-

573 3789 665 3855 rit,
702 3797 760 3842 ut
790 3802 1040 3848 cerneret
1080 3793 1280 3862 Deum;
1311 3798 1406 3853 sed
1452 3801 1597 3869 quod
1630 3803 1807 3872 gratia
1865 3805 1960 3861 Dei
2007 3808 2150 3865 ultro

569 3894 630 3933 se
662 3882 1029 3950 aspiciendam
1058 3887 1362 3956 ‘praehuerit
1415 3892 1533 3949 viro
1573 3894 1747 3965 justo.
1803 3896 1918 3954 Hoc
1964 3910 2146 3957 autem

567 3979 677 4020 non
718 3968 892 4024 solum
943 3988 1108 4044 super
1138 3975 1251 4032 Deo
1280 3978 1445 4036 Patre
1493 3983 1788 4055 intelligas,
1840 3988 1935 4043 sed
1982 3992 2147 4047 etiam

564 4072 728 4127 super
754 4059 987 4119 Domino
1018 4063 1322 4134 Salvatore,
1348 4081 1404 4127 ct
1429 4088 1593 4144 super
1627 4074 1833 4147 Spiritu
1879 4093 2092 4138 sancto.
2121 4101 2141 4137 ι

639 4147 729 4208 ιν.
772 4151 875 4222 Qui
908 4153 1102 4211 Filium
1132 4156 1248 4227 Dei,
1278 4163 1591 4234 priusquam
1622 4166 1920 4225 humanum
1955 4172 2147 4230 indue-

565 4252 652 4298 ret
685 4257 902 4315 corpus,
936 4246 989 4302 in
1021 4249 1249 4320 angelis,
1283 4254 1612 4324 patriarchis
1643 4268 1699 4313 et
1735 4261 2017 4331 prophetis
2046 4267 2145 4320 ad-

568 4337 737 4392 fuisse
768 4340 999 4408 dixerit;
1028 4341 1121 4399 Dei
1147 4360 1364 4417 quoque
1391 4358 1446 4404 et
1474 4351 1756 4409 hominum
1788 4358 2144 4417 mediatorem

563 4435 693 4481 tunc
717 4425 905 4495 fuisse,
941 4431 1328 4490 internuntium
1352 4477 1367 4504 ,
1392 4447 1447 4492 et
1467 4452 1809 4509 sequestrum
1837 4446 2020 4504 dicere
2049 4465 2143 4506 ne-

562 4534 719 4573 cesse
765 4533 866 4576 est.
922 4520 1071 4579 llanc
1126 4529 1437 4595 dogmatum
1485 4537 1933 4605 consequentiam
1968 4543 2139 4599 tenuit

2258 4535 2315 4589 ad
2355 4532 2583 4591 Paulum
2635 4537 3053 4595 Samosatenum
3094 4558 3108 4597 :

562 4615 846 4686 Origenes,
877 4630 932 4673 et
960 4620 1049 4689 qui
1082 4622 1234 4691 prius
1258 4622 1386 4679 illud
1415 4638 1710 4699 posuerat,
1741 4629 1972 4687 alterum
2004 4650 2140 4705 quo-

567 4720 674 4796 que
705 4705 810 4761 hoc
839 4710 1103 4765 decrevit.
1132 4710 1309 4767 Verba
1357 4716 1525 4784 ipsius
1569 4719 1830 4777 debemus
1868 4723 2138 4796 Apologia:

562 4795 831 4868 Pamphili
854 4817 918 4856 ex
950 4801 1042 4857 lib.
1074 4819 1131 4857 ιιι
1161 4805 1214 4858 in
1239 4803 1411 4875 Epist.
1442 4810 1510 4861 ad
1542 4807 1745 4867 Coloss.
1773 4829 1791 4866 :
1826 4832 1845 4865 ‹
1884 4816 2014 4870 Data
2042 4795 2140 4874 est

563 4896 767 4953 autem,
800 4888 999 4960 inquit,
1031 4892 1116 4947 lex
1157 4893 1323 4965 Moysi
1370 4912 1465 4966 per
1505 4900 1726 4968 angelos
1774 4904 1827 4955 in
1881 4918 2042 4957 manu
2082 4914 2137 4961 et

558 4980 759 5036 virtute
792 4984 1106 5040 mediatoris
1126 4985 1328 5041 Christi
1359 4988 1441 5053 5°;
1467 4991 1557 5056 qui
1590 5006 1710 5045 cum
1735 5004 1879 5048 esset
1905 4996 1959 5049 in
1985 4997 2135 5065 prin-

559 5074 703 5144 cipio
739 5072 973 5131 Verbum
1009 5078 1137 5146 Dei,
1185 5089 1239 5134 et
1283 5082 1424 5152 apud
1472 5080 1640 5138 Deum
1671 5096 1849 5152 esset,
1891 5097 1946 5142 et
1995 5090 2135 5145 Deus

559 5178 701 5223 esset
748 5168 983 5227 Verbum
1032 5172 1112 5242 “,
1158 5172 1307 5231 Patri
1359 5176 1412 5231 in
1458 5178 1709 5235 omnibus
1785 5182 2132 5239 ministravit.

561 5264 752 5319 Omnia
802 5268 945 5321 enim
980 5284 1074 5337 per
1118 5269 1288 5337 ipsum
1329 5270 1472 5338 facta
1523 5282 1643 5326 sunt
1672 5271 1737 5338 ⁸⁸,
1790 5272 1843 5328 id
1899 5284 1977 5330 est
2029 5292 2133 5330 non

558 5358 729 5412 solum
755 5369 1039 5427 creaturae,
1060 5362 1154 5417 sed
1185 5371 1241 5416 et
1263 5363 1369 5427 lex,
1394 5371 1449 5417 et
1481 5365 1790 5433 prophetae;
1821 5376 1878 5421 et
1908 5367 2135 5436 ipsemet

554 5460 640 5504 est
672 5452 934 5507 mediator
958 5453 1053 5507 Dei
1088 5464 1136 5509 et
1164 5454 1433 5509 hominum
1475 5456 1541 5514 ⁸³.
1590 5457 1745 5525 Quod
1800 5460 2032 5515 Verbum
2083 5464 2135 5515 in

556 5542 667 5597 fine
718 5545 933 5612 quidem
988 5546 1311 5603 saeculorum
1358 5550 1522 5606 homo
1594 5550 1771 5607 factus
1831 5561 1919 5607 est
1975 5549 2133 5607 Jesus

553 5632 844 5702 Christus,
876 5640 970 5692 sed
1008 5649 1134 5695 ante
1160 5639 1307 5696 hunc
1337 5642 1688 5700 manifestum
1724 5643 1779 5698 in
1825 5659 1987 5701 carne
2026 5643 2129 5699 ad-

627 5753 672 5830 '1
712 5750 920 5830 Daruch
952 5769 1036 5830 nt,
1064 5755 1154 5811 38.
1256 5759 1299 5792 ⁶⁰
1326 5758 1504 5817 Galat.
1540 5777 1627 5830 ttt,
1659 5760 1743 5819 l9.

558 5824 603 5855 “
632 5823 808 5879 Galat.
841 5840 921 5895 tn,
958 5826 1043 5893 I‘J,
1073 5828 1163 5883 ευ.

1841 5762 1883 5794 ⁶¹
1921 5760 2079 5823 Joan.
2113 5778 2129 5819 t
2160 5806 2175 5835 ,
2208 5767 2259 5825 1.

2285 575 2411 628 dum
2448 584 2565 629 erat
2592 576 2776 629 homo.
2823 574 2947 628 Erat
2977 584 3156 629 tamen
3188 586 3243 631 et
3289 587 3415 631 tunc
3447 577 3712 631 mediator
3758 576 3853 631 Dei

2282 677 2336 722 et
2366 668 2640 721 hominum
2672 685 2684 720 :
2717 666 2857 721 unde
2885 677 2941 720 et
2972 666 3096 720 data
3152 666 3236 721 lex
3288 682 3385 737 per
3438 667 3690 737 angelos,
3737 667 3855 721 sine

2282 759 2449 829 ipsius
2477 757 2789 811 mediatoris
2829 758 3080 811 manibus
3127 758 3251 811 data
3298 772 3421 812 esse
3474 773 3580 811 non
3628 757 3852 821 dicitur,

2280 861 2339 906 ut
2363 859 2505 905 esset
2534 850 2619 903 (ex
2647 860 2851 912 sancta,
2869 860 2915 903 et
2938 850 3244 903 mandatum
3266 861 3527 911 sanctum,
3549 860 3597 903 et
3623 849 3850 919 justum,

2277 950 2327 996 et
2352 940 2539 993 bonum
2558 938 2627 1005 οι,
2657 948 2714 993 et
2741 938 2921 993 omnia
2955 938 3069 994 hinc
3095 939 3565 995 sanctificarentur
3611 956 3639 993 a
3693 939 3853 994 Chri-

2276 1038 2383 1083 sto.
2420 1048 2439 1081 ι
2483 1028 2599 1083 Non
2626 1029 2787 1100 igitur
2821 1029 2873 1082 in
2903 1042 2969 1082 eo
3004 1028 3164 1083 modo
3200 1029 3562 1093 intercessor,
3604 1038 3658 1084 et
3693 1028 3851 1100 μεσι-

2274 1139 2374 1194 της
2402 1122 2494 1177 Dei
2528 1132 2581 1176 et
2615 1121 2894 1176 hominum
2919 1120 3120 1174 dicitur
3144 1121 3212 1175 ab
3238 1119 3472 1190 Origene
3499 1120 3666 1176 fuisse
3690 1121 3851 1176 Chri-

2275 1222 2430 1281 stus‘,
2472 1224 2761 1285 antequam
2797 1216 2863 1269 de
2899 1213 3125 1285 Virgine
3164 1225 3517 1281 nasceretur,
3544 1228 3653 1283 quo
3686 1214 3849 1267 modo

2274 1308 2470 1363 deinde
2499 1306 2621 1369 fuit,
2651 1315 2937 1376 postquam
2963 1315 3212 1359 naturam
3244 1306 3537 1360 humanam
3566 1306 3803 1373 suscepit
3830 1322 3845 1359 :

2272 1415 2396 1454 nam
2424 1414 2521 1469 per
2549 1399 2833 1466 utriusque
2862 1407 3068 1452 natura:
3093 1396 3531 1463 coniunctionem
3568 1396 3845 1451 hominem

2271 1506 2392 1547 (πω
2428 1489 2538 1546 Deo
2567 1489 2903 1553 conciliavit,
2938 1499 3101 1558 atque
3131 1488 3206 1542 ita
3252 1487 3487 1542 medium
3532 1487 3660 1557 quid
3708 1486 3850 1541 inter

2270 1593 2561 1651 utrumque
2607 1581 2730 1645 fuit,
2783 1596 2906 1636 cum
2954 1590 3247 1650 utrumque
3288 1588 3468 1645 esset,
3510 1589 3565 1634 et
3606 1577 3750 1634 Deus
3790 1587 3849 1633 et

2269 1673 2449 1729 homo.
2492 1674 2750 1741 Quamvis
2788 1682 2967 1727 autem
3014 1672 3415 1727 communionis
3459 1670 3640 1735 illius,
3673 1680 3729 1726 et
3760 1670 3846 1725 fu-

2273 1765 2376 1819 turi
2407 1764 2703 1834 aliquando
2729 1763 3013 1828 consortii,
3046 1778 3339 1831 rerumque
3364 1776 3459 1832 per
3491 1761 3621 1816 illud
3650 1777 3845 1828 geren-

2268 1857 2459 1913 darum
2493 1858 2713 1921 intuitu,
2753 1858 2805 1911 in
2847 1856 3063 1911 Veteris
3115 1854 3453 1910 Testamenti
3500 1854 3843 1924 patriarchas

2266 1958 2321 2003 et
2349 1949 2644 2018 prophetas
2678 1950 2818 2003 Deus
2856 1948 3115 2002 bonitatis
3152 1963 3263 2005 sua:
3302 1956 3356 2001 et
3395 1946 3584 2016 gratiae
3621 1947 3842 2001 divitias

2263 2040 2588 2109 profuderit,
2612 2048 2668 2094 et
2692 2048 2819 2094 tunc
2840 2040 3006 2094 etiam
3055 2039 3285 2109 μεσίτης
3310 2038 3563 2093 Christus
3588 2039 3844 2107 quodam-

2264 2134 2423 2187 modo
2462 2133 2659 2197 fuerit,
2694 2147 2760 2188 eo
2792 2140 2973 2187 tamen
3000 2147 3107 2185 non
3145 2132 3386 2205 respexit
3410 2130 3673 2201 Origenes
3695 2171 3711 2195 ,
3741 2129 3841 2184 sed

2262 2224 2566 2280 additiones
2598 2224 2716 2279 illas
2746 2232 2803 2279 et
2858 2224 3149 2279 reditiones
3189 2226 3415 2280 crebras
3461 2224 3530 2279 ad
3565 2224 3838 2285 homines,

2260 2331 2383 2371 cum
2430 2318 2594 2372 variis
2631 2317 2854 2372 indutus
2892 2315 3113 2383 formis,
3159 2326 3216 2371 et
3270 2332 3368 2386 per
3406 2317 3586 2370 varias
3614 2316 3842 2385 loquens

2259 2424 2520 2479 personas
2550 2408 2804 2464 mandata
2836 2409 2940 2465 illis
2972 2408 3067 2465 Dei
3116 2409 3359 2479 parentis
3404 2407 3659 2464 Christus
3686 2409 3838 2464 dele--

2260 2503 2445 2565 rebat;
2498 2502 2771 2571 praecipue
2806 2515 2971 2569 vero,
3008 2516 3132 2556 cum
3171 2500 3343 2570 legem
3386 2500 3555 2571 Moysi
3596 2502 3837 2567 tradidit,

2252 2592 2404 2663 juxta
2458 2592 2588 2647 illud
2620 2577 2916 2664 Apostoli':
2958 2613 2979 2646 ι
3021 2593 3163 2661 Quid
3216 2594 3378 2665 igitur
3432 2594 3559 2649 lex?
3610 2594 3840 2665 Propter

2258 2684 2727 2754 transgressiones
2756 2686 2930 2756 posita
2962 2695 3066 2753 est,
3098 2686 3271 2742 donec
3299 2688 3509 2742 veniret
3530 2702 3713 2743 semen
3750 2689 3837 2744 cui

2255 2777 2608 2846 promiserat,
2636 2778 2885 2833 ordinata
2918 2792 3013 2848 per
3035 2780 3259 2851 angelos
3285 2779 3339 2834 in
3379 2795 3541 2834 manu
3573 2779 3836 2835 Mediam-

2256 2870 2351 2924 ris.
2403 2869 2670 2925 Mediator
2714 2880 2897 2927 autem
2948 2872 3109 2929 unius
3151 2887 3259 2929 non
3306 2882 3423 2940 est;
3473 2874 3618 2931 Deus
3656 2885 3838 2931 autem

2254 2976 2394 3016 unus
2427 2971 2511 3017 est
2538 2962 2607 3016 “.
2647 2982 2667 3017 ι

2324 3050 2389 3107 γ.
2425 3051 2790 3110 Referendum
2814 3054 2866 3110 id
2898 3070 3022 3112 esse
3047 3055 3115 3111 ad
3139 3055 3376 3128 Moysem
3408 3057 3538 3114 licet
3586 3059 3837 3114 arbitrati

2255 3143 2653 3211 sintnonnulli,
2681 3147 2902 3202 Christo
2927 3157 3104 3203 tamen
3141 3154 3555 3205 accommodant
3604 3152 3838 3221 Chryso-

2254 3246 2463 3294 stomus
2499 3248 2556 3294 et
2605 3238 3005 3311 Hieronymus,
3056 3243 3148 3310 qui
3204 3251 3369 3297 totam
3419 3253 3473 3298 et
3518 3245 3664 3314 ipse,
3706 3246 3835 3300 illud

2251 3328 2405 3386 Pauli
2458 3331 2827 3401 interpretans
2852 3371 2867 3397 ,
2919 3333 3170 3403 Origenis
3212 3335 3517 3390 doctrinam
3553 3337 3837 3407 amplexus

2251 3430 2357 3478 est.
2392 3420 2484 3478 Sic
2506 3424 2652 3478 enim
2686 3427 2806 3480 ait:
2848 3444 2867 3477 ι
2907 3424 3202 3496 Postquam
3228 3430 3298 3481 ob
3334 3438 3574 3483 nostram
3605 3430 3834 3486 salutem

2250 3513 2319 3570 de
2344 3513 2581 3587 Virginis
2611 3528 2767 3573 utero
2795 3518 3049 3589 dignatus
3088 3527 3173 3573 est
3199 3520 3347 3575 nasci
3373 3560 3389 3585 ,
3429 3521 3520 3575 Dei
3561 3531 3617 3576 et
3661 3522 3834 3576 homi-

2250 3628 2378 3667 num
2417 3614 2579 3669 homo
2610 3614 2861 3670 Christus
2886 3614 3045 3670 Jesus
3072 3625 3354 3685 sequester
3381 3626 3465 3672 est
3493 3617 3689 3672 dictus.
3718 3617 3831 3671 Att-

2251 3710 2468 3773 tequam
2495 3718 2629 3759 vero
2662 3706 2959 3761 humanum
2996 3720 3193 3775 corpus
3232 3717 3573 3772 assumeret,
3604 3717 3658 3763 et
3690 3717 3833 3763 esset

2250 3796 2392 3866 apud
2424 3796 2642 3852 Patrem
2668 3798 2721 3851 in
2759 3797 3023 3867 principio
3053 3799 3194 3853 Deus
3234 3796 3508 3861 Verbum,
3539 3800 3605 3853 ad
3641 3813 3832 3853 omnes

2249 3898 2490 3955 sanctos,
2528 3891 2594 3944 ad
2629 3905 2763 3959 quos
2793 3889 2971 3947 factus
2993 3901 3077 3948 est
3103 3907 3283 3948 sermo
3308 3891 3423 3956 Dei,
3457 3890 3642 3947 Enoch
3686 3893 3833 3947 vide-

2249 3980 2396 4047 licet,
2431 3980 2565 4047 Noe,
2595 3982 2895 4049 Abraham,
2922 3985 3069 4041 Isaac
3093 3994 3148 4040 et
3169 3983 3359 4049 Jacob,
3388 3996 3444 4041 et
3466 3996 3652 4055 postea
3678 3986 3832 4056 Moy-

2249 4087 2362 4128 sem
2392 4081 2449 4128 et
2477 4083 2705 4130 cunctos
2729 4078 3053 4146 prophetas,
3091 4093 3230 4149 quos
3268 4078 3551 4150 Scriptura
3586 4096 3832 4137 commea

2251 4174 2461 4229 morat,
2489 4166 2608 4222 sine
2646 4168 3017 4226 additamenta
3066 4171 3303 4227 hominis
3326 4211 3343 4239 ,
3384 4190 3543 4243 quem
3600 4176 3826 4230 necdum

2250 4268 2641 4328 assumpserat,
2680 4259 2945 4318 Mediator
2993 4266 3366 4320 tantummodo
3402 4278 3765 4337 nuncupatur.
3802 4287 3822 4321 ι

2248 4348 2359 4404 Sed
2391 4359 2447 4405 et
2483 4352 2722 4423 episcopi
2760 4353 2837 4409 illi
2872 4369 2969 4411 sex
3002 4357 3290 4413 orthodoxi
3334 4358 3692 4417 Antiochense
3732 4379 3826 4435 sy-

2254 4443 2377 4498 nodi
2411 4442 2663 4515 Origenis
2689 4449 3083 4519 expositionem
3114 4451 3288 4507 secuti
3325 4462 3453 4507 sunt
3501 4453 3554 4509 in
3599 4455 3825 4526 epistola

3172 4542 3333 4596 Ἀλλὰ
3378 4545 3519 4616 μὴν,
3553 4547 3821 4616 inquiunt,

2246 4626 2340 4679 καὶ
2362 4626 2453 4680 τὸν
2480 4628 2640 4698 νόμον
2672 4630 2872 4702 ὁμοίως
2899 4635 3108 4707 Μωῦσῇ
3135 4654 3310 4708 φαμεν
3344 4637 3617 4707 δεδόσθαι,
3646 4639 3826 4695 διακοκ

2245 4723 2461 4789 νοῦντος
2491 4724 2583 4778 τοῦ
2602 4725 2731 4778 Υἰοῢ
2765 4725 2858 4778 τοῦ
2884 4726 3041 4794 Θεοῦ,
3077 4730 3153 4793 ὡς
3170 4733 3199 4783 ὀ
3240 4731 3556 4797 Ἀπόστολος
3584 4734 3823 4788 διδάσκει

2245 4819 2419 4889 λέγων
2439 4838 2453 4852 ·
2496 4822 2558 4876 Τί
2576 4816 2691 4876 οὖν
2718 4823 2752 4875 ὁ
2786 4824 2971 4892 νόμος
2989 4838 3009 4887 ;
3057 4824 3179 4877 τῶν
3221 4822 3616 4891 παραϐάσεων
3645 4824 3824 4895 χάριν

2244 4914 2597 4984 προσετέθη,
2631 4914 2803 4984 ἄχρις
2831 4912 2902 4971 οὗ
2924 4915 3071 4985 ἔλθῃ
3102 4916 3168 4971 τὸ
3196 4917 3433 4987 σπέρμα
3452 4912 3500 4984 ᾧ
3523 4918 3814 4989 ἐπήγγελ-

2244 5025 2339 5061 ται
2360 5049 2376 5075 ,
2411 5007 2832 5081 διαταγεὶςβδ
2884 5009 3154 5080 ἀγγέλων
3207 5011 3276 5065 ἐν
3321 5013 3496 5081 χερσὶ
3525 5013 3683 5067 Μεσί
3692 5029 3818 5067 του.

2247 5099 2493 5171 Μεσίτην
2523 5099 2632 5171 γὰρ
2665 5098 2823 5153 ἄλλον
2849 5102 2949 5155 οὐκ
2983 5102 3140 5171 ἴσμεν
3180 5100 3316 5155 Θεοῦ
3359 5102 3455 5155 καὶ
3494 5102 3819 5175 ἀνθρώπων,

2242 5193 2277 5264 ἢ
2304 5192 2491 5247 τοῦτον
2519 5209 2533 5224 ⁸
2576 5194 2938 5264 διδασκόμεθα
2982 5197 3039 5250 δὲ
3065 5198 3159 5252 καὶ
3189 5198 3363 5253 ταῦτα.
3407 5199 3496 5253 διὰ
3525 5199 3619 5252 τοῦ
3654 5200 3821 5255 Μωῦ-

2246 5284 2402 5348 σέως.
2440 5285 2618 5357 Ὠφθη
2648 5286 2704 5339 δὲ
2728 5286 2877 5360 αὐτῷ
2909 5287 3138 5359 ἄγγελος
3175 5292 3233 5343 ὲν
3255 5291 3411 5360 φλογὶ
3436 5291 3609 5363 πυρὸς
3633 5294 3698 5345 ἐκ
3724 5291 3819 5345 τθῢ

2248 5375 2432 5445 βάτου,
2463 5389 2568 5434 etc.
2610 5398 2627 5431 ι
2656 5381 2795 5445 Quin
2846 5382 3007 5436 etiam
3043 5394 3097 5437 et
3152 5383 3323 5452 legem
3368 5385 3616 5440 similiter
3652 5386 3818 5457 Moysi

2247 5470 2478 5525 dicimus
2509 5470 2678 5528 fuisse
2700 5475 2904 5543 datam,
2937 5475 3279 5532 ministrante
3304 5477 3441 5533 Filio
3467 5478 3596 5545 Dei,
3629 5495 3820 5549 quem-

2244 5560 2534 5618 admodum
2562 5566 2714 5620 docet
2745 5569 3031 5638 Apostolus
3062 5571 3250 5627 dicens
3286 5586 3300 5625 :
3340 5572 3480 5639 Quid
3511 5574 3674 5642 igitur
3696 5574 3821 5629 (es?

2253 5651 2749 5725 Transgressionum
2788 5663 2960 5730 gratia
2998 5665 3165 5731 posita
3190 5675 3289 5731 est,
3316 5664 3497 5734 [donec
3531 5668 3703 5722 veniat
3734 5685 3820 5722 se-

2358 5772 2402 5805 "
2427 5772 2559 5830 ibid.
2589 5775 2644 5830 2.
2720 5776 2792 5857 ,⁸³
2824 5776 2844 5831 l
2875 5777 3013 5834 Tim.
3042 5795 3106 5848 ιι,
3144 5782 3197 5839 5.
3312 5782 3358 5814 ⁵⁵
3395 5782 3554 5840 Rom.
3590 5798 3686 5851 vn,
3724 5782 3810 5840 ιε.
