4160 6426
543 355 653 413 803

1814 342 1877 393 Ρ.
1922 339 2240 393 DANIELIS
2275 338 2506 394 HUE'I’II

3696 332 3811 387 80$

542 472 687 527 alias
718 469 1039 523 instructam
1078 460 1337 527 arbitrio,
1367 474 1491 515 cum
1524 456 1728 514 eximio
1768 456 2011 511 auctoris
2042 454 2127 511 sui
2157 460 2203 516 Α
2230 464 2323 508 seu
2355 454 2533 508 anima
2564 450 2765 507 Christi
2809 449 3032 504 minime
3073 448 3327 517 opinatus
3358 446 3466 515 est)
3502 445 3807 512 vinculum,

546 576 731 615 amore
761 572 871 627 prae
902 554 1114 610 caeteris
1152 552 1440 606 animabus
1478 556 1788 611 teneretur;
1825 546 2126 613 similisque

547 653 773 707 aliarum
809 665 906 718 per
941 656 1211 708 naturam,
1256 644 1421 698 Verbi
1469 641 1662 697 similis
1697 649 1843 695 esset
1891 654 1989 709 per
2017 639 2127 692 vir-

548 754 737 804 tutem,
766 750 874 794 tam
914 741 1142 794 ﬁrmiter
1177 740 1227 794 ei
1262 754 1383 794 sese
1433 736 1780 807 applicuisse,
1814 742 1873 788 ut
1909 742 2019 787 tota
2057 732 2127 787 ab

547 850 612 887 eo
643 842 879 902 recepta,
921 830 1006 883 vel
1049 839 1222 885 totum
1257 827 1544 898 recipiens,
1586 826 1749 894 idque
1793 824 2127 879 substantia-

548 925 691 982 liter.
721 938 857 976 unus
890 938 1009 976 cum
1039 937 1104 978 eo
1136 921 1359 991 spiritus
1390 916 1733 973 eiiiceretur:
1767 915 1911 970 hanc
1943 923 2125 969 autem

549 1014 983 1083 conjunctionem
1048 1015 1115 1067 ad
1173 1009 1553 1067 assumendam
1638 1022 1857 1063 carnem
1918 1005 2124 1059 aditum

551 1104 727 1160 Verbo
771 1105 1090 1168 munivisse,
1141 1119 1262 1158 cum
1316 1102 1493 1156 divina
1542 1100 1741 1169 alioqui
1790 1108 1981 1154 natura
2028 1097 2127 1152 hu-

549 1211 727 1251 maua:
776 1196 982 1264 absque
1038 1195 1215 1249 medio
1260 1194 1441 1262 aliquo
1478 1192 1757 1246 adhaerere
1811 1190 2124 1257 neutiquam

549 1298 772 1359 posset:
807 1296 915 1341 tam
949 1296 1161 1341 arctum
1196 1296 1375 1339 autem
1413 1283 1586 1337 fuisse
1621 1280 1861 1336 Verbum
1896 1282 2039 1335 inter
2070 1286 2129 1332 et

551 1380 787 1433 animam
829 1378 993 1437 hanc.
1038 1392 1131 1431 seu
1175 1385 1234 1431 ut
1258 1376 1429 1431 habet
1476 1374 1861 1437 Damascenus,
1893 1378 2128 1424 mentem

553 1468 717 1539 (quod
749 1470 918 1539 magis
966 1468 1219 1523 convenit
1272 1465 1531 1520 doctrina:
1573 1462 1853 1533 Origenis,
1906 1476 2030 1515 nam
2062 1474 2127 1513 ex

553 1558 827 1613 mentibus
859 1558 1065 1611 animas
1101 1564 1211 1609 tum
1247 1554 1421 1608 solum
1456 1551 1793 1608 existimavit
1824 1548 1960 1611 fieri,
2006 1562 2128 1603 cum

552 1666 620 1707 ex
652 1650 936 1706 charitatis
974 1650 1170 1704 ardore
1208 1647 1573 1712 refrixerunt,
1619 1642 1763 1714 quod
1808 1643 1874 1697 de
1921 1648 2128 1706 mente,

2231 557 2291 601 ut
2322 546 2461 605 vitii.
2490 562 2520 598 a
2553 560 2661 615 quo
2694 545 2932 599 maxime
2960 543 3141 597 divina
3169 542 3428 597 abhorret
3464 550 3678 604 natura,
3707 541 3812 595 mi-

2230 634 2376 689 nime
2404 648 2577 702 capax
2612 640 2791 699 esset;
2824 640 2986 701 atque
3016 632 3090 685 ita
3131 648 3150 681 ι
3181 630 3323 699 quod
3358 630 3409 683 in
3441 630 3668 683 arbitrio
3693 639 3815 684 erat

2229 725 2485 795 positum,
2510 724 2652 793 longi
2686 739 2814 779 usus
2842 723 3034 776 aﬂ'ectu
3068 723 3181 792 jam
3215 735 3434 774 versum
3464 736 3587 775 esse
3619 721 3673 776 in
3713 736 3816 776 na-

2228 825 2430 878 turam,
2456 833 2474 867 »
2510 823 2569 868 ut
2601 829 2629 867 a
2666 823 2891 883 peccato
2916 812 3129 882 penitus
3153 819 3294 865 esset
3326 808 3620 864 immunis:
3653 810 3814 864 aliter

2230 908 2394 985 igitur
2446 908 2497 961 in
2554 906 2830 976 prophetis
2882 914 2937 959 et
2990 902 3247 970 apostolis
3306 902 3477 956 fuisse
3537 900 3812 968 Verbum,

2229 1000 2386 1053 aliter
2415 998 2468 1051 in
2506 998 2755 1060 Christo;
2795 996 2902 1050 illis
2935 995 3078 1048 enim
3115 1009 3213 1063 per
3249 994 3505 1065 σχετικὴν
3542 1002 3597 1047 et
3633 1009 3817 1048 mora—

2230 1090 2335 1144 lem
2392 1087 2862 1156 conjunctionem,
2920 1087 3137 1142 Christo
3202 1105 3220 1137 ι
3254 1102 3349 1155 per
3406 1086 3813 1141 immaculatain

2230 1181 2639 1238 fiedcrationem
2664 1200 2683 1233 ι
2718 1187 2774 1234 ct
2807 1181 3197 1249 hypostaticain
3235 1180 3529 1234 adhaesisse
3560 1196 3574 1233 :
3610 1196 3673 1234 ac
3712 1195 3816 1233 nos

2230 1273 2456 1344 proinde
2479 1272 2524 1326 si
2554 1270 2882 1340 singularem
2914 1271 3107 1324 animae
3126 1270 3327 1324 Christi
3355 1269 3616 1323 adversus
3645 1268 3815 1323 Deum

2237 1378 2498 1427 amorem,
2526 1378 2633 1433 quo
2663 1363 2830 1416 Deum
2860 1361 2914 1415 in
2949 1377 3007 1416 se
3034 1362 3281 1429 recipere
3314 1359 3506 1414 merita
3554 1370 3659 1426 est,
3692 1360 3818 1415 imi-

2238 1465 2435 1519 temur,
2464 1454 2665 1508 Christi
2698 1468 2911 1523 quoque
2943 1468 3041 1521 pro
3081 1464 3197 1507 rata
3230 1450 3481 1507 eﬂ'cctum
3526 1452 3591 1506 iri
3639 1453 3815 1522 parti-

2236 1547 2402 1614 cipes.
2432 1546 2637 1610 Quibus
2679 1546 2986 1599 asserendis
3036 1544 3138 1599 hac
3170 1542 3387 1597 Davidis
3438 1544 3819 1599 testiﬁcatione

2236 1639 2405 1694 utitur
2440 1652 2472 1691 e
2516 1635 2649 1709 psal.
2694 1652 2818 1692 xLiv
2846 1677 2861 1702 ,
2921 1635 2954 1691 8
2996 1653 3010 1689 :
3049 1652 3068 1686 ι
3096 1634 3340 1690 Dilexisti
3389 1634 3698 1704 justitiam,
3759 1642 3821 1692 et

554 1825 828 1896 propheta:
876 1824 1078 1896 ﬁebant
1109 1819 1451 1896 et‘apostoli.
1474 1837 1500 1871 θ
1535 1816 1671 1873 Cum
1712 1830 1843 1886 ergo
1873 1822 1996 1896 tam
2031 1814 2132 1896 Adi:
2165 1819 2207 1875 Β
2238 1820 2377 1867 ctam
2427 1813 2481 1896 _in
2515 1813 2645 1896 ipso
2689 1811 3312 1896 creationishmomento
3356 1827 3460 1865 non
3502 1820 3665 1896 negat
3699 1828 3735 1893 ε,
3760 1821 3817 1866 et

557 1883 701 1949 serie
735 1896 969 1947 animam
992 1894 1196 1947 Christi
1234 1883 1505 1959 nunquam
1540 1883 1889 1959 peccarefaut
1933 1883 2129 1938 mutari

556 1966 798 2031 potuisse
833 1964 994 2029 dicat,
1023 1978 1253 2030 cumque
1281 1957 1423 2031 hanc
1465 1957 1879 2031 impeccantiain
1911 1968 1977 2008 ex
2012 1968 2135 2031 per-

596 2046 713 2088 etua
742 2050 861 2107 cum
901 2024 1077 2087 Verbo
1110 2024 1307 2107 unione
1351 2024 1686 2107 hypostatica
1729 2034 1971 2107 repetat,
2015 2024 2130 2105 nul-

596 2052 713 2088 elllﬂ
742 2052 861 2087 cum
908 2052 1077 2087 VBI'DO
1110 2052 1307 2086 llillOlle
1352 2052 1686 2099 Ilypusuauca
1729 2052 1969 2091 reputat,
2016 2052 2130 2105 usu-

559 2052 667 2157 in...
700 2105 917 2158 omnino
945 2113 1155 2171 tempus
1177 2102 1317 2155 inter
1349 2100 1689 2171 creationem
1710 2096 1903 2149 anima:
1920 2104 1978 2148 et
2016 2107 2136 2165 eius

559 2190 681 2229 cum
718 2174 894 2227 Verbo
920 2167 1170 2225 unionem
1206 2170 1514 2238 excogitare
1542 2167 1735 2237 potuit.

627 2244 689 2297 2ο
724 2242 837 2296 Non
862 2242 1242 2296 minusaherat
1272 2233 1608 2307 abVOrigenis
1640 2245 1819 2289 mente
1844 2233 2134 2307 impiahilia

558 2316 761 2382 Opinio,
790 2328 892 2366 non
922 2327 1079 2381 posse
1108 2313 1151 2365 si
1182 2305 1782 2382 Christum—imitemur,
1807 2306 1872 2382 ad
1904 2305 2133 2382 similem

562 2375 685 2438 cum
721 2382 893 2436 Verbo
922 2375 1196 2435 'unionem
1246 2378 1551 2448 pervenire.
1602 2377 1713 2430 Hoc
1753 2375 1896 2430 enim
1941 2375 2137 2448 discri-

563 2469 685 2507 men
745 2453 891 2519 punit
942 2453 1082 2505 inter
1119 2444 1393 2519 Christum
1427 2458 1481 2519 et
1527 2457 1773 2519 sanctos.
1798 2444 1972 2519 quod
2008 2445 2135 2519 uitio

562 2515 759 2575 animae
786 2520 989 2576 Christi
1035 2535 1158 2574 cum
1202 2518 1377 2572 Verbo
1408 2516 1475 2570 ab
1516 2517 1669 2570 initio
1716 2515 2136 2569 indissociabilis

562 2602 619 2646 et
646 2591 1025 2661 inseparabilis
1047 2599 1102 2643 et
1126 2587 1500 2661 substantialis
1532 2586 1719 2661 fuerit,
1748 2594 1913 2661 atque
1936 2598 2001 2637 ex
2033 2584 2136 2638 hac

563 2655 1359 2715 unione'inconvertibilitatem
1407 2658 1772 2711 indesinenter
1811 2655 1972 2723 ignita
2006 2668 2130 2721 pos-

565 2732 802 2793 sederit;
844 2732 961 2783 alia:
991 2739 1168 2783 autem
1206 2727 1396 2780 animae
1428 2742 1526 2780 nec
1551 2728 1619 2779 ab
1649 2725 1803 2779 initio
1840 2725 2136 2777 creationis

565 2800 1051 2855 inconvertibiliter
1116 2814 1236 2851 cum
1296 2794 1469 2850 Verbo
1531 2796 1692 2849 unita:
1762 2794 1993 2856 fuerint,
2036 2806 2137 2847 nec

566 2885 802 2941 unquam
843 2868 1272 2941 substantialiter
1312 2869 1424 2921 sive
1458 2865 1796 2941 hypostatice
1823 2864 1964 2918 uniri
2008 2877 2136 2941 pos-

562 2934 693 2994 sini.
749 2940 1148 3012 Hypostaticam
1217 2936 1359 3012 illam
1433 2934 1687 3012 unionem
1754 2935 1848 3012 sic_
1901 2934 2137 3002 explicat

564 3005 845 3081 Origenes
866 3009 1064 3065 ibidem
1096 3023 1245 3081 num_.
1274 3007 1407 3081 5_:_i_
1428 3005 1583 3081 unde
1620 3015 1670 3061 et
1717 3005 1911 3081 merito
1945 3020 2042 3081 pro
2070 3016 2136 3057 eo

563 3075 835 3149 vel'quod
882 3090 990 3132 tota
1028 3087 1173 3149 esset
1212 3078 1267 3149 in
1308 3075 1447 3149 Filio
1490 3076 1614 3139 Dei,
1659 3075 1743 3128 vel
1773 3084 1942 3129 totum
1981 3075 2032 3127 in
2075 3087 2135 3128 se

2236 1899 2358 1938 cum
2393 1883 2711 1961 electionem
2756 1898 2822 1936 ex
2866 1884 3071 1961 inerito_
3102 1882 3334 1961 repetit,
3382 1882 3560 1961 meriti
3593 1882 3816 1961 nomine

2236 1968 2341 2007 non
2371 1954 2631 2019 praeclare
2681 1952 2822 2006 facta
2871 1962 2996 2005 ante
3025 1951 3343 2005 electionem
3396 1952 3677 2021 intelligit,
3719 1953 3818 2007 sed

2237 2024 2382 2078 illam
2418 2023 2915 2077 immutabilitatem
2955 2032 3009 2076 et
3040 2021 3479 2088 impeccantiam,
3516 2038 3636 2090 qua:
3670 2023 3720 2075 ei
3762 2023 3818 2076 in

2238 2093 2528 2147 creationis
2562 2102 2839 2146 momento
2866 2094 2933 2144 oh
2959 2094 3212 2145 unionem
3247 2107 3365 2143 cum
3396 2090 3571 2146 Verbo
3597 2091 3816 2157 collata,

2234 2164 2454 2233 dignam
2488 2162 2666 2216 eiiecit
2698 2177 2825 2233 qua:
2860 2178 2983 2215 cum
3018 2161 3195 2233 Vcrho
3220 2164 3498 2233 runiretur.
3536 2162 3662 2233 ijmc
3698 2162 3822 2233 illu-

2234 2231 2394 2287 strari
2430 2241 2652 2297 possunt
2677 2248 2743 2286 ex
2779 2232 2863 2287 his
2885 2246 3004 2299 qum
3025 2232 3185 2285 docet
3216 2232 3439 2286 Hermas
3461 2232 3512 2284 in
3540 2231 3691 2286 Past.
3714 2232 3812 2287 lib.

2238 2317 2318 2365 lii,
2339 2318 2390 2356 c.
2413 2302 2467 2366 5,
2493 2318 2644 2356 num.
2663 2302 2716 2366 6,
2749 2319 2768 2353 ε
2795 2312 3152 2371 praeparatum
3184 2317 3306 2355 esse
3332 2317 3360 2355 a
3390 2302 3599 2370 Spiritu
3625 2312 3819 2358 sancto

2237 2373 2366 2427 illud
2416 2388 2616 2440 corpus
2659 2373 2712 2426 in
2754 2387 2862 2441 quo
2897 2372 3037 2425 Dens
3076 2372 3366 2435 habitaret,
3392 2391 3411 2423 ι
3449 2384 3506 2426 ut
3556 2372 3817 2429 videlicet

2236 2445 2455 2513 dignum
2492 2454 2636 2497 esset
2669 2444 2810 2510 quod
2864 2458 2985 2495 cum
3024 2442 3134 2513 Deo
3188 2441 3364 2495 Verbo
3412 2444 3681 2495 unirctur.
3717 2444 3819 2497 Se-

2235 2512 2418 2580 quitur
2443 2528 2508 2566 ex
2545 2514 2810 2567 sententia
2849 2512 3047 2565 Christi
3086 2525 3281 2580 corpus
3316 2528 3421 2565 non
3462 2514 3687 2566 fortuito
3721 2524 3821 2569 aut

2237 2598 2359 2636 cum
2393 2598 2745 2651 personarum
2793 2583 3107 2649 acceptione
3156 2583 3296 2635 inter
3330 2582 3433 2636 alia
3482 2598 3712 2649 corpora
3761 2586 3817 2639 in

2243 2658 2598 2706 eoilemstatu
2648 2653 2965 2706 exsistcntia
3013 2652 3240 2707 electum
3275 2651 3462 2716 fuisse,
3508 2656 3601 2707 sed
3646 2654 3820 2709 solum

2236 2724 2465 2793 dignum
2484 2733 2540 2777 et
2575 2723 2823 2777 idoneum
2858 2721 3028 2793 fuisse
3060 2725 3110 2774 in
3154 2737 3259 2789 quo
3290 2722 3523 2793 Verbum
3562 2723 3823 2793 hyposta-

2239 2790 2345 2847 tice
2386 2792 2675 2847 habitaret.
2710 2792 2850 2846 Nliil
2884 2792 3027 2844 aliud
3078 2792 3144 2845 de
3190 2792 3369 2846 anima
3401 2790 3695 2849 Orizeu'e'm
3732 2794 3819 2849 di-

2235 2877 2362 2918 cere
2394 2862 2649 2917 fatebitur
2677 2862 2925 2931 quisquis
2972 2864 3024 2915 iu
3059 2862 3161 2916 hoc
3193 2863 3313 2917 loco
3369 2878 3473 2918 non
3511 2862 3819 2919 litterarum

2237 2934 2436 3001 apices,
2484 2934 2581 2987 sed
2626 2934 3015 3003 sententiarum
3051 2932 3248 2987 seriem
3290 2944 3346 2987 et
3388 2933 3819 3003 complexionem

2237 3013 2609 3072 persequetur.
2653 3000 2709 3055 lu
2757 3004 2858 3057 hoc
2905 3003 3122 3069 quidem
3159 3016 3347 3070 peccat
3378 3000 3642 3073 Origenes
3676 3005 3821 3073 quod

2238 3074 2447 3127 animas
2475 3083 2599 3127 ante
2632 3087 2864 3141 corpora
2892 3082 3108 3126 creatas
3134 3073 3451 3136 crediderit,
3482 3076 3575 3128 sed
3613 3076 3663 3127 in
3714 3078 3816 3129 hoc

565 3141 785 3219 caperet
817 3149 1010 3203 Filium
1041 3148 1167 3219 Dei,
1198 3148 1363 3219 et_iam
1409 3148 1704 3219 ipsa_cum_
1735 3160 1799 3198 ea
1830 3159 2003 3219 quam
2043 3158 2132 3197 as-
2161 3159 2205 3217 ο
2240 3143 2520 3197 laudamus
2549 3145 2692 3211 quod
2721 3143 2931 3197 caverit
2966 3157 3036 3197 ne
3074 3142 3311 3197 animam
3341 3141 3543 3198 Christi
3572 3160 3604 3198 a
3638 3145 3816 3200 Verbo

564 3214 869 3289 euinpserat
904 3233 1089 3283 carne,
1126 3214 1499 3289 Dei-Filiuset
1531 3215 1625 3269 Dei
1658 3214 2130 3289 virtus,_C_ht;is_t_us

566 3306 621 3343 et
656 3282 744 3342 D'ei
792 3289 1053 3359 sapientia
1078 3282 1438 3355 appellatur:
1474 3296 1536 3359 et_
1579 3300 1813 3359 νυν-εμπι-
1831 3284 1923 3337 Dei
1964 3282 2134 3359 Fil_i_u_s

605 3374 665 3410 er
689 3352 1051 3422 quem'omnia
1098 3352 1279 3411 creata
1312 3367 1462 3419 sunt,
1508 3354 1664 3409 JeSus
1691 3354 1936 3407 Christus
1962 3366 2009 3405 et
2045 3352 2135 3406 Fio

605 3374 665 3410 er
689 3374 843 3422 quem
874 3374 1051 3412 omnia
1098 3374 1279 3411 creata
1312 3374 1462 3419 sunt,
1508 3374 1664 3409 JeSllS
1691 3374 1936 3407 hlll'lSlus
1962 3374 2009 3405 ei
2046 3374 2132 3406 ιιι-

568 3374 673 3482 lius
700 3430 928 3483 hominis
958 3429 1286 3481 nominatur.
1323 3425 1456 3478 Nam
1482 3435 1537 3478 et
1563 3424 1732 3478 Filius
1763 3423 1856 3478 Dei
1888 3435 2132 3478 mortuus

567 3513 687 3550 csse
735 3498 950 3563 dicitur,
994 3514 1092 3566 pro
1126 3511 1190 3549 ea
1238 3496 1454 3566 scilicet
1487 3506 1689 3566 natura
1738 3509 1855 3566 qua:
1905 3504 2132 3566 mortem

568 3570 752 3637 utique
784 3562 1021 3635 recipere
1055 3575 1266 3637 poterat
1292 3576 1398 3637 :retA
1419 3564 1586 3637 Filius
1610 3562 1860 3637 hominis
1894 3562 2135 3637 appella-

569 3633 682 3700 tur,
725 3639 813 3706 qui
850 3633 1107 3690 venturus
1148 3638 1199 3688 in
1234 3633 1326 3689 Dei
1371 3634 1548 3689 Patris
1573 3633 1737 3703 gloria
1774 3649 1894 3687 cum
1930 3635 2135 3688 sanctis

569 3709 774 3775 angelis
821 3708 1161 3774 praedicatur.
1205 3706 1272 3760 Et
1322 3708 1421 3759 hac
1468 3706 1535 3758 de
1570 3718 1734 3775 causa
1782 3718 1878 3771 per
1916 3719 2133 3775 omnem

570 3774 907 3843 Scripturam
936 3786 1043 3830 tam
1092 3776 1271 3830 divina
1322 3786 1514 3829 natura
1564 3774 1814 3828 humanis
1861 3774 2138 3833 vocabulis

570 3847 888 3915 appellatur,
917 3862 1076 3916 quam
1108 3847 1339 3900 humana
1387 3856 1577 3898 natura
1619 3844 1813 3899 divinae
1860 3859 2138 3914 nuncupa-

570 3918 735 3970 tionis
770 3918 1081 3987 insignibus
1101 3921 1406 3971 decoratur.
1444 3933 1461 3965 ι

638 3987 697 4040 5ο
734 3987 789 4040 Si
818 3982 1000 4040 anima
1047 3986 1245 4040 Christi
1279 3987 1346 4039 ab
1379 3986 1531 4040 initio
1560 3982 1852 4039 creationis
1890 3983 2141 4054 bypostas

570 4056 677 4110 tice
719 4056 864 4110 unita
900 4056 999 4110 fuit
1039 4072 1159 4109 cum
1191 4055 1384 4119 Verbo,
1412 4057 1682 4124 quomodo
1715 4054 1854 4107 hanc
1884 4056 2136 4108 unionem

571 4127 768 4180 mereri
801 4127 1009 4195 potuit?
1041 4124 1097 4180 Si
1128 4128 1193 4180 ab
1225 4128 1378 4180 initio
1405 4126 1608 4180 idcirco
1640 4124 1987 4195 immutabilis
2025 4125 2140 4178 sive

572 4194 940 4265 impeccabilis
987 4198 1087 4251 fuit
1126 4198 1248 4265 quia
1289 4210 1503 4262 semper
1544 4204 1653 4250 tota
1691 4194 1791 4265 fuit
1827 4196 1972 4247 unita
2016 4209 2138 4249 cum

572 4274 687 4318 toto
741 4264 949 4333 Verbo,
999 4264 1276 4335 quomodo
1325 4267 1425 4320 hac
1481 4264 2141 4335 immutabili__sanctitate

571 4348 861 4390 consecuta
891 4347 972 4391 est
1018 4332 1078 4393 ut
1109 4353 1232 4392 cum
1277 4336 1453 4392 Verbo
1484 4335 1764 4389 uniretur?
1797 4332 1937 4388 Num
1977 4337 2141 4405 igitur

572 4419 753 4459 secum
809 4422 1047 4475 pugnare
1116 4409 1361 4462 dicemus
1400 4406 1861 4476 0rigenem,_aut
1908 4419 1975 4458 ex
2019 4405 2140 4472 ejus

572 4474 827 4549 contextu
876 4491 1243 4549 expungeinus
1279 4477 1432 4549 quod
1471 4474 1583 4549 ait,
1632 4474 1984 4549 «dilectionis
2022 4490 2140 4549 per:

574 4545 864 4599 lectionem
911 4534 974 4600 ac
1014 4534 1191 4603 iiiiariti
1234 4534 1460 4601 allectus
1505 4534 1874 4600 sinceritatem
1914 4534 2055 4599 hanc
2088 4544 2139 4600 ei
2174 4534 2217 4589 Ι)

573 4615 984 4684 inseparabilem
1027 4634 1151 4671 cum
1196 4620 1304 4685 Deo
1367 4617 1562 4671 fecisse
1609 4617 1908 4678 unitatem;
1958 4616 2027 4669 ita
2084 4627 2142 4669 ut

572 4698 679 4738 non
727 4685 943 4756 fortuita
989 4687 1179 4752 fuerit,
1228 4698 1321 4744 aut
1362 4702 1485 4743 cum
1533 4699 1776 4756 personae
1829 4686 2142 4754 acceptione

573 4754 912 4827 auiniteejus
948 4759 1264 4827 assumptio,
1294 4758 1387 4811 sed
1414 4754 1670 4810 virtutum
1702 4770 1924 4827 suarum
1958 4757 2005 4809 ei
2039 4772 2142 4809 ine-

573 4826 679 4878 rito
705 4824 921 4879 dolata?
948 4847 965 4879 ι
1004 4824 1258 4881 Neutrum
1288 4828 1535 4896 equidem
1562 4825 1886 4881 crediderim
1915 4838 1931 4880 :
1971 4840 2143 4894 neque

572 4896 716 4947 enim
766 4898 879 4951 lirec
924 4900 1089 4951 verba
1144 4900 1211 4953 ab
1254 4901 1374 4963 ejus
1431 4898 1726 4967 proposito.
1759 4896 2142 4967 aberrantald

573 4979 762 5036 unum,
789 4978 843 5018 ut
873 4968 984 5036 jam
1022 4969 1155 5032 dixi,
1201 4978 1375 5033 cavet,
1426 4966 1493 5022 ne
1521 4966 1642 5034 quis
1674 4967 1909 5020 animam
1938 4966 2141 5021 Christi

572 5033 627 5087 in
662 5039 849 5089 eodem
875 5033 955 5091 'ac
986 5038 1119 5092 alias
1149 5047 1290 5092 statu
1333 5033 1622 5108 aliquando
1650 5036 1840 5100 fuisse,
1871 5046 1923 5092 et
1953 5052 2022 5108 ex
2052 5052 2145 5092 ea-

572 5120 693 5179 rum
745 5122 968 5163 numero
1018 5112 1083 5162 ad
1132 5112 1387 5164 unionem
1426 5106 1850 5179 'hypostaticant
1918 5106 2144 5179 electam

572 5175 741 5229 fuisse
786 5181 1107 5247 suspicetur.
1156 5179 1282 5234 Haec
1324 5175 1669 5234 electio‘non
1717 5177 1888 5232 solum
1922 5176 2143 5232 fortuita

571 5254 630 5319 et
657 5261 787 5319 cum
814 5264 1165 5316 pi-rsouarum
1212 5250 1520 5319 acceptione
1550 5248 1692 5303 facta
1721 5249 2021 5319 videretur,
2049 5247 2143 5303 sed

576 5316 690 5392 ipsa
721 5317 881 5370 etiam
915 5320 1107 5392 anima
1136 5330 1280 5374 esset
1313 5316 1683 5392 indignissima
1720 5317 1822 5372 hac
1858 5319 2143 5392 electione.

573 5382 709 5440 Nam
752 5403 816 5461 ex
857 5392 1055 5444 unione
1100 5382 1455 5461 iiypostaticav
1472 5389 1630 5446 Verbi
1674 5403 1810 5461 cum,
1844 5391 2022 5461 anima
2055 5396 2148 5441 aut

574 5460 881 5523 peccatrice
920 5470 1032 5530 aut,
1058 5460 1177 5529 quae
1207 5476 1433 5530 peccare
1471 5470 1529 5515 et
1570 5460 1815 5514 damnari
1860 5460 2146 5529 potuisset,

574 5538 896 5593 sequeretur
927 5532 993 5585 de
1022 5529 1301 5585 Verbosic
1332 5532 1383 5588 ei
1421 5532 1594 5594 unita,
1630 5530 1769 5585 idem
1799 5531 1870 5585 ob
1903 5544 2149 5585 commu-

575 5596 791 5673 nionem
826 5600 1137 5673 idiomatmn
1163 5604 1264 5655 dici
1298 5616 1475 5673 posse.
1503 5602 1675 5673 Negat
1701 5599 1865 5667 igitur
1884 5601 2148 5670 Urigenes

571 5668 810 5745 animam
847 5669 1048 5745 Christi
1098 5668 1323 5726 fortuitu
1367 5668 1619 5745 autcum
1666 5668 2022 5745 personarum
2058 5684 2149 5722 ac-

573 5740 841 5815 ceptione,
872 5740 925 5793 id
957 5750 1061 5804 est,
1090 5756 1421 5815 exitumero
1448 5742 1704 5815 similium
1751 5743 2152 5815 aiiiinaruin_et

573 5808 627 5859 iu
658 5808 849 5864 eodem
894 5820 1039 5865 statu
1068 5811 1444 5868 cxsistentium
1478 5812 1729 5878 electam,
1766 5812 2001 5880 gratuito
2033 5810 2145 5866 cle-

2238 3227 2427 3267 seuara
2437 3222 2535 3267 ret.

2302 3231 2797 3353 girg'e‘iloquidquid
2831 3282 2882 3336 in
2917 3281 3020 3335 hac
3051 3280 3284 3337 diﬁicilis
3311 3283 3415 3338 loci
3448 3282 3818 3351 explicatione

2237 3352 2534 3418 elaboravi,
2556 3352 2621 3408 id
2650 3356 2715 3406 ad
2755 3353 3007 3406 lintinuin
3052 3353 3407 3421 interpretem
3440 3358 3621 3423 potius
3652 3370 3817 3423 quant

2237 3423 2525 3489 Origenem
2566 3428 2902 3494 purgandum
2944 3423 3162 3494 valebit.
3206 3423 3459 3493 Origenis
3493 3425 3637 3479 enim
3687 3440 3819 3479 con-

2237 3503 2443 3549 textum
2494 3492 2630 3549 miie
2674 3492 2999 3547 deformavit
3051 3492 3471 3556 Rutiuus,dum
3520 3494 3822 3549 emendare

2247 3578 2536 3633 aggressus
2574 3572 2679 3617 est.
2706 3563 2855 3629 Quod
2886 3562 2929 3617 si
2968 3562 3141 3628 illum,
3176 3575 3332 3632 prout
3356 3580 3386 3616 a
3414 3562 3723 3619 Justiniauo
3752 3564 3821 3619 ad

2238 3637 2439 3690 calcem
2483 3635 2728 3701 epistola:
2771 3634 2837 3687 ad
2884 3634 3091 3688 Menam
3127 3645 3373 3688 servatus
3405 3644 3521 3699 est,
3568 3635 3822 3705 inspicia-

2240 3720 2394 3768 mus,
2440 3708 2937 3759 animadvertemus
3003 3706 3289 3771 Origenem
3340 3720 3446 3759 non
3502 3706 3569 3759 de
3628 3707 3825 3759 animae

2241 3785 2472 3840 tantum,
2502 3776 2595 3845 sed
2628 3778 2693 3828 de
2726 3775 2969 3842 corporis
2993 3785 3048 3829 et
3078 3776 3274 3827 anima:
3320 3775 3661 3845 hypostatica
3696 3789 3820 3829 cum

2248 3845 2424 3900 Verbo
2455 3844 2841 3914 conjunctione
2877 3845 3042 3913 loqui,
3069 3860 3136 3898 ex
3163 3859 3269 3913 qua
3306 3844 3370 3898 tit
3391 3856 3450 3898 ut
3477 3845 3683 3900 Christi
3724 3846 3821 3898 hu-

2241 3914 2475 3969 manitas
2509 3916 2666 3969 simul
2717 3929 2843 3968 cum
2890 3914 3068 3968 Verbo
3110 3924 3164 3968 ct
3206 3914 3409 3970 Christi
3443 3927 3498 3969 et
3548 3914 3823 3985 Unigeniti

2240 3986 2655 4055 appellationem
2695 3994 2753 4040 et
2804 3985 2986 4055 gloria;
3030 3986 3345 4039 societatem
3396 3987 3685 4041 sortiatur.
3735 3986 3827 4038 Sic

2242 4052 2409 4124 igitur
2455 4058 2721 4123 Origenes
2764 4052 2903 4121 apud
2959 4052 3365 4111 Iustinianum:
3397 4056 3494 4110 Διὰ
3538 4055 3696 4109 τοῦτο
3729 4055 3827 4109 καὶ

2240 4126 2524 4207 ἄνθρωπτξς
2561 4124 2753 4193 γέγονε
2786 4125 3016 4207 Χερξσξὸς
3043 4126 3102 4207 ἐξ
3143 4124 3630 4207 ἁνδρᾳγαθήμᾳςεος
3670 4126 3829 4180 τοῦτο

2240 4195 2442 4266 τυχὼν,
2468 4197 2543 4258 ὡς
2574 4199 2839 4267 μαρτυρεῖ
2862 4198 2889 4247 ὁ
2917 4197 3209 4267 Προφήτης
3245 4195 3829 4267 λέγων,·”Ἡγτίπησας

2240 4267 2799 4354 (iudicantem-“etc.
2843 4267 3090 4354 Ἕπρεπεξ
3217 4266 3306 4319 τὸν
3338 4268 3610 4354 μηδέποτε
3652 4286 3831 4354 Extu-

2245 4338 2498 4409 ρισμένον
2537 4338 2631 4389 τοῦ
2673 4338 3011 4409 Μφνογενοῦς
3062 4338 3501 4408 συγχρηματίσαι
3542 4338 3619 4409 τῷ
3656 4338 3830 4391 Μονο-

2243 4407 2391 4477 γενεῖ
2432 4410 2524 4461 καὶ
2568 4407 2992 4478 συνδοξασθῆναι
3047 4407 3218 4477 usus.
3264 4407 3291 4458 ⁷(
3326 4412 3531 4463 idcirco
3565 4407 3620 4463 et
3668 4411 3831 4463 homo

2248 4481 2425 4533 l'actus
2469 4490 2551 4532 est
2591 4480 2862 4543 Clll‘lallls,
2913 4484 3219 4534 sanctitatis
3259 4482 3452 4533 merito
3500 4482 3599 4533 hoc
3638 4494 3832 4533 conse-

2247 4562 2435 4612 cutus,
2483 4551 2938 4617 quemadmodum
2988 4549 3257 4619 Propheta
3308 4560 3538 4603 testatur
3588 4552 3826 4603 dicens:

2247 4619 2492 4673 Dilexisti
2524 4620 2815 4688 justitiam,
2847 4630 2955 4675 etc.
3005 4620 3236 4673 Decebat
3280 4622 3425 4673 enim
3459 4630 3517 4672 ut
3560 4622 3652 4688 qui
3691 4636 3835 4673 nun-

2248 4705 2410 4759 quam
2441 4693 2510 4744 ah
2544 4688 2831 4760 Uuigenito
2861 4691 3102 4759 separari
3136 4699 3335 4759 potest,
3364 4706 3488 4743 cum
3541 4689 3832 4759 Uuigenito

2246 4773 2303 4815 et
2355 4775 2547 4813 nomen
2608 4772 2661 4831 et
2722 4762 2948 4829 gloriam
3006 4762 3336 4831 partiatur.»
3395 4760 3547 4827 Quod
3592 4777 3723 4828 ergo
3765 4762 3835 4813 de

2248 4831 2428 4883 anima
2457 4830 2569 4885 sola
2599 4830 2810 4884 dixerat
2835 4830 3015 4894 antea,
3043 4832 3182 4884 idem
3217 4846 3359 4883 nunc
3386 4833 3452 4884 de
3489 4842 3597 4883 tota
3626 4832 3830 4884 Christi

2249 4900 2584 4955 humanitate
2614 4903 2844 4954 statuit:
2884 4916 2983 4955 nec
3014 4918 3134 4955 eam
3180 4900 3312 4955 dicit
3358 4902 3653 4955 sanctitate
3701 4915 3835 4953 con-

2250 4983 2492 5025 secutam
2520 4985 2642 5026 esse
2668 4979 2725 5023 ut
2754 4986 2877 5024 cum
2911 4970 3083 5025 Verbo
3120 4972 3541 5041 coniungeretur
3578 4973 3836 5042 hyposta-

2251 5044 2489 5104 tice,sed
2529 5044 2630 5095 hac
2664 5042 2997 5112 hypostatica
3025 5043 3411 5110 conjunctione
3438 5042 3835 5096 inconvertibi-

2251 5112 2377 5164 liter
2407 5110 2800 5165 sauctttlcat'aiu
2854 5110 3121 5181 Uuigeniti
3156 5111 3340 5181 gloriae
3364 5122 3417 5165 et
3448 5112 3684 5167 nominis
3710 5126 3837 5166 esse

2253 5182 2596 5251 participem.
2645 5181 2845 5252 Eodem
2881 5198 3039 5237 sensu
3075 5198 3168 5237 sex
3210 5183 3447 5252 episcopi
3496 5184 3548 5236 in
3596 5181 3827 5252 epistola

2252 5250 2321 5325 ad
2373 5252 2596 5325 Paulum
2644 5250 3123 5325 Samosatenuni:
3168 5250 3253 5305 Τδ
3283 5255 3348 5325 ἐκ
3397 5250 3507 5325 si};
3551 5250 3831 5325 Παρθένου

2255 5322 2413 5393 σῶμα
2441 5322 2706 5394 χωρῆσαν
2744 5324 2852 5377 πᾶν
2890 5322 2950 5375 τὸ
2984 5323 3256 5393 πλήρωμα
3287 5324 3385 5394 τῆς
3423 5322 3676 5394 Oed-mro};
3725 5340 3833 5376 σω-

2258 5392 2547 5461 ματικῶςί
2577 5396 2644 5465 τῇ
2683 5392 2897 5464 Θεότητι
2940 5392 3226 5465 depecisci;
3265 5392 3469 5465 ἥνωται
3517 5392 3608 5448 xci.
3656 5394 3835 5447 τεθεσ·

2254 5465 2495 5536 ποίηται,
2544 5481 2563 5516 t
2593 5462 2802 5532 corpus
2832 5462 2916 5518 rex
2961 5462 3198 5533 Virgine,
3248 5462 3391 5534 quod
3429 5469 3573 5535 capit
3613 5478 3831 5519 omnem

2256 5535 2644 5604 plenitudinem
2681 5536 2982 5590 divinitatis
3018 5540 3397 5605 corporaliter,
3426 5537 3694 5590 divinitati
3728 5538 3833 5589 iiii-

2256 5607 2584 5661 mutabiliter
2622 5607 2831 5660 unitum
2870 5616 2953 5661 est
2993 5616 3049 5661 et
3083 5607 3412 5660 deiticatum.
3442 5624 3460 5658 I
3503 5637 3573 5647 —
3603 5607 3728 5661 Haec
3767 5605 3830 5660 D.

2256 5674 2692 5801 Prud.“Mxnan,
2743 5678 2825 5732 De
2864 5678 3029 5733 divin.
3070 5675 3267 5732 Christi
3318 5678 3413 5734 lib.
3455 5692 3529 5744 tv,
3582 5694 3699 5749 cap.
3742 5674 3832 5744 ib,

2257 5762 2405 5801 num.
2510 5786 2524 5801 .

2257 5762 2405 5803 num.
2437 5762 2495 5801 ‘II
2510 5786 2524 5802 ι
