  <div class='ocr_page' id='page_1' title='image "/cluster/home/n/w/nwhite01/storage/ocr_20150623/17:no.7/coo.31924054872977/414.png"; bbox 0 0 4160 6400; ppageno 0'>
   <div class='ocr_carea' id='block_1_1' title="bbox 366 364 472 423">
    <p class='ocr_par' dir='ltr' id='par_1_1' title="bbox 366 364 472 423">
     <span class='ocr_line' id='line_1_1' title="bbox 366 364 472 423; baseline -0.047 1"><span class='ocrx_word' id='word_1_1' title='bbox 366 364 472 423; x_wconf 74' lang='lat'><strong>805</strong></span> 
     </span>
    </p>
   </div>
   <div class='ocr_carea' id='block_1_2' title="bbox 1186 342 2793 416">
    <p class='ocr_par' dir='ltr' id='par_1_2' title="bbox 1186 342 2793 416">
     <span class='ocr_line' id='line_1_2' title="bbox 1186 342 2793 416; baseline -0.009 -2"><span class='ocrx_word' id='word_1_2' title='bbox 1186 353 1758 415; x_wconf 74' lang='lat' dir='ltr'><strong>ORIGENIANORUM</strong></span> <span class='ocrx_word' id='word_1_3' title='bbox 1800 352 1929 409; x_wconf 84' lang='lat' dir='ltr'><strong>LIB.</strong></span> <span class='ocrx_word' id='word_1_4' title='bbox 1974 349 2037 415; x_wconf 90' lang='lat' dir='ltr'><strong>ll,</strong></span> <span class='ocrx_word' id='word_1_5' title='bbox 2080 348 2233 406; x_wconf 85' lang='lat' dir='ltr'><strong>CAP.</strong></span> <span class='ocrx_word' id='word_1_6' title='bbox 2273 345 2338 416; x_wconf 89' lang='lat' dir='ltr'><strong>Il,</strong></span> <span class='ocrx_word' id='word_1_7' title='bbox 2381 343 2663 415; x_wconf 65' lang='lat' dir='ltr'><strong>QUEST.</strong></span> <span class='ocrx_word' id='word_1_8' title='bbox 2704 342 2793 399; x_wconf 91' lang='lat' dir='ltr'><strong>Ill.</strong></span> 
     </span>
    </p>
   </div>
   <div class='ocr_carea' id='block_1_3' title="bbox 3542 341 3649 397">
    <p class='ocr_par' dir='ltr' id='par_1_3' title="bbox 3542 341 3649 397">
     <span class='ocr_line' id='line_1_3' title="bbox 3542 341 3649 397; baseline 0.019 -2"><span class='ocrx_word' id='word_1_9' title='bbox 3542 341 3649 397; x_wconf 81' lang='lat'><strong>806</strong></span> 
     </span>
    </p>
   </div>
   <div class='ocr_carea' id='block_1_4' title="bbox 365 456 3653 551">
    <p class='ocr_par' dir='ltr' id='par_1_4' title="bbox 365 456 3653 551">
     <span class='ocr_line' id='line_1_4' title="bbox 365 456 3653 551; baseline -0.009 -10"><span class='ocrx_word' id='word_1_10' title='bbox 365 484 528 541; x_wconf 87' lang='lat' dir='ltr'><strong>odisti</strong></span> <span class='ocrx_word' id='word_1_11' title='bbox 579 481 924 551; x_wconf 76' lang='lat' dir='ltr'><strong>iniquitatem</strong></span> <span class='ocrx_word' id='word_1_12' title='bbox 955 498 969 535; x_wconf 87' lang='lat'><strong>:</strong></span> <span class='ocrx_word' id='word_1_13' title='bbox 998 485 1289 547; x_wconf 79' lang='lat' dir='ltr'><strong>propterea</strong></span> <span class='ocrx_word' id='word_1_14' title='bbox 1322 476 1479 529; x_wconf 86' lang='lat' dir='ltr'><strong>unxit</strong></span> <span class='ocrx_word' id='word_1_15' title='bbox 1510 483 1561 529; x_wconf 89' lang='lat' dir='ltr'><strong>te</strong></span> <span class='ocrx_word' id='word_1_16' title='bbox 1607 474 1769 537; x_wconf 87' lang='lat' dir='ltr'><strong>Deus,</strong></span> <span class='ocrx_word' id='word_1_17' title='bbox 1814 472 1955 527; x_wconf 87' lang='lat' dir='ltr'><strong>Deus</strong></span> <span class='ocrx_word' id='word_1_18' title='bbox 1983 476 2027 531; x_wconf 75' lang='grc' dir='ltr'><strong>Α</strong></span> <span class='ocrx_word' id='word_1_19' title='bbox 2058 464 2421 535; x_wconf 77' lang='lat' dir='ltr'><strong>proferemus,</strong></span> <span class='ocrx_word' id='word_1_20' title='bbox 2473 458 2811 532; x_wconf 83' lang='lat' dir='ltr'><strong>suspiciones</strong></span> <span class='ocrx_word' id='word_1_21' title='bbox 2843 456 3025 525; x_wconf 77' lang='lat' dir='ltr'><strong>potius</strong></span> <span class='ocrx_word' id='word_1_22' title='bbox 3072 463 3313 521; x_wconf 82' lang='lat' dir='ltr'><strong>nostras,</strong></span> <span class='ocrx_word' id='word_1_23' title='bbox 3337 470 3499 525; x_wconf 85' lang='lat' dir='ltr'><strong>quam</strong></span> <span class='ocrx_word' id='word_1_24' title='bbox 3534 472 3653 511; x_wconf 89' lang='lat' dir='ltr'><strong>ma-</strong></span> 
     </span>
    </p>
   </div>
   <div class='ocr_carea' id='block_1_5' title="bbox 366 560 1947 641">
    <p class='ocr_par' dir='ltr' id='par_1_5' title="bbox 366 560 1947 641">
     <span class='ocr_line' id='line_1_5' title="bbox 366 560 1947 641; baseline -0.008 -11"><span class='ocrx_word' id='word_1_25' title='bbox 366 585 515 641; x_wconf 84' lang='lat' dir='ltr'><strong>tutts,</strong></span> <span class='ocrx_word' id='word_1_26' title='bbox 553 574 676 629; x_wconf 90' lang='lat' dir='ltr'><strong>oleo</strong></span> <span class='ocrx_word' id='word_1_27' title='bbox 708 571 910 628; x_wconf 55' lang='lat' dir='ltr'><strong>laetitiae.</strong></span> <span class='ocrx_word' id='word_1_28' title='bbox 961 584 1074 640; x_wconf 75' lang='lat' dir='ltr'><strong>pra:</strong></span> <span class='ocrx_word' id='word_1_29' title='bbox 1123 566 1468 623; x_wconf 77' lang='lat' dir='ltr'><strong>consortibus</strong></span> <span class='ocrx_word' id='word_1_30' title='bbox 1515 565 1646 619; x_wconf 90' lang='lat' dir='ltr'><strong>tuis.</strong></span> <span class='ocrx_word' id='word_1_31' title='bbox 1675 583 1694 616; x_wconf 75' lang='grc' dir='ltr'><strong>ι</strong></span> <span class='ocrx_word' id='word_1_32' title='bbox 1752 560 1947 617; x_wconf 90' lang='lat' dir='ltr'><strong>Totam</strong></span> 
     </span>
    </p>
   </div>
   <div class='ocr_carea' id='block_1_6' title="bbox 366 658 1951 739">
    <p class='ocr_par' dir='ltr' id='par_1_6' title="bbox 366 658 1951 739">
     <span class='ocr_line' id='line_1_6' title="bbox 366 658 1951 739; baseline -0.009 -17"><span class='ocrx_word' id='word_1_33' title='bbox 366 681 531 739; x_wconf 89' lang='lat' dir='ltr'><strong>porro</strong></span> <span class='ocrx_word' id='word_1_34' title='bbox 562 667 721 722; x_wconf 89' lang='lat' dir='ltr'><strong>istam</strong></span> <span class='ocrx_word' id='word_1_35' title='bbox 752 663 1002 734; x_wconf 84' lang='lat' dir='ltr'><strong>Origenis</strong></span> <span class='ocrx_word' id='word_1_36' title='bbox 1040 660 1479 717; x_wconf 90' lang='lat' dir='ltr'><strong>dissertationem</strong></span> <span class='ocrx_word' id='word_1_37' title='bbox 1529 658 1716 712; x_wconf 84' lang='lat' dir='ltr'><strong>iisdem</strong></span> <span class='ocrx_word' id='word_1_38' title='bbox 1751 670 1951 727; x_wconf 85' lang='lat' dir='ltr'><strong>prope-</strong></span> 
     </span>
    </p>
   </div>
   <div class='ocr_carea' id='block_1_7' title="bbox 370 751 1950 826">
    <p class='ocr_par' dir='ltr' id='par_1_7' title="bbox 370 751 1950 826">
     <span class='ocr_line' id='line_1_7' title="bbox 370 751 1950 826; baseline -0.008 -13"><span class='ocrx_word' id='word_1_39' title='bbox 370 759 590 813; x_wconf 87' lang='lat' dir='ltr'><strong>modum</strong></span> <span class='ocrx_word' id='word_1_40' title='bbox 627 758 917 826; x_wconf 89' lang='lat' dir='ltr'><strong>repetitam</strong></span> <span class='ocrx_word' id='word_1_41' title='bbox 946 754 1130 810; x_wconf 83' lang='lat' dir='ltr'><strong>verbis</strong></span> <span class='ocrx_word' id='word_1_42' title='bbox 1167 752 1409 820; x_wconf 81' lang='lat' dir='ltr'><strong>reperias</strong></span> <span class='ocrx_word' id='word_1_43' title='bbox 1455 751 1508 803; x_wconf 91' lang='lat' dir='ltr'><strong>in</strong></span> <span class='ocrx_word' id='word_1_44' title='bbox 1545 758 1820 820; x_wconf 90' lang='lat' dir='ltr'><strong>postremo</strong></span> <span class='ocrx_word' id='word_1_45' title='bbox 1857 763 1950 802; x_wconf 83' lang='lat' dir='ltr'><strong>ca-</strong></span> 
     </span>
    </p>
   </div>
   <div class='ocr_carea' id='block_1_8' title="bbox 366 839 1951 920">
    <p class='ocr_par' dir='ltr' id='par_1_8' title="bbox 366 839 1951 920">
     <span class='ocr_line' id='line_1_8' title="bbox 366 839 1951 920; baseline -0.006 -16"><span class='ocrx_word' id='word_1_46' title='bbox 366 850 479 920; x_wconf 90' lang='lat' dir='ltr'><strong>pite</strong></span> <span class='ocrx_word' id='word_1_47' title='bbox 530 849 697 905; x_wconf 86' lang='lat' dir='ltr'><strong>libelli</strong></span> <span class='ocrx_word' id='word_1_48' title='bbox 752 848 829 903; x_wconf 90' lang='lat' dir='ltr'><strong>De</strong></span> <span class='ocrx_word' id='word_1_49' title='bbox 884 847 1081 901; x_wconf 86' lang='lat' dir='ltr'><strong>deitate</strong></span> <span class='ocrx_word' id='word_1_50' title='bbox 1126 854 1176 899; x_wconf 79' lang='lat' dir='ltr'><strong>et</strong></span> <span class='ocrx_word' id='word_1_51' title='bbox 1215 844 1586 899; x_wconf 77' lang='lat' dir='ltr'><strong>incarnatione</strong></span> <span class='ocrx_word' id='word_1_52' title='bbox 1647 839 1836 905; x_wconf 81' lang='lat' dir='ltr'><strong>Verbi,</strong></span> <span class='ocrx_word' id='word_1_53' title='bbox 1882 840 1951 894; x_wconf 87' lang='lat' dir='ltr'><strong>ad</strong></span> 
     </span>
    </p>
   </div>
   <div class='ocr_carea' id='block_1_9' title="bbox 368 932 1952 1010">
    <p class='ocr_par' dir='ltr' id='par_1_9' title="bbox 368 932 1952 1010">
     <span class='ocr_line' id='line_1_9' title="bbox 368 932 1952 1010; baseline -0.006 -13"><span class='ocrx_word' id='word_1_54' title='bbox 368 941 721 1006; x_wconf 84' lang='lat' dir='ltr'><strong>Januarium;</strong></span> <span class='ocrx_word' id='word_1_55' title='bbox 749 941 843 1010; x_wconf 88' lang='lat' dir='ltr'><strong>qui</strong></span> <span class='ocrx_word' id='word_1_56' title='bbox 869 939 1082 993; x_wconf 82' lang='lat' dir='ltr'><strong>libellus</strong></span> <span class='ocrx_word' id='word_1_57' title='bbox 1110 936 1462 1008; x_wconf 88' lang='lat' dir='ltr'><strong>Origenianis</strong></span> <span class='ocrx_word' id='word_1_58' title='bbox 1488 935 1809 1005; x_wconf 83' lang='lat' dir='ltr'><strong>fragmentis</strong></span> <span class='ocrx_word' id='word_1_59' title='bbox 1836 932 1952 988; x_wconf 86' lang='lat' dir='ltr'><strong>fere</strong></span> 
     </span>
    </p>
   </div>
   <div class='ocr_carea' id='block_1_10' title="bbox 369 1026 1954 1099">
    <p class='ocr_par' dir='ltr' id='par_1_10' title="bbox 369 1026 1954 1099">
     <span class='ocr_line' id='line_1_10' title="bbox 369 1026 1954 1099; baseline -0.008 -9"><span class='ocrx_word' id='word_1_60' title='bbox 369 1042 612 1099; x_wconf 90' lang='lat' dir='ltr'><strong>constat,</strong></span> <span class='ocrx_word' id='word_1_61' title='bbox 654 1041 709 1089; x_wconf 90' lang='lat' dir='ltr'><strong>et</strong></span> <span class='ocrx_word' id='word_1_62' title='bbox 753 1032 819 1087; x_wconf 91' lang='lat' dir='ltr'><strong>ad</strong></span> <span class='ocrx_word' id='word_1_63' title='bbox 851 1030 1058 1087; x_wconf 86' lang='lat' dir='ltr'><strong>calcem</strong></span> <span class='ocrx_word' id='word_1_64' title='bbox 1109 1028 1287 1098; x_wconf 86' lang='lat' dir='ltr'><strong>quarti</strong></span> <span class='ocrx_word' id='word_1_65' title='bbox 1340 1028 1470 1082; x_wconf 90' lang='lat' dir='ltr'><strong>tomi</strong></span> <span class='ocrx_word' id='word_1_66' title='bbox 1522 1026 1809 1096; x_wconf 77' lang='lat' dir='ltr'><strong>Augustini</strong></span> <span class='ocrx_word' id='word_1_67' title='bbox 1856 1026 1954 1078; x_wconf 90' lang='lat' dir='ltr'><strong>ad-</strong></span> 
     </span>
    </p>
   </div>
   <div class='ocr_carea' id='block_1_11' title="bbox 367 1118 1954 1198">
    <p class='ocr_par' dir='ltr' id='par_1_11' title="bbox 367 1118 1954 1198">
     <span class='ocr_line' id='line_1_11' title="bbox 367 1118 1954 1198; baseline -0.006 -17"><span class='ocrx_word' id='word_1_68' title='bbox 367 1126 519 1198; x_wconf 85' lang='lat' dir='ltr'><strong>jungi</strong></span> <span class='ocrx_word' id='word_1_69' title='bbox 575 1125 735 1182; x_wconf 87' lang='lat' dir='ltr'><strong>soiet.</strong></span> <span class='ocrx_word' id='word_1_70' title='bbox 780 1125 960 1193; x_wconf 80' lang='lat' dir='ltr'><strong>Atque</strong></span> <span class='ocrx_word' id='word_1_71' title='bbox 1015 1123 1157 1177; x_wconf 86' lang='lat' dir='ltr'><strong>hanc</strong></span> <span class='ocrx_word' id='word_1_72' title='bbox 1207 1120 1551 1184; x_wconf 90' lang='lat' dir='ltr'><strong>doctrinam,</strong></span> <span class='ocrx_word' id='word_1_73' title='bbox 1602 1118 1954 1189; x_wconf 81' lang='lat' dir='ltr'><strong>quantumvis</strong></span> 
     </span>
    </p>
   </div>
   <div class='ocr_carea' id='block_1_12' title="bbox 375 1213 1955 1287">
    <p class='ocr_par' dir='ltr' id='par_1_12' title="bbox 375 1213 1955 1287">
     <span class='ocr_line' id='line_1_12' title="bbox 375 1213 1955 1287; baseline -0.008 -10"><span class='ocrx_word' id='word_1_74' title='bbox 375 1222 659 1287; x_wconf 85' lang='lat' dir='ltr'><strong>absonam,</strong></span> <span class='ocrx_word' id='word_1_75' title='bbox 687 1218 847 1273; x_wconf 85' lang='lat' dir='ltr'><strong>avide</strong></span> <span class='ocrx_word' id='word_1_76' title='bbox 874 1217 1224 1287; x_wconf 86' lang='lat' dir='ltr'><strong>arripuerunt</strong></span> <span class='ocrx_word' id='word_1_77' title='bbox 1251 1213 1530 1283; x_wconf 82' lang='lat' dir='ltr'><strong>Pelagiani</strong></span> <span class='ocrx_word' id='word_1_78' title='bbox 1558 1222 1613 1267; x_wconf 92' lang='lat' dir='ltr'><strong>et</strong></span> <span class='ocrx_word' id='word_1_79' title='bbox 1650 1226 1955 1282; x_wconf 84' lang='lat' dir='ltr'><strong>propugna-</strong></span> 
     </span>
    </p>
   </div>
   <div class='ocr_carea' id='block_1_13' title="bbox 377 1304 1951 1381">
    <p class='ocr_par' dir='ltr' id='par_1_13' title="bbox 377 1304 1951 1381">
     <span class='ocr_line' id='line_1_13' title="bbox 377 1304 1951 1381; baseline -0.009 -10"><span class='ocrx_word' id='word_1_80' title='bbox 377 1325 524 1371; x_wconf 89' lang='lat' dir='ltr'><strong>runt.</strong></span> <span class='ocrx_word' id='word_1_81' title='bbox 577 1311 845 1367; x_wconf 87' lang='lat' dir='ltr'><strong>Locorum</strong></span> <span class='ocrx_word' id='word_1_82' title='bbox 898 1310 1185 1381; x_wconf 86' lang='lat' dir='ltr'><strong>Origenis,</strong></span> <span class='ocrx_word' id='word_1_83' title='bbox 1239 1306 1437 1377; x_wconf 89' lang='lat' dir='ltr'><strong>quibus</strong></span> <span class='ocrx_word' id='word_1_84' title='bbox 1502 1318 1564 1359; x_wconf 89' lang='lat' dir='ltr'><strong>ea</strong></span> <span class='ocrx_word' id='word_1_85' title='bbox 1623 1304 1951 1367; x_wconf 82' lang='lat' dir='ltr'><strong>continetur,</strong></span> 
     </span>
    </p>
   </div>
   <div class='ocr_carea' id='block_1_14' title="bbox 371 1394 1957 1478">
    <p class='ocr_par' dir='ltr' id='par_1_14' title="bbox 371 1394 1957 1478">
     <span class='ocr_line' id='line_1_14' title="bbox 371 1394 1957 1478; baseline -0.008 -16"><span class='ocrx_word' id='word_1_86' title='bbox 371 1408 580 1478; x_wconf 86' lang='lat' dir='ltr'><strong>primus</strong></span> <span class='ocrx_word' id='word_1_87' title='bbox 636 1413 816 1461; x_wconf 89' lang='lat' dir='ltr'><strong>exstat</strong></span> <span class='ocrx_word' id='word_1_88' title='bbox 855 1412 985 1460; x_wconf 93' lang='lat' dir='ltr'><strong>tom.</strong></span> <span class='ocrx_word' id='word_1_89' title='bbox 1031 1418 1049 1458; x_wconf 90' lang='grc' dir='ltr'><strong>ι</strong></span> <span class='ocrx_word' id='word_1_90' title='bbox 1096 1403 1151 1456; x_wconf 89' lang='lat' dir='ltr'><strong>in</strong></span> <span class='ocrx_word' id='word_1_91' title='bbox 1196 1400 1388 1462; x_wconf 80' lang='lat' dir='ltr'><strong>Joan.,</strong></span> <span class='ocrx_word' id='word_1_92' title='bbox 1436 1412 1588 1451; x_wconf 92' lang='lat' dir='ltr'><strong>num.</strong></span> <span class='ocrx_word' id='word_1_93' title='bbox 1634 1396 1751 1451; x_wconf 76' lang='lat'><strong>37:</strong></span> <span class='ocrx_word' id='word_1_94' title='bbox 1795 1394 1957 1450; x_wconf 79' lang='grc' dir='ltr'>Ἀλλὰ</span> 
     </span>
    </p>
   </div>
   <div class='ocr_carea' id='block_1_15' title="bbox 370 1487 1955 1571">
    <p class='ocr_par' dir='ltr' id='par_1_15' title="bbox 370 1487 1955 1571">
     <span class='ocr_line' id='line_1_15' title="bbox 370 1487 1955 1571; baseline -0.008 -18"><span class='ocrx_word' id='word_1_95' title='bbox 370 1500 466 1556; x_wconf 70' lang='grc' dir='ltr'><strong>καὶ</strong></span> <span class='ocrx_word' id='word_1_96' title='bbox 495 1497 634 1571; x_wconf 78' lang='grc' dir='ltr'>ἀνὴρ</span> <span class='ocrx_word' id='word_1_97' title='bbox 667 1497 805 1565; x_wconf 83' lang='grc' dir='ltr'>πρὸς</span> <span class='ocrx_word' id='word_1_98' title='bbox 835 1497 1047 1557; x_wconf 80' lang='grc' dir='ltr'><strong>τούτοις</strong></span> <span class='ocrx_word' id='word_1_99' title='bbox 1074 1493 1292 1561; x_wconf 81' lang='grc' dir='ltr'>λέγεται</span> <span class='ocrx_word' id='word_1_100' title='bbox 1318 1490 1491 1544; x_wconf 85' lang='grc' dir='ltr'>ὀπίσω</span> <span class='ocrx_word' id='word_1_101' title='bbox 1524 1487 1772 1543; x_wconf 76' lang='grc' dir='ltr'><strong>Ἰωάννου</strong></span> <span class='ocrx_word' id='word_1_102' title='bbox 1799 1488 1955 1561; x_wconf 77' lang='grc' dir='ltr'>ἐρχό-</span> 
     </span>
    </p>
   </div>
   <div class='ocr_carea' id='block_1_16' title="bbox 375 1579 1955 1665">
    <p class='ocr_par' dir='ltr' id='par_1_16' title="bbox 375 1579 1955 1665">
     <span class='ocr_line' id='line_1_16' title="bbox 375 1579 1955 1665; baseline -0.008 -19"><span class='ocrx_word' id='word_1_103' title='bbox 375 1610 555 1665; x_wconf 83' lang='grc' dir='ltr'>μενος,</span> <span class='ocrx_word' id='word_1_104' title='bbox 582 1588 888 1662; x_wconf 75' lang='grc' dir='ltr'>ἔμπροσθεν</span> <span class='ocrx_word' id='word_1_105' title='bbox 914 1586 1079 1641; x_wconf 74' lang='grc' dir='ltr'>αὐτοῦ</span> <span class='ocrx_word' id='word_1_106' title='bbox 1110 1585 1495 1657; x_wconf 81' lang='grc' dir='ltr'><strong>γεγενημένος,</strong></span> <span class='ocrx_word' id='word_1_107' title='bbox 1525 1585 1618 1640; x_wconf 72' lang='grc' dir='ltr'><strong>καὶ</strong></span> <span class='ocrx_word' id='word_1_108' title='bbox 1652 1582 1757 1654; x_wconf 84' lang='grc' dir='ltr'><strong>πρὸ</strong></span> <span class='ocrx_word' id='word_1_109' title='bbox 1790 1579 1955 1635; x_wconf 75' lang='grc' dir='ltr'>αὐτοῦ</span> 
     </span>
    </p>
   </div>
   <div class='ocr_carea' id='block_1_17' title="bbox 371 1673 1955 1752">
    <p class='ocr_par' dir='ltr' id='par_1_17' title="bbox 371 1673 1955 1752">
     <span class='ocr_line' id='line_1_17' title="bbox 371 1673 1955 1752; baseline -0.008 -13"><span class='ocrx_word' id='word_1_110' title='bbox 371 1686 468 1750; x_wconf 82' lang='grc' dir='ltr'>ὢν,</span> <span class='ocrx_word' id='word_1_111' title='bbox 499 1684 585 1737; x_wconf 79' lang='grc' dir='ltr'>ἵνα</span> <span class='ocrx_word' id='word_1_112' title='bbox 615 1678 951 1752; x_wconf 61' lang='grc' dir='ltr'>διὼχθῶμεν</span> <span class='ocrx_word' id='word_1_113' title='bbox 987 1678 1082 1732; x_wconf 73' lang='grc' dir='ltr'><strong>καὶ</strong></span> <span class='ocrx_word' id='word_1_114' title='bbox 1109 1678 1201 1732; x_wconf 79' lang='grc' dir='ltr'>τὸν</span> <span class='ocrx_word' id='word_1_115' title='bbox 1229 1677 1517 1749; x_wconf 79' lang='grc' dir='ltr'>ἄνθρωπον</span> <span class='ocrx_word' id='word_1_116' title='bbox 1558 1677 1654 1733; x_wconf 75' lang='grc' dir='ltr'><strong>τοῦ</strong></span> <span class='ocrx_word' id='word_1_117' title='bbox 1689 1676 1823 1731; x_wconf 83' lang='grc' dir='ltr'><strong>Υἱοῦ</strong></span> <span class='ocrx_word' id='word_1_118' title='bbox 1860 1673 1955 1728; x_wconf 75' lang='grc' dir='ltr'>τοῦ</span> 
     </span>
    </p>
   </div>
   <div class='ocr_carea' id='block_1_18' title="bbox 372 1772 1959 1848">
    <p class='ocr_par' dir='ltr' id='par_1_18' title="bbox 372 1772 1959 1848">
     <span class='ocr_line' id='line_1_18' title="bbox 372 1772 1959 1848; baseline -0.007 -16"><span class='ocrx_word' id='word_1_119' title='bbox 372 1776 531 1841; x_wconf 76' lang='grc' dir='ltr'>Θεοῦ,</span> <span class='ocrx_word' id='word_1_120' title='bbox 563 1776 657 1831; x_wconf 76' lang='grc' dir='ltr'>τὸν</span> <span class='ocrx_word' id='word_1_121' title='bbox 699 1778 767 1848; x_wconf 73' lang='grc' dir='ltr'>τῇ</span> <span class='ocrx_word' id='word_1_122' title='bbox 811 1775 1028 1845; x_wconf 83' lang='grc' dir='ltr'>θεότητι</span> <span class='ocrx_word' id='word_1_123' title='bbox 1074 1772 1242 1827; x_wconf 78' lang='grc' dir='ltr'>αὐτοῦ</span> <span class='ocrx_word' id='word_1_124' title='bbox 1295 1772 1789 1846; x_wconf 83' lang='grc' dir='ltr'>ἀνακεκραμμένον</span> <span class='ocrx_word' id='word_1_125' title='bbox 1831 1785 1959 1841; x_wconf 86' lang='grc' dir='ltr'>πρε-</span> 
     </span>
    </p>
   </div>
   <div class='ocr_carea' id='block_1_19' title="bbox 2058 548 3642 619">
    <p class='ocr_par' dir='ltr' id='par_1_19' title="bbox 2058 548 3642 619">
     <span class='ocr_line' id='line_1_19' title="bbox 2058 548 3642 619; baseline -0.004 -8"><span class='ocrx_word' id='word_1_126' title='bbox 2058 557 2312 611; x_wconf 86' lang='lat' dir='ltr'><strong>nifestius</strong></span> <span class='ocrx_word' id='word_1_127' title='bbox 2370 554 2759 608; x_wconf 85' lang='lat' dir='ltr'><strong>allirmationes</strong></span> <span class='ocrx_word' id='word_1_128' title='bbox 2813 550 2866 605; x_wconf 92' lang='lat' dir='ltr'><strong>in</strong></span> <span class='ocrx_word' id='word_1_129' title='bbox 2938 549 3174 604; x_wconf 88' lang='lat' dir='ltr'><strong>medium</strong></span> <span class='ocrx_word' id='word_1_130' title='bbox 3226 548 3584 619; x_wconf 86' lang='lat' dir='ltr'><strong>proferentes.</strong></span> <span class='ocrx_word' id='word_1_131' title='bbox 3620 568 3642 604; x_wconf 73' lang='grc' dir='ltr'><strong>ο</strong></span> 
     </span>
    </p>
   </div>
   <div class='ocr_carea' id='block_1_20' title="bbox 2055 641 3652 717">
    <p class='ocr_par' dir='ltr' id='par_1_20' title="bbox 2055 641 3652 717">
     <span class='ocr_line' id='line_1_20' title="bbox 2055 641 3652 717; baseline -0.003 -15"><span class='ocrx_word' id='word_1_132' title='bbox 2055 649 2190 717; x_wconf 84' lang='lat' dir='ltr'><strong>Quae</strong></span> <span class='ocrx_word' id='word_1_133' title='bbox 2243 664 2273 702; x_wconf 90' lang='lat' dir='ltr'><strong>a</strong></span> <span class='ocrx_word' id='word_1_134' title='bbox 2327 646 2526 704; x_wconf 80' lang='lat' dir='ltr'><strong>Ruﬁno</strong></span> <span class='ocrx_word' id='word_1_135' title='bbox 2569 647 2788 700; x_wconf 76' lang='lat' dir='ltr'><strong>adtexta</strong></span> <span class='ocrx_word' id='word_1_136' title='bbox 2816 642 3145 711; x_wconf 87' lang='lat' dir='ltr'><strong>suspicarer,</strong></span> <span class='ocrx_word' id='word_1_137' title='bbox 3174 641 3217 695; x_wconf 91' lang='lat' dir='ltr'><strong>si</strong></span> <span class='ocrx_word' id='word_1_138' title='bbox 3249 656 3353 695; x_wconf 91' lang='lat' dir='ltr'><strong>non</strong></span> <span class='ocrx_word' id='word_1_139' title='bbox 3391 644 3457 696; x_wconf 91' lang='lat' dir='ltr'><strong>de</strong></span> <span class='ocrx_word' id='word_1_140' title='bbox 3485 643 3652 698; x_wconf 85' lang='lat' dir='ltr'><strong>rebus</strong></span> 
     </span>
    </p>
   </div>
   <div class='ocr_carea' id='block_1_21' title="bbox 2053 732 3651 810">
    <p class='ocr_par' dir='ltr' id='par_1_21' title="bbox 2053 732 3651 810">
     <span class='ocr_line' id='line_1_21' title="bbox 2053 732 3651 810; baseline -0.004 -14"><span class='ocrx_word' id='word_1_141' title='bbox 2053 740 2307 797; x_wconf 89' lang='lat' dir='ltr'><strong>obscuris</strong></span> <span class='ocrx_word' id='word_1_142' title='bbox 2367 740 2742 810; x_wconf 82' lang='lat' dir='ltr'><strong>disputaturos</strong></span> <span class='ocrx_word' id='word_1_143' title='bbox 2803 733 3066 804; x_wconf 76' lang='lat' dir='ltr'><strong>Origenes</strong></span> <span class='ocrx_word' id='word_1_144' title='bbox 3126 733 3199 787; x_wconf 89' lang='lat' dir='ltr'><strong>ita</strong></span> <span class='ocrx_word' id='word_1_145' title='bbox 3267 732 3483 804; x_wconf 73' lang='lat' dir='ltr'><strong>praefari</strong></span> <span class='ocrx_word' id='word_1_146' title='bbox 3552 747 3651 789; x_wconf 83' lang='lat' dir='ltr'><strong>so-</strong></span> 
     </span>
    </p>
   </div>
   <div class='ocr_carea' id='block_1_22' title="bbox 2054 834 2213 890">
    <p class='ocr_par' dir='ltr' id='par_1_22' title="bbox 2054 834 2213 890">
     <span class='ocr_line' id='line_1_22' title="bbox 2054 834 2213 890; baseline -0.006 -1"><span class='ocrx_word' id='word_1_147' title='bbox 2054 834 2213 890; x_wconf 90' lang='lat' dir='ltr'><strong>leret.</strong></span> 
     </span>
    </p>
   </div>
   <div class='ocr_carea' id='block_1_23' title="bbox 2126 918 3652 990">
    <p class='ocr_par' dir='ltr' id='par_1_23' title="bbox 2126 918 3652 990">
     <span class='ocr_line' id='line_1_23' title="bbox 2126 918 3652 990; baseline -0.002 -11"><span class='ocrx_word' id='word_1_148' title='bbox 2126 927 2262 983; x_wconf 83' lang='lat' dir='ltr'>VIII.</span> <span class='ocrx_word' id='word_1_149' title='bbox 2301 924 2664 982; x_wconf 84' lang='lat' dir='ltr'><strong>Nihilominus</strong></span> <span class='ocrx_word' id='word_1_150' title='bbox 2715 933 2898 979; x_wconf 89' lang='lat' dir='ltr'><strong>tamen</strong></span> <span class='ocrx_word' id='word_1_151' title='bbox 2951 936 3021 977; x_wconf 92' lang='lat' dir='ltr'><strong>ne</strong></span> <span class='ocrx_word' id='word_1_152' title='bbox 3059 920 3139 977; x_wconf 89' lang='lat' dir='ltr'><strong>sic</strong></span> <span class='ocrx_word' id='word_1_153' title='bbox 3173 919 3392 990; x_wconf 89' lang='lat' dir='ltr'><strong>quidem</strong></span> <span class='ocrx_word' id='word_1_154' title='bbox 3448 918 3652 976; x_wconf 82' lang='lat' dir='ltr'><strong>multo-</strong></span> 
     </span>
    </p>
   </div>
   <div class='ocr_carea' id='block_1_24' title="bbox 2056 1012 3649 1082">
    <p class='ocr_par' dir='ltr' id='par_1_24' title="bbox 2056 1012 3649 1082">
     <span class='ocr_line' id='line_1_24' title="bbox 2056 1012 3649 1082; baseline -0.003 -8"><span class='ocrx_word' id='word_1_155' title='bbox 2056 1036 2176 1075; x_wconf 87' lang='lat' dir='ltr'><strong>rum</strong></span> <span class='ocrx_word' id='word_1_156' title='bbox 2229 1018 2701 1074; x_wconf 84' lang='lat' dir='ltr'><strong>criminationibus</strong></span> <span class='ocrx_word' id='word_1_157' title='bbox 2742 1016 2845 1072; x_wconf 87' lang='lat' dir='ltr'><strong>fuit</strong></span> <span class='ocrx_word' id='word_1_158' title='bbox 2894 1014 3171 1071; x_wconf 85' lang='lat' dir='ltr'><strong>immunis.</strong></span> <span class='ocrx_word' id='word_1_159' title='bbox 3220 1012 3411 1082; x_wconf 89' lang='lat' dir='ltr'><strong>Carpit</strong></span> <span class='ocrx_word' id='word_1_160' title='bbox 3471 1012 3649 1082; x_wconf 89' lang='lat' dir='ltr'><strong>ipsum</strong></span> 
     </span>
    </p>
   </div>
   <div class='ocr_carea' id='block_1_25' title="bbox 2055 1105 3647 1182">
    <p class='ocr_par' dir='ltr' id='par_1_25' title="bbox 2055 1105 3647 1182">
     <span class='ocr_line' id='line_1_25' title="bbox 2055 1105 3647 1182; baseline -0.004 -15"><span class='ocrx_word' id='word_1_161' title='bbox 2055 1111 2391 1182; x_wconf 83' lang='lat' dir='ltr'><strong>Theophilus</strong></span> <span class='ocrx_word' id='word_1_162' title='bbox 2439 1111 2544 1165; x_wconf 86' lang='lat' dir='ltr'><strong>int</strong></span> <span class='ocrx_word' id='word_1_163' title='bbox 2590 1110 2787 1164; x_wconf 78' lang='lat' dir='ltr'><strong>Pasch.</strong></span> <span class='ocrx_word' id='word_1_164' title='bbox 2844 1112 2996 1179; x_wconf 83' lang='lat' dir='ltr'><strong>epist.</strong></span> <span class='ocrx_word' id='word_1_165' title='bbox 3024 1148 3039 1172; x_wconf 89' lang='lat'><strong>,</strong></span> <span class='ocrx_word' id='word_1_166' title='bbox 3088 1105 3232 1177; x_wconf 86' lang='lat' dir='ltr'><strong>quod</strong></span> <span class='ocrx_word' id='word_1_167' title='bbox 3287 1106 3355 1159; x_wconf 88' lang='lat' dir='ltr'><strong>ad</strong></span> <span class='ocrx_word' id='word_1_168' title='bbox 3408 1106 3647 1160; x_wconf 88' lang='lat' dir='ltr'><strong>animam</strong></span> 
     </span>
    </p>
   </div>
   <div class='ocr_carea' id='block_1_26' title="bbox 2055 1198 3650 1268">
    <p class='ocr_par' dir='ltr' id='par_1_26' title="bbox 2055 1198 3650 1268">
     <span class='ocr_line' id='line_1_26' title="bbox 2055 1198 3650 1268; baseline -0.003 -10"><span class='ocrx_word' id='word_1_169' title='bbox 2055 1202 2257 1258; x_wconf 89' lang='lat' dir='ltr'><strong>Christi</strong></span> <span class='ocrx_word' id='word_1_170' title='bbox 2311 1202 2557 1257; x_wconf 88' lang='lat' dir='ltr'><strong>retulerit</strong></span> <span class='ocrx_word' id='word_1_171' title='bbox 2602 1202 2745 1257; x_wconf 89' lang='lat' dir='ltr'><strong>istud</strong></span> <span class='ocrx_word' id='word_1_172' title='bbox 2796 1201 2948 1257; x_wconf 81' lang='lat' dir='ltr'><strong>Pauli</strong></span> <span class='ocrx_word' id='word_1_173' title='bbox 2993 1200 3329 1268; x_wconf 83' lang='lat' dir='ltr'><strong>Philipth,</strong></span> <span class='ocrx_word' id='word_1_174' title='bbox 3362 1199 3434 1252; x_wconf 87' lang='lat'><strong>7:</strong></span> <span class='ocrx_word' id='word_1_175' title='bbox 3481 1215 3501 1251; x_wconf 74' lang='grc' dir='ltr'><strong>ι</strong></span> <span class='ocrx_word' id='word_1_176' title='bbox 3532 1198 3650 1254; x_wconf 82' lang='lat' dir='ltr'><strong>Non</strong></span> 
     </span>
    </p>
   </div>
   <div class='ocr_carea' id='block_1_27' title="bbox 2056 1290 3652 1365">
    <p class='ocr_par' dir='ltr' id='par_1_27' title="bbox 2056 1290 3652 1365">
     <span class='ocr_line' id='line_1_27' title="bbox 2056 1290 3652 1365; baseline 0 -17"><span class='ocrx_word' id='word_1_177' title='bbox 2056 1296 2305 1365; x_wconf 88' lang='lat' dir='ltr'><strong>rapinam</strong></span> <span class='ocrx_word' id='word_1_178' title='bbox 2352 1293 2652 1349; x_wconf 89' lang='lat' dir='ltr'><strong>arbitratus</strong></span> <span class='ocrx_word' id='word_1_179' title='bbox 2687 1302 2771 1347; x_wconf 91' lang='lat' dir='ltr'><strong>est</strong></span> <span class='ocrx_word' id='word_1_180' title='bbox 2809 1307 2932 1348; x_wconf 89' lang='lat' dir='ltr'><strong>esse</strong></span> <span class='ocrx_word' id='word_1_181' title='bbox 2979 1308 3039 1347; x_wconf 92' lang='lat' dir='ltr'><strong>se</strong></span> <span class='ocrx_word' id='word_1_182' title='bbox 3079 1290 3342 1362; x_wconf 63' lang='lat' dir='ltr'><strong>aequalem</strong></span> <span class='ocrx_word' id='word_1_183' title='bbox 3382 1291 3513 1358; x_wconf 90' lang='lat' dir='ltr'><strong>Deo,</strong></span> <span class='ocrx_word' id='word_1_184' title='bbox 3555 1292 3652 1348; x_wconf 87' lang='lat' dir='ltr'><strong>sed</strong></span> 
     </span>
    </p>
   </div>
   <div class='ocr_carea' id='block_1_28' title="bbox 2058 1383 3644 1457">
    <p class='ocr_par' dir='ltr' id='par_1_28' title="bbox 2058 1383 3644 1457">
     <span class='ocr_line' id='line_1_28' title="bbox 2058 1383 3644 1457; baseline -0.002 -16"><span class='ocrx_word' id='word_1_185' title='bbox 2058 1387 2412 1457; x_wconf 85' lang='lat' dir='ltr'><strong>semetipsum</strong></span> <span class='ocrx_word' id='word_1_186' title='bbox 2464 1385 2768 1441; x_wconf 88' lang='lat' dir='ltr'><strong>exinanivit</strong></span> <span class='ocrx_word' id='word_1_187' title='bbox 2817 1386 3045 1441; x_wconf 86' lang='lat' dir='ltr'><strong>formam</strong></span> <span class='ocrx_word' id='word_1_188' title='bbox 3086 1385 3229 1441; x_wconf 86' lang='lat' dir='ltr'><strong>servi</strong></span> <span class='ocrx_word' id='word_1_189' title='bbox 3282 1383 3592 1455; x_wconf 86' lang='lat' dir='ltr'><strong>accipiens;</strong></span> <span class='ocrx_word' id='word_1_190' title='bbox 3624 1404 3644 1438; x_wconf 74' lang='grc' dir='ltr'><strong>ι</strong></span> 
     </span>
    </p>
   </div>
   <div class='ocr_carea' id='block_1_29' title="bbox 2059 1474 3651 1545">
    <p class='ocr_par' dir='ltr' id='par_1_29' title="bbox 2059 1474 3651 1545">
     <span class='ocr_line' id='line_1_29' title="bbox 2059 1474 3651 1545; baseline -0.001 -13"><span class='ocrx_word' id='word_1_191' title='bbox 2059 1479 2201 1533; x_wconf 92' lang='lat' dir='ltr'><strong>unde</strong></span> <span class='ocrx_word' id='word_1_192' title='bbox 2244 1477 2521 1534; x_wconf 86' lang='lat' dir='ltr'><strong>concludit</strong></span> <span class='ocrx_word' id='word_1_193' title='bbox 2552 1477 2757 1533; x_wconf 89' lang='lat' dir='ltr'><strong>Christi</strong></span> <span class='ocrx_word' id='word_1_194' title='bbox 2792 1479 3030 1531; x_wconf 89' lang='lat' dir='ltr'><strong>animam</strong></span> <span class='ocrx_word' id='word_1_195' title='bbox 3079 1475 3339 1545; x_wconf 42' lang='lat' dir='ltr'><strong>aequalem</strong></span> <span class='ocrx_word' id='word_1_196' title='bbox 3376 1476 3487 1529; x_wconf 89' lang='lat' dir='ltr'><strong>Deo</strong></span> <span class='ocrx_word' id='word_1_197' title='bbox 3520 1474 3651 1530; x_wconf 87' lang='lat' dir='ltr'><strong>Ori-</strong></span> 
     </span>
    </p>
   </div>
   <div class='ocr_carea' id='block_1_30' title="bbox 2059 1566 3652 1643">
    <p class='ocr_par' dir='ltr' id='par_1_30' title="bbox 2059 1566 3652 1643">
     <span class='ocr_line' id='line_1_30' title="bbox 2059 1566 3652 1643; baseline -0.004 -17"><span class='ocrx_word' id='word_1_198' title='bbox 2059 1586 2251 1643; x_wconf 87' lang='lat' dir='ltr'><strong>genem</strong></span> <span class='ocrx_word' id='word_1_199' title='bbox 2305 1571 2639 1637; x_wconf 87' lang='lat' dir='ltr'><strong>credidisse,</strong></span> <span class='ocrx_word' id='word_1_200' title='bbox 2689 1585 2752 1626; x_wconf 87' lang='lat' dir='ltr'><strong>ac</strong></span> <span class='ocrx_word' id='word_1_201' title='bbox 2797 1569 3033 1640; x_wconf 71' lang='lat' dir='ltr'><strong>aequales</strong></span> <span class='ocrx_word' id='word_1_202' title='bbox 3083 1567 3314 1640; x_wconf 89' lang='lat' dir='ltr'><strong>proinde</strong></span> <span class='ocrx_word' id='word_1_203' title='bbox 3362 1566 3652 1622; x_wconf 87' lang='lat' dir='ltr'><strong>hominum</strong></span> 
     </span>
    </p>
   </div>
   <div class='ocr_carea' id='block_1_31' title="bbox 2061 1659 3650 1734">
    <p class='ocr_par' dir='ltr' id='par_1_31' title="bbox 2061 1659 3650 1734">
     <span class='ocr_line' id='line_1_31' title="bbox 2061 1659 3650 1734; baseline -0.003 -15"><span class='ocrx_word' id='word_1_204' title='bbox 2061 1664 2294 1730; x_wconf 88' lang='lat' dir='ltr'><strong>animas,</strong></span> <span class='ocrx_word' id='word_1_205' title='bbox 2347 1678 2470 1733; x_wconf 67' lang='lat' dir='ltr'><strong>quas</strong></span> <span class='ocrx_word' id='word_1_206' title='bbox 2522 1663 2764 1734; x_wconf 87' lang='lat' dir='ltr'><strong>ejusdem</strong></span> <span class='ocrx_word' id='word_1_207' title='bbox 2818 1671 2944 1717; x_wconf 91' lang='lat' dir='ltr'><strong>sunt</strong></span> <span class='ocrx_word' id='word_1_208' title='bbox 2993 1661 3315 1717; x_wconf 71' lang='lat' dir='ltr'><strong>substantiae</strong></span> <span class='ocrx_word' id='word_1_209' title='bbox 3361 1674 3426 1715; x_wconf 90' lang='lat' dir='ltr'><strong>ac</strong></span> <span class='ocrx_word' id='word_1_210' title='bbox 3469 1659 3650 1716; x_wconf 88' lang='lat' dir='ltr'><strong>anima</strong></span> 
     </span>
    </p>
   </div>
   <div class='ocr_carea' id='block_1_32' title="bbox 2060 1752 3651 1826">
    <p class='ocr_par' dir='ltr' id='par_1_32' title="bbox 2060 1752 3651 1826">
     <span class='ocr_line' id='line_1_32' title="bbox 2060 1752 3651 1826; baseline -0.003 -16"><span class='ocrx_word' id='word_1_211' title='bbox 2060 1754 2301 1820; x_wconf 86' lang='lat' dir='ltr'><strong>Christi,</strong></span> <span class='ocrx_word' id='word_1_212' title='bbox 2350 1755 2637 1826; x_wconf 87' lang='lat' dir='ltr'><strong>ipsumque</strong></span> <span class='ocrx_word' id='word_1_213' title='bbox 2688 1753 2924 1809; x_wconf 84' lang='lat' dir='ltr'><strong>Verbum</strong></span> <span class='ocrx_word' id='word_1_214' title='bbox 2965 1755 3278 1823; x_wconf 89' lang='lat' dir='ltr'><strong>neutiquam</strong></span> <span class='ocrx_word' id='word_1_215' title='bbox 3308 1752 3375 1807; x_wconf 90' lang='lat' dir='ltr'><strong>ad</strong></span> <span class='ocrx_word' id='word_1_216' title='bbox 3408 1760 3651 1818; x_wconf 88' lang='lat' dir='ltr'><strong>terrena,</strong></span> 
     </span>
    </p>
   </div>
   <div class='ocr_carea' id='block_1_33' title="bbox 374 1845 1976 1941">
    <p class='ocr_par' dir='ltr' id='par_1_33' title="bbox 374 1845 1973 1941">
     <span class='ocr_line' id='line_1_33' title="bbox 374 1845 1973 1941; baseline -0.009 -14"><span class='ocrx_word' id='word_1_217' title='bbox 374 1870 637 1941; x_wconf 78' lang='grc' dir='ltr'>υϐύτερον</span> <span class='ocrx_word' id='word_1_218' title='bbox 661 1845 797 1922; x_wconf 76' lang='grc' dir='ltr'>εἶναι</span> <span class='ocrx_word' id='word_1_219' title='bbox 823 1866 920 1939; x_wconf 80' lang='grc' dir='ltr'><strong>τῆς</strong></span> <span class='ocrx_word' id='word_1_220' title='bbox 944 1869 1009 1921; x_wconf 82' lang='grc' dir='ltr'><strong>ἐκ</strong></span> <span class='ocrx_word' id='word_1_221' title='bbox 1031 1866 1255 1939; x_wconf 82' lang='grc' dir='ltr'><strong>Μαρίας</strong></span> <span class='ocrx_word' id='word_1_222' title='bbox 1279 1845 1562 1934; x_wconf 75' lang='grc' dir='ltr'>γενέσεώς.</span> <span class='ocrx_word' id='word_1_223' title='bbox 1583 1863 1733 1919; x_wconf 84' lang='lat' dir='ltr'><strong>Alter</strong></span> <span class='ocrx_word' id='word_1_224' title='bbox 1748 1862 1973 1916; x_wconf 90' lang='lat' dir='ltr'><strong>habetur</strong></span> 
     </span>
    </p>
   </div>
   <div class='ocr_carea' id='block_1_34' title="bbox 2063 1845 3650 1941">
    <p class='ocr_par' dir='ltr' id='par_1_34' title="bbox 2074 1845 3650 1917">
     <span class='ocr_line' id='line_1_34' title="bbox 2074 1845 3650 1917; baseline -0.003 -14"><span class='ocrx_word' id='word_1_225' title='bbox 2074 1849 2169 1903; x_wconf 90' lang='lat' dir='ltr'><strong>sed</strong></span> <span class='ocrx_word' id='word_1_226' title='bbox 2206 1847 2375 1903; x_wconf 84' lang='lat' dir='ltr'><strong>solam</strong></span> <span class='ocrx_word' id='word_1_227' title='bbox 2411 1846 2528 1917; x_wconf 86' lang='lat' dir='ltr'><strong>ejus</strong></span> <span class='ocrx_word' id='word_1_228' title='bbox 2560 1848 2793 1901; x_wconf 89' lang='lat' dir='ltr'><strong>animam</strong></span> <span class='ocrx_word' id='word_1_229' title='bbox 2827 1847 3060 1902; x_wconf 79' lang='lat' dir='ltr'><strong>venisse.</strong></span> <span class='ocrx_word' id='word_1_230' title='bbox 3089 1846 3266 1914; x_wconf 83' lang='lat' dir='ltr'><strong>Atque</strong></span> <span class='ocrx_word' id='word_1_231' title='bbox 3313 1845 3517 1899; x_wconf 89' lang='lat' dir='ltr'><strong>utinam</strong></span> <span class='ocrx_word' id='word_1_232' title='bbox 3566 1846 3650 1899; x_wconf 83' lang='lat' dir='ltr'><strong>vel</strong></span> 
     </span>
    </p>
   </div>
   <div class='ocr_carea' id='block_1_35' title="bbox 376 1953 1951 2028">
    <p class='ocr_par' dir='ltr' id='par_1_35' title="bbox 376 1953 1951 2028">
     <span class='ocr_line' id='line_1_35' title="bbox 376 1953 1951 2028; baseline -0.008 -10"><span class='ocrx_word' id='word_1_233' title='bbox 376 1974 523 2019; x_wconf 92' lang='lat' dir='ltr'><strong>tomo</strong></span> <span class='ocrx_word' id='word_1_234' title='bbox 562 1976 634 2015; x_wconf 89' lang='lat' dir='ltr'><strong>xx</strong></span> <span class='ocrx_word' id='word_1_235' title='bbox 668 1969 943 2027; x_wconf 86' lang='lat' dir='ltr'><strong>sequeutt,</strong></span> <span class='ocrx_word' id='word_1_236' title='bbox 977 1974 1128 2015; x_wconf 91' lang='lat' dir='ltr'><strong>unm.</strong></span> <span class='ocrx_word' id='word_1_237' title='bbox 1159 1959 1265 2013; x_wconf 86' lang='lat' dir='ltr'><strong>I7:</strong></span> <span class='ocrx_word' id='word_1_238' title='bbox 1307 1958 1421 2011; x_wconf 73' lang='grc' dir='ltr'><strong>Οὐκ</strong></span> <span class='ocrx_word' id='word_1_239' title='bbox 1464 1957 1735 2028; x_wconf 78' lang='grc' dir='ltr'><strong>ἀζήτητον</strong></span> <span class='ocrx_word' id='word_1_240' title='bbox 1772 1953 1829 2007; x_wconf 85' lang='grc' dir='ltr'><strong>δὲ</strong></span> <span class='ocrx_word' id='word_1_241' title='bbox 1862 1955 1951 2007; x_wconf 65' lang='lat' dir='ltr'><strong>ea-</strong></span> 
     </span>
    </p>
   </div>
   <div class='ocr_carea' id='block_1_36' title="bbox 373 2045 1957 2121">
    <p class='ocr_par' dir='ltr' id='par_1_36' title="bbox 373 2045 1957 2121">
     <span class='ocr_line' id='line_1_36' title="bbox 373 2045 1957 2121; baseline -0.007 -13"><span class='ocrx_word' id='word_1_242' title='bbox 373 2054 495 2109; x_wconf 85' lang='grc' dir='ltr'>τέον</span> <span class='ocrx_word' id='word_1_243' title='bbox 520 2051 611 2106; x_wconf 78' lang='grc' dir='ltr'>τὸν</span> <span class='ocrx_word' id='word_1_244' title='bbox 638 2051 823 2115; x_wconf 84' lang='grc' dir='ltr'>τόπον,</span> <span class='ocrx_word' id='word_1_245' title='bbox 851 2051 946 2105; x_wconf 77' lang='grc' dir='ltr'><strong>καὶ</strong></span> <span class='ocrx_word' id='word_1_246' title='bbox 987 2051 1066 2112; x_wconf 76' lang='grc' dir='ltr'>εἰς</span> <span class='ocrx_word' id='word_1_247' title='bbox 1104 2048 1196 2102; x_wconf 77' lang='grc' dir='ltr'><strong>τὸν</strong></span> <span class='ocrx_word' id='word_1_248' title='bbox 1223 2049 1352 2121; x_wconf 72' lang='grc' dir='ltr'>περὶ</span> <span class='ocrx_word' id='word_1_249' title='bbox 1382 2048 1560 2118; x_wconf 78' lang='grc' dir='ltr'>ψυχῆς</span> <span class='ocrx_word' id='word_1_250' title='bbox 1589 2045 1769 2115; x_wconf 84' lang='grc' dir='ltr'>λόγον.</span> <span class='ocrx_word' id='word_1_251' title='bbox 1802 2045 1957 2115; x_wconf 83' lang='grc' dir='ltr'><strong>Τάχα</strong></span> 
     </span>
    </p>
   </div>
   <div class='ocr_carea' id='block_1_37' title="bbox 375 2137 1958 2217">
    <p class='ocr_par' dir='ltr' id='par_1_37' title="bbox 375 2137 1958 2217">
     <span class='ocr_line' id='line_1_37' title="bbox 375 2137 1958 2217; baseline -0.005 -18"><span class='ocrx_word' id='word_1_252' title='bbox 375 2144 483 2217; x_wconf 82' lang='grc' dir='ltr'>γὰρ</span> <span class='ocrx_word' id='word_1_253' title='bbox 514 2146 548 2217; x_wconf 80' lang='grc' dir='ltr'>ἡ</span> <span class='ocrx_word' id='word_1_254' title='bbox 591 2143 688 2215; x_wconf 78' lang='grc' dir='ltr'>μὲν</span> <span class='ocrx_word' id='word_1_255' title='bbox 713 2141 809 2196; x_wconf 70' lang='grc' dir='ltr'><strong>τοῦ</strong></span> <span class='ocrx_word' id='word_1_256' title='bbox 837 2140 969 2196; x_wconf 86' lang='grc' dir='ltr'><strong>Υἱοῦ</strong></span> <span class='ocrx_word' id='word_1_257' title='bbox 1005 2140 1149 2212; x_wconf 74' lang='grc' dir='ltr'>ψυχὴ</span> <span class='ocrx_word' id='word_1_258' title='bbox 1188 2140 1246 2195; x_wconf 84' lang='grc' dir='ltr'>ὲν</span> <span class='ocrx_word' id='word_1_259' title='bbox 1277 2142 1343 2212; x_wconf 77' lang='grc' dir='ltr'>τῇ</span> <span class='ocrx_word' id='word_1_260' title='bbox 1388 2139 1586 2210; x_wconf 79' lang='grc' dir='ltr'>ἑαυτῆς</span> <span class='ocrx_word' id='word_1_261' title='bbox 1617 2137 1958 2209; x_wconf 78' lang='grc' dir='ltr'>τυγχάνουσα</span> 
     </span>
    </p>
   </div>
   <div class='ocr_carea' id='block_1_38' title="bbox 375 2226 1960 2307">
    <p class='ocr_par' dir='ltr' id='par_1_38' title="bbox 375 2226 1960 2307">
     <span class='ocr_line' id='line_1_38' title="bbox 375 2226 1960 2307; baseline -0.005 -17"><span class='ocrx_word' id='word_1_262' title='bbox 375 2236 693 2307; x_wconf 71' lang='grc' dir='ltr'>τελειότητι,</span> <span class='ocrx_word' id='word_1_263' title='bbox 720 2235 779 2288; x_wconf 82' lang='grc' dir='ltr'>ὲν</span> <span class='ocrx_word' id='word_1_264' title='bbox 810 2232 929 2305; x_wconf 79' lang='grc' dir='ltr'>θεῷ</span> <span class='ocrx_word' id='word_1_265' title='bbox 967 2234 1061 2287; x_wconf 76' lang='grc' dir='ltr'><strong>καὶ</strong></span> <span class='ocrx_word' id='word_1_266' title='bbox 1097 2232 1175 2304; x_wconf 83' lang='grc' dir='ltr'>τῷ</span> <span class='ocrx_word' id='word_1_267' title='bbox 1201 2231 1531 2304; x_wconf 81' lang='grc' dir='ltr'><strong>πληρώματι</strong></span> <span class='ocrx_word' id='word_1_268' title='bbox 1559 2226 1648 2302; x_wconf 81' lang='grc' dir='ltr'>ἦν,</span> <span class='ocrx_word' id='word_1_269' title='bbox 1680 2230 1773 2284; x_wconf 77' lang='grc' dir='ltr'><strong>καὶ</strong></span> <span class='ocrx_word' id='word_1_270' title='bbox 1816 2230 1960 2283; x_wconf 77' lang='grc' dir='ltr'><strong>ἐκεῖ-</strong></span> 
     </span>
    </p>
   </div>
   <div class='ocr_carea' id='block_1_39' title="bbox 376 2318 1956 2397">
    <p class='ocr_par' dir='ltr' id='par_1_39' title="bbox 376 2318 1956 2397">
     <span class='ocr_line' id='line_1_39' title="bbox 376 2318 1956 2397; baseline -0.006 -16"><span class='ocrx_word' id='word_1_271' title='bbox 376 2328 469 2381; x_wconf 75' lang='grc' dir='ltr'>θεν</span> <span class='ocrx_word' id='word_1_272' title='bbox 513 2322 861 2397; x_wconf 79' lang='grc' dir='ltr'><strong>ὲξεληλυθυϊα</strong></span> <span class='ocrx_word' id='word_1_273' title='bbox 882 2364 897 2388; x_wconf 94' lang='grc'><strong>,</strong></span> <span class='ocrx_word' id='word_1_274' title='bbox 930 2322 1010 2395; x_wconf 81' lang='grc' dir='ltr'>τῷ</span> <span class='ocrx_word' id='word_1_275' title='bbox 1057 2321 1394 2377; x_wconf 76' lang='grc' dir='ltr'>ἀπεστάλθαι</span> <span class='ocrx_word' id='word_1_276' title='bbox 1438 2320 1548 2376; x_wconf 78' lang='grc' dir='ltr'><strong>ἀπὸ</strong></span> <span class='ocrx_word' id='word_1_277' title='bbox 1584 2320 1680 2374; x_wconf 78' lang='grc' dir='ltr'><strong>τ’οὖ</strong></span> <span class='ocrx_word' id='word_1_278' title='bbox 1713 2318 1956 2391; x_wconf 73' lang='grc' dir='ltr'>πατρὸς,</span> 
     </span>
    </p>
   </div>
   <div class='ocr_carea' id='block_1_40' title="bbox 377 2409 1959 2487">
    <p class='ocr_par' dir='ltr' id='par_1_40' title="bbox 377 2409 1959 2487">
     <span class='ocr_line' id='line_1_40' title="bbox 377 2409 1959 2487; baseline -0.006 -14"><span class='ocrx_word' id='word_1_279' title='bbox 377 2418 607 2474; x_wconf 57' lang='lat' dir='ltr'><strong>avsus;</strong></span> <span class='ocrx_word' id='word_1_280' title='bbox 644 2417 705 2471; x_wconf 84' lang='grc' dir='ltr'>τὸ</span> <span class='ocrx_word' id='word_1_281' title='bbox 743 2418 807 2471; x_wconf 75' lang='grc' dir='ltr'><strong>ἔκ</strong></span> <span class='ocrx_word' id='word_1_282' title='bbox 836 2416 937 2487; x_wconf 81' lang='grc' dir='ltr'><strong>τῆς</strong></span> <span class='ocrx_word' id='word_1_283' title='bbox 965 2415 1189 2487; x_wconf 82' lang='grc' dir='ltr'>Μαρίας</span> <span class='ocrx_word' id='word_1_284' title='bbox 1228 2413 1407 2484; x_wconf 83' lang='grc' dir='ltr'>σῶμα.</span> <span class='ocrx_word' id='word_1_285' title='bbox 1439 2411 1603 2467; x_wconf 87' lang='lat' dir='ltr'><strong>Libro</strong></span> <span class='ocrx_word' id='word_1_286' title='bbox 1647 2426 1777 2466; x_wconf 88' lang='lat' dir='ltr'><strong>vero</strong></span> <span class='ocrx_word' id='word_1_287' title='bbox 1805 2427 1841 2465; x_wconf 91' lang='grc' dir='ltr'><strong>ιι</strong></span> <span class='ocrx_word' id='word_1_288' title='bbox 1884 2409 1959 2464; x_wconf 78' lang='lat' dir='ltr'><strong>De</strong></span> 
     </span>
    </p>
   </div>
   <div class='ocr_carea' id='block_1_41' title="bbox 378 2501 1959 2585">
    <p class='ocr_par' dir='ltr' id='par_1_41' title="bbox 378 2501 1959 2585">
     <span class='ocr_line' id='line_1_41' title="bbox 378 2501 1959 2585; baseline -0.007 -19"><span class='ocrx_word' id='word_1_289' title='bbox 378 2513 629 2585; x_wconf 85' lang='lat' dir='ltr'><strong>princip.,</strong></span> <span class='ocrx_word' id='word_1_290' title='bbox 666 2524 787 2579; x_wconf 85' lang='lat' dir='ltr'><strong>cap.</strong></span> <span class='ocrx_word' id='word_1_291' title='bbox 810 2509 866 2572; x_wconf 83' lang='lat'><strong>6,</strong></span> <span class='ocrx_word' id='word_1_292' title='bbox 896 2522 1046 2563; x_wconf 89' lang='lat' dir='ltr'><strong>num.</strong></span> <span class='ocrx_word' id='word_1_293' title='bbox 1076 2508 1110 2562; x_wconf 79' lang='grc'><strong>5</strong></span> <span class='ocrx_word' id='word_1_294' title='bbox 1138 2516 1194 2563; x_wconf 88' lang='lat' dir='ltr'><strong>et</strong></span> <span class='ocrx_word' id='word_1_295' title='bbox 1234 2506 1303 2571; x_wconf 75' lang='grc'><strong>4.</strong></span> <span class='ocrx_word' id='word_1_296' title='bbox 1346 2514 1401 2561; x_wconf 84' lang='lat' dir='ltr'><strong>et</strong></span> <span class='ocrx_word' id='word_1_297' title='bbox 1434 2505 1527 2560; x_wconf 86' lang='lat' dir='ltr'><strong>lib.</strong></span> <span class='ocrx_word' id='word_1_298' title='bbox 1570 2520 1589 2559; x_wconf 88' lang='grc' dir='ltr'><strong>ι</strong></span> <span class='ocrx_word' id='word_1_299' title='bbox 1627 2516 1812 2559; x_wconf 86' lang='lat' dir='ltr'><strong>contra</strong></span> <span class='ocrx_word' id='word_1_300' title='bbox 1850 2501 1959 2558; x_wconf 87' lang='lat' dir='ltr'><strong>Cel-</strong></span> 
     </span>
    </p>
   </div>
   <div class='ocr_carea' id='block_1_42' title="bbox 379 2598 1960 2669">
    <p class='ocr_par' dir='ltr' id='par_1_42' title="bbox 379 2598 1960 2669">
     <span class='ocr_line' id='line_1_42' title="bbox 379 2598 1960 2669; baseline -0.006 -9"><span class='ocrx_word' id='word_1_301' title='bbox 379 2620 520 2669; x_wconf 86' lang='lat' dir='ltr'><strong>sum,</strong></span> <span class='ocrx_word' id='word_1_302' title='bbox 548 2618 698 2658; x_wconf 90' lang='lat' dir='ltr'><strong>num.</strong></span> <span class='ocrx_word' id='word_1_303' title='bbox 729 2600 801 2658; x_wconf 73' lang='lat'><strong>32</strong></span> <span class='ocrx_word' id='word_1_304' title='bbox 825 2610 881 2658; x_wconf 86' lang='lat' dir='ltr'><strong>et</strong></span> <span class='ocrx_word' id='word_1_305' title='bbox 912 2600 1002 2666; x_wconf 76' lang='lat'><strong>33,</strong></span> <span class='ocrx_word' id='word_1_306' title='bbox 1041 2598 1215 2654; x_wconf 78' lang='lat' dir='ltr'><strong>fusius</strong></span> <span class='ocrx_word' id='word_1_307' title='bbox 1246 2598 1387 2653; x_wconf 84' lang='lat' dir='ltr'><strong>idem</strong></span> <span class='ocrx_word' id='word_1_308' title='bbox 1438 2604 1635 2652; x_wconf 84' lang='lat' dir='ltr'><strong>tractat</strong></span> <span class='ocrx_word' id='word_1_309' title='bbox 1673 2610 1960 2665; x_wconf 86' lang='lat' dir='ltr'><strong>argumen-</strong></span> 
     </span>
    </p>
   </div>
   <div class='ocr_carea' id='block_1_43' title="bbox 382 2687 1959 2763">
    <p class='ocr_par' dir='ltr' id='par_1_43' title="bbox 382 2687 1959 2763">
     <span class='ocr_line' id='line_1_43' title="bbox 382 2687 1959 2763; baseline -0.008 -12"><span class='ocrx_word' id='word_1_310' title='bbox 382 2706 518 2760; x_wconf 92' lang='lat' dir='ltr'><strong>tum,</strong></span> <span class='ocrx_word' id='word_1_311' title='bbox 549 2702 895 2763; x_wconf 82' lang='lat' dir='ltr'><strong>mentemque</strong></span> <span class='ocrx_word' id='word_1_312' title='bbox 924 2706 1079 2747; x_wconf 88' lang='lat' dir='ltr'><strong>suam</strong></span> <span class='ocrx_word' id='word_1_313' title='bbox 1112 2690 1319 2744; x_wconf 84' lang='lat' dir='ltr'><strong>diserte</strong></span> <span class='ocrx_word' id='word_1_314' title='bbox 1362 2687 1646 2759; x_wconf 88' lang='lat' dir='ltr'><strong>proponit;</strong></span> <span class='ocrx_word' id='word_1_315' title='bbox 1680 2700 1799 2755; x_wconf 67' lang='lat' dir='ltr'><strong>quae</strong></span> <span class='ocrx_word' id='word_1_316' title='bbox 1824 2699 1959 2755; x_wconf 89' lang='lat' dir='ltr'><strong>quo-</strong></span> 
     </span>
    </p>
   </div>
   <div class='ocr_carea' id='block_1_44' title="bbox 381 2780 1961 2856">
    <p class='ocr_par' dir='ltr' id='par_1_44' title="bbox 381 2780 1961 2856">
     <span class='ocr_line' id='line_1_44' title="bbox 381 2780 1961 2856; baseline -0.009 -13"><span class='ocrx_word' id='word_1_317' title='bbox 381 2788 525 2843; x_wconf 90' lang='lat' dir='ltr'><strong>niam</strong></span> <span class='ocrx_word' id='word_1_318' title='bbox 554 2799 709 2856; x_wconf 62' lang='lat' dir='ltr'><strong>atquo</strong></span> <span class='ocrx_word' id='word_1_319' title='bbox 738 2783 1030 2854; x_wconf 82' lang='lat' dir='ltr'><strong>prolixiora</strong></span> <span class='ocrx_word' id='word_1_320' title='bbox 1059 2791 1207 2846; x_wconf 92' lang='lat' dir='ltr'><strong>sunt,</strong></span> <span class='ocrx_word' id='word_1_321' title='bbox 1241 2790 1294 2834; x_wconf 92' lang='lat' dir='ltr'><strong>ut</strong></span> <span class='ocrx_word' id='word_1_322' title='bbox 1336 2780 1603 2835; x_wconf 88' lang='lat' dir='ltr'><strong>lectorum</strong></span> <span class='ocrx_word' id='word_1_323' title='bbox 1635 2785 1961 2834; x_wconf 88' lang='lat' dir='ltr'><strong>occurratur</strong></span> 
     </span>
    </p>
   </div>
   <div class='ocr_carea' id='block_1_45' title="bbox 382 2868 1957 2945">
    <p class='ocr_par' dir='ltr' id='par_1_45' title="bbox 382 2868 1957 2945">
     <span class='ocr_line' id='line_1_45' title="bbox 382 2868 1957 2945; baseline -0.008 -10"><span class='ocrx_word' id='word_1_324' title='bbox 382 2878 623 2941; x_wconf 87' lang='lat' dir='ltr'><strong>fastidio,</strong></span> <span class='ocrx_word' id='word_1_325' title='bbox 671 2875 880 2934; x_wconf 85' lang='lat' dir='ltr'><strong>referre</strong></span> <span class='ocrx_word' id='word_1_326' title='bbox 930 2874 1282 2945; x_wconf 87' lang='lat' dir='ltr'><strong>supersedeo.</strong></span> <span class='ocrx_word' id='word_1_327' title='bbox 1309 2873 1655 2927; x_wconf 84' lang='lat' dir='ltr'><strong>Adducemus</strong></span> <span class='ocrx_word' id='word_1_328' title='bbox 1684 2884 1748 2925; x_wconf 86' lang='lat' dir='ltr'><strong>ea</strong></span> <span class='ocrx_word' id='word_1_329' title='bbox 1782 2868 1957 2925; x_wconf 89' lang='lat' dir='ltr'><strong>solum</strong></span> 
     </span>
    </p>
   </div>
   <div class='ocr_carea' id='block_1_46' title="bbox 383 2960 1958 3042">
    <p class='ocr_par' dir='ltr' id='par_1_46' title="bbox 383 2960 1958 3042">
     <span class='ocr_line' id='line_1_46' title="bbox 383 2960 1958 3042; baseline -0.007 -17"><span class='ocrx_word' id='word_1_330' title='bbox 383 2987 504 3042; x_wconf 74' lang='lat' dir='ltr'><strong>quae</strong></span> <span class='ocrx_word' id='word_1_331' title='bbox 534 2988 565 3027; x_wconf 90' lang='lat' dir='ltr'><strong>c</strong></span> <span class='ocrx_word' id='word_1_332' title='bbox 595 2971 734 3025; x_wconf 89' lang='lat' dir='ltr'><strong>libro</strong></span> <span class='ocrx_word' id='word_1_333' title='bbox 781 2968 971 3024; x_wconf 91' lang='lat' dir='ltr'><strong>eodem</strong></span> <span class='ocrx_word' id='word_1_334' title='bbox 1020 2966 1164 3035; x_wconf 80' lang='grc' dir='ltr'>Περὶ</span> <span class='ocrx_word' id='word_1_335' title='bbox 1204 2964 1430 3034; x_wconf 82' lang='grc' dir='ltr'><strong>ἀρχῶν,</strong></span> <span class='ocrx_word' id='word_1_336' title='bbox 1466 2978 1585 3034; x_wconf 88' lang='lat' dir='ltr'><strong>cap.</strong></span> <span class='ocrx_word' id='word_1_337' title='bbox 1616 2962 1672 3027; x_wconf 85' lang='lat'><strong>6,</strong></span> <span class='ocrx_word' id='word_1_338' title='bbox 1719 2977 1872 3016; x_wconf 87' lang='lat' dir='ltr'><strong>num.</strong></span> <span class='ocrx_word' id='word_1_339' title='bbox 1900 2960 1958 3026; x_wconf 81' lang='grc'>4,</span> 
     </span>
    </p>
   </div>
   <div class='ocr_carea' id='block_1_47' title="bbox 383 3053 1956 3135">
    <p class='ocr_par' dir='ltr' id='par_1_47' title="bbox 383 3053 1956 3135">
     <span class='ocr_line' id='line_1_47' title="bbox 383 3053 1956 3135; baseline -0.008 -14"><span class='ocrx_word' id='word_1_340' title='bbox 383 3063 717 3135; x_wconf 86' lang='lat' dir='ltr'><strong>deprompsit</strong></span> <span class='ocrx_word' id='word_1_341' title='bbox 751 3060 1088 3117; x_wconf 81' lang='lat' dir='ltr'><strong>JuStinianus</strong></span> <span class='ocrx_word' id='word_1_342' title='bbox 1131 3058 1197 3112; x_wconf 91' lang='lat' dir='ltr'><strong>ad</strong></span> <span class='ocrx_word' id='word_1_343' title='bbox 1234 3058 1438 3114; x_wconf 88' lang='lat' dir='ltr'><strong>calcem</strong></span> <span class='ocrx_word' id='word_1_344' title='bbox 1473 3055 1720 3125; x_wconf 69' lang='lat' dir='ltr'><strong>epistolas</strong></span> <span class='ocrx_word' id='word_1_345' title='bbox 1746 3054 1810 3107; x_wconf 87' lang='lat' dir='ltr'><strong>ad</strong></span> <span class='ocrx_word' id='word_1_346' title='bbox 1849 3053 1956 3109; x_wconf 86' lang='lat' dir='ltr'><strong>Me-</strong></span> 
     </span>
    </p>
   </div>
   <div class='ocr_carea' id='block_1_48' title="bbox 381 3144 1961 3224">
    <p class='ocr_par' dir='ltr' id='par_1_48' title="bbox 381 3144 1961 3224">
     <span class='ocr_line' id='line_1_48' title="bbox 381 3144 1961 3224; baseline -0.009 -13"><span class='ocrx_word' id='word_1_347' title='bbox 381 3171 547 3211; x_wconf 81' lang='lat' dir='ltr'><strong>nam:</strong></span> <span class='ocrx_word' id='word_1_348' title='bbox 582 3154 680 3208; x_wconf 76' lang='grc' dir='ltr'>Διὰ</span> <span class='ocrx_word' id='word_1_349' title='bbox 711 3153 871 3208; x_wconf 77' lang='grc' dir='ltr'>τοῦτο</span> <span class='ocrx_word' id='word_1_350' title='bbox 916 3153 1009 3207; x_wconf 70' lang='grc' dir='ltr'><strong>καὶ</strong></span> <span class='ocrx_word' id='word_1_351' title='bbox 1053 3150 1337 3224; x_wconf 78' lang='grc' dir='ltr'>ἄνθρωπος</span> <span class='ocrx_word' id='word_1_352' title='bbox 1375 3149 1565 3219; x_wconf 83' lang='grc' dir='ltr'>γέγονε</span> <span class='ocrx_word' id='word_1_353' title='bbox 1609 3146 1866 3219; x_wconf 84' lang='grc' dir='ltr'>Χριστὸς,</span> <span class='ocrx_word' id='word_1_354' title='bbox 1900 3144 1961 3210; x_wconf 73' lang='grc' dir='ltr'><strong>ἐξ</strong></span> 
     </span>
    </p>
   </div>
   <div class='ocr_carea' id='block_1_49' title="bbox 2065 1938 3650 2013">
    <p class='ocr_par' dir='ltr' id='par_1_49' title="bbox 2065 1938 3650 2013">
     <span class='ocr_line' id='line_1_49' title="bbox 2065 1938 3650 2013; baseline 0 -18"><span class='ocrx_word' id='word_1_355' title='bbox 2065 1942 2179 2013; x_wconf 88' lang='lat' dir='ltr'><strong>ipsa</strong></span> <span class='ocrx_word' id='word_1_356' title='bbox 2212 1940 2465 2011; x_wconf 83' lang='lat' dir='ltr'><strong>Origenis</strong></span> <span class='ocrx_word' id='word_1_357' title='bbox 2498 1942 2662 1995; x_wconf 83' lang='lat' dir='ltr'><strong>verba</strong></span> <span class='ocrx_word' id='word_1_358' title='bbox 2695 1948 3144 2010; x_wconf 67' lang='lat' dir='ltr'><strong>repraesentasset</strong></span> <span class='ocrx_word' id='word_1_359' title='bbox 3174 1938 3527 2007; x_wconf 86' lang='lat' dir='ltr'><strong>Theophilus,</strong></span> <span class='ocrx_word' id='word_1_360' title='bbox 3560 1938 3650 1995; x_wconf 81' lang='lat' dir='ltr'><strong>vel</strong></span> 
     </span>
    </p>
   </div>
   <div class='ocr_carea' id='block_1_50' title="bbox 2063 2030 3655 2105">
    <p class='ocr_par' dir='ltr' id='par_1_50' title="bbox 2063 2030 3655 2105">
     <span class='ocr_line' id='line_1_50' title="bbox 2063 2030 3655 2105; baseline -0.002 -16"><span class='ocrx_word' id='word_1_361' title='bbox 2063 2035 2132 2090; x_wconf 90' lang='lat' dir='ltr'><strong>ad</strong></span> <span class='ocrx_word' id='word_1_362' title='bbox 2174 2036 2287 2105; x_wconf 89' lang='lat' dir='ltr'><strong>ipsa</strong></span> <span class='ocrx_word' id='word_1_363' title='bbox 2321 2034 2439 2089; x_wconf 89' lang='lat' dir='ltr'><strong>loca</strong></span> <span class='ocrx_word' id='word_1_364' title='bbox 2482 2034 2627 2089; x_wconf 93' lang='lat' dir='ltr'><strong>unde</strong></span> <span class='ocrx_word' id='word_1_365' title='bbox 2670 2034 2787 2088; x_wconf 55' lang='lat' dir='ltr'><strong>haec</strong></span> <span class='ocrx_word' id='word_1_366' title='bbox 2838 2041 3064 2104; x_wconf 83' lang='lat' dir='ltr'><strong>excepta</strong></span> <span class='ocrx_word' id='word_1_367' title='bbox 3102 2040 3261 2097; x_wconf 90' lang='lat' dir='ltr'><strong>sunt,</strong></span> <span class='ocrx_word' id='word_1_368' title='bbox 3296 2031 3519 2101; x_wconf 84' lang='lat' dir='ltr'><strong>digitum</strong></span> <span class='ocrx_word' id='word_1_369' title='bbox 3568 2030 3655 2086; x_wconf 87' lang='lat' dir='ltr'><strong>in-</strong></span> 
     </span>
    </p>
   </div>
   <div class='ocr_carea' id='block_1_51' title="bbox 2065 2124 3655 2196">
    <p class='ocr_par' dir='ltr' id='par_1_51' title="bbox 2065 2124 3655 2196">
     <span class='ocr_line' id='line_1_51' title="bbox 2065 2124 3655 2196; baseline -0.003 -13"><span class='ocrx_word' id='word_1_370' title='bbox 2065 2127 2366 2195; x_wconf 86' lang='lat' dir='ltr'><strong>tendisset;</strong></span> <span class='ocrx_word' id='word_1_371' title='bbox 2404 2126 2619 2181; x_wconf 82' lang='lat' dir='ltr'><strong>facilius</strong></span> <span class='ocrx_word' id='word_1_372' title='bbox 2661 2126 2876 2196; x_wconf 88' lang='lat' dir='ltr'><strong>quidem</strong></span> <span class='ocrx_word' id='word_1_373' title='bbox 2907 2134 2961 2181; x_wconf 90' lang='lat' dir='ltr'><strong>et</strong></span> <span class='ocrx_word' id='word_1_374' title='bbox 2998 2125 3201 2181; x_wconf 88' lang='lat' dir='ltr'><strong>certius</strong></span> <span class='ocrx_word' id='word_1_375' title='bbox 3230 2124 3481 2195; x_wconf 85' lang='lat' dir='ltr'><strong>Origenis</strong></span> <span class='ocrx_word' id='word_1_376' title='bbox 3528 2138 3655 2179; x_wconf 87' lang='lat' dir='ltr'><strong>sen-</strong></span> 
     </span>
    </p>
   </div>
   <div class='ocr_carea' id='block_1_52' title="bbox 2038 2217 3655 2288">
    <p class='ocr_par' dir='ltr' id='par_1_52' title="bbox 2038 2217 3655 2288">
     <span class='ocr_line' id='line_1_52' title="bbox 2038 2217 3655 2288; baseline -0.001 -15"><span class='ocrx_word' id='word_1_377' title='bbox 2038 2233 2184 2273; x_wconf 76' lang='lat' dir='ltr'><strong>osum</strong></span> <span class='ocrx_word' id='word_1_378' title='bbox 2216 2217 2657 2288; x_wconf 86' lang='lat' dir='ltr'><strong>pervideremus;</strong></span> <span class='ocrx_word' id='word_1_379' title='bbox 2690 2232 2882 2273; x_wconf 90' lang='lat' dir='ltr'><strong>vereor</strong></span> <span class='ocrx_word' id='word_1_380' title='bbox 2909 2218 3054 2273; x_wconf 88' lang='lat' dir='ltr'><strong>enim</strong></span> <span class='ocrx_word' id='word_1_381' title='bbox 3088 2228 3146 2272; x_wconf 91' lang='lat' dir='ltr'><strong>ut</strong></span> <span class='ocrx_word' id='word_1_382' title='bbox 3180 2217 3487 2273; x_wconf 76' lang='lat' dir='ltr'><strong>vehementi</strong></span> <span class='ocrx_word' id='word_1_383' title='bbox 3521 2230 3655 2272; x_wconf 86' lang='lat' dir='ltr'><strong>con-</strong></span> 
     </span>
    </p>
   </div>
   <div class='ocr_carea' id='block_1_53' title="bbox 2064 2308 3653 2376">
    <p class='ocr_par' dir='ltr' id='par_1_53' title="bbox 2064 2308 3653 2376">
     <span class='ocr_line' id='line_1_53' title="bbox 2064 2308 3653 2376; baseline -0.001 -11"><span class='ocrx_word' id='word_1_384' title='bbox 2064 2310 2264 2366; x_wconf 89' lang='lat' dir='ltr'><strong>citatus</strong></span> <span class='ocrx_word' id='word_1_385' title='bbox 2320 2308 2467 2375; x_wconf 92' lang='lat' dir='ltr'><strong>odio,</strong></span> <span class='ocrx_word' id='word_1_386' title='bbox 2497 2309 2577 2365; x_wconf 88' lang='lat' dir='ltr'><strong>sic</strong></span> <span class='ocrx_word' id='word_1_387' title='bbox 2625 2310 2768 2365; x_wconf 91' lang='lat' dir='ltr'><strong>enim</strong></span> <span class='ocrx_word' id='word_1_388' title='bbox 2803 2318 2956 2376; x_wconf 88' lang='lat' dir='ltr'><strong>erat,</strong></span> <span class='ocrx_word' id='word_1_389' title='bbox 3003 2310 3139 2366; x_wconf 89' lang='lat' dir='ltr'><strong>satis</strong></span> <span class='ocrx_word' id='word_1_390' title='bbox 3188 2311 3328 2365; x_wconf 87' lang='lat' dir='ltr'><strong>bona</strong></span> <span class='ocrx_word' id='word_1_391' title='bbox 3378 2309 3481 2365; x_wconf 80' lang='lat' dir='ltr'><strong>fide</strong></span> <span class='ocrx_word' id='word_1_392' title='bbox 3528 2324 3653 2364; x_wconf 92' lang='lat' dir='ltr'><strong>cum</strong></span> 
     </span>
    </p>
   </div>
   <div class='ocr_carea' id='block_1_54' title="bbox 2064 2400 3651 2473">
    <p class='ocr_par' dir='ltr' id='par_1_54' title="bbox 2064 2400 3651 2473">
     <span class='ocr_line' id='line_1_54' title="bbox 2064 2400 3651 2473; baseline 0.001 -18"><span class='ocrx_word' id='word_1_393' title='bbox 2064 2401 2388 2466; x_wconf 81' lang='lat' dir='ltr'><strong>Adamantio</strong></span> <span class='ocrx_word' id='word_1_394' title='bbox 2434 2401 2628 2469; x_wconf 82' lang='lat' dir='ltr'><strong>egerit.</strong></span> <span class='ocrx_word' id='word_1_395' title='bbox 2667 2400 2889 2457; x_wconf 89' lang='lat' dir='ltr'><strong>Certum</strong></span> <span class='ocrx_word' id='word_1_396' title='bbox 2924 2416 3041 2469; x_wconf 71' lang='grc' dir='ltr'>εει,</span> <span class='ocrx_word' id='word_1_397' title='bbox 3085 2417 3211 2457; x_wconf 91' lang='lat' dir='ltr'><strong>cum</strong></span> <span class='ocrx_word' id='word_1_398' title='bbox 3250 2420 3269 2454; x_wconf 86' lang='grc'><strong>‹</strong></span> <span class='ocrx_word' id='word_1_399' title='bbox 3298 2402 3651 2473; x_wconf 84' lang='lat' dir='ltr'><strong>semetipsum</strong></span> 
     </span>
    </p>
   </div>
   <div class='ocr_carea' id='block_1_55' title="bbox 2065 2494 3652 2565">
    <p class='ocr_par' dir='ltr' id='par_1_55' title="bbox 2065 2494 3652 2565">
     <span class='ocr_line' id='line_1_55' title="bbox 2065 2494 3652 2565; baseline -0.001 -14"><span class='ocrx_word' id='word_1_400' title='bbox 2065 2494 2374 2551; x_wconf 89' lang='lat' dir='ltr'><strong>exinaniret</strong></span> <span class='ocrx_word' id='word_1_401' title='bbox 2401 2511 2421 2547; x_wconf 74' lang='grc' dir='ltr'><strong>ι</strong></span> <span class='ocrx_word' id='word_1_402' title='bbox 2459 2494 2736 2561; x_wconf 88' lang='lat' dir='ltr'><strong>Christus,</strong></span> <span class='ocrx_word' id='word_1_403' title='bbox 2764 2495 2902 2550; x_wconf 87' lang='lat' dir='ltr'><strong>nih‘iI</strong></span> <span class='ocrx_word' id='word_1_404' title='bbox 2946 2495 3255 2551; x_wconf 89' lang='lat' dir='ltr'><strong>detrimenti</strong></span> <span class='ocrx_word' id='word_1_405' title='bbox 3286 2509 3502 2565; x_wconf 86' lang='lat' dir='ltr'><strong>passam</strong></span> <span class='ocrx_word' id='word_1_406' title='bbox 3532 2494 3652 2563; x_wconf 87' lang='lat' dir='ltr'><strong>ejns</strong></span> 
     </span>
    </p>
   </div>
   <div class='ocr_carea' id='block_1_56' title="bbox 2064 2588 3653 2652">
    <p class='ocr_par' dir='ltr' id='par_1_56' title="bbox 2064 2588 3653 2652">
     <span class='ocr_line' id='line_1_56' title="bbox 2064 2588 3653 2652; baseline 0.001 -8"><span class='ocrx_word' id='word_1_407' title='bbox 2064 2588 2439 2652; x_wconf 87' lang='lat' dir='ltr'><strong>divinitatem,</strong></span> <span class='ocrx_word' id='word_1_408' title='bbox 2507 2590 2600 2644; x_wconf 91' lang='lat' dir='ltr'><strong>sed</strong></span> <span class='ocrx_word' id='word_1_409' title='bbox 2673 2588 2844 2645; x_wconf 90' lang='lat' dir='ltr'><strong>solam</strong></span> <span class='ocrx_word' id='word_1_410' title='bbox 2915 2591 3304 2645; x_wconf 84' lang='lat' dir='ltr'><strong>humanitatem</strong></span> <span class='ocrx_word' id='word_1_411' title='bbox 3374 2588 3653 2646; x_wconf 87' lang='lat' dir='ltr'><strong>laboribus</strong></span> 
     </span>
    </p>
   </div>
   <div class='ocr_carea' id='block_1_57' title="bbox 2066 2680 3651 2752">
    <p class='ocr_par' dir='ltr' id='par_1_57' title="bbox 2066 2680 3651 2752">
     <span class='ocr_line' id='line_1_57' title="bbox 2066 2680 3651 2752; baseline 0 -17"><span class='ocrx_word' id='word_1_412' title='bbox 2066 2681 2236 2737; x_wconf 91' lang='lat' dir='ltr'><strong>fuisse</strong></span> <span class='ocrx_word' id='word_1_413' title='bbox 2281 2680 2607 2749; x_wconf 84' lang='lat' dir='ltr'><strong>obnoxiam;</strong></span> <span class='ocrx_word' id='word_1_414' title='bbox 2641 2681 2796 2752; x_wconf 88' lang='lat' dir='ltr'><strong>cujus</strong></span> <span class='ocrx_word' id='word_1_415' title='bbox 2837 2696 2960 2736; x_wconf 83' lang='lat' dir='ltr'><strong>cum</strong></span> <span class='ocrx_word' id='word_1_416' title='bbox 2996 2680 3269 2752; x_wconf 64' lang='lat' dir='ltr'><strong>praecipua</strong></span> <span class='ocrx_word' id='word_1_417' title='bbox 3317 2694 3442 2750; x_wconf 90' lang='lat' dir='ltr'><strong>pars</strong></span> <span class='ocrx_word' id='word_1_418' title='bbox 3470 2680 3651 2735; x_wconf 89' lang='lat' dir='ltr'><strong>anima</strong></span> 
     </span>
    </p>
   </div>
   <div class='ocr_carea' id='block_1_58' title="bbox 2065 2772 3646 2843">
    <p class='ocr_par' dir='ltr' id='par_1_58' title="bbox 2065 2772 3646 2843">
     <span class='ocr_line' id='line_1_58' title="bbox 2065 2772 3646 2843; baseline 0 -16"><span class='ocrx_word' id='word_1_419' title='bbox 2065 2772 2158 2841; x_wconf 89' lang='lat' dir='ltr'><strong>sit,</strong></span> <span class='ocrx_word' id='word_1_420' title='bbox 2184 2773 2460 2843; x_wconf 81' lang='lat' dir='ltr'><strong>angustias</strong></span> <span class='ocrx_word' id='word_1_421' title='bbox 2485 2772 2575 2828; x_wconf 89' lang='lat' dir='ltr'><strong>illa</strong></span> <span class='ocrx_word' id='word_1_422' title='bbox 2601 2772 2857 2828; x_wconf 87' lang='lat' dir='ltr'><strong>sustinuit</strong></span> <span class='ocrx_word' id='word_1_423' title='bbox 2875 2784 2930 2828; x_wconf 91' lang='lat' dir='ltr'><strong>et</strong></span> <span class='ocrx_word' id='word_1_424' title='bbox 2949 2773 3187 2839; x_wconf 86' lang='lat' dir='ltr'><strong>dolores,</strong></span> <span class='ocrx_word' id='word_1_425' title='bbox 3204 2789 3269 2829; x_wconf 88' lang='lat' dir='ltr'><strong>ac</strong></span> <span class='ocrx_word' id='word_1_426' title='bbox 3292 2792 3311 2826; x_wconf 70' lang='grc' dir='ltr'><strong>ι</strong></span> <span class='ocrx_word' id='word_1_427' title='bbox 3331 2772 3599 2827; x_wconf 85' lang='lat' dir='ltr'><strong>exinanita</strong></span> <span class='ocrx_word' id='word_1_428' title='bbox 3623 2790 3646 2827; x_wconf 70' lang='grc' dir='ltr'><strong>ι</strong></span> 
     </span>
    </p>
   </div>
   <div class='ocr_carea' id='block_1_59' title="bbox 2065 2863 3653 2937">
    <p class='ocr_par' dir='ltr' id='par_1_59' title="bbox 2065 2863 3653 2937">
     <span class='ocr_line' id='line_1_59' title="bbox 2065 2863 3653 2937; baseline -0.001 -17"><span class='ocrx_word' id='word_1_429' title='bbox 2065 2868 2293 2936; x_wconf 90' lang='lat' dir='ltr'><strong>proinde</strong></span> <span class='ocrx_word' id='word_1_430' title='bbox 2323 2867 2428 2923; x_wconf 91' lang='lat' dir='ltr'><strong>hoc</strong></span> <span class='ocrx_word' id='word_1_431' title='bbox 2457 2881 2618 2921; x_wconf 89' lang='lat' dir='ltr'><strong>sensu</strong></span> <span class='ocrx_word' id='word_1_432' title='bbox 2652 2866 2756 2921; x_wconf 89' lang='lat' dir='ltr'><strong>dici</strong></span> <span class='ocrx_word' id='word_1_433' title='bbox 2796 2876 2997 2937; x_wconf 90' lang='lat' dir='ltr'><strong>potest,</strong></span> <span class='ocrx_word' id='word_1_434' title='bbox 3028 2876 3084 2922; x_wconf 92' lang='lat' dir='ltr'><strong>et</strong></span> <span class='ocrx_word' id='word_1_435' title='bbox 3112 2882 3143 2921; x_wconf 92' lang='lat' dir='ltr'><strong>e</strong></span> <span class='ocrx_word' id='word_1_436' title='bbox 3174 2880 3386 2921; x_wconf 91' lang='lat' dir='ltr'><strong>summo</strong></span> <span class='ocrx_word' id='word_1_437' title='bbox 3432 2864 3521 2919; x_wconf 91' lang='lat' dir='ltr'><strong>illo</strong></span> <span class='ocrx_word' id='word_1_438' title='bbox 3572 2863 3653 2919; x_wconf 81' lang='lat' dir='ltr'><strong>fe-</strong></span> 
     </span>
    </p>
   </div>
   <div class='ocr_carea' id='block_1_60' title="bbox 2066 2948 3649 3030">
    <p class='ocr_par' dir='ltr' id='par_1_60' title="bbox 2066 2948 3649 3030">
     <span class='ocr_line' id='line_1_60' title="bbox 2066 2948 3649 3030; baseline -0.001 -17"><span class='ocrx_word' id='word_1_439' title='bbox 2066 2958 2285 3015; x_wconf 90' lang='lat' dir='ltr'><strong>licitatis</strong></span> <span class='ocrx_word' id='word_1_440' title='bbox 2330 2960 2498 3030; x_wconf 89' lang='lat' dir='ltr'><strong>gradu</strong></span> <span class='ocrx_word' id='word_1_441' title='bbox 2555 2958 2796 3030; x_wconf 91' lang='lat' dir='ltr'><strong>dejecta,</strong></span> <span class='ocrx_word' id='word_1_442' title='bbox 2844 2974 2953 3029; x_wconf 80' lang='lat' dir='ltr'><strong>quo</strong></span> <span class='ocrx_word' id='word_1_443' title='bbox 3003 2958 3228 3029; x_wconf 88' lang='lat' dir='ltr'><strong>potitam</strong></span> <span class='ocrx_word' id='word_1_444' title='bbox 3279 2955 3449 3012; x_wconf 91' lang='lat' dir='ltr'><strong>fuisse</strong></span> <span class='ocrx_word' id='word_1_445' title='bbox 3486 2948 3649 3011; x_wconf 75' lang='lat' dir='ltr'><strong>illam</strong></span> 
     </span>
    </p>
   </div>
   <div class='ocr_carea' id='block_1_61' title="bbox 2066 3050 3653 3125">
    <p class='ocr_par' dir='ltr' id='par_1_61' title="bbox 2066 3050 3653 3125">
     <span class='ocr_line' id='line_1_61' title="bbox 2066 3050 3653 3125; baseline -0.002 -16"><span class='ocrx_word' id='word_1_446' title='bbox 2066 3056 2276 3110; x_wconf 86' lang='lat' dir='ltr'><strong>censuit</strong></span> <span class='ocrx_word' id='word_1_447' title='bbox 2321 3053 2620 3125; x_wconf 85' lang='lat' dir='ltr'><strong>Origenes,</strong></span> <span class='ocrx_word' id='word_1_448' title='bbox 2661 3069 2789 3108; x_wconf 92' lang='lat' dir='ltr'><strong>cum</strong></span> <span class='ocrx_word' id='word_1_449' title='bbox 2835 3055 3044 3124; x_wconf 88' lang='lat' dir='ltr'><strong>irrupto</strong></span> <span class='ocrx_word' id='word_1_450' title='bbox 3087 3052 3290 3107; x_wconf 89' lang='lat' dir='ltr'><strong>amoris</strong></span> <span class='ocrx_word' id='word_1_451' title='bbox 3352 3065 3491 3106; x_wconf 91' lang='lat' dir='ltr'><strong>nexu</strong></span> <span class='ocrx_word' id='word_1_452' title='bbox 3542 3050 3653 3106; x_wconf 90' lang='lat' dir='ltr'><strong>Deo</strong></span> 
     </span>
    </p>
   </div>
   <div class='ocr_carea' id='block_1_62' title="bbox 2066 3143 3653 3216">
    <p class='ocr_par' dir='ltr' id='par_1_62' title="bbox 2066 3143 3653 3216">
     <span class='ocr_line' id='line_1_62' title="bbox 2066 3143 3653 3216; baseline -0.004 -14"><span class='ocrx_word' id='word_1_453' title='bbox 2066 3147 2374 3216; x_wconf 85' lang='lat' dir='ltr'><strong>conjuncta,</strong></span> <span class='ocrx_word' id='word_1_454' title='bbox 2416 3147 2654 3201; x_wconf 91' lang='lat' dir='ltr'><strong>nondum</strong></span> <span class='ocrx_word' id='word_1_455' title='bbox 2708 3147 2944 3202; x_wconf 91' lang='lat' dir='ltr'><strong>humano</strong></span> <span class='ocrx_word' id='word_1_456' title='bbox 2990 3145 3204 3216; x_wconf 88' lang='lat' dir='ltr'><strong>corpori</strong></span> <span class='ocrx_word' id='word_1_457' title='bbox 3253 3159 3373 3199; x_wconf 86' lang='lat' dir='ltr'><strong>sese</strong></span> <span class='ocrx_word' id='word_1_458' title='bbox 3421 3143 3653 3197; x_wconf 77' lang='lat' dir='ltr'><strong>immer-</strong></span> 
     </span>
    </p>
   </div>
   <div class='ocr_carea' id='block_1_63' title="bbox 384 3234 1976 3316">
    <p class='ocr_par' dir='ltr' id='par_1_63' title="bbox 384 3238 1969 3316">
     <span class='ocr_line' id='line_1_63' title="bbox 384 3238 1969 3316; baseline -0.006 -18"><span class='ocrx_word' id='word_1_459' title='bbox 384 3244 869 3316; x_wconf 64' lang='grc' dir='ltr'>ἀνδραγαθήματπ</span> <span class='ocrx_word' id='word_1_460' title='bbox 902 3242 1091 3296; x_wconf 78' lang='grc' dir='ltr'>τούτου</span> <span class='ocrx_word' id='word_1_461' title='bbox 1124 3239 1325 3312; x_wconf 83' lang='grc' dir='ltr'>τυχὼν,</span> <span class='ocrx_word' id='word_1_462' title='bbox 1359 3239 1436 3304; x_wconf 82' lang='grc' dir='ltr'>ὡς</span> <span class='ocrx_word' id='word_1_463' title='bbox 1469 3240 1741 3310; x_wconf 84' lang='grc' dir='ltr'>μαρτυρεῖ</span> <span class='ocrx_word' id='word_1_464' title='bbox 1776 3238 1805 3290; x_wconf 87' lang='grc' dir='ltr'><strong>ὁ</strong></span> <span class='ocrx_word' id='word_1_465' title='bbox 1828 3238 1969 3309; x_wconf 82' lang='grc' dir='ltr'>Προ-</span> 
     </span>
    </p>
   </div>
   <div class='ocr_carea' id='block_1_64' title="bbox 2063 3234 3656 3316">
    <p class='ocr_par' dir='ltr' id='par_1_64' title="bbox 2074 3234 3656 3309">
     <span class='ocr_line' id='line_1_64' title="bbox 2074 3234 3656 3309; baseline -0.003 -16"><span class='ocrx_word' id='word_1_466' title='bbox 2074 3239 2256 3295; x_wconf 89' lang='lat' dir='ltr'><strong>sisset.</strong></span> <span class='ocrx_word' id='word_1_467' title='bbox 2298 3238 2457 3306; x_wconf 86' lang='lat' dir='ltr'><strong>Quod</strong></span> <span class='ocrx_word' id='word_1_468' title='bbox 2504 3238 2580 3292; x_wconf 90' lang='lat' dir='ltr'><strong>ait</strong></span> <span class='ocrx_word' id='word_1_469' title='bbox 2622 3253 2751 3308; x_wconf 83' lang='lat' dir='ltr'><strong>ergo</strong></span> <span class='ocrx_word' id='word_1_470' title='bbox 2796 3238 3090 3309; x_wconf 84' lang='lat' dir='ltr'><strong>Apostolus</strong></span> <span class='ocrx_word' id='word_1_471' title='bbox 3128 3254 3142 3291; x_wconf 90' lang='lat'><strong>:</strong></span> <span class='ocrx_word' id='word_1_472' title='bbox 3182 3254 3201 3288; x_wconf 72' lang='grc' dir='ltr'><strong>ι</strong></span> <span class='ocrx_word' id='word_1_473' title='bbox 3235 3235 3347 3291; x_wconf 87' lang='lat' dir='ltr'><strong>Hoc</strong></span> <span class='ocrx_word' id='word_1_474' title='bbox 3391 3234 3656 3304; x_wconf 87' lang='lat' dir='ltr'><strong>intelligat</strong></span> 
     </span>
    </p>
   </div>
   <div class='ocr_carea' id='block_1_65' title="bbox 384 3326 1966 3406">
    <p class='ocr_par' dir='ltr' id='par_1_65' title="bbox 384 3326 1966 3406">
     <span class='ocr_line' id='line_1_65' title="bbox 384 3326 1966 3406; baseline 0.009 -3"><span class='ocrx_word' id='word_1_475' title='bbox 384 3334 557 3406; x_wconf 77' lang='grc' dir='ltr'>φήτης</span> <span class='ocrx_word' id='word_1_476' title='bbox 599 3333 803 3401; x_wconf 77' lang='grc' dir='ltr'><strong>λέγων·</strong></span> <span class='ocrx_word' id='word_1_477' title='bbox 844 3330 1191 3401; x_wconf 77' lang='grc' dir='ltr'><strong>Ἰιγάπησας</strong></span> <span class='ocrx_word' id='word_1_478' title='bbox 1237 3328 1655 3395; x_wconf 67' lang='grc' dir='ltr'><strong>δικαίθσύνηνν</strong></span> <span class='ocrx_word' id='word_1_479' title='bbox 1711 3326 1809 3379; x_wconf 61' lang='grc' dir='ltr'><strong>καὶ</strong></span> <span class='ocrx_word' id='word_1_480' title='bbox 1851 3326 1966 3396; x_wconf 55' lang='lat' dir='ltr'><strong>é&#39;ul&#39;</strong></span> 
     </span>
    </p>
   </div>
   <div class='ocr_carea' id='block_1_66' title="bbox 384 3417 1969 3496">
    <p class='ocr_par' dir='ltr' id='par_1_66' title="bbox 384 3417 1969 3496">
     <span class='ocr_line' id='line_1_66' title="bbox 384 3417 1969 3496; baseline -0.005 -15"><span class='ocrx_word' id='word_1_481' title='bbox 384 3443 584 3495; x_wconf 82' lang='grc' dir='ltr'>σησας</span> <span class='ocrx_word' id='word_1_482' title='bbox 623 3425 898 3496; x_wconf 75' lang='grc' dir='ltr'>ἀνομίαν,</span> <span class='ocrx_word' id='word_1_483' title='bbox 928 3422 1025 3477; x_wconf 81' lang='grc' dir='ltr'><strong>διὰ</strong></span> <span class='ocrx_word' id='word_1_484' title='bbox 1062 3422 1238 3476; x_wconf 85' lang='grc' dir='ltr'>τοῦτο</span> <span class='ocrx_word' id='word_1_485' title='bbox 1287 3419 1495 3491; x_wconf 78' lang='grc' dir='ltr'>ἕχρισέ</span> <span class='ocrx_word' id='word_1_486' title='bbox 1545 3434 1619 3473; x_wconf 85' lang='grc' dir='ltr'><strong>σε</strong></span> <span class='ocrx_word' id='word_1_487' title='bbox 1655 3422 1689 3473; x_wconf 85' lang='grc' dir='ltr'>ὁ</span> <span class='ocrx_word' id='word_1_488' title='bbox 1738 3417 1902 3484; x_wconf 85' lang='grc' dir='ltr'>Θεὸς,</span> <span class='ocrx_word' id='word_1_489' title='bbox 1935 3421 1969 3473; x_wconf 83' lang='grc' dir='ltr'><em>ὁ</em></span> 
     </span>
    </p>
   </div>
   <div class='ocr_carea' id='block_1_67' title="bbox 386 3510 1969 3586">
    <p class='ocr_par' dir='ltr' id='par_1_67' title="bbox 386 3510 1969 3586">
     <span class='ocr_line' id='line_1_67' title="bbox 386 3510 1969 3586; baseline -0.009 -11"><span class='ocrx_word' id='word_1_490' title='bbox 386 3522 530 3586; x_wconf 78' lang='grc' dir='ltr'><strong>Θεός</strong></span> <span class='ocrx_word' id='word_1_491' title='bbox 546 3534 662 3574; x_wconf 84' lang='grc' dir='ltr'>σου</span> <span class='ocrx_word' id='word_1_492' title='bbox 682 3520 890 3573; x_wconf 72' lang='grc' dir='ltr'>ἔλαιον</span> <span class='ocrx_word' id='word_1_493' title='bbox 906 3513 1321 3585; x_wconf 72' lang='grc' dir='ltr'><strong>ἀγαλλιάσεως</strong></span> <span class='ocrx_word' id='word_1_494' title='bbox 1341 3510 1497 3581; x_wconf 75' lang='grc' dir='ltr'>παρὰ</span> <span class='ocrx_word' id='word_1_495' title='bbox 1516 3510 1657 3575; x_wconf 84' lang='grc' dir='ltr'>τοὺς</span> <span class='ocrx_word' id='word_1_496' title='bbox 1674 3510 1969 3580; x_wconf 83' lang='grc' dir='ltr'>μετόχους</span> 
     </span>
    </p>
   </div>
   <div class='ocr_carea' id='block_1_68' title="bbox 385 3600 1965 3680">
    <p class='ocr_par' dir='ltr' id='par_1_68' title="bbox 385 3600 1965 3680">
     <span class='ocr_line' id='line_1_68' title="bbox 385 3600 1965 3680; baseline -0.008 -14"><span class='ocrx_word' id='word_1_497' title='bbox 385 3628 520 3667; x_wconf 84' lang='grc' dir='ltr'>σου.</span> <span class='ocrx_word' id='word_1_498' title='bbox 562 3611 808 3680; x_wconf 82' lang='grc' dir='ltr'>Ἔπρεπε</span> <span class='ocrx_word' id='word_1_499' title='bbox 856 3608 912 3662; x_wconf 76' lang='grc' dir='ltr'><strong>δὲ</strong></span> <span class='ocrx_word' id='word_1_500' title='bbox 960 3608 1050 3660; x_wconf 78' lang='grc' dir='ltr'>τὸν</span> <span class='ocrx_word' id='word_1_501' title='bbox 1099 3606 1363 3677; x_wconf 85' lang='grc' dir='ltr'>μηδέποτε</span> <span class='ocrx_word' id='word_1_502' title='bbox 1414 3603 1815 3675; x_wconf 81' lang='grc' dir='ltr'>κεχωρισμένον</span> <span class='ocrx_word' id='word_1_503' title='bbox 1869 3600 1965 3655; x_wconf 76' lang='grc' dir='ltr'><strong>τοῦ</strong></span> 
     </span>
    </p>
   </div>
   <div class='ocr_carea' id='block_1_69' title="bbox 386 3690 1969 3768">
    <p class='ocr_par' dir='ltr' id='par_1_69' title="bbox 386 3690 1969 3768">
     <span class='ocr_line' id='line_1_69' title="bbox 386 3690 1969 3768; baseline -0.008 -13"><span class='ocrx_word' id='word_1_504' title='bbox 386 3698 722 3767; x_wconf 81' lang='grc' dir='ltr'>Μονογενοῦς</span> <span class='ocrx_word' id='word_1_505' title='bbox 750 3694 1192 3768; x_wconf 77' lang='grc' dir='ltr'>συγχρηματίσαι</span> <span class='ocrx_word' id='word_1_506' title='bbox 1223 3693 1300 3764; x_wconf 80' lang='grc' dir='ltr'>τῷ</span> <span class='ocrx_word' id='word_1_507' title='bbox 1328 3694 1622 3760; x_wconf 81' lang='grc' dir='ltr'>Μονογενεῖ</span> <span class='ocrx_word' id='word_1_508' title='bbox 1654 3691 1747 3744; x_wconf 75' lang='grc' dir='ltr'><strong>καὶ</strong></span> <span class='ocrx_word' id='word_1_509' title='bbox 1786 3690 1969 3744; x_wconf 86' lang='grc' dir='ltr'>συνδο-</span> 
     </span>
    </p>
   </div>
   <div class='ocr_carea' id='block_1_70' title="bbox 386 3785 1971 3863">
    <p class='ocr_par' dir='ltr' id='par_1_70' title="bbox 386 3785 1971 3863">
     <span class='ocr_line' id='line_1_70' title="bbox 386 3785 1971 3863; baseline -0.006 -17"><span class='ocrx_word' id='word_1_510' title='bbox 386 3792 647 3863; x_wconf 79' lang='grc' dir='ltr'>ξασθῆναι</span> <span class='ocrx_word' id='word_1_511' title='bbox 696 3788 867 3859; x_wconf 75' lang='grc' dir='ltr'>αὐτῷ.</span> <span class='ocrx_word' id='word_1_512' title='bbox 911 3808 928 3841; x_wconf 76' lang='grc' dir='ltr'><strong>ι</strong></span> <span class='ocrx_word' id='word_1_513' title='bbox 961 3789 1166 3843; x_wconf 89' lang='lat' dir='ltr'><strong>I-lcirco</strong></span> <span class='ocrx_word' id='word_1_514' title='bbox 1196 3795 1251 3841; x_wconf 91' lang='lat' dir='ltr'><strong>et</strong></span> <span class='ocrx_word' id='word_1_515' title='bbox 1283 3787 1446 3840; x_wconf 91' lang='lat' dir='ltr'><strong>homo</strong></span> <span class='ocrx_word' id='word_1_516' title='bbox 1488 3785 1663 3839; x_wconf 88' lang='lat' dir='ltr'><strong>factus</strong></span> <span class='ocrx_word' id='word_1_517' title='bbox 1693 3794 1779 3840; x_wconf 92' lang='lat' dir='ltr'><strong>est</strong></span> <span class='ocrx_word' id='word_1_518' title='bbox 1816 3785 1971 3839; x_wconf 83' lang='lat' dir='ltr'><strong>Chri-</strong></span> 
     </span>
    </p>
   </div>
   <div class='ocr_carea' id='block_1_71' title="bbox 386 3875 1964 3946">
    <p class='ocr_par' dir='ltr' id='par_1_71' title="bbox 386 3875 1964 3946">
     <span class='ocr_line' id='line_1_71' title="bbox 386 3875 1964 3946; baseline -0.006 -7"><span class='ocrx_word' id='word_1_519' title='bbox 386 3896 523 3946; x_wconf 85' lang='lat' dir='ltr'><strong>sms,</strong></span> <span class='ocrx_word' id='word_1_520' title='bbox 554 3896 652 3936; x_wconf 88' lang='lat' dir='ltr'><strong>suo</strong></span> <span class='ocrx_word' id='word_1_521' title='bbox 686 3882 877 3934; x_wconf 86' lang='lat' dir='ltr'><strong>merito</strong></span> <span class='ocrx_word' id='word_1_522' title='bbox 906 3880 1006 3933; x_wconf 92' lang='lat' dir='ltr'><strong>hoc</strong></span> <span class='ocrx_word' id='word_1_523' title='bbox 1038 3876 1283 3941; x_wconf 85' lang='lat' dir='ltr'><strong>sortitus,</strong></span> <span class='ocrx_word' id='word_1_524' title='bbox 1319 3886 1376 3930; x_wconf 91' lang='lat' dir='ltr'><strong>ut</strong></span> <span class='ocrx_word' id='word_1_525' title='bbox 1410 3875 1679 3944; x_wconf 85' lang='lat' dir='ltr'><strong>Propheta</strong></span> <span class='ocrx_word' id='word_1_526' title='bbox 1715 3884 1964 3940; x_wconf 87' lang='lat' dir='ltr'><strong>testatur,</strong></span> 
     </span>
    </p>
   </div>
   <div class='ocr_carea' id='block_1_72' title="bbox 387 3968 1966 4044">
    <p class='ocr_par' dir='ltr' id='par_1_72' title="bbox 387 3968 1966 4044">
     <span class='ocr_line' id='line_1_72' title="bbox 387 3968 1966 4044; baseline -0.006 -14"><span class='ocrx_word' id='word_1_527' title='bbox 387 3974 640 4044; x_wconf 89' lang='lat' dir='ltr'><strong>inquiens</strong></span> <span class='ocrx_word' id='word_1_528' title='bbox 668 3996 681 4029; x_wconf 73' lang='grc' dir='ltr'><strong>ι</strong></span> <span class='ocrx_word' id='word_1_529' title='bbox 714 3972 959 4027; x_wconf 73' lang='lat' dir='ltr'><strong>Dilexisti</strong></span> <span class='ocrx_word' id='word_1_530' title='bbox 984 3971 1287 4039; x_wconf 76' lang='lat' dir='ltr'><strong>justitiam,</strong></span> <span class='ocrx_word' id='word_1_531' title='bbox 1326 3978 1375 4024; x_wconf 89' lang='lat' dir='ltr'><strong>et</strong></span> <span class='ocrx_word' id='word_1_532' title='bbox 1413 3970 1572 4024; x_wconf 85' lang='lat' dir='ltr'><strong>odisti</strong></span> <span class='ocrx_word' id='word_1_533' title='bbox 1614 3968 1966 4039; x_wconf 78' lang='lat' dir='ltr'><strong>iniquitatem,</strong></span> 
     </span>
    </p>
   </div>
   <div class='ocr_carea' id='block_1_73' title="bbox 386 4056 1968 4136">
    <p class='ocr_par' dir='ltr' id='par_1_73' title="bbox 386 4056 1968 4136">
     <span class='ocr_line' id='line_1_73' title="bbox 386 4056 1968 4136; baseline -0.005 -17"><span class='ocrx_word' id='word_1_534' title='bbox 386 4076 661 4136; x_wconf 81' lang='lat' dir='ltr'><strong>propterea</strong></span> <span class='ocrx_word' id='word_1_535' title='bbox 690 4066 839 4118; x_wconf 73' lang='lat' dir='ltr'><strong>unxit</strong></span> <span class='ocrx_word' id='word_1_536' title='bbox 864 4073 914 4117; x_wconf 90' lang='lat' dir='ltr'><strong>te</strong></span> <span class='ocrx_word' id='word_1_537' title='bbox 945 4062 1104 4128; x_wconf 88' lang='lat' dir='ltr'><strong>Deus,</strong></span> <span class='ocrx_word' id='word_1_538' title='bbox 1137 4059 1278 4115; x_wconf 88' lang='lat' dir='ltr'><strong>Deus</strong></span> <span class='ocrx_word' id='word_1_539' title='bbox 1311 4070 1454 4125; x_wconf 88' lang='lat' dir='ltr'><strong>tuus,</strong></span> <span class='ocrx_word' id='word_1_540' title='bbox 1490 4058 1602 4113; x_wconf 82' lang='lat' dir='ltr'><strong>oleo</strong></span> <span class='ocrx_word' id='word_1_541' title='bbox 1633 4056 1830 4113; x_wconf 73' lang='lat' dir='ltr'><strong>lwtitiw</strong></span> <span class='ocrx_word' id='word_1_542' title='bbox 1857 4072 1968 4125; x_wconf 74' lang='lat' dir='ltr'><strong>prta</strong></span> 
     </span>
    </p>
   </div>
   <div class='ocr_carea' id='block_1_74' title="bbox 387 4149 1970 4227">
    <p class='ocr_par' dir='ltr' id='par_1_74' title="bbox 387 4149 1970 4227">
     <span class='ocr_line' id='line_1_74' title="bbox 387 4149 1970 4227; baseline -0.006 -15"><span class='ocrx_word' id='word_1_543' title='bbox 387 4158 726 4227; x_wconf 86' lang='lat' dir='ltr'><strong>participibus</strong></span> <span class='ocrx_word' id='word_1_544' title='bbox 754 4158 857 4210; x_wconf 90' lang='lat' dir='ltr'><strong>tuis</strong></span> <span class='ocrx_word' id='word_1_545' title='bbox 882 4155 948 4209; x_wconf 76' lang='grc'><strong>⁸⁷.</strong></span> <span class='ocrx_word' id='word_1_546' title='bbox 974 4152 1205 4208; x_wconf 77' lang='lat' dir='ltr'><strong>Docebat</strong></span> <span class='ocrx_word' id='word_1_547' title='bbox 1231 4151 1495 4219; x_wconf 85' lang='lat' dir='ltr'><strong>siquidem</strong></span> <span class='ocrx_word' id='word_1_548' title='bbox 1531 4149 1678 4204; x_wconf 88' lang='lat' dir='ltr'><strong>illum</strong></span> <span class='ocrx_word' id='word_1_549' title='bbox 1709 4149 1800 4218; x_wconf 89' lang='lat' dir='ltr'><strong>qui</strong></span> <span class='ocrx_word' id='word_1_550' title='bbox 1833 4163 1970 4202; x_wconf 88' lang='lat' dir='ltr'><strong>nun-</strong></span> 
     </span>
    </p>
   </div>
   <div class='ocr_carea' id='block_1_75' title="bbox 388 4240 1970 4323">
    <p class='ocr_par' dir='ltr' id='par_1_75' title="bbox 388 4240 1970 4323">
     <span class='ocr_line' id='line_1_75' title="bbox 388 4240 1970 4323; baseline -0.006 -17"><span class='ocrx_word' id='word_1_551' title='bbox 388 4268 549 4323; x_wconf 90' lang='lat' dir='ltr'><strong>quam</strong></span> <span class='ocrx_word' id='word_1_552' title='bbox 583 4254 650 4307; x_wconf 88' lang='lat' dir='ltr'><strong>ab</strong></span> <span class='ocrx_word' id='word_1_553' title='bbox 675 4248 963 4320; x_wconf 82' lang='lat' dir='ltr'><strong>Unigenito</strong></span> <span class='ocrx_word' id='word_1_554' title='bbox 987 4254 1268 4317; x_wconf 88' lang='lat' dir='ltr'><strong>separatus</strong></span> <span class='ocrx_word' id='word_1_555' title='bbox 1289 4253 1391 4309; x_wconf 89' lang='lat' dir='ltr'><strong>est,</strong></span> <span class='ocrx_word' id='word_1_556' title='bbox 1412 4243 1742 4299; x_wconf 89' lang='lat' dir='ltr'><strong>coexsistere</strong></span> <span class='ocrx_word' id='word_1_557' title='bbox 1769 4240 1970 4313; x_wconf 84' lang='lat' dir='ltr'><strong>Unige-</strong></span> 
     </span>
    </p>
   </div>
   <div class='ocr_carea' id='block_1_76' title="bbox 390 4336 1540 4409">
    <p class='ocr_par' dir='ltr' id='par_1_76' title="bbox 390 4336 1540 4409">
     <span class='ocr_line' id='line_1_76' title="bbox 390 4336 1540 4409; baseline -0.01 -8"><span class='ocrx_word' id='word_1_558' title='bbox 390 4345 530 4405; x_wconf 87' lang='lat' dir='ltr'><strong>nito.</strong></span> <span class='ocrx_word' id='word_1_559' title='bbox 553 4353 604 4398; x_wconf 91' lang='lat' dir='ltr'><strong>et</strong></span> <span class='ocrx_word' id='word_1_560' title='bbox 637 4358 740 4397; x_wconf 90' lang='lat' dir='ltr'><strong>una</strong></span> <span class='ocrx_word' id='word_1_561' title='bbox 776 4356 898 4397; x_wconf 92' lang='lat' dir='ltr'><strong>cum</strong></span> <span class='ocrx_word' id='word_1_562' title='bbox 939 4341 1055 4409; x_wconf 90' lang='lat' dir='ltr'><strong>ipso</strong></span> <span class='ocrx_word' id='word_1_563' title='bbox 1088 4336 1540 4407; x_wconf 63' lang='lat' dir='ltr'><strong>congloriilcari.»</strong></span> 
     </span>
    </p>
   </div>
   <div class='ocr_carea' id='block_1_77' title="bbox 461 4425 1969 4503">
    <p class='ocr_par' dir='ltr' id='par_1_77' title="bbox 461 4425 1969 4503">
     <span class='ocr_line' id='line_1_77' title="bbox 461 4425 1969 4503; baseline -0.005 -13"><span class='ocrx_word' id='word_1_564' title='bbox 461 4436 571 4491; x_wconf 76' lang='lat' dir='ltr'>VII.</span> <span class='ocrx_word' id='word_1_565' title='bbox 612 4435 766 4501; x_wconf 85' lang='lat' dir='ltr'><strong>Quod</strong></span> <span class='ocrx_word' id='word_1_566' title='bbox 805 4433 851 4488; x_wconf 89' lang='lat' dir='ltr'><strong>si</strong></span> <span class='ocrx_word' id='word_1_567' title='bbox 903 4433 1025 4503; x_wconf 89' lang='lat' dir='ltr'><strong>quis</strong></span> <span class='ocrx_word' id='word_1_568' title='bbox 1076 4430 1228 4486; x_wconf 89' lang='lat' dir='ltr'><strong>falsis</strong></span> <span class='ocrx_word' id='word_1_569' title='bbox 1269 4429 1373 4485; x_wconf 91' lang='lat' dir='ltr'><strong>illis</strong></span> <span class='ocrx_word' id='word_1_570' title='bbox 1408 4427 1660 4500; x_wconf 83' lang='lat' dir='ltr'><strong>Origenis</strong></span> <span class='ocrx_word' id='word_1_571' title='bbox 1708 4425 1969 4483; x_wconf 88' lang='lat' dir='ltr'><strong>assertio-</strong></span> 
     </span>
    </p>
   </div>
   <div class='ocr_carea' id='block_1_78' title="bbox 390 4521 1968 4591">
    <p class='ocr_par' dir='ltr' id='par_1_78' title="bbox 390 4521 1968 4591">
     <span class='ocr_line' id='line_1_78' title="bbox 390 4521 1968 4591; baseline -0.004 -7"><span class='ocrx_word' id='word_1_572' title='bbox 390 4530 550 4584; x_wconf 89' lang='lat' dir='ltr'><strong>nibus</strong></span> <span class='ocrx_word' id='word_1_573' title='bbox 578 4536 949 4583; x_wconf 87' lang='lat' dir='ltr'><strong>commovetur</strong></span> <span class='ocrx_word' id='word_1_574' title='bbox 988 4524 1382 4589; x_wconf 83' lang='lat' dir='ltr'><strong>vehementius,</strong></span> <span class='ocrx_word' id='word_1_575' title='bbox 1411 4522 1491 4577; x_wconf 87' lang='lat' dir='ltr'><strong>sic</strong></span> <span class='ocrx_word' id='word_1_576' title='bbox 1522 4521 1805 4591; x_wconf 82' lang='lat' dir='ltr'><strong>praefatum</strong></span> <span class='ocrx_word' id='word_1_577' title='bbox 1844 4534 1968 4577; x_wconf 88' lang='lat' dir='ltr'><strong>eum</strong></span> 
     </span>
    </p>
   </div>
   <div class='ocr_carea' id='block_1_79' title="bbox 2069 3325 3653 3401">
    <p class='ocr_par' dir='ltr' id='par_1_79' title="bbox 2069 3325 3653 3401">
     <span class='ocr_line' id='line_1_79' title="bbox 2069 3325 3653 3401; baseline -0.003 -15"><span class='ocrx_word' id='word_1_578' title='bbox 2069 3333 2441 3401; x_wconf 86' lang='lat' dir='ltr'><strong>unusquisque</strong></span> <span class='ocrx_word' id='word_1_579' title='bbox 2473 3330 2525 3385; x_wconf 91' lang='lat' dir='ltr'><strong>in</strong></span> <span class='ocrx_word' id='word_1_580' title='bbox 2562 3330 2740 3396; x_wconf 91' lang='lat' dir='ltr'><strong>nobis,</strong></span> <span class='ocrx_word' id='word_1_581' title='bbox 2777 3332 2920 3400; x_wconf 90' lang='lat' dir='ltr'><strong>quod</strong></span> <span class='ocrx_word' id='word_1_582' title='bbox 2948 3339 3001 3385; x_wconf 92' lang='lat' dir='ltr'><strong>et</strong></span> <span class='ocrx_word' id='word_1_583' title='bbox 3034 3330 3087 3384; x_wconf 90' lang='lat' dir='ltr'><strong>in</strong></span> <span class='ocrx_word' id='word_1_584' title='bbox 3118 3328 3337 3384; x_wconf 90' lang='lat' dir='ltr'><strong>Christo</strong></span> <span class='ocrx_word' id='word_1_585' title='bbox 3356 3325 3516 3393; x_wconf 83' lang='lat' dir='ltr'><strong>Jesu;</strong></span> <span class='ocrx_word' id='word_1_586' title='bbox 3557 3326 3653 3395; x_wconf 89' lang='lat' dir='ltr'><strong>qui</strong></span> 
     </span>
    </p>
   </div>
   <div class='ocr_carea' id='block_1_80' title="bbox 2067 3420 3657 3491">
    <p class='ocr_par' dir='ltr' id='par_1_80' title="bbox 2067 3420 3657 3491">
     <span class='ocr_line' id='line_1_80' title="bbox 2067 3420 3657 3491; baseline -0.003 -12"><span class='ocrx_word' id='word_1_587' title='bbox 2067 3438 2190 3479; x_wconf 89' lang='lat' dir='ltr'><strong>cum</strong></span> <span class='ocrx_word' id='word_1_588' title='bbox 2235 3424 2288 3478; x_wconf 90' lang='lat' dir='ltr'><strong>in</strong></span> <span class='ocrx_word' id='word_1_589' title='bbox 2327 3422 2504 3478; x_wconf 89' lang='lat' dir='ltr'><strong>forma</strong></span> <span class='ocrx_word' id='word_1_590' title='bbox 2539 3422 2632 3478; x_wconf 91' lang='lat' dir='ltr'><strong>Dei</strong></span> <span class='ocrx_word' id='word_1_591' title='bbox 2683 3430 2863 3488; x_wconf 87' lang='lat' dir='ltr'><strong>esset,</strong></span> <span class='ocrx_word' id='word_1_592' title='bbox 2913 3438 3020 3477; x_wconf 91' lang='lat' dir='ltr'><strong>non</strong></span> <span class='ocrx_word' id='word_1_593' title='bbox 3060 3422 3308 3491; x_wconf 87' lang='lat' dir='ltr'><strong>rapinam</strong></span> <span class='ocrx_word' id='word_1_594' title='bbox 3359 3420 3657 3474; x_wconf 87' lang='lat' dir='ltr'><strong>arbitratus</strong></span> 
     </span>
    </p>
   </div>
   <div class='ocr_carea' id='block_1_81' title="bbox 2067 3510 3656 3587">
    <p class='ocr_par' dir='ltr' id='par_1_81' title="bbox 2067 3510 3656 3587">
     <span class='ocr_line' id='line_1_81' title="bbox 2067 3510 3656 3587; baseline -0.005 -16"><span class='ocrx_word' id='word_1_595' title='bbox 2067 3525 2155 3571; x_wconf 91' lang='lat' dir='ltr'><strong>est</strong></span> <span class='ocrx_word' id='word_1_596' title='bbox 2186 3530 2307 3571; x_wconf 91' lang='lat' dir='ltr'><strong>esse</strong></span> <span class='ocrx_word' id='word_1_597' title='bbox 2333 3529 2394 3571; x_wconf 91' lang='lat' dir='ltr'><strong>se</strong></span> <span class='ocrx_word' id='word_1_598' title='bbox 2423 3515 2689 3587; x_wconf 71' lang='lat' dir='ltr'><strong>aequalem</strong></span> <span class='ocrx_word' id='word_1_599' title='bbox 2740 3514 2872 3581; x_wconf 90' lang='lat' dir='ltr'><strong>Deo,</strong></span> <span class='ocrx_word' id='word_1_600' title='bbox 2915 3516 3012 3569; x_wconf 91' lang='lat' dir='ltr'><strong>sed</strong></span> <span class='ocrx_word' id='word_1_601' title='bbox 3064 3513 3417 3581; x_wconf 90' lang='lat' dir='ltr'><strong>semetipsum</strong></span> <span class='ocrx_word' id='word_1_602' title='bbox 3463 3510 3656 3565; x_wconf 81' lang='lat' dir='ltr'><strong>exina-</strong></span> 
     </span>
    </p>
   </div>
   <div class='ocr_carea' id='block_1_82' title="bbox 2070 3604 3656 3677">
    <p class='ocr_par' dir='ltr' id='par_1_82' title="bbox 2070 3604 3656 3677">
     <span class='ocr_line' id='line_1_82' title="bbox 2070 3604 3656 3677; baseline -0.003 -15"><span class='ocrx_word' id='word_1_603' title='bbox 2070 3607 2210 3662; x_wconf 91' lang='lat' dir='ltr'><strong>nivit</strong></span> <span class='ocrx_word' id='word_1_604' title='bbox 2242 3606 2473 3662; x_wconf 89' lang='lat' dir='ltr'><strong>formam</strong></span> <span class='ocrx_word' id='word_1_605' title='bbox 2505 3608 2647 3662; x_wconf 88' lang='lat' dir='ltr'><strong>servi</strong></span> <span class='ocrx_word' id='word_1_606' title='bbox 2697 3607 2999 3677; x_wconf 90' lang='lat' dir='ltr'><strong>accipiens,</strong></span> <span class='ocrx_word' id='word_1_607' title='bbox 3028 3625 3046 3658; x_wconf 79' lang='grc' dir='ltr'><strong>ι</strong></span> <span class='ocrx_word' id='word_1_608' title='bbox 3100 3605 3244 3661; x_wconf 83' lang='lat' dir='ltr'><strong>facili</strong></span> <span class='ocrx_word' id='word_1_609' title='bbox 3293 3604 3509 3675; x_wconf 82' lang='lat' dir='ltr'><strong>negotio</strong></span> <span class='ocrx_word' id='word_1_610' title='bbox 3557 3618 3656 3658; x_wconf 88' lang='lat' dir='ltr'><strong>ex-</strong></span> 
     </span>
    </p>
   </div>
   <div class='ocr_carea' id='block_1_83' title="bbox 2068 3694 3655 3770">
    <p class='ocr_par' dir='ltr' id='par_1_83' title="bbox 2068 3694 3655 3770">
     <span class='ocr_line' id='line_1_83' title="bbox 2068 3694 3655 3770; baseline -0.001 -17"><span class='ocrx_word' id='word_1_611' title='bbox 2068 3699 2300 3768; x_wconf 80' lang='lat' dir='ltr'><strong>plicatur</strong></span> <span class='ocrx_word' id='word_1_612' title='bbox 2343 3700 2410 3753; x_wconf 89' lang='lat' dir='ltr'><strong>ad</strong></span> <span class='ocrx_word' id='word_1_613' title='bbox 2448 3709 2683 3753; x_wconf 87' lang='lat' dir='ltr'><strong>mentem</strong></span> <span class='ocrx_word' id='word_1_614' title='bbox 2713 3696 2988 3770; x_wconf 80' lang='lat' dir='ltr'><strong>Origenis.</strong></span> <span class='ocrx_word' id='word_1_615' title='bbox 3016 3697 3291 3754; x_wconf 83' lang='lat' dir='ltr'><strong>Christum</strong></span> <span class='ocrx_word' id='word_1_616' title='bbox 3337 3696 3414 3751; x_wconf 91' lang='lat' dir='ltr'><strong>ait</strong></span> <span class='ocrx_word' id='word_1_617' title='bbox 3458 3694 3655 3752; x_wconf 87' lang='lat' dir='ltr'><strong>Paulus</strong></span> 
     </span>
    </p>
   </div>
   <div class='ocr_carea' id='block_1_84' title="bbox 2068 3788 3653 3862">
    <p class='ocr_par' dir='ltr' id='par_1_84' title="bbox 2068 3788 3653 3862">
     <span class='ocr_line' id='line_1_84' title="bbox 2068 3788 3653 3862; baseline -0.001 -18"><span class='ocrx_word' id='word_1_618' title='bbox 2068 3806 2189 3845; x_wconf 91' lang='lat' dir='ltr'><strong>cum</strong></span> <span class='ocrx_word' id='word_1_619' title='bbox 2218 3791 2271 3844; x_wconf 91' lang='lat' dir='ltr'><strong>in</strong></span> <span class='ocrx_word' id='word_1_620' title='bbox 2304 3789 2478 3844; x_wconf 89' lang='lat' dir='ltr'><strong>forma</strong></span> <span class='ocrx_word' id='word_1_621' title='bbox 2517 3791 2610 3846; x_wconf 91' lang='lat' dir='ltr'><strong>Dei</strong></span> <span class='ocrx_word' id='word_1_622' title='bbox 2645 3802 2809 3857; x_wconf 89' lang='lat' dir='ltr'><strong>esset,</strong></span> <span class='ocrx_word' id='word_1_623' title='bbox 2835 3789 3055 3861; x_wconf 90' lang='lat' dir='ltr'><strong>Deoque</strong></span> <span class='ocrx_word' id='word_1_624' title='bbox 3088 3789 3333 3862; x_wconf 72' lang='lat' dir='ltr'><strong>aequalis,</strong></span> <span class='ocrx_word' id='word_1_625' title='bbox 3365 3804 3470 3843; x_wconf 91' lang='lat' dir='ltr'><strong>non</strong></span> <span class='ocrx_word' id='word_1_626' title='bbox 3497 3788 3653 3859; x_wconf 89' lang='lat' dir='ltr'><strong>juxta</strong></span> 
     </span>
    </p>
   </div>
   <div class='ocr_carea' id='block_1_85' title="bbox 2066 3880 3654 3949">
    <p class='ocr_par' dir='ltr' id='par_1_85' title="bbox 2066 3880 3654 3949">
     <span class='ocr_line' id='line_1_85' title="bbox 2066 3880 3654 3949; baseline 0.001 -14"><span class='ocrx_word' id='word_1_627' title='bbox 2066 3880 2492 3947; x_wconf 89' lang='lat' dir='ltr'><strong>humanitatem,</strong></span> <span class='ocrx_word' id='word_1_628' title='bbox 2520 3883 2615 3937; x_wconf 91' lang='lat' dir='ltr'><strong>sed</strong></span> <span class='ocrx_word' id='word_1_629' title='bbox 2637 3880 2791 3949; x_wconf 81' lang='lat' dir='ltr'><strong>juxta</strong></span> <span class='ocrx_word' id='word_1_630' title='bbox 2822 3894 3070 3937; x_wconf 89' lang='lat' dir='ltr'><strong>naturam</strong></span> <span class='ocrx_word' id='word_1_631' title='bbox 3101 3898 3254 3939; x_wconf 90' lang='lat' dir='ltr'><strong>suam</strong></span> <span class='ocrx_word' id='word_1_632' title='bbox 3278 3881 3537 3947; x_wconf 87' lang='lat' dir='ltr'><strong>divinam,</strong></span> <span class='ocrx_word' id='word_1_633' title='bbox 3566 3896 3654 3937; x_wconf 86' lang='lat' dir='ltr'><strong>se-</strong></span> 
     </span>
    </p>
   </div>
   <div class='ocr_carea' id='block_1_86' title="bbox 2070 3972 3653 4043">
    <p class='ocr_par' dir='ltr' id='par_1_86' title="bbox 2070 3972 3653 4043">
     <span class='ocr_line' id='line_1_86' title="bbox 2070 3972 3653 4043; baseline 0.003 -17"><span class='ocrx_word' id='word_1_634' title='bbox 2070 3972 2240 4043; x_wconf 90' lang='lat' dir='ltr'><strong>ipsnm</strong></span> <span class='ocrx_word' id='word_1_635' title='bbox 2267 3973 2654 4039; x_wconf 88' lang='lat' dir='ltr'><strong>exinanivisse,</strong></span> <span class='ocrx_word' id='word_1_636' title='bbox 2683 3983 2737 4030; x_wconf 89' lang='lat' dir='ltr'><strong>et</strong></span> <span class='ocrx_word' id='word_1_637' title='bbox 2765 3978 2910 4029; x_wconf 86' lang='lat' dir='ltr'><strong>servi</strong></span> <span class='ocrx_word' id='word_1_638' title='bbox 2943 3975 3177 4029; x_wconf 88' lang='lat' dir='ltr'><strong>formam</strong></span> <span class='ocrx_word' id='word_1_639' title='bbox 3212 3975 3510 4043; x_wconf 88' lang='lat' dir='ltr'><strong>accepisse,</strong></span> <span class='ocrx_word' id='word_1_640' title='bbox 3543 3986 3653 4030; x_wconf 89' lang='lat' dir='ltr'><strong>non</strong></span> 
     </span>
    </p>
   </div>
   <div class='ocr_carea' id='block_1_87' title="bbox 2064 4065 3655 4136">
    <p class='ocr_par' dir='ltr' id='par_1_87' title="bbox 2064 4065 3655 4136">
     <span class='ocr_line' id='line_1_87' title="bbox 2064 4065 3655 4136; baseline 0.001 -18"><span class='ocrx_word' id='word_1_641' title='bbox 2064 4066 2219 4136; x_wconf 85' lang='lat' dir='ltr'><strong>juxta</strong></span> <span class='ocrx_word' id='word_1_642' title='bbox 2252 4065 2593 4120; x_wconf 89' lang='lat' dir='ltr'><strong>divinitatem</strong></span> <span class='ocrx_word' id='word_1_643' title='bbox 2628 4081 2805 4135; x_wconf 87' lang='lat' dir='ltr'><strong>suam,</strong></span> <span class='ocrx_word' id='word_1_644' title='bbox 2848 4067 2943 4123; x_wconf 88' lang='lat' dir='ltr'><strong>sed</strong></span> <span class='ocrx_word' id='word_1_645' title='bbox 2984 4067 3140 4136; x_wconf 89' lang='lat' dir='ltr'><strong>juxta</strong></span> <span class='ocrx_word' id='word_1_646' title='bbox 3172 4067 3465 4121; x_wconf 89' lang='lat' dir='ltr'><strong>humanam</strong></span> <span class='ocrx_word' id='word_1_647' title='bbox 3494 4074 3655 4120; x_wconf 84' lang='lat' dir='ltr'><strong>uatu-</strong></span> 
     </span>
    </p>
   </div>
   <div class='ocr_carea' id='block_1_88' title="bbox 2069 4154 3653 4229">
    <p class='ocr_par' dir='ltr' id='par_1_88' title="bbox 2069 4154 3653 4229">
     <span class='ocr_line' id='line_1_88' title="bbox 2069 4154 3653 4229; baseline 0 -18"><span class='ocrx_word' id='word_1_648' title='bbox 2069 4172 2209 4225; x_wconf 85' lang='lat' dir='ltr'><strong>ram,</strong></span> <span class='ocrx_word' id='word_1_649' title='bbox 2236 4154 2391 4226; x_wconf 88' lang='lat' dir='ltr'><strong>cujus</strong></span> <span class='ocrx_word' id='word_1_650' title='bbox 2430 4158 2664 4229; x_wconf 92' lang='lat' dir='ltr'><strong>priorem</strong></span> <span class='ocrx_word' id='word_1_651' title='bbox 2710 4159 2889 4213; x_wconf 91' lang='lat' dir='ltr'><strong>anima</strong></span> <span class='ocrx_word' id='word_1_652' title='bbox 2924 4157 3100 4214; x_wconf 92' lang='lat' dir='ltr'><strong>locum</strong></span> <span class='ocrx_word' id='word_1_653' title='bbox 3148 4166 3313 4212; x_wconf 90' lang='lat' dir='ltr'><strong>tenet.</strong></span> <span class='ocrx_word' id='word_1_654' title='bbox 3353 4157 3470 4224; x_wconf 91' lang='lat' dir='ltr'><strong>Quo</strong></span> <span class='ocrx_word' id='word_1_655' title='bbox 3510 4157 3653 4211; x_wconf 88' lang='lat' dir='ltr'><strong>refe-</strong></span> 
     </span>
    </p>
   </div>
   <div class='ocr_carea' id='block_1_89' title="bbox 2068 4248 3653 4306">
    <p class='ocr_par' dir='ltr' id='par_1_89' title="bbox 2068 4248 3653 4306">
     <span class='ocr_line' id='line_1_89' title="bbox 2068 4248 3653 4306; baseline -0.001 0"><span class='ocrx_word' id='word_1_656' title='bbox 2068 4250 2294 4306; x_wconf 88' lang='lat' dir='ltr'><strong>rendum</strong></span> <span class='ocrx_word' id='word_1_657' title='bbox 2326 4249 2457 4306; x_wconf 92' lang='lat' dir='ltr'><strong>illud</strong></span> <span class='ocrx_word' id='word_1_658' title='bbox 2491 4249 2690 4306; x_wconf 89' lang='lat' dir='ltr'><strong>Christi</strong></span> <span class='ocrx_word' id='word_1_659' title='bbox 2719 4266 2735 4304; x_wconf 91' lang='lat'><strong>:</strong></span> <span class='ocrx_word' id='word_1_660' title='bbox 2780 4269 2800 4303; x_wconf 67' lang='grc' dir='ltr'><strong>ε</strong></span> <span class='ocrx_word' id='word_1_661' title='bbox 2833 4249 3028 4305; x_wconf 85' lang='lat' dir='ltr'><strong>Tristis</strong></span> <span class='ocrx_word' id='word_1_662' title='bbox 3061 4257 3148 4306; x_wconf 90' lang='lat' dir='ltr'><strong>est</strong></span> <span class='ocrx_word' id='word_1_663' title='bbox 3184 4248 3366 4303; x_wconf 89' lang='lat' dir='ltr'><strong>anima</strong></span> <span class='ocrx_word' id='word_1_664' title='bbox 3408 4262 3527 4303; x_wconf 89' lang='lat' dir='ltr'><strong>mea</strong></span> <span class='ocrx_word' id='word_1_665' title='bbox 3562 4263 3653 4304; x_wconf 89' lang='lat' dir='ltr'><strong>us-</strong></span> 
     </span>
    </p>
   </div>
   <div class='ocr_carea' id='block_1_90' title="bbox 2068 4341 3649 4415">
    <p class='ocr_par' dir='ltr' id='par_1_90' title="bbox 2068 4341 3649 4415">
     <span class='ocr_line' id='line_1_90' title="bbox 2068 4341 3649 4415; baseline -0.001 -17"><span class='ocrx_word' id='word_1_666' title='bbox 2068 4360 2173 4415; x_wconf 92' lang='lat' dir='ltr'><strong>que</strong></span> <span class='ocrx_word' id='word_1_667' title='bbox 2202 4344 2266 4398; x_wconf 91' lang='lat' dir='ltr'><strong>ad</strong></span> <span class='ocrx_word' id='word_1_668' title='bbox 2316 4352 2545 4399; x_wconf 92' lang='lat' dir='ltr'><strong>mortem</strong></span> <span class='ocrx_word' id='word_1_669' title='bbox 2570 4342 2638 4397; x_wconf 82' lang='grc'><strong>⁶⁸.</strong></span> <span class='ocrx_word' id='word_1_670' title='bbox 2667 4362 2687 4396; x_wconf 73' lang='grc' dir='ltr'><strong>ι</strong></span> <span class='ocrx_word' id='word_1_671' title='bbox 2729 4341 2827 4397; x_wconf 84' lang='lat' dir='ltr'><strong>His</strong></span> <span class='ocrx_word' id='word_1_672' title='bbox 2867 4343 2920 4397; x_wconf 91' lang='lat' dir='ltr'><strong>in</strong></span> <span class='ocrx_word' id='word_1_673' title='bbox 2968 4342 3378 4397; x_wconf 90' lang='lat' dir='ltr'><strong>accommodum</strong></span> <span class='ocrx_word' id='word_1_674' title='bbox 3426 4355 3649 4397; x_wconf 86' lang='lat' dir='ltr'><strong>sensum</strong></span> 
     </span>
    </p>
   </div>
   <div class='ocr_carea' id='block_1_91' title="bbox 2070 4433 3649 4505">
    <p class='ocr_par' dir='ltr' id='par_1_91' title="bbox 2070 4433 3649 4505">
     <span class='ocr_line' id='line_1_91' title="bbox 2070 4433 3649 4505; baseline -0.002 -12"><span class='ocrx_word' id='word_1_675' title='bbox 2070 4439 2146 4493; x_wconf 90' lang='lat' dir='ltr'><strong>ita</strong></span> <span class='ocrx_word' id='word_1_676' title='bbox 2182 4438 2405 4494; x_wconf 83' lang='lat' dir='ltr'><strong>deﬂexis</strong></span> <span class='ocrx_word' id='word_1_677' title='bbox 2452 4437 2765 4493; x_wconf 87' lang='lat' dir='ltr'><strong>retunditur</strong></span> <span class='ocrx_word' id='word_1_678' title='bbox 2808 4433 3093 4505; x_wconf 89' lang='lat' dir='ltr'><strong>Theophili</strong></span> <span class='ocrx_word' id='word_1_679' title='bbox 3130 4434 3482 4504; x_wconf 79' lang='lat' dir='ltr'><strong>oppugnatio,</strong></span> <span class='ocrx_word' id='word_1_680' title='bbox 3524 4450 3649 4490; x_wconf 80' lang='lat' dir='ltr'><strong>cum</strong></span> 
     </span>
    </p>
   </div>
   <div class='ocr_carea' id='block_1_92' title="bbox 2071 4518 3651 4600">
    <p class='ocr_par' dir='ltr' id='par_1_92' title="bbox 2071 4518 3651 4600">
     <span class='ocr_line' id='line_1_92' title="bbox 2071 4518 3651 4600; baseline -0.002 -16"><span class='ocrx_word' id='word_1_681' title='bbox 2071 4531 2375 4600; x_wconf 70' lang='lat' dir='ltr'><strong>praesertim</strong></span> <span class='ocrx_word' id='word_1_682' title='bbox 2402 4532 2533 4585; x_wconf 89' lang='lat' dir='ltr'><strong>satis</strong></span> <span class='ocrx_word' id='word_1_683' title='bbox 2568 4529 2785 4585; x_wconf 88' lang='lat' dir='ltr'><strong>aliunde</strong></span> <span class='ocrx_word' id='word_1_684' title='bbox 2811 4536 3022 4584; x_wconf 90' lang='lat' dir='ltr'><strong>constet</strong></span> <span class='ocrx_word' id='word_1_685' title='bbox 3066 4541 3166 4596; x_wconf 90' lang='lat' dir='ltr'><strong>pro</strong></span> <span class='ocrx_word' id='word_1_686' title='bbox 3191 4536 3346 4581; x_wconf 88' lang='lat' dir='ltr'><strong>certo</strong></span> <span class='ocrx_word' id='word_1_687' title='bbox 3394 4518 3651 4582; x_wconf 82' lang='lat' dir='ltr'><strong>habuisse</strong></span> 
     </span>
    </p>
   </div>
   <div class='ocr_carea' id='block_1_93' title="bbox 392 4609 1976 4692">
    <p class='ocr_par' dir='ltr' id='par_1_93' title="bbox 392 4611 1966 4687">
     <span class='ocr_line' id='line_1_93' title="bbox 392 4611 1966 4687; baseline -0.007 -11"><span class='ocrx_word' id='word_1_688' title='bbox 392 4621 555 4677; x_wconf 76' lang='lat' dir='ltr'><strong>fuisse</strong></span> <span class='ocrx_word' id='word_1_689' title='bbox 585 4620 721 4675; x_wconf 88' lang='lat' dir='ltr'><strong>sciat</strong></span> <span class='ocrx_word' id='word_1_690' title='bbox 753 4619 845 4674; x_wconf 88' lang='lat' dir='ltr'><strong>lib.</strong></span> <span class='ocrx_word' id='word_1_691' title='bbox 874 4636 909 4673; x_wconf 91' lang='lat' dir='ltr'><strong>tt</strong></span> <span class='ocrx_word' id='word_1_692' title='bbox 939 4618 1074 4687; x_wconf 78' lang='grc' dir='ltr'>Περὶ</span> <span class='ocrx_word' id='word_1_693' title='bbox 1110 4614 1333 4686; x_wconf 72' lang='grc' dir='ltr'><strong>ἀρχῶν,</strong></span> <span class='ocrx_word' id='word_1_694' title='bbox 1367 4630 1486 4684; x_wconf 86' lang='lat' dir='ltr'><strong>cap.</strong></span> <span class='ocrx_word' id='word_1_695' title='bbox 1515 4614 1570 4681; x_wconf 87' lang='lat'><strong>6,</strong></span> <span class='ocrx_word' id='word_1_696' title='bbox 1604 4628 1756 4668; x_wconf 86' lang='lat' dir='ltr'><strong>num.</strong></span> <span class='ocrx_word' id='word_1_697' title='bbox 1778 4611 1836 4676; x_wconf 74' lang='grc' dir='ltr'>Ξ,</span> <span class='ocrx_word' id='word_1_698' title='bbox 1867 4627 1966 4667; x_wconf 84' lang='lat' dir='ltr'><strong>au-</strong></span> 
     </span>
    </p>
   </div>
   <div class='ocr_carea' id='block_1_94' title="bbox 2063 4609 3652 4692">
    <p class='ocr_par' dir='ltr' id='par_1_94' title="bbox 2068 4614 3652 4692">
     <span class='ocr_line' id='line_1_94' title="bbox 2068 4614 3652 4692; baseline -0.006 -10"><span class='ocrx_word' id='word_1_699' title='bbox 2068 4623 2358 4692; x_wconf 80' lang='lat' dir='ltr'><strong>Origenem</strong></span> <span class='ocrx_word' id='word_1_700' title='bbox 2409 4621 2653 4678; x_wconf 79' lang='lat' dir='ltr'><strong>Verbum</strong></span> <span class='ocrx_word' id='word_1_701' title='bbox 2702 4621 2800 4677; x_wconf 88' lang='lat' dir='ltr'><strong>Dei</strong></span> <span class='ocrx_word' id='word_1_702' title='bbox 2852 4633 3074 4676; x_wconf 90' lang='lat' dir='ltr'><strong>carnem</strong></span> <span class='ocrx_word' id='word_1_703' title='bbox 3118 4618 3171 4672; x_wconf 91' lang='lat' dir='ltr'><strong>in</strong></span> <span class='ocrx_word' id='word_1_704' title='bbox 3216 4614 3437 4671; x_wconf 89' lang='lat' dir='ltr'><strong>Christo</strong></span> <span class='ocrx_word' id='word_1_705' title='bbox 3483 4616 3652 4672; x_wconf 84' lang='lat' dir='ltr'><strong>fuisse</strong></span> 
     </span>
    </p>
   </div>
   <div class='ocr_carea' id='block_1_95' title="bbox 390 4705 1965 4781">
    <p class='ocr_par' dir='ltr' id='par_1_95' title="bbox 390 4705 1965 4781">
     <span class='ocr_line' id='line_1_95' title="bbox 390 4705 1965 4781; baseline -0.003 -16"><span class='ocrx_word' id='word_1_706' title='bbox 390 4720 606 4781; x_wconf 89' lang='lat' dir='ltr'><strong>tequam</strong></span> <span class='ocrx_word' id='word_1_707' title='bbox 660 4711 726 4765; x_wconf 90' lang='lat' dir='ltr'><strong>ad</strong></span> <span class='ocrx_word' id='word_1_708' title='bbox 773 4709 1151 4778; x_wconf 87' lang='lat' dir='ltr'><strong>explicandum</strong></span> <span class='ocrx_word' id='word_1_709' title='bbox 1206 4706 1596 4761; x_wconf 87' lang='lat' dir='ltr'><strong>lncaruationis</strong></span> <span class='ocrx_word' id='word_1_710' title='bbox 1647 4705 1965 4775; x_wconf 84' lang='lat' dir='ltr'><strong>mysterium</strong></span> 
     </span>
    </p>
   </div>
   <div class='ocr_carea' id='block_1_96' title="bbox 390 4797 1968 4871">
    <p class='ocr_par' dir='ltr' id='par_1_96' title="bbox 390 4797 1968 4871">
     <span class='ocr_line' id='line_1_96' title="bbox 390 4797 1968 4871; baseline -0.005 -13"><span class='ocrx_word' id='word_1_711' title='bbox 390 4804 713 4858; x_wconf 88' lang='lat' dir='ltr'><strong>accederet:</strong></span> <span class='ocrx_word' id='word_1_712' title='bbox 745 4821 766 4854; x_wconf 72' lang='grc' dir='ltr'><strong>ι</strong></span> <span class='ocrx_word' id='word_1_713' title='bbox 793 4803 922 4869; x_wconf 79' lang='lat' dir='ltr'><strong>Qua:</strong></span> <span class='ocrx_word' id='word_1_714' title='bbox 967 4800 1185 4871; x_wconf 90' lang='lat' dir='ltr'><strong>quidem</strong></span> <span class='ocrx_word' id='word_1_715' title='bbox 1234 4799 1289 4853; x_wconf 91' lang='lat' dir='ltr'><strong>in</strong></span> <span class='ocrx_word' id='word_1_716' title='bbox 1324 4812 1484 4853; x_wconf 89' lang='lat' dir='ltr'><strong>aures</strong></span> <span class='ocrx_word' id='word_1_717' title='bbox 1526 4797 1792 4851; x_wconf 88' lang='lat' dir='ltr'><strong>humanas</strong></span> <span class='ocrx_word' id='word_1_718' title='bbox 1836 4811 1968 4866; x_wconf 83' lang='lat' dir='ltr'><strong>pro-</strong></span> 
     </span>
    </p>
   </div>
   <div class='ocr_carea' id='block_1_97' title="bbox 392 4888 1969 4962">
    <p class='ocr_par' dir='ltr' id='par_1_97' title="bbox 392 4888 1969 4962">
     <span class='ocr_line' id='line_1_97' title="bbox 392 4888 1969 4962; baseline -0.006 -11"><span class='ocrx_word' id='word_1_719' title='bbox 392 4897 556 4962; x_wconf 84' lang='lat' dir='ltr'><strong>ferre,</strong></span> <span class='ocrx_word' id='word_1_720' title='bbox 586 4907 640 4950; x_wconf 89' lang='lat' dir='ltr'><strong>et</strong></span> <span class='ocrx_word' id='word_1_721' title='bbox 677 4895 1016 4950; x_wconf 88' lang='lat' dir='ltr'><strong>sermonibus</strong></span> <span class='ocrx_word' id='word_1_722' title='bbox 1053 4890 1349 4961; x_wconf 84' lang='lat' dir='ltr'><strong>explicare,</strong></span> <span class='ocrx_word' id='word_1_723' title='bbox 1378 4888 1535 4957; x_wconf 75' lang='lat' dir='ltr'><strong>longe</strong></span> <span class='ocrx_word' id='word_1_724' title='bbox 1566 4888 1712 4944; x_wconf 89' lang='lat' dir='ltr'><strong>vires</strong></span> <span class='ocrx_word' id='word_1_725' title='bbox 1739 4888 1823 4943; x_wconf 90' lang='lat' dir='ltr'><strong>vel</strong></span> <span class='ocrx_word' id='word_1_726' title='bbox 1853 4903 1969 4943; x_wconf 81' lang='lat' dir='ltr'><strong>me-</strong></span> 
     </span>
    </p>
   </div>
   <div class='ocr_carea' id='block_1_98' title="bbox 392 4980 1967 5057">
    <p class='ocr_par' dir='ltr' id='par_1_98' title="bbox 392 4980 1967 5057">
     <span class='ocr_line' id='line_1_98' title="bbox 392 4980 1967 5057; baseline -0.004 -13"><span class='ocrx_word' id='word_1_727' title='bbox 392 4990 482 5044; x_wconf 90' lang='lat' dir='ltr'><strong>riti</strong></span> <span class='ocrx_word' id='word_1_728' title='bbox 514 4990 705 5054; x_wconf 87' lang='lat' dir='ltr'><strong>nostri,</strong></span> <span class='ocrx_word' id='word_1_729' title='bbox 729 4988 813 5043; x_wconf 91' lang='lat' dir='ltr'><strong>vel</strong></span> <span class='ocrx_word' id='word_1_730' title='bbox 848 4986 1046 5057; x_wconf 82' lang='lat' dir='ltr'><strong>ingenii</strong></span> <span class='ocrx_word' id='word_1_731' title='bbox 1077 5000 1142 5040; x_wconf 89' lang='lat' dir='ltr'><strong>ac</strong></span> <span class='ocrx_word' id='word_1_732' title='bbox 1171 4982 1437 5039; x_wconf 88' lang='lat' dir='ltr'><strong>sermonis</strong></span> <span class='ocrx_word' id='word_1_733' title='bbox 1460 4981 1690 5037; x_wconf 85' lang='lat' dir='ltr'><strong>excedit.</strong></span> <span class='ocrx_word' id='word_1_734' title='bbox 1718 4980 1967 5037; x_wconf 86' lang='lat' dir='ltr'><strong>Arbitror</strong></span> 
     </span>
    </p>
   </div>
   <div class='ocr_carea' id='block_1_99' title="bbox 393 5072 1963 5151">
    <p class='ocr_par' dir='ltr' id='par_1_99' title="bbox 393 5072 1963 5151">
     <span class='ocr_line' id='line_1_99' title="bbox 393 5072 1963 5151; baseline -0.006 -14"><span class='ocrx_word' id='word_1_735' title='bbox 393 5093 574 5137; x_wconf 90' lang='lat' dir='ltr'><strong>autem</strong></span> <span class='ocrx_word' id='word_1_736' title='bbox 623 5083 747 5151; x_wconf 90' lang='lat' dir='ltr'><strong>quia</strong></span> <span class='ocrx_word' id='word_1_737' title='bbox 793 5081 957 5136; x_wconf 89' lang='lat' dir='ltr'><strong>etiam</strong></span> <span class='ocrx_word' id='word_1_738' title='bbox 1005 5087 1317 5133; x_wconf 89' lang='lat' dir='ltr'><strong>sanctorum</strong></span> <span class='ocrx_word' id='word_1_739' title='bbox 1351 5072 1717 5147; x_wconf 76' lang='lat' dir='ltr'><strong>apostOlorum</strong></span> <span class='ocrx_word' id='word_1_740' title='bbox 1767 5087 1963 5143; x_wconf 89' lang='lat' dir='ltr'><strong>super-</strong></span> 
     </span>
    </p>
   </div>
   <div class='ocr_carea' id='block_1_100' title="bbox 393 5166 1967 5247">
    <p class='ocr_par' dir='ltr' id='par_1_100' title="bbox 393 5166 1967 5247">
     <span class='ocr_line' id='line_1_100' title="bbox 393 5166 1967 5247; baseline -0.006 -18"><span class='ocrx_word' id='word_1_741' title='bbox 393 5176 671 5247; x_wconf 84' lang='lat' dir='ltr'><strong>grediatur</strong></span> <span class='ocrx_word' id='word_1_742' title='bbox 718 5186 1024 5229; x_wconf 91' lang='lat' dir='ltr'><strong>mensuram</strong></span> <span class='ocrx_word' id='word_1_743' title='bbox 1053 5190 1067 5225; x_wconf 84' lang='lat'><strong>:</strong></span> <span class='ocrx_word' id='word_1_744' title='bbox 1102 5169 1345 5240; x_wconf 89' lang='lat' dir='ltr'><strong>quinimo</strong></span> <span class='ocrx_word' id='word_1_745' title='bbox 1379 5168 1542 5221; x_wconf 88' lang='lat' dir='ltr'><strong>etiam</strong></span> <span class='ocrx_word' id='word_1_746' title='bbox 1581 5166 1827 5220; x_wconf 89' lang='lat' dir='ltr'><strong>fortassis</strong></span> <span class='ocrx_word' id='word_1_747' title='bbox 1875 5173 1967 5220; x_wconf 78' lang='lat' dir='ltr'><strong>to-</strong></span> 
     </span>
    </p>
   </div>
   <div class='ocr_carea' id='block_1_101' title="bbox 397 5259 1971 5324">
    <p class='ocr_par' dir='ltr' id='par_1_101' title="bbox 397 5259 1971 5324">
     <span class='ocr_line' id='line_1_101' title="bbox 397 5259 1971 5324; baseline -0.008 0"><span class='ocrx_word' id='word_1_748' title='bbox 397 5269 506 5324; x_wconf 89' lang='lat' dir='ltr'><strong>tius</strong></span> <span class='ocrx_word' id='word_1_749' title='bbox 553 5276 818 5323; x_wconf 64' lang='lat' dir='ltr'><strong>creaturae</strong></span> <span class='ocrx_word' id='word_1_750' title='bbox 850 5262 1153 5321; x_wconf 65' lang='lat' dir='ltr'><strong>caelestium</strong></span> <span class='ocrx_word' id='word_1_751' title='bbox 1206 5261 1465 5315; x_wconf 87' lang='lat' dir='ltr'><strong>virtutum</strong></span> <span class='ocrx_word' id='word_1_752' title='bbox 1517 5259 1839 5314; x_wconf 90' lang='lat' dir='ltr'><strong>eminentior</strong></span> <span class='ocrx_word' id='word_1_753' title='bbox 1881 5266 1971 5313; x_wconf 86' lang='lat' dir='ltr'><strong>est</strong></span> 
     </span>
    </p>
   </div>
   <div class='ocr_carea' id='block_1_102' title="bbox 396 5351 1968 5426">
    <p class='ocr_par' dir='ltr' id='par_1_102' title="bbox 396 5351 1968 5426">
     <span class='ocr_line' id='line_1_102' title="bbox 396 5351 1968 5426; baseline -0.008 -9"><span class='ocrx_word' id='word_1_754' title='bbox 396 5360 721 5417; x_wconf 88' lang='lat' dir='ltr'><strong>sacramenti</strong></span> <span class='ocrx_word' id='word_1_755' title='bbox 758 5360 913 5413; x_wconf 91' lang='lat' dir='ltr'><strong>istius</strong></span> <span class='ocrx_word' id='word_1_756' title='bbox 941 5353 1264 5426; x_wconf 90' lang='lat' dir='ltr'><strong>explanatio.</strong></span> <span class='ocrx_word' id='word_1_757' title='bbox 1301 5351 1377 5407; x_wconf 89' lang='lat' dir='ltr'><strong>De</strong></span> <span class='ocrx_word' id='word_1_758' title='bbox 1400 5366 1506 5421; x_wconf 90' lang='lat' dir='ltr'><strong>quo</strong></span> <span class='ocrx_word' id='word_1_759' title='bbox 1534 5366 1631 5406; x_wconf 91' lang='lat' dir='ltr'><strong>nos</strong></span> <span class='ocrx_word' id='word_1_760' title='bbox 1662 5364 1765 5405; x_wconf 90' lang='lat' dir='ltr'><strong>non</strong></span> <span class='ocrx_word' id='word_1_761' title='bbox 1797 5358 1968 5405; x_wconf 86' lang='lat' dir='ltr'><strong>teme-</strong></span> 
     </span>
    </p>
   </div>
   <div class='ocr_carea' id='block_1_103' title="bbox 392 5443 1966 5522">
    <p class='ocr_par' dir='ltr' id='par_1_103' title="bbox 392 5443 1966 5522">
     <span class='ocr_line' id='line_1_103' title="bbox 392 5443 1966 5522; baseline -0.006 -13"><span class='ocrx_word' id='word_1_762' title='bbox 392 5454 559 5509; x_wconf 79' lang='lat' dir='ltr'><strong>ritate</strong></span> <span class='ocrx_word' id='word_1_763' title='bbox 588 5451 787 5522; x_wconf 81' lang='lat' dir='ltr'><strong>aliqua,</strong></span> <span class='ocrx_word' id='word_1_764' title='bbox 835 5451 927 5505; x_wconf 88' lang='lat' dir='ltr'><strong>sed</strong></span> <span class='ocrx_word' id='word_1_765' title='bbox 971 5447 1240 5518; x_wconf 86' lang='lat' dir='ltr'><strong>quomodo</strong></span> <span class='ocrx_word' id='word_1_766' title='bbox 1278 5445 1412 5499; x_wconf 92' lang='lat' dir='ltr'><strong>ordo</strong></span> <span class='ocrx_word' id='word_1_767' title='bbox 1445 5444 1545 5499; x_wconf 91' lang='lat' dir='ltr'><strong>loci</strong></span> <span class='ocrx_word' id='word_1_768' title='bbox 1594 5443 1871 5514; x_wconf 84' lang='lat' dir='ltr'><strong>deposcit,</strong></span> <span class='ocrx_word' id='word_1_769' title='bbox 1898 5458 1966 5500; x_wconf 80' lang='lat' dir='ltr'><strong>ea</strong></span> 
     </span>
    </p>
   </div>
   <div class='ocr_carea' id='block_1_104' title="bbox 395 5537 1966 5615">
    <p class='ocr_par' dir='ltr' id='par_1_104' title="bbox 395 5537 1966 5615">
     <span class='ocr_line' id='line_1_104' title="bbox 395 5537 1966 5615; baseline -0.006 -14"><span class='ocrx_word' id='word_1_770' title='bbox 395 5547 569 5615; x_wconf 84' lang='lat' dir='ltr'><strong>magis</strong></span> <span class='ocrx_word' id='word_1_771' title='bbox 612 5558 732 5615; x_wconf 70' lang='lat' dir='ltr'><strong>quae</strong></span> <span class='ocrx_word' id='word_1_772' title='bbox 771 5542 903 5597; x_wconf 88' lang='lat' dir='ltr'><strong>Iides</strong></span> <span class='ocrx_word' id='word_1_773' title='bbox 952 5549 1137 5595; x_wconf 88' lang='lat' dir='ltr'><strong>nostra</strong></span> <span class='ocrx_word' id='word_1_774' title='bbox 1187 5539 1463 5603; x_wconf 88' lang='lat' dir='ltr'><strong>continet,</strong></span> <span class='ocrx_word' id='word_1_775' title='bbox 1508 5551 1668 5606; x_wconf 85' lang='lat' dir='ltr'><strong>quam</strong></span> <span class='ocrx_word' id='word_1_776' title='bbox 1719 5537 1966 5591; x_wconf 65' lang='lat' dir='ltr'><strong>humana:</strong></span> 
     </span>
    </p>
   </div>
   <div class='ocr_carea' id='block_1_105' title="bbox 398 5628 1965 5700">
    <p class='ocr_par' dir='ltr' id='par_1_105' title="bbox 398 5628 1965 5700">
     <span class='ocr_line' id='line_1_105' title="bbox 398 5628 1965 5700; baseline -0.008 -5"><span class='ocrx_word' id='word_1_777' title='bbox 398 5639 625 5696; x_wconf 80' lang='lat' dir='ltr'><strong>rationis</strong></span> <span class='ocrx_word' id='word_1_778' title='bbox 656 5636 885 5692; x_wconf 89' lang='lat' dir='ltr'><strong>assertio</strong></span> <span class='ocrx_word' id='word_1_779' title='bbox 926 5634 1203 5688; x_wconf 88' lang='lat' dir='ltr'><strong>vindicare</strong></span> <span class='ocrx_word' id='word_1_780' title='bbox 1237 5631 1391 5696; x_wconf 91' lang='lat' dir='ltr'><strong>solet,</strong></span> <span class='ocrx_word' id='word_1_781' title='bbox 1428 5645 1591 5700; x_wconf 87' lang='lat' dir='ltr'><strong>quant</strong></span> <span class='ocrx_word' id='word_1_782' title='bbox 1621 5628 1965 5699; x_wconf 89' lang='lat' dir='ltr'><strong>paucissimis</strong></span> 
     </span>
    </p>
   </div>
   <div class='ocr_carea' id='block_1_106' title="bbox 468 5807 1592 5881">
    <p class='ocr_par' dir='ltr' id='par_1_106' title="bbox 468 5807 1592 5881">
     <span class='ocr_line' id='line_1_106' title="bbox 468 5807 1592 5881; baseline -0.007 -9"><span class='ocrx_word' id='word_1_783' title='bbox 468 5817 511 5849; x_wconf 84' lang='lat'><strong>&quot;</strong></span> <span class='ocrx_word' id='word_1_784' title='bbox 554 5814 692 5872; x_wconf 81' lang='lat' dir='ltr'><strong>Psal.</strong></span> <span class='ocrx_word' id='word_1_785' title='bbox 748 5830 891 5881; x_wconf 76' lang='lat' dir='ltr'><strong>thv,</strong></span> <span class='ocrx_word' id='word_1_786' title='bbox 939 5812 991 5869; x_wconf 89' lang='lat'><strong>8.</strong></span> <span class='ocrx_word' id='word_1_787' title='bbox 1068 5812 1112 5844; x_wconf 78' lang='lat'><strong>&quot;</strong></span> <span class='ocrx_word' id='word_1_788' title='bbox 1154 5810 1318 5867; x_wconf 77' lang='lat' dir='ltr'><strong>Marc.</strong></span> <span class='ocrx_word' id='word_1_789' title='bbox 1366 5807 1592 5876; x_wconf 70' lang='lat' dir='ltr'><strong>xtv,34.</strong></span> 
     </span>
    </p>
   </div>
   <div class='ocr_carea' id='block_1_107' title="bbox 2066 4709 3649 4780">
    <p class='ocr_par' dir='ltr' id='par_1_107' title="bbox 2066 4709 3649 4780">
     <span class='ocr_line' id='line_1_107' title="bbox 2066 4709 3649 4780; baseline -0.004 -11"><span class='ocrx_word' id='word_1_790' title='bbox 2066 4715 2291 4772; x_wconf 88' lang='lat' dir='ltr'><strong>factum.</strong></span> <span class='ocrx_word' id='word_1_791' title='bbox 2323 4714 2549 4770; x_wconf 80' lang='lat' dir='ltr'><strong>Millium</strong></span> <span class='ocrx_word' id='word_1_792' title='bbox 2583 4714 2757 4771; x_wconf 90' lang='lat' dir='ltr'><strong>instar</strong></span> <span class='ocrx_word' id='word_1_793' title='bbox 2784 4715 2891 4769; x_wconf 90' lang='lat' dir='ltr'><strong>erit</strong></span> <span class='ocrx_word' id='word_1_794' title='bbox 2934 4728 3101 4769; x_wconf 89' lang='lat' dir='ltr'><strong>unum</strong></span> <span class='ocrx_word' id='word_1_795' title='bbox 3138 4710 3191 4767; x_wconf 91' lang='lat' dir='ltr'><strong>id</strong></span> <span class='ocrx_word' id='word_1_796' title='bbox 3236 4710 3354 4780; x_wconf 92' lang='lat' dir='ltr'><strong>ejus</strong></span> <span class='ocrx_word' id='word_1_797' title='bbox 3401 4709 3649 4764; x_wconf 87' lang='lat' dir='ltr'><strong>testimo-</strong></span> 
     </span>
    </p>
   </div>
   <div class='ocr_carea' id='block_1_108' title="bbox 2066 4802 3652 4877">
    <p class='ocr_par' dir='ltr' id='par_1_108' title="bbox 2066 4802 3652 4877">
     <span class='ocr_line' id='line_1_108' title="bbox 2066 4802 3652 4877; baseline -0.003 -16"><span class='ocrx_word' id='word_1_798' title='bbox 2066 4807 2213 4862; x_wconf 89' lang='lat' dir='ltr'><strong>nium</strong></span> <span class='ocrx_word' id='word_1_799' title='bbox 2240 4823 2271 4861; x_wconf 91' lang='lat' dir='ltr'><strong>e</strong></span> <span class='ocrx_word' id='word_1_800' title='bbox 2295 4809 2560 4877; x_wconf 64' lang='lat' dir='ltr'><strong>prooemio</strong></span> <span class='ocrx_word' id='word_1_801' title='bbox 2587 4808 2641 4862; x_wconf 92' lang='lat' dir='ltr'><strong>in</strong></span> <span class='ocrx_word' id='word_1_802' title='bbox 2673 4808 2767 4863; x_wconf 91' lang='lat' dir='ltr'><strong>lib.</strong></span> <span class='ocrx_word' id='word_1_803' title='bbox 2799 4806 2872 4861; x_wconf 78' lang='lat' dir='ltr'><strong>De</strong></span> <span class='ocrx_word' id='word_1_804' title='bbox 2896 4806 3148 4876; x_wconf 85' lang='lat' dir='ltr'><strong>princip.,</strong></span> <span class='ocrx_word' id='word_1_805' title='bbox 3175 4820 3325 4861; x_wconf 90' lang='lat' dir='ltr'><strong>num.</strong></span> <span class='ocrx_word' id='word_1_806' title='bbox 3350 4802 3387 4858; x_wconf 77' lang='grc'><strong>4</strong></span> <span class='ocrx_word' id='word_1_807' title='bbox 3419 4825 3429 4859; x_wconf 91' lang='lat'><strong>:</strong></span> <span class='ocrx_word' id='word_1_808' title='bbox 3472 4820 3491 4854; x_wconf 74' lang='grc' dir='ltr'><strong>ι</strong></span> <span class='ocrx_word' id='word_1_809' title='bbox 3520 4802 3652 4874; x_wconf 83' lang='lat' dir='ltr'><strong>Spe-</strong></span> 
     </span>
    </p>
   </div>
   <div class='ocr_carea' id='block_1_109' title="bbox 2073 4894 3651 4970">
    <p class='ocr_par' dir='ltr' id='par_1_109' title="bbox 2073 4894 3651 4970">
     <span class='ocr_line' id='line_1_109' title="bbox 2073 4894 3651 4970; baseline -0.003 -16"><span class='ocrx_word' id='word_1_810' title='bbox 2073 4900 2188 4954; x_wconf 90' lang='lat' dir='ltr'><strong>cies</strong></span> <span class='ocrx_word' id='word_1_811' title='bbox 2223 4913 2355 4954; x_wconf 90' lang='lat' dir='ltr'><strong>vero</strong></span> <span class='ocrx_word' id='word_1_812' title='bbox 2400 4914 2592 4955; x_wconf 89' lang='lat' dir='ltr'><strong>eorum</strong></span> <span class='ocrx_word' id='word_1_813' title='bbox 2618 4913 2740 4970; x_wconf 67' lang='lat' dir='ltr'><strong>quia</strong></span> <span class='ocrx_word' id='word_1_814' title='bbox 2784 4913 2882 4969; x_wconf 89' lang='lat' dir='ltr'><strong>per</strong></span> <span class='ocrx_word' id='word_1_815' title='bbox 2914 4896 3351 4969; x_wconf 69' lang='lat' dir='ltr'><strong>praedicationem</strong></span> <span class='ocrx_word' id='word_1_816' title='bbox 3392 4894 3651 4965; x_wconf 88' lang='lat' dir='ltr'><strong>apostoli-</strong></span> 
     </span>
    </p>
   </div>
   <div class='ocr_carea' id='block_1_110' title="bbox 2064 4982 3650 5057">
    <p class='ocr_par' dir='ltr' id='par_1_110' title="bbox 2064 4982 3650 5057">
     <span class='ocr_line' id='line_1_110' title="bbox 2064 4982 3650 5057; baseline -0.003 -11"><span class='ocrx_word' id='word_1_817' title='bbox 2064 5005 2183 5046; x_wconf 88' lang='lat' dir='ltr'><strong>cam</strong></span> <span class='ocrx_word' id='word_1_818' title='bbox 2219 4991 2504 5048; x_wconf 87' lang='lat' dir='ltr'><strong>manifeste</strong></span> <span class='ocrx_word' id='word_1_819' title='bbox 2542 4992 2850 5056; x_wconf 91' lang='lat' dir='ltr'><strong>traduntur,</strong></span> <span class='ocrx_word' id='word_1_820' title='bbox 2883 4990 3002 5047; x_wconf 73' lang='lat' dir='ltr'><strong>istae</strong></span> <span class='ocrx_word' id='word_1_821' title='bbox 3040 4997 3186 5046; x_wconf 87' lang='lat' dir='ltr'><strong>sunt.</strong></span> <span class='ocrx_word' id='word_1_822' title='bbox 3210 5028 3225 5043; x_wconf 94' lang='lat'><strong>.</strong></span> <span class='ocrx_word' id='word_1_823' title='bbox 3247 5030 3263 5043; x_wconf 94' lang='lat'><strong>.</strong></span> <span class='ocrx_word' id='word_1_824' title='bbox 3285 5025 3299 5042; x_wconf 96' lang='lat'><strong>.</strong></span> <span class='ocrx_word' id='word_1_825' title='bbox 3325 4987 3452 5057; x_wconf 85' lang='lat' dir='ltr'><strong>quia</strong></span> <span class='ocrx_word' id='word_1_826' title='bbox 3491 4982 3650 5042; x_wconf 86' lang='lat' dir='ltr'><strong>Jesus</strong></span> 
     </span>
    </p>
   </div>
   <div class='ocr_carea' id='block_1_111' title="bbox 2064 5083 3649 5155">
    <p class='ocr_par' dir='ltr' id='par_1_111' title="bbox 2064 5083 3649 5155">
     <span class='ocr_line' id='line_1_111' title="bbox 2064 5083 3649 5155; baseline -0.006 -16"><span class='ocrx_word' id='word_1_827' title='bbox 2064 5083 2314 5139; x_wconf 89' lang='lat' dir='ltr'><strong>Christus</strong></span> <span class='ocrx_word' id='word_1_828' title='bbox 2366 5084 2480 5154; x_wconf 91' lang='lat' dir='ltr'><strong>ipse</strong></span> <span class='ocrx_word' id='word_1_829' title='bbox 2531 5083 2622 5155; x_wconf 89' lang='lat' dir='ltr'><strong>qui</strong></span> <span class='ocrx_word' id='word_1_830' title='bbox 2662 5084 2843 5151; x_wconf 89' lang='lat' dir='ltr'><strong>venit,</strong></span> <span class='ocrx_word' id='word_1_831' title='bbox 2892 5091 3019 5138; x_wconf 87' lang='lat' dir='ltr'><strong>ante</strong></span> <span class='ocrx_word' id='word_1_832' title='bbox 3068 5094 3285 5136; x_wconf 90' lang='lat' dir='ltr'><strong>omnem</strong></span> <span class='ocrx_word' id='word_1_833' title='bbox 3340 5086 3649 5132; x_wconf 84' lang='lat' dir='ltr'><strong>creaturam</strong></span> 
     </span>
    </p>
   </div>
   <div class='ocr_carea' id='block_1_112' title="bbox 2067 5168 3649 5244">
    <p class='ocr_par' dir='ltr' id='par_1_112' title="bbox 2067 5168 3649 5244">
     <span class='ocr_line' id='line_1_112' title="bbox 2067 5168 3649 5244; baseline -0.004 -14"><span class='ocrx_word' id='word_1_834' title='bbox 2067 5184 2230 5230; x_wconf 78' lang='lat' dir='ltr'><strong>natus</strong></span> <span class='ocrx_word' id='word_1_835' title='bbox 2259 5192 2325 5232; x_wconf 92' lang='lat' dir='ltr'><strong>ex</strong></span> <span class='ocrx_word' id='word_1_836' title='bbox 2360 5175 2520 5232; x_wconf 88' lang='lat' dir='ltr'><strong>Patre</strong></span> <span class='ocrx_word' id='word_1_837' title='bbox 2549 5185 2652 5235; x_wconf 89' lang='lat' dir='ltr'><strong>est.</strong></span> <span class='ocrx_word' id='word_1_838' title='bbox 2679 5175 2782 5244; x_wconf 89' lang='lat' dir='ltr'><strong>Qui</strong></span> <span class='ocrx_word' id='word_1_839' title='bbox 2815 5190 2939 5232; x_wconf 91' lang='lat' dir='ltr'><strong>cum</strong></span> <span class='ocrx_word' id='word_1_840' title='bbox 2969 5175 3024 5230; x_wconf 92' lang='lat' dir='ltr'><strong>in</strong></span> <span class='ocrx_word' id='word_1_841' title='bbox 3055 5175 3294 5229; x_wconf 90' lang='lat' dir='ltr'><strong>omnium</strong></span> <span class='ocrx_word' id='word_1_842' title='bbox 3339 5168 3649 5224; x_wconf 90' lang='lat' dir='ltr'><strong>conditione</strong></span> 
     </span>
    </p>
   </div>
   <div class='ocr_carea' id='block_1_113' title="bbox 2067 5259 3647 5340">
    <p class='ocr_par' dir='ltr' id='par_1_113' title="bbox 2067 5259 3647 5340">
     <span class='ocr_line' id='line_1_113' title="bbox 2067 5259 3647 5340; baseline -0.008 -17"><span class='ocrx_word' id='word_1_843' title='bbox 2067 5266 2216 5323; x_wconf 91' lang='lat' dir='ltr'><strong>Patri</strong></span> <span class='ocrx_word' id='word_1_844' title='bbox 2255 5269 2615 5325; x_wconf 90' lang='lat' dir='ltr'><strong>ministrasset</strong></span> <span class='ocrx_word' id='word_1_845' title='bbox 2675 5272 2802 5340; x_wconf 86' lang='lat' dir='ltr'><strong>(per</strong></span> <span class='ocrx_word' id='word_1_846' title='bbox 2846 5268 3019 5339; x_wconf 86' lang='lat' dir='ltr'><strong>ipsum</strong></span> <span class='ocrx_word' id='word_1_847' title='bbox 3072 5267 3214 5319; x_wconf 91' lang='lat' dir='ltr'><strong>enim</strong></span> <span class='ocrx_word' id='word_1_848' title='bbox 3277 5261 3453 5316; x_wconf 87' lang='lat' dir='ltr'><strong>omnia</strong></span> <span class='ocrx_word' id='word_1_849' title='bbox 3504 5259 3647 5329; x_wconf 80' lang='lat' dir='ltr'><strong>facta</strong></span> 
     </span>
    </p>
   </div>
   <div class='ocr_carea' id='block_1_114' title="bbox 2067 5352 3644 5433">
    <p class='ocr_par' dir='ltr' id='par_1_114' title="bbox 2067 5352 3644 5433">
     <span class='ocr_line' id='line_1_114' title="bbox 2067 5352 3644 5433; baseline -0.007 -19"><span class='ocrx_word' id='word_1_850' title='bbox 2067 5369 2189 5414; x_wconf 86' lang='lat' dir='ltr'><strong>sunt</strong></span> <span class='ocrx_word' id='word_1_851' title='bbox 2216 5360 2306 5428; x_wconf 72' lang='grc' dir='ltr'><strong>⁸ο),</strong></span> <span class='ocrx_word' id='word_1_852' title='bbox 2330 5361 2636 5417; x_wconf 88' lang='lat' dir='ltr'><strong>novissimis</strong></span> <span class='ocrx_word' id='word_1_853' title='bbox 2671 5360 2998 5433; x_wconf 89' lang='lat' dir='ltr'><strong>temporibus</strong></span> <span class='ocrx_word' id='word_1_854' title='bbox 3024 5357 3262 5427; x_wconf 87' lang='lat' dir='ltr'><strong>seipsum</strong></span> <span class='ocrx_word' id='word_1_855' title='bbox 3306 5352 3644 5415; x_wconf 81' lang='lat' dir='ltr'><strong>exinanietts,</strong></span> 
     </span>
    </p>
   </div>
   <div class='ocr_carea' id='block_1_115' title="bbox 2069 5448 3650 5511">
    <p class='ocr_par' dir='ltr' id='par_1_115' title="bbox 2069 5448 3650 5511">
     <span class='ocr_line' id='line_1_115' title="bbox 2069 5448 3650 5511; baseline -0.005 -4"><span class='ocrx_word' id='word_1_856' title='bbox 2069 5452 2237 5507; x_wconf 86' lang='lat' dir='ltr'><strong>homo</strong></span> <span class='ocrx_word' id='word_1_857' title='bbox 2277 5451 2454 5509; x_wconf 86' lang='lat' dir='ltr'><strong>factus</strong></span> <span class='ocrx_word' id='word_1_858' title='bbox 2509 5454 2822 5509; x_wconf 87' lang='lat' dir='ltr'><strong>incarnatus</strong></span> <span class='ocrx_word' id='word_1_859' title='bbox 2885 5460 2969 5509; x_wconf 89' lang='lat' dir='ltr'><strong>est</strong></span> <span class='ocrx_word' id='word_1_860' title='bbox 3018 5466 3139 5506; x_wconf 90' lang='lat' dir='ltr'><strong>cum</strong></span> <span class='ocrx_word' id='word_1_861' title='bbox 3189 5448 3327 5502; x_wconf 88' lang='lat' dir='ltr'><strong>Deus</strong></span> <span class='ocrx_word' id='word_1_862' title='bbox 3376 5455 3547 5511; x_wconf 88' lang='lat' dir='ltr'><strong>esset,</strong></span> <span class='ocrx_word' id='word_1_863' title='bbox 3593 5452 3650 5499; x_wconf 90' lang='lat' dir='ltr'><strong>et</strong></span> 
     </span>
    </p>
   </div>
   <div class='ocr_carea' id='block_1_116' title="bbox 2069 5532 3645 5613">
    <p class='ocr_par' dir='ltr' id='par_1_116' title="bbox 2069 5532 3645 5613">
     <span class='ocr_line' id='line_1_116' title="bbox 2069 5532 3645 5613; baseline -0.007 -16"><span class='ocrx_word' id='word_1_864' title='bbox 2069 5542 2230 5599; x_wconf 92' lang='lat' dir='ltr'><strong>homo</strong></span> <span class='ocrx_word' id='word_1_865' title='bbox 2282 5543 2455 5599; x_wconf 86' lang='lat' dir='ltr'><strong>factus</strong></span> <span class='ocrx_word' id='word_1_866' title='bbox 2493 5544 2696 5599; x_wconf 91' lang='lat' dir='ltr'><strong>mansit</strong></span> <span class='ocrx_word' id='word_1_867' title='bbox 2745 5544 2889 5613; x_wconf 89' lang='lat' dir='ltr'><strong>quod</strong></span> <span class='ocrx_word' id='word_1_868' title='bbox 2940 5548 3060 5597; x_wconf 89' lang='lat' dir='ltr'><strong>erat</strong></span> <span class='ocrx_word' id='word_1_869' title='bbox 3116 5540 3289 5601; x_wconf 87' lang='lat' dir='ltr'><strong>Deus,</strong></span> <span class='ocrx_word' id='word_1_870' title='bbox 3317 5553 3337 5587; x_wconf 73' lang='grc' dir='ltr'><strong>ι</strong></span> <span class='ocrx_word' id='word_1_871' title='bbox 3369 5545 3502 5600; x_wconf 86' lang='lat' dir='ltr'><strong>etc.;</strong></span> <span class='ocrx_word' id='word_1_872' title='bbox 3539 5532 3645 5588; x_wconf 82' lang='lat' dir='ltr'><strong>nisi</strong></span> 
     </span>
    </p>
   </div>
   <div class='ocr_carea' id='block_1_117' title="bbox 2068 5623 3647 5704">
    <p class='ocr_par' dir='ltr' id='par_1_117' title="bbox 2068 5623 3647 5704">
     <span class='ocr_line' id='line_1_117' title="bbox 2068 5623 3647 5704; baseline -0.008 -13"><span class='ocrx_word' id='word_1_873' title='bbox 2068 5636 2189 5704; x_wconf 90' lang='lat' dir='ltr'><strong>quis</strong></span> <span class='ocrx_word' id='word_1_874' title='bbox 2238 5635 2375 5694; x_wconf 88' lang='lat' dir='ltr'><strong>forte</strong></span> <span class='ocrx_word' id='word_1_875' title='bbox 2421 5636 2534 5693; x_wconf 66' lang='lat' dir='ltr'><strong>haec</strong></span> <span class='ocrx_word' id='word_1_876' title='bbox 2579 5650 2610 5691; x_wconf 86' lang='lat' dir='ltr'><strong>a</strong></span> <span class='ocrx_word' id='word_1_877' title='bbox 2662 5633 2859 5692; x_wconf 80' lang='lat' dir='ltr'><strong>Ruﬁno</strong></span> <span class='ocrx_word' id='word_1_878' title='bbox 2902 5633 3192 5704; x_wconf 76' lang='lat' dir='ltr'><strong>depraVata</strong></span> <span class='ocrx_word' id='word_1_879' title='bbox 3241 5635 3515 5684; x_wconf 86' lang='lat' dir='ltr'><strong>causetur.</strong></span> <span class='ocrx_word' id='word_1_880' title='bbox 3552 5623 3647 5680; x_wconf 82' lang='lat' dir='ltr'><strong>His</strong></span> 
     </span>
    </p>
   </div>
   <div class='ocr_carea' id='block_1_118' title="bbox 1685 5807 2095 5876">
    <p class='ocr_par' dir='ltr' id='par_1_118' title="bbox 1685 5807 2095 5876">
     <span class='ocr_line' id='line_1_118' title="bbox 1685 5807 2095 5876; baseline 0.002 -13"><span class='ocrx_word' id='word_1_881' title='bbox 1685 5808 1729 5843; x_wconf 85' lang='lat'>&quot;</span> <span class='ocrx_word' id='word_1_882' title='bbox 1769 5808 1923 5866; x_wconf 82' lang='lat' dir='ltr'><strong>Joan.</strong></span> <span class='ocrx_word' id='word_1_883' title='bbox 1967 5825 2013 5876; x_wconf 82' lang='grc' dir='ltr'><strong>ι,</strong></span> <span class='ocrx_word' id='word_1_884' title='bbox 2040 5807 2095 5864; x_wconf 75' lang='grc'><strong>5.</strong></span> 
     </span>
    </p>
   </div>
  </div>
