4160 6424
498 340 608 395 807

1768 331 1828 385 Ρ.
1872 329 2185 385 DANIELIS
2219 328 2452 384 IIUETII

3654 334 3763 392 808

498 460 775 517 subnectit
812 454 1164 525 Theophilus,
1206 469 1328 509 cum
1377 454 1575 510 dixerit
1607 454 1868 525 Origenes
1908 455 2087 525 ψυχὴν
2118 459 2162 515 Α
2191 452 2243 504 in
2290 451 2461 517 prima
2516 447 2803 513 Pan-Itali,
2841 456 2897 504 et
2939 448 3078 518 apud
3110 448 3509 504 Theodoretum
3562 448 3615 503 in
3647 451 3767 505 dia-

502 557 703 609 dictam
734 552 843 606 ἀπδ
883 550 977 605 τοῦ
1021 549 1235 619 ψύχειν,
1274 550 1416 617 quod
1464 548 1767 602 animarum
1829 563 1981 603 amor
2027 548 2079 601 in

502 647 676 700 Deum
718 654 772 698 et
826 642 1070 697 charitas
1119 640 1414 701 refrixerit,
1451 654 1765 706 persuasum
1796 639 1844 693 ei
1891 653 2083 693 consc-

498 742 735 802 queuter
782 732 947 785 fuisse
996 729 1190 782 anima:
1235 728 1433 781 Christi
1475 726 1759 795 pristinum
1814 727 2084 781 remisisse

505 825 707 878 amoris
765 823 816 876 in
876 821 1042 874 Deum
1102 819 1387 874 fervorem.
1446 818 1639 872 Futilis
1680 831 1745 871 ac
1798 817 2082 885 nugatoria

506 914 742 969 hominis
789 912 1095 981 impotentis
1137 910 1430 966 cavillatio.
1475 908 1575 964 Cui
1622 909 1956 963 consimilem
2001 906 2082 960 al-

507 1018 678 1062 teram
719 1008 880 1062 habet
923 1004 1098 1061 Guido
1132 1004 1419 1059 Carmelita
1469 1004 1520 1058 in
1562 1001 1785 1058 Summa
1815 1002 1879 1055 de
1925 1002 2079 1067 han,

508 1102 561 1155 in
597 1103 788 1156 hmres.
826 1101 1139 1171 Origenist.,
1169 1099 1363 1167 cuique
1408 1106 1631 1151 assonat
1675 1095 1774 1149 ista
1824 1094 2081 1161 Paganini

504 1188 792 1241 Gaudentii
831 1188 1168 1241 ratiocinatio
1198 1188 1250 1240 in
1295 1185 1386 1241 lib.
1427 1184 1505 1238 De
1546 1184 1939 1249 comparatione
1987 1184 2086 1237 do-

505 1286 669 1345 gmat.
703 1274 945 1346 Origenis
993 1293 1112 1331 cum
1156 1275 1482 1345 philosophia
1512 1271 1774 1335 Platonis,
1821 1288 1941 1340 cap.
1971 1272 2081 1328 '55:

514 1392 531 1421 ι
566 1370 778 1424 Anima:
817 1380 1035 1438 propter
1061 1376 1304 1436 peccata,
1345 1367 1494 1437 juxta
1517 1365 1827 1435 Origenem,
1858 1380 2082 1435 corpora

506 1464 771 1527 subeunt;
796 1463 973 1515 anima
1005 1475 1134 1529 ergo
1152 1460 1352 1514 Christi
1386 1468 1664 1528 peccatum
1694 1459 1929 1512 admisit.
1966 1478 1985 1511 ι
2010 1460 2086 1513 Ac

506 1554 553 1607 si
597 1554 717 1622 quis
746 1553 876 1606 illud
912 1551 1212 1619 Prophetas,
1255 1567 1274 1600 ι
1305 1550 1493 1605 Omnis
1531 1551 1689 1603 homo
1718 1549 1949 1603 mendax
1977 1549 2079 1613 ⁷⁶,›

507 1652 856 1711 usurpantem
888 1656 1029 1695 nunc
1060 1639 1290 1707 aliquem
1339 1637 1484 1693 velut
1535 1637 1857 1707 sacrilegum
1901 1636 2086 1691 redar-

507 1741 655 1803 guat,
680 1732 823 1802 quod
848 1732 1094 1786 Christus
1126 1734 1284 1787 homo
1312 1730 1401 1791 sit.
1429 1743 1493 1782 ac
1525 1730 1837 1783 mendacem
1862 1728 2086 1795 proinde

2190 542 2309 611 logo
2337 542 2423 596 cui
2473 540 2658 595 titulus
2697 541 3102 609 Ἀσύγχυτος,
3153 542 3436 597 censuisse
3475 541 3763 611 Origenem

2188 634 2421 688 animam
2448 648 2608 703 quam
2650 634 2944 700 assumpsit
2979 633 3152 689 Filius
3200 634 3332 698 Dei,
3374 643 3428 688 et
3462 634 3635 705 ipsum
3668 635 3764 690 Dei

2186 722 2381 778 Filium
2416 737 2581 776 unum
2614 736 2771 787 esse,
2800 724 3251 791 quemadmodum
3299 724 3457 779 Pater
3498 736 3555 780 et
3596 725 3767 782 Filius

2193 831 2360 869 unum
2396 827 2541 871 sunt.
2588 814 2725 869 Hinc
2775 815 2848 869 illi
2894 817 3175 871 commoda
3216 817 3445 871 vexandi
3482 833 3578 886 pro
3619 835 3770 875 more

2191 922 2290 961 suo
2322 904 2573 976 Origenis
2601 922 2755 970 ansa,
2779 922 2939 976 quam
2970 908 3071 977 ipsi
3098 916 3276 962 tamen
3301 911 3769 977 extorquebimus.

2186 997 2323 1052 Nam
2349 999 2580 1066 primum
2610 998 2856 1067 agnoscit
2884 998 3081 1052 ibidem
3114 998 3444 1067 Theophilus
3474 1000 3540 1054 de
3564 1003 3769 1057 anim

2190 1090 2389 1146 Christi
2421 1092 2683 1162 dignitate
2710 1104 2858 1148 recte
2888 1093 3177 1161 aliquando
3195 1095 3431 1148 sensisse
3451 1093 3765 1166 Origenem,

2189 1196 2417 1251 eamque
2448 1182 2557 1237 Deo
2588 1183 2765 1237 Verbo
2805 1184 3118 1239 inferiorem
3150 1185 3465 1242 credidisse.
3493 1186 3767 1242 Praeterea

2194 1287 2316 1326 cum
2348 1273 2583 1325 animam
2613 1272 2811 1327 Christi
2841 1282 2895 1326 et
2929 1272 3166 1326 Verbum
3208 1287 3373 1326 unum
3402 1288 3525 1328 esse
3554 1273 3764 1339 docuit,

2188 1362 2644 1431 quemadmodum
2692 1362 2853 1417 Pater
2905 1374 2960 1419 et
3004 1363 3173 1417 Filius
3224 1378 3389 1418 unum
3439 1374 3609 1432 sunt;
3658 1379 3768 1419 non

2191 1469 2355 1509 unum
2397 1467 2519 1509 esse
2571 1452 2739 1507 voluit
2799 1455 2988 1509 eadem
3041 1457 3250 1512 unitate
3297 1457 3349 1511 in
3391 1455 3615 1523 specie,
3667 1456 3767 1510 sed

2190 1551 2378 1603 eadem
2429 1548 2638 1602 unitate
2684 1546 2738 1600 in
2779 1562 2996 1618 genere.
3049 1547 3241 1604 Unitas
3288 1549 3435 1603 enim
3488 1547 3667 1603 Patris
3713 1556 3771 1604 et

2192 1639 2313 1694 Filii
2364 1641 2416 1694 in
2470 1655 2536 1695 eo
2581 1641 2979 1697 convenitcum
3010 1641 3218 1695 unitate
3250 1640 3410 1694 Verbi
3444 1649 3500 1695 et
3550 1634 3768 1704 animis,

2192 1731 2335 1800 quod
2366 1731 2435 1785 ad
2482 1731 2619 1786 idem
2655 1746 2847 1802 genus,
2877 1733 3138 1788 unitatem
3175 1746 3386 1801 nempe,
3424 1743 3655 1800 utraque
3682 1746 3771 1786 re-

507 1823 725 1877 dixerit.
755 1822 834 1878 Ac
874 1824 918 1877 si
960 1838 1066 1876 non
1096 1822 1307 1891 aliquas
1346 1821 1507 1875 etiam
1556 1820 1766 1873 animas
1807 1819 1874 1872 ad
1919 1816 2090 1873 ofﬁcia
2124 1824 2167 1879 Β
2200 1820 2447 1877 feratur:
2478 1822 2530 1875 in
2553 1836 2621 1876 eo
2653 1832 2834 1876 autem
2865 1821 3155 1889 dim-runt,
3197 1823 3341 1891 quod
3371 1822 3552 1876 unitas
3587 1822 3769 1877 Patris

509 1915 818 1969 hominibus
848 1914 1148 1969 exhibenda
1173 1914 1460 1981 deputasse
1491 1911 1656 1965 Deum
1684 1909 1945 1983 Origenes
1976 1911 2081 1965 sibi

512 2008 751 2072 tinxerit,
801 2017 858 2061 ut
911 2006 1138 2060 inferius
1183 2002 1692 2058 demonstrabimus.
1750 2000 2087 2057 Justinianus

511 2114 642 2153 vero
671 2100 775 2154 hoc
809 2098 982 2167 ipsum
1013 2097 1263 2166 Origenis
1288 2094 1535 2150 delirium
1570 2094 1853 2163 exagitans
1884 2094 1937 2147 in
1970 2093 2087 2162 epi-

512 2190 647 2245 stola
678 2191 745 2243 ad
777 2188 1009 2253 Menam,
1050 2188 1137 2243 his
1164 2186 1442 2240 Athanasii
1480 2186 1647 2240 utitur
1685 2185 1863 2239 verbis
1892 2204 1904 2239 :
1933 2184 2107 2255 Eix6-_

511 2298 618 2345 τως
648 2277 1080 2347 καταγνώσονται
1122 2276 1298 2347 ἐαυτῷ
1327 2276 1528 2340 πάντες
1557 2278 1604 2329 οὶ
1632 2274 1942 2347 νομίζοντες
1983 2275 2088 2347 πρὸ

511 2372 611 2442 τῆς
658 2372 875 2442 Μαρίας
921 2367 1059 2423 εἶναι
1102 2368 1199 2439 τὴν
1246 2368 1304 2435 ἐξ
1350 2368 1519 2438 αὐτῆς
1567 2368 1780 2439 σάρκα,
1836 2368 1926 2420 καὶ
1982 2368 2087 2436 πρὸ

509 2461 716 2531 ταύτης
781 2460 1069 2530 ἐσχηκέναι
1136 2459 1314 2530 ψυχὴν
1379 2458 1745 2530 ἀνθρωπίνην,
1803 2457 1893 2509 τὸν
1955 2456 2087 2511 Θεὸν

513 2553 703 2621 Λόγον,
748 2551 841 2605 καὶ⁸
890 2553 948 2603 ὲν
991 2552 1127 2621 αὐτῇ
1177 2549 1281 2622 πρὸ
1310 2549 1409 2619 τῆς
1463 2550 1755 2621 ἐπιδημίας
1797 2550 1884 2603 ἀεὶ
1930 2568 2089 2621 γεγε-

510 2643 728 2714 νῆσθαι.
769 2662 786 2695 ι
817 2641 1005 2696 Merito
1035 2656 1155 2696 sese
1182 2641 1516 2696 damnabunt
1545 2657 1735 2696 omnes
1764 2644 1855 2713 qui
1904 2643 2091 2698 existi-

518 2745 668 2788 mant
699 2743 823 2788 ante
863 2733 1083 2787 Mariam
1128 2748 1251 2788 esse
1281 2746 1498 2787 carnem
1534 2748 1653 2802 quae
1681 2749 1747 2788 ex
1784 2749 1846 2789 ea
1881 2744 1990 2801 est;
2026 2751 2091 2792 ac

516 2836 642 2880 ante
684 2841 803 2880 eam
835 2826 1089 2881 habuisse
1139 2828 1376 2879 animam
1416 2826 1705 2879 humanam
1748 2824 1914 2881 Deum
1967 2827 2094 2881 Ver-

516 2917 665 2985 bum,
706 2928 759 2973 et
812 2920 864 2974 in
916 2934 977 2975 ea
1039 2929 1166 2975 ante
1226 2919 1515 2973 adventum
1582 2933 1795 2988 semper
1852 2919 2085 2976 fuisse.»

521 3009 729 3074 Quibus
758 3025 861 3064 non
902 3019 1009 3064 tam
1049 3010 1343 3081 perstringi
1382 3010 1595 3063 videtur
1624 3006 1905 3078 Origenes,
1929 3024 2089 3078 quam

517 3101 747 3169 Apelles,
779 3102 977 3171 aliique
1004 3102 1095 3172 qui
1124 3102 1399 3157 Christum
1432 3102 1497 3157 de
1523 3100 1663 3157 cmlo
1689 3116 1908 3156 carnem
1939 3103 2092 3156 detu-

2193 1921 2249 1967 et
2288 1911 2411 1967 Filii
2456 1911 2528 1967 sit
2555 1913 2733 1966 unitas
2776 1922 3002 1977 natura,
3040 1914 3225 1967 unitas
3270 1912 3557 1979 essentia;
3588 1912 3771 1966 unitas

2188 2018 2316 2057 vero
2350 2003 2511 2057 Verbi
2540 2014 2598 2059 et
2638 2005 2851 2068 animae.
2884 2004 2956 2060 sit
2990 2004 3171 2059 unitas
3195 2003 3561 2074 hypostatica,
3594 2003 3774 2058 unitas

2186 2108 2450 2163 personae.
2469 2093 2935 2160 Quemadmodum
2964 2094 3107 2148 enim
3126 2109 3249 2149 cum
3282 2093 3448 2149 solem
3481 2094 3769 2163 pulchrum

2191 2184 2331 2248 dico,
2350 2194 2403 2237 et
2422 2183 2640 2238 domum
2667 2184 2966 2254 pulchram,
2990 2188 3272 2254 utriusque
3300 2186 3761 2256 pulchritudinem

2189 2275 2433 2330 eamdem
2486 2277 2608 2331 dico
2658 2289 2891 2344 genere,
2941 2276 3340 2346 discrepantem
3392 2278 3611 2346 specie;
3661 2278 3770 2333 alia

2189 2367 2388 2437 quippe
2428 2378 2511 2421 est
2541 2368 2734 2422 domus
2765 2368 3108 2437 pulchritudo
3129 2411 3145 2437 ,
3175 2368 3277 2424 alia
3310 2369 3441 2425 solis
3476 2388 3491 2423 :
3535 2371 3775 2440 pessime

2192 2459 2469 2515 enimvero
2499 2474 2709 2514 mecum
2738 2462 2934 2532 egerit,
2975 2463 3020 2517 si
3052 2464 3173 2531 quis
3197 2463 3319 2517 inde
3354 2477 3441 2516 me
3469 2462 3653 2516 lumen
3682 2461 3777 2517 do-

2195 2549 2304 2603 mui
2342 2549 2599 2605 tribuisse
2628 2589 2644 2616 ,
2692 2550 2791 2606 soli
2842 2550 3271 2619 fundamentum,
3314 2552 3775 2619 contignationes,

2187 2649 2241 2694 et
2272 2637 2545 2709 fastigium
2579 2640 2962 2697 calumnietur.
2995 2641 3109 2697 Nec
3141 2643 3383 2697 lictitiam
3426 2658 3550 2699 esse
3578 2654 3634 2699 et
3670 2644 3774 2699 l'ri—

2188 2732 2367 2786 volam
2410 2734 2549 2789 hanc
2589 2734 2993 2790 distinctionem
3039 2737 3276 2791 ostendit
3324 2734 3452 2789 illud
3486 2736 3775 2792 Athanasii

2191 2820 2243 2874 in
2274 2820 2568 2892 Symliolo:
2601 2841 2621 2875 ε
2664 2822 2819 2878 Sicut
2845 2825 3023 2879 anima
3055 2824 3337 2880 rationalis
3383 2834 3438 2879 et
3468 2840 3600 2880 caro
3635 2841 3777 2882 unus

2190 2924 2275 2970 est
2318 2916 2513 2981 homo,
2556 2916 2629 2969 ita
2676 2916 2816 2971 Deus
2860 2925 2916 2972 et
2946 2917 3109 2971 homo
3143 2931 3283 2970 unus
3326 2925 3411 2970 est
3439 2914 3712 2970 Christus.
3750 2934 3770 2969 ι

2191 3004 2327 3061 Nam
2361 3021 2489 3061 cum
2521 3008 2701 3062 anima
2736 3019 2945 3065 constet
2974 3009 3136 3063 homo
3170 3017 3226 3063 et
3255 3022 3483 3078 corpore
3517 3018 3775 3078 tanquam

2193 3099 2444 3169 partibus
2473 3116 2637 3155 unum
2666 3102 2870 3174 aliquid
2902 3100 3260 3156 eﬁicientibus
3289 3139 3307 3168 ,
3344 3100 3485 3155 Deus
3512 3110 3691 3155 autem
3720 3111 3779 3154 et

519 3190 645 3243 lisse
674 3193 984 3248 censebant.
1026 3191 1082 3246 ln
1118 3192 1382 3248 nefarium
1430 3204 1607 3250 autem
1645 3192 1914 3264 Origenis,
1950 3190 2091 3261 quod
2119 3178 2161 3235 ο
2197 3194 2390 3254 homo,
2431 3208 2538 3249 non
2596 3204 2850 3262 tanquam
2900 3206 3084 3264 partes
3116 3194 3391 3251 Christum
3443 3198 3781 3253 constituant

516 3281 901 3347 exposuimus,
950 3284 1145 3353 dogma
1222 3288 1519 3341 secundum
1565 3300 1721 3340 suum
1771 3292 1827 3339 et
1874 3283 2091 3337 tertium

526 3373 757 3424 intentat
814 3374 1331 3429 anathematismum
1390 3374 1729 3431 Justinianus
1777 3374 1842 3428 ad
1892 3372 2093 3428 calcem

518 3463 761 3531 epistola:
788 3463 1029 3535 ejusdem
1065 3467 1131 3519 ad
1162 3464 1396 3521 Menam.
1424 3464 1575 3533 Quod
1618 3466 1685 3521 ad
1714 3466 1859 3520 illam
1888 3471 2098 3535 spectat

519 3556 824 3609 animarum
872 3555 1232 3627 προῦπαρξιν,
1277 3558 1419 3611 unde
1452 3560 1569 3613 haec
1615 3556 1867 3627 Origenis
1909 3569 2096 3610 mana-

522 3655 714 3701 verunt
762 3648 829 3703 de
864 3649 1040 3702 anima
1090 3648 1291 3704 Christi
1343 3656 1683 3713 commenta,
1731 3650 1796 3704 de
1847 3664 1908 3704 ea
1957 3648 2095 3703 inira

523 3738 931 3807 disputabimus.
974 3738 1100 3795 Inde
1138 3754 1268 3794 sane
1310 3739 1621 3812 pestiieram
1662 3742 1910 3796 haeresim
1944 3754 2095 3795 suam

520 3828 786 3885 conﬂasse
847 3831 1100 3886 videntur
1165 3831 1481 3887 Theodorus
1540 3830 1985 3902 Mopsuestenus,
2039 3841 2097 3886 et

525 3933 645 3992 post
677 3939 798 3978 eum
844 3922 1171 3980 Nestorius:
1214 3926 1339 3980 inde
1377 3934 1431 3980 et
1471 3924 1757 3980 adductum
1804 3924 2098 3995 Eutychem

523 4013 791 4083 coniectat
818 4013 928 4069 Leo
971 4029 1107 4085 papa
1151 4015 1204 4069 in
1244 4013 1472 4085 epistola
1509 4015 1575 4068 ad
1610 4013 1882 4070 Iulianum
1922 4013 2100 4068 Coeu-

526 4121 674 4173 sem,
723 4117 782 4161 ut
828 4108 1093 4178 duplicem
1146 4106 1350 4162 Christi
1408 4117 1655 4163 naturam
1700 4108 1807 4180 πρὸ
1859 4109 1959 4179 τῆς
2008 4107 2096 4161 ὲν-

522 4197 710 4263 dicam;
740 4198 903 4254 fuisse
920 4198 1230 4268 aliirmaret,
1254 4200 1407 4270 quasi
1438 4200 1675 4255 animam
1703 4200 1846 4255 illius
1880 4210 2009 4254 tunc
2047 4200 2100 4252 in

525 4291 666 4348 caelo
695 4290 1007 4347 crediderit.

597 4402 965 4460 Oﬂensionem
1002 4414 1181 4460 autem
1229 4418 1337 4459 non
1369 4404 1596 4460 haberet
1628 4403 1770 4473 quod
1800 4401 1951 4467 (dixit
1981 4400 2105 4458 Ori-

2198 3285 2340 3356 (ﬁeri
2375 3286 2518 3340 enim
2550 3299 2655 3340 non
2698 3293 2871 3355 potest
2900 3285 3065 3341 Deum
3102 3302 3221 3343 esse
3255 3300 3461 3358 partem
3487 3289 3650 3342 totius
3681 3286 3779 3341 ali-

2198 3378 2410 3448 cujus);
2442 3377 2634 3431 falsum
2676 3376 2783 3431 erit
2820 3377 2987 3432 Deum
3037 3386 3093 3433 et
3139 3378 3414 3436 hominem
3454 3398 3623 3437 unum
3659 3397 3780 3439 esse

2195 3468 2500 3533 Christum,
2531 3468 2671 3523 sicut
2718 3466 2899 3521 anima
2952 3469 3231 3526 rationalis
3274 3481 3331 3527 et
3363 3488 3493 3529 caro
3526 3489 3669 3528 unus
3695 3483 3780 3529 est

2196 3562 2377 3626 homo,
2405 3559 2509 3615 nisi
2565 3559 2811 3615 eamdem
2842 3568 3151 3629 repetamus
3183 3562 3586 3621 distinctionem
3614 3581 3777 3637 quam

2194 3666 2359 3720 supra
2402 3649 2773 3715 adhibuimus,
2828 3650 2996 3706 Deum
3025 3660 3080 3706 et
3124 3651 3397 3709 hominem
3444 3671 3610 3711 unum
3657 3672 3782 3713 esse

2198 3743 2440 3797 dicentes
2484 3740 2760 3797 Christum
2800 3742 2991 3797 eadem
3044 3743 3254 3800 unitate
3300 3744 3354 3799 in
3409 3760 3642 3816 genere,
3675 3764 3780 3818 qua

2199 3834 2379 3888 anima
2401 3832 2684 3887 rationalis
2711 3842 2767 3887 et
2796 3847 2993 3903 corpus
3019 3842 3105 3888 est
3133 3833 3296 3890 homo
3321 3852 3336 3901 ;
3371 3848 3429 3891 at
3456 3852 3563 3894 non
3588 3839 3781 3895 eadem

2199 3927 2410 3981 unitate
2446 3926 2499 3979 in
2531 3925 2733 3995 specie.

2272 4059 2339 4115 Χ.
2375 4059 2686 4116 Gennadius
2740 4059 3093 4118 Massiliensis
3140 4062 3193 4116 in
3241 4061 3380 4118 libro
3411 4061 3490 4117 De
3518 4064 3786 4134 dogmati-

2203 4154 2337 4219 bus,
2381 4166 2539 4223 quem
2590 4152 2891 4223 Augustino
2936 4153 3155 4221 quidam
3207 4151 3345 4208 falso
3391 4155 3783 4222 ascripserunt,

2208 4258 2328 4311 cap.
2352 4243 2387 4296 ε
2408 4283 2424 4309 ,
2457 4243 2535 4297 sic
2579 4242 2763 4297 scribit
2793 4260 2807 4296 :
2842 4259 2864 4294 ι
2906 4240 3075 4297 Natus
3115 4249 3197 4297 est
3222 4258 3352 4313 ergo
3382 4242 3472 4299 Dei
3516 4243 3689 4299 Filius
3716 4260 3784 4300 ex

2210 4333 2462 4401 homine,
2500 4342 2556 4387 et
2585 4347 2692 4387 non
2738 4346 2837 4402 per
2869 4332 3185 4399 hominem;
3216 4332 3269 4387 id
3300 4342 3408 4401 est,
3445 4350 3549 4389 nou
3585 4349 3654 4389 ex
3683 4336 3785 4390 viri

2205 4426 2349 4482 coitu
2377 4466 2393 4493 ,
2429 4427 2568 4482 sicut
2597 4425 2767 4481 Ebion
2820 4424 2955 4480 dicit
2990 4442 3006 4493 ;
3038 4425 3132 4481 sed
3168 4440 3385 4481 carnem
3432 4441 3499 4481 ex
3547 4425 3787 4497 Virginis

528 4510 719 4563 genes.
745 4495 1201 4565 quemadmodum
1237 4498 1399 4552 homo
1428 4495 1540 4561 ille,
1573 4495 1666 4566 qui
1689 4492 1868 4550 Verbo
1895 4493 1950 4548 in
1993 4509 2091 4548 una

2205 4531 2433 4588 corpore
2482 4517 2727 4581 trahens,
2761 4525 2817 4571 et
2861 4530 2968 4571 non
3022 4518 3088 4571 de
3117 4515 3259 4571 ctelo
3293 4530 3478 4571 secum
3528 4514 3785 4584 aii'erens,

528 4604 754 4658 persona
797 4588 1119 4659 coniunctus
1169 4597 1255 4643 est
1279 4629 1295 4656 ,
1329 4587 1498 4643 Deum
1533 4588 1586 4642 in
1638 4601 1699 4643 se
1734 4585 1996 4657 suscepit,
2023 4584 2098 4640 ita

528 4694 629 4733 nos
664 4694 877 4748 quoque
904 4694 1002 4747 pro
1031 4688 1146 4735 rata
1186 4693 1309 4735 esse
1341 4694 1501 4749 posse
1531 4678 1624 4733 Dei
1674 4676 1974 4748 participes
1998 4716 2015 4743 ,
2057 4675 2103 4731 si

530 4773 718 4839 gratiae
750 4770 877 4823 illud
906 4771 1139 4839 divinae,
1175 4786 1280 4825 non
1320 4770 1555 4841 propriis
1587 4769 1797 4824 meritis
1824 4776 2101 4837 acceptum

531 4861 845 4916 retulisset:
879 4861 957 4915 sic
982 4861 1127 4915 enim
1154 4860 1488 4932 Augustinus
1516 4860 1607 4915 lib.
1647 4858 1721 4913 De
1760 4858 2106 4929 prwdestina-

532 4954 674 5008 tione
700 4961 1024 5019 sanctorum,
1065 4968 1186 5024 cap.
1218 4953 1322 5008 i5:
1355 4970 1374 5005 ι
1411 4950 1568 5007 Sicut
1591 4966 1721 5022 ergo
1754 4950 2110 5022 praedestina-

534 5054 620 5100 tus
651 5054 735 5101 est
761 5044 847 5099 ille
871 5060 1030 5114 unus,
1059 5054 1119 5099 ut
1147 5055 1309 5117 caput
1336 5054 1582 5099 nostrum
1623 5052 1809 5107 esset,
1844 5042 1919 5098 ita
1949 5042 2103 5099 multi

530 5138 900 5209 prtedestinati
947 5154 1135 5195 sumus
1162 5180 1177 5207 ,
1211 5147 1268 5194 ut
1317 5138 1556 5194 membra
1606 5137 1722 5207 ejus
1766 5152 2037 5194 essemus.
2078 5155 2098 5191 ι

534 5232 666 5286 Item
712 5249 725 5286 :
794 5250 814 5283 ε
865 5231 938 5285 Ea
977 5233 1150 5302 gratia
1201 5232 1261 5287 lit
1310 5230 1378 5286 ab
1432 5231 1589 5287 initio
1635 5230 1761 5284 ﬁdei
1801 5245 1911 5285 suae
1946 5230 2105 5287 homo

532 5322 845 5392 quicunque
890 5320 1266 5388 Christianus,
1297 5337 1401 5393 qua
1453 5321 1624 5390 gratia
1677 5319 1837 5375 homo
1891 5318 1980 5376 ille
2037 5320 2105 5377 ab

533 5412 691 5470 initio
720 5411 899 5468 lactus
925 5423 1009 5469 est
1039 5415 1311 5471 Christus.
1357 5432 1376 5467 ι

609 5523 702 5579 IX.
732 5524 1005 5581 Memoriae
1040 5526 1281 5598 prodidit
1329 5525 1663 5598 Theophilus
1712 5523 2111 5583 Alexandrinus

608 5749 658 5781 ‘°
707 5747 849 5805 l’sal.
879 5765 1003 5816 (ειν,
1052 5751 1139 5807 ll.

2204 4610 2343 4664 sicut
2374 4608 2610 4664 Marcion
2629 4648 2646 4674 ,
2672 4606 2931 4679 Origenes
2961 4616 3015 4664 et
3049 4607 3219 4663 Ebion
3260 4608 3554 4663 alﬁrmant.
3601 4627 3621 4661 ι
3652 4609 3788 4676 Qua:

2202 4699 2246 4754 si
2279 4698 2346 4753 ad
2373 4713 2601 4753 examen
2649 4712 2990 4763 revocemus,
3028 4697 3185 4752 ﬁdem
3240 4699 3513 4753 amittent.
3564 4697 3787 4753 Falsum

2204 4791 2402 4862 quippe
2425 4801 2511 4847 est
2539 4790 2861 4847 arbitratum
2897 4789 3231 4845 Marcionem
3272 4804 3496 4846 carnem
3544 4792 3612 4847 de
3649 4792 3791 4845 etelo

2205 4881 2483 4936 Christum
2506 4879 2779 4936 attulisse.
2804 4879 2989 4936 Sensit
3019 4880 3108 4935 ille
3127 4880 3371 4950 quidem,
3396 4890 3789 4951 praeceptorem

2210 4990 2368 5030 suum
2395 4974 2697 5031 Cerdonem
2726 4982 3048 5039 assectatus,
3077 4974 3342 5045 quidquid
3373 4982 3557 5029 actum
3588 4975 3642 5029 in
3676 4984 3790 5029 ter-

2211 5067 2285 5122 ris
2318 5082 2349 5121 a
2381 5066 2621 5131 Christo,
2642 5074 2696 5120 et
2728 5065 3168 5121 administratum
3198 5076 3317 5134 est,
3347 5067 3530 5135 specie
3556 5075 3789 5133 tantum,

2212 5172 2317 5213 non
2366 5172 2425 5212 re
2465 5172 2593 5213 vera
2644 5166 2855 5226 gestum
2902 5157 3115 5225 fuisse;
3166 5172 3269 5213 nec
3324 5172 3511 5213 veram
3549 5158 3795 5215 induisse

2211 5264 2453 5315 carnem,
2475 5248 2572 5305 sed
2592 5258 2958 5319 apparentem.
2977 5248 3147 5317 Quem
3179 5264 3424 5306 errorem
3449 5250 3502 5305 in
3539 5249 3791 5320 proxime

2214 5342 2564 5412 sequentibus
2598 5357 2723 5397 cum
2748 5341 3062 5398 Gennadius
3091 5342 3206 5413 ipse
3237 5341 3518 5408 confutet,
3549 5342 3638 5398 hic
3661 5356 3796 5398 vero

2216 5434 2481 5490 intactum
2514 5434 2911 5505 prmtermittat,
2946 5434 3212 5491 intellexit
3242 5435 3387 5491 haud
3416 5434 3581 5491 dubie
3604 5449 3792 5490 verum

2215 5539 2282 5582 ac
2314 5523 2546 5583 solidum
2572 5538 2770 5595 corpus
2801 5524 3024 5583 Christo
3054 5541 3082 5581 a
3113 5524 3387 5583 Marciane
3423 5526 3590 5584 fuisse
3620 5525 3798 5581 tribu-
