4160 6392
241 419 255 429 ’
339 429 442 486 809

1155 425 1737 484 ()RIGENIANORUM
1777 423 1905 480 LIB.
1950 423 2014 489 ll,
2056 422 2210 479 CAP.
2254 421 2318 488 ll,
2356 421 2640 491 QUIEST.
2682 422 2772 479 III.

3502 427 3609 483 810

343 563 454 604 tum
480 589 497 616 ,
527 549 970 606 contradicturus
1004 549 1246 617 alioquin
1293 551 1396 604 hoc
1444 563 1659 618 quoque
1689 547 1844 612 loco,
1874 546 1918 600 si
1953 551 1995 607 Α
2024 545 2146 610 bat,
2179 558 2244 599 ac
2290 559 2384 613 per
2418 541 2640 595 Mariam
2675 541 2821 594 velut
2869 554 2970 610 per
3006 541 3252 598 canalem
3305 543 3613 603 transiisse.

341 641 540 696 falsum
570 656 768 711 corpus
804 639 1023 695 Christo
1045 639 1370 708 ascripsisse
1404 639 1582 710 ipsum
1607 638 1922 694 existimas-

341 743 445 786 set.
477 731 669 786 Simile
692 731 972 802 quidpiam
1008 731 1073 785 de
1097 730 1376 784 Marciane
1410 729 1674 798 scriptum
1708 729 1926 798 reliquit

340 821 569 892 Vigilius
600 822 693 878 lib.
723 839 782 878 ιιι
811 831 997 876 contra
1021 819 1310 891 Eutychem
1333 838 1352 876 :
1389 840 1409 874 ι
1451 821 1786 892 Entychiana
1817 821 1927 874 hae-

340 915 478 967 resis
513 914 564 968 in
599 914 653 968 id
688 913 984 983 impietatis
1035 913 1290 982 prolapsa
1338 923 1424 969 est
1467 927 1678 978 errore,
1729 921 1791 966 ut
1820 928 1924 967 non

340 1009 516 1061 solum
546 1006 707 1062 Verbi
754 1015 812 1062 et
851 1008 1037 1063 carnis
1067 1023 1230 1062 unam
1261 1007 1452 1063 credat
1491 1021 1614 1061 esse
1649 1016 1922 1070 naturam,

339 1113 528 1152 verum
561 1099 723 1153 etiam
772 1100 912 1153 hanc
947 1099 1193 1154 eamdem
1228 1113 1451 1155 carnem
1507 1115 1612 1154 non
1665 1102 1732 1156 de
1770 1115 1927 1156 sacro

344 1188 523 1244 Mariae
551 1189 791 1261 Virginis
829 1205 1057 1259 corpore
1097 1198 1471 1258 assumptam,
1521 1190 1616 1245 sed
1664 1190 1732 1246 de
1785 1191 1928 1245 caelo

345 1284 515 1347 dicat,
555 1283 715 1355 juxta
745 1283 1028 1340 infandum
1060 1282 1332 1338 Valentini
1362 1293 1418 1339 et
1449 1282 1742 1339 Marcionis
1771 1299 1926 1340 erro-

346 1391 481 1439 rem,
516 1375 680 1430 fuisse
702 1375 1014 1430 deductam.
1043 1376 1124 1428 Ita
1148 1375 1500 1444 pertinaciter
1530 1374 1770 1430 Verbum
1802 1390 1927 1430 car-

346 1483 470 1522 nem
501 1481 754 1522 asserens
785 1467 1009 1531 factum,
1053 1477 1112 1521 ut
1139 1483 1233 1537 per
1267 1467 1545 1538 Virginem
1568 1506 1582 1530 ,
1609 1481 1674 1522 ac
1704 1469 1749 1523 si
1782 1483 1922 1538 aqua

347 1573 444 1626 per
478 1557 713 1613 ﬁstulam
751 1558 1017 1614 transisse
1061 1559 1350 1624 videatur;
1389 1575 1496 1614 non
1548 1569 1724 1615 tamen
1776 1571 1833 1615 ut
1860 1562 1928 1616 de

352 1649 571 1717 Virgine
587 1649 794 1718 aliquid
821 1649 964 1718 quod
993 1649 1167 1704 nostri
1198 1650 1269 1706 sit
1293 1651 1532 1720 generis,
1568 1652 1930 1720 assumpsisse

345 1741 613 1795 videatur.
655 1759 679 1794 ι
715 1743 784 1795 At
811 1741 1006 1797 falsum
1028 1755 1150 1796 esse
1177 1757 1397 1798 carnem
1421 1743 1651 1799 solidam
1679 1743 1733 1798 in
1764 1742 1927 1800 Chri-

349 1841 432 1887 sto
485 1832 815 1889 Marcionem
875 1834 1165 1905 agnovisse
1231 1835 1514 1890 declarant
1559 1835 1928 1892 Tertullianus

349 1920 443 1975 lib.
475 1936 537 1976 ιιι
569 1933 750 1976 contra
784 1899 953 1978 Mare.
973 1963 991 1989 ,
1018 1937 1140 1991 cap.
1177 1922 1238 1976 Η
1263 1963 1276 1985 ,
1302 1934 1358 1978 et
1388 1934 1498 1978 toto
1541 1924 1638 1980 lib.
1668 1924 1746 1979 De
1771 1942 1929 1980 carne
1962 1899 2003 1953 Β

349 2013 588 2077 Christi,
629 2023 684 2068 et
734 2015 976 2084 passim,
1037 2025 1093 2070 et
1157 2015 1479 2071 Philastrius
1515 2017 1647 2071 hazr.
1689 2032 1811 2072 thv
1874 2025 1930 2074 et

347 2123 486 2172 xu;
516 2107 849 2177 Epiphanius
865 2110 999 2164 haar.
1025 2125 1137 2175 xu,
1164 2124 1281 2178 cap.
1309 2111 1361 2175 I,
1394 2121 1450 2164 et
1480 2110 1610 2165 haer.
1640 2125 1771 2174 XLII,
1805 2126 1925 2182 cap.

347 2199 384 2252 2
407 2239 422 2264 ,
455 2209 507 2252 et
537 2199 913 2254 Theodoretus
961 2199 1112 2254 Ilwr.
1156 2200 1269 2267 fab.
1296 2200 1419 2266 Ilib.
1458 2215 1475 2255 ι
1501 2241 1517 2268 ,
1544 2215 1666 2270 cap.
1697 2201 1790 2258 24.
1818 2201 1930 2258 Nec

348 2294 531 2347 verius
559 2302 642 2347 est
674 2307 995 2361 persuasum
1040 2291 1170 2346 illud
1205 2291 1372 2348 fuisse
1404 2291 1626 2363 Origeni
1647 2333 1662 2359 ,
1695 2294 1840 2363 quod
1878 2295 1927 2348 ei

351 2383 556 2456 allingit
601 2383 953 2450 Gennadius;
986 2385 1167 2452 ,verba
1205 2385 1473 2454 siquidem
1503 2385 1623 2456 ejus
1658 2387 1773 2442 haec
1802 2397 1933 2441 sunt

348 2477 535 2533 homil.
569 2477 636 2532 14
665 2479 718 2532 in
753 2476 881 2531 Luc.
909 2491 929 2530 :
966 2493 986 2529 ι
1020 2476 1174 2542 Quod
1207 2476 1424 2546 quidem
1456 2487 1513 2532 et
1541 2479 1802 2534 adversus
1834 2493 1932 2534 eos

350 2568 503 2633 facit,
535 2569 627 2638 qui
662 2577 856 2639 negant
904 2567 1194 2622 Dominum
1226 2577 1473 2624 nostrum
1501 2571 1795 2626 humanum
1835 2574 1931 2628 ha-

349 2661 534 2715 buisse
561 2675 778 2730 corpus,
798 2659 893 2715 sed
923 2659 1264 2725 caelestibus,
1283 2670 1339 2714 et
1362 2661 1734 2731 spiritualibus
1762 2662 1931 2718 fuisse

348 2762 684 2808 contextum.
722 2753 780 2807 Si
819 2753 964 2807 enim
1010 2753 1078 2808 de
1123 2753 1454 2819 coelestibus,
1487 2764 1543 2810 et
1574 2763 1634 2810 ut
1669 2756 1743 2810 illi
1793 2756 1931 2813 falso

351 2853 643 2911 asserunt,
674 2845 739 2900 de
765 2844 1058 2911 sideribus,
1103 2855 1159 2900 et
1184 2845 1290 2899 alia
1318 2847 1556 2914 quadam
1605 2846 1927 2916 sublimiori,

351 2937 690 3008 spiritalique
721 2948 912 2992 natura
947 2953 1146 3008 corpus
1174 2938 1290 3005 ejus
1319 2938 1517 3004 fuerit,
1566 2941 1933 3010 respondeant

353 3041 542 3096 quare,
579 3045 598 3079 ι
633 3037 740 3082 etc.
773 3026 1003 3083 Homilia
1037 3043 1256 3100 quoque
1289 3029 1354 3084 17
1385 3029 1440 3084 in
1487 3031 1738 3086 eumdem
1768 3046 1935 3087 evan-

350 3120 628 3189 gelistam,
654 3121 720 3176 ad
751 3121 803 3177 id
831 3122 975 3192 quod
1003 3123 1236 3177 habetur
1260 3138 1383 3194 cap.
1414 3141 1488 3190 ιι,
1523 3139 1669 3181 vers.
1698 3126 1769 3182 54
1809 3146 1822 3182 :
1859 3124 1932 3180 Et

349 3211 405 3264 in
443 3212 649 3281 signum
681 3213 766 3266 cui
804 3213 1240 3269 contradicelur:
1271 3232 1290 3266 ι
1323 3213 1592 3272 Omnibus
1639 3232 1759 3288 quae
1803 3233 1925 3272 nar-

353 3311 438 3357 rat
461 3304 689 3361 historia
717 3305 782 3360 de
804 3305 1105 3372 Salvatore,
1127 3307 1548 3364 contradicitur.
1574 3307 1740 3380 Virgo
1757 3320 1932 3366 mater

352 3405 472 3460 cst;
503 3396 712 3467 signum
736 3406 820 3453 est
849 3398 934 3452 cui
958 3399 1369 3454 contradicitur.
1401 3399 1764 3458 Marcionistat
1802 3419 1933 3459 con-

356 3487 631 3543 tradicunt
667 3488 794 3543 huic
824 3489 980 3557 signo
1007 3529 1022 3554 ,
1053 3497 1108 3544 et
1141 3491 1294 3547 aiunt
1321 3493 1539 3562 penitus
1568 3508 1690 3549 eum
1721 3494 1787 3550 de
1811 3511 1934 3550 mu-

351 3577 486 3632 liere
541 3594 646 3633 non
699 3593 820 3634 esse
853 3589 1211 3650 generatum:
1249 3583 1513 3640 Ebionitae
1555 3586 1934 3642 contradicunt

350 3672 510 3742 signo
535 3711 550 3737 ,
587 3671 829 3726 dicentes
869 3686 936 3726 ex
968 3672 1086 3726 viro
1116 3681 1172 3728 et
1215 3674 1444 3732 muliere
1475 3678 1548 3732 ita
1577 3689 1761 3733 natum
1787 3693 1930 3744 esse,

350 3773 413 3817 ut
444 3776 542 3817 nos
567 3776 780 3832 quoque
804 3763 1099 3819 nascimur.
1135 3764 1337 3821 Habuit
1361 3783 1562 3838 corpus
1591 3770 1928 3835 humanum;

349 3860 408 3906 et
439 3851 541 3906 hoc
567 3852 780 3922 signum
827 3860 910 3906 est
937 3853 1022 3906 cui
1052 3854 1480 3919 contradicitur,
1519 3855 1613 3910 alii
1665 3857 1811 3910 enim
1847 3857 1932 3909 di-

350 3951 481 3996 cunt
507 3956 630 3996 eum
663 3943 877 3997 venisse
914 3943 979 3998 de
1005 3943 1178 3999 caelis.
1214 3962 1234 3994 ›
1265 3944 1378 4000 Iloc
1419 3960 1547 4000 vero
1567 3961 1754 4002 errore
1781 3948 1932 4017 peni-

353 4043 441 4089 tus
476 4035 809 4106 implicatum
845 4035 1011 4092 fuisse
1050 4037 1346 4108 Eutychetn
1379 4038 1666 4094 confirmat
1694 4039 1931 4104 Fulgen-

357 4127 462 4180 tius
495 4141 741 4196 respons.
773 4127 807 4181 4
848 4128 913 4182 ad
942 4128 1280 4184 Ferrandum
1321 4130 1536 4186 diacon.
1570 4131 1708 4186 Iluic
1739 4132 1934 4202 praelu-

352 4223 501 4270 serat
530 4217 764 4285 Apelles,
785 4217 937 4284 cujus
963 4220 1234 4274 insaniam
1271 4219 1419 4274 illam
1444 4224 1669 4290 exponit
1694 4222 1933 4292 Epipha-

356 4311 480 4366 nius
505 4312 634 4366 haer.
674 4328 827 4376 xuv,
859 4327 982 4382 cap.
1009 4313 1044 4366 2
1066 4351 1082 4376 ,
1127 4323 1182 4367 et
1211 4313 1586 4370 'I‘heodoretus
1618 4315 1711 4378 lib.
1740 4331 1756 4370 ι
1792 4313 1928 4369 Fab.

354 4403 487 4458 hazr.
515 4445 530 4470 ,
559 4420 678 4475 cap.
713 4404 805 4460 25.
840 4406 1097 4475 Apellitas
1148 4416 1331 4462 autem
1364 4421 1576 4462 veneno
1605 4421 1705 4462 suo
1740 4404 1934 4462 Orien-

358 4505 464 4551 tem
500 4498 798 4554 inlicientes
823 4502 1066 4556 coercuit
1105 4502 1399 4572 Origenes,
1434 4501 1511 4556 uti
1559 4500 1614 4556 in
1664 4501 1780 4570 ejus
1825 4502 1932 4556 vita

355 4589 750 4648 declaravimus
774 4631 791 4654 ,
831 4597 1030 4650 nedum
1063 4597 1148 4663 in
1185 4609 1375 4650 eorum
1424 4593 1740 4650 vecordiam
1799 4608 1932 4650 con-
1967 4627 2009 4681 ο

353 4682 546 4736 sensit.

427 4774 518 4832 XI.
548 4775 766 4848 Origeni
799 4794 1014 4850 quoque
1045 4780 1317 4852 objectum
1350 4789 1468 4845 est,
1504 4779 1675 4836 fuisse
1706 4794 1932 4849 persua-

355 4881 473 4922 sum
501 4869 578 4922 illi
613 4873 936 4927 ementitum
970 4887 1168 4944 corpus
1202 4884 1258 4928 ct
1283 4873 1465 4944 specie
1492 4883 1646 4928 tenus
1668 4887 1935 4943 apparens

355 4971 598 5030 gestasse
621 4963 922 5031 Christum,
953 4981 1057 5021 non
1083 4982 1271 5022 verum
1301 4985 1314 5034 ;
1339 4977 1396 5023 et
1420 4967 1572 5023 falsis
1605 4968 1934 5040 imaginibus

355 5052 672 5109 illudentem
702 5056 897 5122 oculis,
925 5057 1178 5112 inanibus
1214 5058 1622 5124 miraculorum,
1653 5059 1930 5123 laborum,

359 5153 862 5215 tormentorumque
875 5149 1082 5204 umbris
1095 5151 1344 5205 credulos
1368 5150 1617 5205 homines
1639 5151 1933 5206 inescasse.
1963 5195 1967 5198 .

356 5235 640 5304 Proprium
679 5238 730 5292 id
761 5237 865 5294 fuit
907 5241 1288 5295 luereticorum
1330 5243 1543 5298 illorum
1579 5243 1808 5313 dogma,
1843 5244 1935 5312 qui

356 5345 424 5382 ex
458 5345 523 5384 eo
550 5333 946 5400 φαντασιασταὶ
976 5344 1030 5388 et
1051 5333 1280 5404 δοκηταὶ
1308 5336 1410 5394 dici
1436 5345 1784 5391 meruerunt:
1817 5346 1940 5405 post

355 5435 586 5488 quorum
638 5422 960 5491 signiferum
997 5424 1276 5479 Simonem
1335 5426 1551 5496 Magum
1603 5427 1764 5497 primi
1812 5443 1937 5497 pro-

356 5520 664 5580 pugnarunt
695 5511 826 5564 illud
859 5510 1123 5567 Basilides
1143 5551 1158 5575 ,
1189 5513 1536 5580 Valentinus,
1567 5514 1766 5578 Cerdo,
1798 5514 1938 5568 hlar-
1965 5559 1968 5562 .

355 5602 441 5654 cio
487 5611 542 5656 et
601 5601 951 5658 llIauichteus.
993 5601 1137 5658 Inter
1175 5619 1312 5673 quos
1349 5603 1668 5660 Valentinus
1696 5605 1940 5674 spiritale

357 5695 626 5763 quoddam
663 5710 865 5766 corpus
910 5709 943 5750 e
988 5696 1129 5751 ccelo
1172 5696 1450 5753 Christum
1493 5697 1756 5754 detulisse
1788 5697 1936 5755 vole-

465 5875 510 5906 '“
564 5875 583 5929 I
631 5876 758 5933 Cor.
795 5891 863 5930 xv
889 5917 903 5938 ,
935 5875 1023 5930 47.
1104 5877 1148 5907 ⁷³
1177 5875 1351 5930 Zach.
1382 5891 1463 5940 ιιι,
1490 5875 1544 5930 5.

761 5973 1034 6035 Peracta
1070 5971 1185 6034 Gn.
1222 5972 1424 6034 XVII.

2030 635 2161 690 nihil
2195 637 2318 688 inde
2349 643 2671 687 sumentem.
2722 631 2879 686 Falsa
2912 647 3039 699 eos,
3090 634 3135 687 si
3177 632 3308 702 quid
3355 634 3615 702 conjicio,

2028 725 2133 782 loci
2168 727 2328 796 hujus
2360 725 2745 795 interpretatio
2772 723 2969 778 delusit
2996 743 3009 779 :
3053 743 3072 775 ι
3107 724 3325 780 Primus
3354 725 3519 780 homo
3545 727 3613 781 de

2031 829 2198 882 terra,
2233 828 2524 883 terrenus;
2570 816 2842 872 secundus
2893 816 3056 871 homo
3097 817 3165 872 de
3219 817 3394 881 coelo,
3447 818 3614 872 coele-

2030 909 2222 964 Stis“.
2258 928 2276 960 ι
2311 909 2526 978 Apelles
2556 917 2736 962 autem
2775 927 2795 960 ‹
2831 907 3108 964 Christum
3147 926 3320 980 neque
3352 910 3617 989 inspiran-

2033 1009 2264 1056 tasmate
2288 1000 2614 1056 dicitfuisse
2653 1001 2794 1056 sicut
2843 1000 3078 1055 Marcion
3107 1042 3124 1068 ,
3164 1017 3340 1072 neque
3389 1003 3444 1058 in
3487 990 3615 1059 sub:

2029 1093 2224 1146 stantia
2260 1093 2370 1147 veri
2406 1092 2652 1162 corporis
2677 1133 2691 1155 ,
2727 1099 2786 1146 ιιι
2819 1091 3170 1161 Evangelium
3200 1094 3395 1149 docet:
3427 1096 3523 1150 sed
3561 1097 3614 1150 in

2029 1201 2096 1240 eo
2127 1187 2272 1256 quod
2302 1201 2333 1240 e
2365 1187 2738 1256 superioribus
2781 1189 3027 1258 partibus
3071 1187 3462 1253 descenderet,
3497 1189 3616 1259 ipso

2030 1278 2294 1333 descensu
2353 1279 2620 1333 sideream
2687 1279 2789 1334 sibi
2834 1293 3052 1334 carnem
3108 1289 3163 1334 et
3212 1294 3426 1335 aeream
3480 1295 3613 1335 con-

2031 1371 2287 1426 texuisse.
2312 1389 2331 1423 ι
2357 1369 2534 1426 Verba
2567 1380 2692 1426 sunt
2719 1370 3036 1426 Tertulliani
3071 1371 3166 1426 lib.
3193 1371 3268 1424 De
3291 1373 3614 1442 pra’scripl.,

2031 1478 2153 1532 cap.
2186 1461 2277 1516 51.
2313 1461 2458 1517 Idem
2486 1477 2703 1532 quoque
2741 1463 2808 1518 de
2844 1463 3142 1532 Apollinari
3178 1464 3403 1518 adnotat
3434 1463 3612 1518 Theo-

2031 1555 2316 1626 phylactus
2343 1556 2395 1610 in
2428 1571 2492 1611 ιιι
2519 1555 2681 1610 Joan.
2705 1554 2859 1610 Unde
2879 1570 2908 1609 a
2933 1555 3216 1610 Valentino
3244 1570 3348 1610 non
3384 1557 3612 1610 multum

2032 1645 2300 1701 ahlnsisse
2329 1653 2625 1715 utrumque
2646 1645 2861 1716 planum
2894 1657 2998 1702 est.
3026 1646 3160 1703 Tres
3185 1647 3258 1702 illi
3295 1658 3471 1704 tamen
3503 1653 3616 1714 τοῖς

2032 1737 2460 1804 φαντασιασταίς
2487 1735 2766 1790 accenseri
2801 1746 3060 1805 possunt,
3089 1737 3171 1790 ὃτι
3205 1737 3268 1791 τὸ
3311 1737 3443 1791 αὐτό
3475 1739 3614 1802 ἐστι,

2033 1826 2207 1896 inquit
2236 1827 2469 1880 Irentnus
2487 1866 2502 1891 ,
2529 1826 2747 1898 δοκήσει
2775 1826 2952 1896 λέγειν
2977 1829 3308 1899 πεφηνέναι,
3343 1830 3435 1883 καὶ
3465 1830 3618 1884 οὐδὲν

2032 1921 2098 1973 ὲκ
2122 1920 2220 1991 τῆς
2239 1918 2457 1990 Μαρίας
2487 1919 2784 1990 εἰληφέναι.
2813 1919 2946 1972 Οὐδὲ
2965 1920 3074 1992 γὰρ
3100 1916 3167 1992 ἦν
3196 1920 3410 1993 ἀληθῶς
3440 1921 3618 1994 σάρκα

2034 2011 2128 2066 καὶ
2157 2005 2297 2082 αἷμα
2326 2009 2595 2082 ἐσχηκὼς,
2628 2011 2694 2064 δι’
2741 2004 2816 2066 ὧν
2844 2013 2994 2083 ἡμᾶς
3026 2012 3426 2084 ὲξηγοράσατο,
3457 2015 3505 2068 ει
3540 2015 3618 2088 μὴ

2031 2105 2130 2177 τὴν
2162 2103 2396 2176 ἀρχαίαν
2443 2103 2638 2159 πλάσιν
2667 2105 2760 2159 τοῦ
2805 2106 2980 2178 Ἀδὰμ
3010 2107 3091 2170 εἰς
3123 2107 3312 2161 ἑαυτὸν
3343 2107 3615 2178 ἀνεκεφα-

2033 2195 2324 2250 λαιώσατο.
2364 2212 2384 2246 ι
2421 2193 2556 2262 Quia
2595 2196 2738 2250 idem
2764 2206 2847 2252 est
2873 2198 3054 2253 dicere
3087 2199 3266 2268 specie
3297 2213 3420 2253 eum
3445 2215 3616 2271 appa-

2033 2288 2229 2353 ruisse,
2263 2297 2319 2342 et
2363 2287 2498 2342 nihil
2536 2287 2602 2343 dc
2651 2287 2818 2344 Maria
2872 2289 3191 2358 sumpsisse.
3241 2288 3428 2360 Neque
3469 2295 3614 2348 enim

2033 2395 2164 2436 vere
2193 2395 2416 2436 carnem
2446 2390 2501 2435 et
2535 2383 2857 2450 sanguinem
2890 2383 3203 2449 habuisset,
3246 2399 3345 2451 per
3370 2399 3493 2454 quas
3518 2401 3619 2440 nos

2035 2475 2289 2538 redemit,
2321 2474 2426 2529 nisi
2461 2484 2620 2530 vetus
2645 2474 2841 2530 Adami
2871 2474 3188 2546 ligurentum
3217 2475 3272 2532 in
3301 2490 3422 2531 sese
3443 2475 3616 2530 colle-

2033 2568 2222 2636 gisset.
2273 2587 2292 2618 D
2338 2566 2730 2623 Hzereticorum
2777 2583 2942 2638 porro
2987 2568 3203 2624 illorum
3262 2569 3618 2639 aequissimis

2033 2673 2271 2714 consona
2294 2658 2496 2714 dixisse
2525 2649 2817 2731 Origenem
2845 2662 3146 2717 adversarii
3173 2663 3292 2730 ejus
3315 2662 3620 2719 calumnia—

2031 2751 2251 2806 bantur.
2279 2768 2298 2803 ι
2329 2751 2529 2820 Quarta
2557 2751 2918 2824 (criminatio)
2941 2765 3060 2824 post
3091 2755 3223 2810 istas
3251 2763 3354 2820 est,
3378 2773 3397 2808 ι
3435 2756 3614 2826 inquit

2033 2843 2351 2913 Pamphilus
2379 2845 2433 2899 in
2462 2843 2752 2916 Apologia,
2788 2864 2808 2898 ι
2842 2861 2963 2916 quae
2993 2847 3116 2903 istis
3139 2849 3389 2904 omnibus
3419 2849 3616 2902 adver-

2033 2946 2183 2992 satur
2209 2935 2370 3006 (casca
2397 2937 2542 2992 enim
2573 2947 2656 2993 est
2691 2937 2940 3009 malitia),
2971 2940 3113 3008 quod
3145 2941 3330 2995 dicunt
3355 2955 3478 2996 eum
3529 2941 3617 2995 di-

2034 3043 2158 3084 cere
2189 3029 2428 3101 δοκήσει,
2459 3029 2512 3084 id
2543 3038 2648 3096 est,
2676 3031 2916 3099 putative
2949 3039 3182 3098 tantum,
3211 3041 3265 3087 et
3295 3047 3392 3103 per
3419 3032 3618 3103 allego-

2035 3122 2174 3177 riam
2197 3163 2213 3188 ,
2265 3139 2370 3179 non
2407 3123 2570 3179 etiam
2602 3123 2899 3178 secundum
2933 3139 2996 3178 ea
3043 3139 3162 3193 qua:
3196 3138 3294 3194 per
3328 3124 3616 3180 historiam

2038 3211 2539 3285 referuntur,gesta
2571 3229 2692 3269 esse
2721 3215 2901 3269 omnia
2932 3231 3053 3285 quae
3082 3232 3112 3269 a
3146 3215 3430 3270 Salvatore
3461 3227 3618 3286 gesta

2034 3315 2180 3361 sunt.
2231 3327 2251 3360 ι
2309 3307 2548 3362 Zonaras
2586 3323 2803 3378 quoque
2853 3308 2946 3362 lib.
2997 3323 3036 3362 ιι
3084 3305 3372 3377 Origenetu
3425 3309 3615 3364 existi-

2035 3413 2215 3454 masse
2264 3409 2425 3469 negat
2471 3396 2751 3455 Christum
2806 3400 2872 3456 de
2922 3401 3134 3471 virgine
3173 3399 3343 3455 Maria
3399 3415 3621 3456 carnem

2033 3491 2351 3559 sumpsisse.
2375 3490 2528 3548 Hanc
2551 3501 2734 3547 autem
2757 3491 3088 3547 calumniam
3117 3492 3233 3562 ipse
3259 3507 3290 3546 a
3317 3507 3376 3548 se
3403 3494 3623 3563 egregie

2034 3581 2254 3651 depellit
2283 3581 2550 3654 Origenes
2586 3584 2653 3640 iis
2685 3585 2869 3641 verbis
2894 3600 3016 3658 qua
3042 3585 3096 3642 in
3129 3587 3319 3642 eodem
3350 3585 3624 3657 Apologia:

2035 3671 2155 3728 loco
2185 3675 2506 3741 recitantur,
2536 3677 2842 3749 probatque
2873 3693 2939 3734 ex
2985 3677 3286 3749 Scripturis
3317 3679 3523 3734 sanctis
3553 3678 3625 3734 de

2035 3766 2243 3820 semine
2272 3767 2545 3822 Abraham
2573 3778 2628 3823 et
2656 3769 2826 3825 David
2866 3785 2994 3826 vere
3039 3782 3224 3825 natum
3260 3770 3424 3826 fuisse
3455 3771 3622 3827 Chri-

2035 3868 2177 3910 stum
2201 3896 2218 3922 ,
2267 3873 2440 3928 neque
2474 3878 2494 3912 ι
2534 3862 2775 3930 putative
2798 3901 2814 3927 ,
2858 3871 2910 3917 et
2943 3879 3040 3933 per
3076 3865 3413 3934 phantasiam
3455 3883 3474 3916 ι
3533 3879 3623 3918 res

2035 3964 2162 4006 suas
2186 3952 2460 4020 gessisse;
2491 3967 2668 4022 neque
2702 3953 2947 4024 spiritale
2973 3969 3196 4023 corpus,
3229 3955 3325 4010 sed
3361 3969 3618 4010 carneum

2035 4053 2089 4095 et
2129 4051 2406 4098 terrenum
2459 4044 2906 4112 circumtulisse;
2961 4060 3060 4101 nec
3109 4045 3312 4101 factum
3350 4061 3474 4102 cum
3526 4062 3623 4114 per

2036 4132 2342 4201 mulierem,
2373 4134 2468 4190 sed
2501 4149 2570 4190 ex
2600 4137 2848 4192 muliere.
2885 4136 3114 4193 Faciunt
3144 4147 3199 4192 et
3243 4152 3306 4192 ca
3359 4153 3456 4206 pro
3503 4138 3622 4207 ipso

2035 4242 2156 4297 quae
2181 4229 2402 4299 scripsit
2445 4230 2633 4286 homil.
2663 4233 2690 4288 1
2721 4232 2777 4285 in
2802 4231 3021 4296 Ezeclr.,
3053 4249 3178 4286 num
3210 4233 3243 4287 4
3271 4251 3284 4287 :
3327 4251 3346 4284 ι
3379 4232 3622 4301 Respon-

2036 4319 2198 4376 deant
2227 4321 2360 4376 mihi
2393 4322 2660 4388 haeretici,
2689 4324 2780 4394 qui
2826 4324 3164 4379 nativitatem
3201 4325 3343 4379 illius
3371 4323 3620 4396 (Christi)

2035 4423 2094 4469 ut
2124 4413 2447 4484 phantasma
2471 4416 2718 4482 eludunt,
2751 4431 2920 4486 quare
2952 4415 3206 4472 Christus
3238 4417 3406 4471 Filius
3440 4415 3622 4469 homi.

2037 4506 2121 4558 nis
2149 4506 2484 4576 appellatur;
2520 4525 2538 4560 ι
2569 4516 2626 4562 et
2651 4523 2772 4574 qua:
2801 4517 2960 4563 tract.
2991 4524 3137 4562 xxxv
3160 4511 3216 4562 in
3236 4507 3450 4570 ΗαιιΙι..
3471 4524 3618 4561 mnu.

2037 4598 2127 4666 92,
2155 4614 2276 4670 pag.
2295 4599 2429 4669 902;
2467 4619 2487 4652 ι
2523 4599 2837 4671 Suscipiens
2867 4602 3011 4656 enim
3041 4600 3334 4672 (Christus)
3368 4612 3619 4654 naturam

2039 4693 2218 4746 carnis
2241 4693 2508 4759 humanae,
2527 4688 2716 4750 Omnes
2746 4694 3106 4764 praprietates
3134 4695 3397 4760 implevit,
3422 4704 3479 4746 ut
3514 4707 3620 4746 ncu

2042 4781 2096 4835 in
2131 4784 2414 4851 phantasia
2450 4784 2707 4840 habuisse
2749 4801 2977 4842 carnem
3037 4787 3472 4850 existimaretur,
3525 4785 3620 4839 sed

2039 4874 2094 4928 in
2124 4875 2393 4943 veritate;
2433 4895 2450 4928 ι
2485 4889 2539 4932 et
2568 4878 2758 4932 homil.
2790 4879 2858 4934 M-
2902 4880 2958 4932 in
2983 4877 3156 4934 Luc.:
3200 4879 3356 4934 Iesus
3385 4887 3495 4932 erat
3537 4876 3621 4928 iu-

2038 4967 2198 5021 dutus
2224 4968 2446 5022 vestibus
2475 4969 2706 5024 sordidis
2738 4971 2807 5024 ".
2847 4989 2867 5022 ‹
2903 4970 3058 5038 Quod
3089 4971 3308 5041 quidem
3341 4983 3395 5025 et
3422 4971 3618 5023 adver-

2039 5071 2131 5112 sus
2157 5073 2251 5114 eos
2281 5058 2411 5114 facit
2439 5061 2529 5130 qui
2574 5070 2774 5131 negant
2802 5063 3088 5117 Dominum
3140 5073 3384 5120 nostrum
3433 5063 3621 5116 huma-

2037 5165 2168 5203 num
2199 5150 2454 5206 habuisse
2480 5166 2698 5222 corpus,
2729 5155 2824 5208 sed
2857 5154 3174 5210 caelestibus
3205 5165 3258 5208 et
3285 5153 3621 5225 spiritalibus

2040 5239 2206 5296 fuisse
2231 5251 2566 5301 contextum.
2597 5242 2654 5298 Si
2699 5245 2843 5298 enim
2875 5246 2941 5300 de
2969 5245 3304 5310 cmlestibus,
3336 5253 3394 5300 et
3445 5253 3506 5297 ut
3538 5243 3613 5296 illi

2039 5329 2175 5388 falso
2201 5343 2476 5398 asserunt,
2512 5335 2582 5390 de
2617 5335 2908 5400 sideribus,
2939 5346 2994 5391 et
3027 5337 3136 5390 alia
3164 5336 3397 5407 quadam
3449 5333 3620 5390 subli-

2040 5425 2197 5480 miori
2225 5425 2567 5496 spiritalique
2600 5436 2793 5481 natura
2823 5442 3021 5497 corpus
3042 5428 3163 5498 ejus
3192 5427 3376 5490 fuerit,
3399 5441 3624 5495 respou-

2045 5517 2209 5572 deant
2223 5530 2396 5585 quare
2413 5519 2653 5587 potuerit
2673 5518 2916 5588 spiritale
2939 5534 3140 5590 corpus
3159 5532 3282 5574 esse
3307 5518 3582 5573 sordidum
3604 5533 3620 5579 ;

2046 5617 2139 5662 aut
2177 5609 2450 5677 quomodo
2495 5609 2602 5664 hoc
2627 5611 3055 5679 interpretentur
3082 5609 3224 5680 quod
3275 5607 3564 5679 posuimus
3606 5625 3621 5661 :

2044 5697 2330 5772 Ιεειιερναι
2365 5701 2584 5758 indutus
2608 5703 2830 5758 vestibus
2867 5703 3137 5760 sordidis?
3164 5721 3185 5757 ι
3206 5711 3258 5758 et
3289 5702 3385 5758 lib.
3419 5717 3454 5758 ιι
3485 5702 3626 5771 Περὶ

3229 5968 3306 6026 Ξὶβ
