4160 6392
522 430 627 488 811

1794 424 1854 482 Ρ.
1900 427 2214 484 DANIELIS
2254 422 2487 485 lIUETlI

3677 432 3783 488 8ἰὲ

526 550 751 620 ἀρχῶν,
783 562 899 617 cap.
930 546 986 612 6,
1020 560 1167 600 num.
1200 542 1271 598 2:
1311 563 1329 595 ι
1365 544 1588 615 Propter
1619 547 1762 615 quod
1797 561 1918 601 cum
1952 548 2099 601 omni
2130 556 2175 612 Α
2276 548 2440 603 Trahi
2472 563 2683 619 quoque
2712 547 2838 602 illud
2867 556 3040 617 potest
3072 548 3123 602 in
3154 545 3478 603 calumniam
3507 550 3648 618 quod
3678 553 3779 604 ha-

527 652 672 697 metu
705 649 758 695 et
802 639 1102 695 reverentia
1146 636 1616 706 contemplandum
1658 647 1773 705 est,
1810 647 1869 691 ut
1911 638 1963 692 in
1996 654 2103 693 uno

524 736 823 802 eodemque
849 731 923 784 ita
954 732 1237 799 utriusque
1278 739 1482 784 natura:
1510 729 1713 785 veritas
1762 731 2102 785 demonstre-

524 837 615 881 tur
639 866 655 891 ,
692 834 753 878 ut
788 838 962 892 neque
996 822 1198 892 aliquid
1242 822 1518 893 indignum
1548 830 1603 877 et
1646 822 1901 878 indecens
1932 824 1984 876 in
2018 824 2099 877 di-

521 919 647 972 vina
702 917 795 971 illa
844 924 899 970 et
943 912 1197 969 ineffabili
1246 912 1544 967 substantia
1596 914 1880 979 sentiatur,
1926 928 2101 983 neque

522 1024 739 1063 rursum
767 1022 887 1076 qua
912 1016 1060 1077 gesta
1095 1013 1221 1059 sunt
1255 1004 1406 1059 falsis
1438 1004 1592 1057 illusa
1626 1005 1955 1073 imaginibus
1984 1005 2101 1058 exi-

510 1104 852 1165 stimentur;
900 1118 919 1151 ι
952 1109 1007 1154 ει
1037 1100 1131 1152 lib.
1166 1113 1195 1149 ν
1230 1098 1287 1150 in
1315 1096 1484 1164 Epist.
1516 1100 1585 1150 ad
1616 1096 1791 1161 Rom.,
1841 1113 1991 1153 num.
2022 1097 2055 1152 9
2082 1115 2095 1150 :

530 1214 552 1245 ‹
588 1194 695 1249 Sed
740 1194 842 1247 hoc
878 1207 983 1246 non
1025 1190 1382 1260 intelligentes
1422 1190 1641 1257 quidam
1699 1188 2096 1250 haereticorum,

523 1288 702 1343 conati
752 1296 880 1341 sunt
921 1300 986 1340 ex
1041 1284 1145 1339 hoc
1187 1284 1428 1351 Apostoli
1478 1282 1596 1337 loco
1626 1281 1810 1349 (Rom.
1845 1295 1918 1344 v1,
1955 1281 2011 1345 5,
2042 1280 2098 1349 6)

522 1394 771 1435 asserere
816 1379 958 1447 quod
1004 1376 1253 1431 Christus
1301 1391 1405 1430 non
1447 1388 1575 1429 vere
1607 1381 1853 1427 mortuus
1881 1372 1972 1439 sit,
2004 1373 2097 1426 sed

518 1472 933 1528 similitudinem
981 1470 1173 1524 mortis
1206 1467 1477 1533 habuerit,
1526 1476 1581 1521 et
1612 1467 1761 1520 visus
1799 1466 1871 1521 sit
1922 1465 2098 1535 magis

520 1567 702 1628 mori,
730 1577 891 1633 quam
924 1577 1050 1616 vere
1090 1572 1335 1616 mortuus
1385 1561 1473 1613 sit.
1517 1558 1726 1626 Quibus
1774 1558 2099 1627 respondere

521 1658 779 1728 quoniam
808 1654 1063 1725 perfacile
1089 1665 1193 1717 est,
1216 1669 1319 1708 non
1344 1661 1472 1724 puto
1500 1651 1867 1708 necessarium
1896 1665 1960 1705 ex
1995 1664 2101 1703 ca:-

521 1753 655 1807 teris
670 1752 752 1805 vel
780 1749 1049 1818 Apostoli,
1075 1749 1159 1804 vel
1186 1747 1605 1817 Evangeliorum
1631 1744 1818 1806 dictis,
1845 1742 1935 1796 ubi
1968 1742 2098 1797 sim—

518 1843 729 1913 pliciter
760 1855 905 1894 mors
939 1838 1075 1906 ejus,
1110 1849 1165 1894 et
1199 1854 1303 1893 non
1340 1834 1639 1891 similitudo
1670 1835 1863 1887 mortis
1898 1832 2095 1886 scribi-

519 1943 632 1995 tur,
663 1930 1095 1984 testimoniornm
1127 1929 1336 1997 pondus
1366 1925 1643 1986 adhibere.
1674 1938 1796 1977 cum
1828 1923 2095 1991 possimus

518 2022 586 2076 ad
610 2037 703 2077 eos
732 2022 912 2076 dicere
939 2038 954 2075 :
984 2020 1042 2075 Si
1068 2020 1363 2075 similitudo
1394 2018 1588 2073 mortis
1606 2016 1724 2083 fuit,
1752 2025 1806 2071 et
1836 2032 1939 2071 non
1970 2031 2093 2071 vera

517 2115 872 2180 resurrectio,
888 2122 949 2168 et
981 2129 1077 2167 nos
1098 2127 1228 2182 ergo
1250 2112 1553 2166 videbimur
1581 2124 1884 2180 resurgere,
1912 2118 1965 2162 et
1988 2123 2094 2162 non

518 2219 893 2275 resurgemus:
920 2213 975 2258 et
995 2203 1300 2258 videbimur
1326 2202 1461 2255 mori
1485 2209 1725 2270 peccato,
1752 2208 1807 2255 et
1838 2214 1943 2253 non
1970 2212 2094 2252 vere

519 2300 854 2353 moriemur:
884 2307 939 2351 et
962 2312 1125 2351 omne
1149 2310 1278 2365 ergo
1307 2294 1448 2364 quod
1479 2304 1687 2363 gestum
1718 2302 1826 2357 est,
1859 2300 1913 2345 et
1945 2291 2095 2360 geri-

519 2403 629 2455 tur,
658 2392 832 2445 visum
864 2400 947 2445 est
975 2388 1125 2459 geri,
1156 2386 1252 2441 sed
1302 2402 1407 2440 non
1448 2395 1529 2439 est
1563 2394 1796 2455 gestum.
1836 2381 2097 2451 Superest

518 2485 684 2553 igitur
711 2493 769 2536 ut
797 2492 852 2536 et
877 2482 1019 2551 quod
1060 2480 1253 2535 salvali
1300 2494 1510 2543 sumus,
1540 2477 1643 2531 visi
1675 2478 1846 2530 simus
1872 2473 2091 2539 salvari,

516 2575 613 2629 sed
640 2590 743 2626 non
772 2588 897 2627 vere
932 2571 1122 2626 salvati
1149 2571 1334 2624 simus.
1361 2567 1513 2622 Unde
1542 2567 1795 2636 quoniam
1831 2566 1943 2619 hac
1987 2575 2092 2617 tam

517 2668 751 2723 absurda
792 2674 940 2733 sunt,
978 2675 1034 2719 ut
1060 2680 1165 2718 non
1211 2664 1490 2733 indigeant
1535 2657 1964 2731 probationibus,
1998 2671 2095 2710 nos

516 2760 584 2815 ad
612 2758 1044 2827 explanationem
1071 2770 1260 2811 eorum
1290 2770 1409 2825 qua:
1437 2754 1705 2809 habentur
1733 2752 1784 2805 in
1821 2750 2097 2818 sequenti-

514 2869 616 2909 :ars
642 2863 1058 2915 convertamur;
1098 2870 1120 2902 ι
1150 2858 1204 2904 ει
1265 2850 1360 2903 lib.
1395 2865 1432 2902 ll
1478 2856 1657 2901 contra
1710 2843 1847 2899 Cels.
1874 2884 1887 2904 ,
1942 2858 2089 2896 num.

516 2946 607 3013 ιϐ,
656 2961 777 3016 pag.
812 2942 958 2997 402:
1006 2940 1204 2995 Ἐλαθε
1238 2941 1296 2994 δὲ
1337 2939 1497 2993 αὐτὸν
1542 2938 1603 2990 τὸ
1648 2936 1927 3008 εἰρηκέναι
1972 2933 2095 2987 τινὰ

514 3040 624 3093 τῶν
649 3040 706 3092 ὲν
729 3039 846 3101 ταῖς
875 3036 1136 3108 αἱρέσεσι,
1167 3034 1386 3105 δοκήσει
1426 3031 1517 3085 τὸν
1558 3028 1765 3101 Ἰησοῦν
1790 3027 1960 3081 ταῦτα
1995 3044 2095 3079 πε-

515 3130 791 3193 ·πιονθέναι,
820 3130 879 3183 οὐ
914 3127 1235 3181 πεπονθότα.
1273 3126 1347 3179 Οὐ
1381 3124 1489 3196 γὰρ
1552 3121 1807 3191 ἐγνωκὼς
1833 3116 1951 3173 εἶπε
1992 3118 2056 3170 τό
2077 3134 2090 3147 ·

514 3224 638 3277 ινὺδὲ
662 3223 770 3293 γὰρ
793 3222 951 3275 τοῦτο
987 3220 1169 3273 εἴπετε
1187 3260 1201 3285 ,
1229 3219 1311 3271 ὅτι
1338 3217 1510 3270 ἐδόκει
1562 3216 1659 3286 μὲν
1689 3217 1802 3278 τοῖς
1848 3212 2095 3267 ἀσεϐέσιν

516 3312 821 3383 ἀνθρώποις
854 3310 1025 3364 ταῦτα
1059 3311 1308 3379 πάσχειν,
1333 3308 1432 3360 οὐκ
1454 3307 1657 3377 ἔπασχε
1686 3305 1768 3358 δέ·
1802 3303 1916 3357 ἀλλ’
1946 3304 2093 3358 ἄντι-

516 3423 654 3477 κρυς
685 3405 879 3458 παθεῖν
917 3402 1293 3474 ὁμολογεῖται·
1331 3400 1448 3452 ἀλλ’
1490 3401 1652 3470 ἡμεῖς
1696 3397 1757 3450 τὸ
1795 3396 1973 3449 δοκεῖν
2004 3396 2096 3448 ἐπὶ

514 3496 608 3549 τοῦ
642 3496 831 3549 παθεῖν
856 3494 916 3548 οὐ
945 3497 1214 3564 τάσσομεν
1233 3536 1246 3558 ,
1286 3493 1371 3545 ἵνα
1410 3492 1482 3562 μὴ
1516 3489 1715 3561 ψευδὴς
1752 3487 1917 3540 αὑτοῦ
1941 3487 2091 3558 καὶὴ

514 3588 810 3650 ἀνάστασις
842 3582 897 3657 ᾖ,
924 3584 1037 3638 ἀλλ’
1070 3583 1295 3654 ἀληθής.
1332 3582 1388 3635 'O
1419 3582 1528 3652 γὰρ
1551 3578 1763 3650 ἀληθῶς
1789 3575 2092 3641 ἀποθανὼν,

516 3681 567 3733 εἰ
606 3679 803 3749 ἀνέστη
824 3717 838 3742 ,
869 3676 1082 3748 άληθῶς
1105 3675 1326 3745 ἀνέστη.
1372 3674 1432 3728 'O
1456 3672 1512 3725 δὲ
1544 3670 1717 3725 δοκῶν
1754 3668 2092 3740 τεθνηκέναι,

515 3770 618 3824 οὐκ
653 3767 874 3840 ἀληθῶς
902 3768 1124 3837 ἀνέστη.
1153 3766 1289 3822 Hinc
1320 3765 1464 3819 illius
1494 3764 1546 3819 in
1591 3762 1950 3816 Marcionistis
1976 3760 2095 3830 opi-

516 3861 697 3914 nionis
728 3861 1048 3914 damnanda:
1089 3874 1153 3914 ac
1181 3856 1519 3912 confutandae
1546 3863 1726 3924 partes
1770 3853 2093 3906 Adamantio

515 3960 665 4006 recte
702 3951 890 4005 tribuit
920 3959 1112 4005 auctor
1146 3948 1342 4018 dialogi
1388 3945 1465 4000 De
1505 3954 1647 3999 recta
1682 3945 1738 3998 in
1766 3941 1933 3997 Deum
1964 3942 2093 4011 fide,

515 4053 649 4098 sect.
677 4042 729 4096 ι.

588 4134 700 4189 XII.
736 4135 866 4200 Qua:
898 4149 1022 4188 cum
1054 4134 1125 4186 ita
1152 4132 1295 4195 sint,
1332 4130 1528 4184 mirum
1555 4127 1724 4183 videri
1751 4127 1939 4197 possit,
1966 4125 2094 4195 quid

516 4225 587 4278 sit
633 4240 730 4278 cur
776 4224 961 4278 homil.
998 4223 1059 4275 ΓΙ
1098 4224 1149 4275 in
1182 4219 1311 4273 Luc.
1355 4222 1427 4275 ita
1476 4219 1759 4288 scripserit
1793 4218 2092 4287 Origenes:

520 4335 539 4367 ι
581 4315 777 4370 Habuit
809 4331 1005 4385 corpus
1029 4312 1636 4385 hutnanum(Christus)
1671 4321 1726 4365 et
1750 4311 1855 4365 hoc
1884 4310 2092 4379 signum

515 4416 599 4460 est
632 4408 715 4460 cui
752 4406 1163 4460 contradicitur.
1192 4403 1299 4458 Alii
1330 4405 1475 4459 enim
1513 4404 1698 4458 dicunt
1722 4416 1845 4457 eum
1881 4401 2097 4456 venisse

515 4499 584 4552 de
610 4499 803 4561 cretis;
837 4497 927 4550 alii
975 4496 1080 4551 tale
1125 4498 1284 4566 quale
1330 4511 1428 4551 nos
1471 4510 1668 4565 corpus
1717 4494 2009 4558 habuisse,
2040 4502 2097 4547 ut

515 4604 614 4659 per
657 4588 1064 4643 similitudinem
1106 4587 1350 4655 corporis
1412 4586 1575 4640 etiam
1626 4594 1809 4639 nostra
1868 4598 2093 4653 corpora
2126 4609 2172 4664 ι)

516 4680 808 4734 redimeret
834 4694 864 4733 a
910 4678 1168 4746 peccatis.
1207 4687 1261 4733 ct
1294 4678 1448 4731 daret
1478 4674 1633 4731 nobis
1666 4690 1814 4743 spem
1849 4688 2092 4729 resurre-

514 4771 737 4825 ctionis.
779 4788 797 4820 ι
839 4767 1209 4838 Reprehendit
1253 4782 1345 4821 eos
1378 4765 1643 4836 Origenes
1689 4767 1783 4833 qui
1815 4766 2090 4819 Christum

515 4862 704 4915 dicunt
737 4877 755 4909 ‹
799 4858 903 4912 tale
954 4856 1115 4926 quale
1159 4870 1258 4911 nos
1310 4870 1507 4923 corpus
1560 4854 1850 4921 habuisse;
1893 4872 1911 4901 ο
1963 4868 2093 4922 ergo

516 4963 714 5018 corpus
743 4948 913 5002 nostri
958 4947 1216 5002 dissimile
1237 4956 1477 5019 gestasse
1505 4945 1732 5014 putavit.
1766 4944 1821 4997 In
1855 4958 1963 5013 quo
1994 4960 2092 4996 au-

519 5052 627 5095 tem
659 5040 832 5109 posita
877 5039 1041 5094 fuerit
1066 5054 1129 5094 ea
1166 5038 1575 5102 dissimilitudo,
1602 5038 1715 5105 ipse
1766 5037 2015 5091 edisserit
2040 5040 2091 5089 in

516 5132 785 5202 prommio
819 5129 1079 5184 librorum
1120 5128 1262 5199 Περί
1290 5126 1525 5196 ἀρχῶν,
1563 5142 1712 5180 num.
1746 5127 1819 5181 ιε
1858 5145 1876 5177 ι
1914 5127 2094 5182 lncar-

516 5234 678 5277 natus
710 5233 791 5279 est
820 5223 1111 5293 (Christus)
1146 5239 1270 5277 cum
1302 5224 1443 5274 Deus
1468 5230 1633 5283 esset,
1664 5229 1719 5274 et
1749 5221 1909 5273 homo
1938 5234 2093 5273 man-

517 5317 588 5370 sit
620 5316 761 5386 quod
809 5316 952 5371 Deus
985 5326 1126 5371 erat.
1159 5316 1364 5383 Corpus
1414 5313 1708 5382 assumpsit
1752 5321 1938 5367 nostro
1969 5328 2097 5367 cor-

516 5410 636 5479 pori
666 5408 862 5471 simile,
893 5422 959 5462 eo
985 5409 1104 5464 solo
1135 5407 1391 5462 diﬂ‘erens
1414 5406 1556 5475 quod
1581 5415 1765 5457 natum
1786 5420 1849 5457 ex
1877 5404 2097 5475 Virgine

518 5500 587 5553 de
622 5498 824 5567 Spiritu
854 5510 1043 5554 sancto
1072 5510 1178 5554 est.
1211 5499 1275 5552 Et
1311 5498 1564 5567 quoniam
1605 5496 1705 5564 illic
1745 5493 1901 5550 Jesus
1939 5495 2097 5549 Chri-

519 5600 637 5643 stus
682 5599 839 5643 natus
886 5600 941 5643 et
992 5606 1181 5659 passus
1230 5598 1313 5643 est
1364 5590 1416 5641 in
1464 5596 1711 5650 veritate,
1749 5597 1803 5641 et
1847 5602 1953 5639 non
2003 5599 2098 5653 per

520 5681 863 5750 phantasiam
919 5694 1261 5735 communem
1319 5680 1457 5733 hanc
1517 5689 1745 5734 mortem
1818 5677 2098 5738 sustinuit,

520 5788 648 5827 vere
696 5780 941 5825 mortuus
989 5780 1073 5827 est
1117 5789 1133 5826 :
1186 5786 1313 5826 vere
1363 5772 1507 5827 enim
1560 5788 1589 5827 a
1636 5771 1865 5827 mortuis
1919 5784 2099 5825 resur-

522 5866 681 5929 rexit,
715 5881 734 5915 ι
765 5869 873 5917 etc.

2204 641 2296 695 bet
2316 640 2575 711 Origenes
2606 642 2656 694 in
2685 642 2937 709 Apologia
2964 640 3224 711 Pamphili
3252 656 3315 696 ex
3345 642 3436 696 lib.
3474 659 3489 697 ι
3520 644 3576 697 in
3604 642 3779 713 Epist.

2205 733 2274 785 ad
2309 730 2482 786 Galat.
2511 746 2530 783 :
2564 752 2581 783 ι
2620 731 2725 787 Sed
2754 744 2807 787 et
2835 734 3263 788 circumcisionis
3288 734 3405 804 ejus
3441 737 3580 790 ratio
3622 738 3785 792 nobis

2202 825 2423 893 quidem
2468 841 2574 879 non
2623 824 2903 894 generabit
2946 826 3248 894 angustiam
3273 866 3288 888 ,
3320 827 3622 882 dicentibus
3655 844 3782 882 eum

2202 924 2601 983 consequenter
2618 914 2860 969 humano
2886 928 3115 983 corpore
3135 924 3191 969 et
3222 916 3605 971 circumcisum
3633 933 3778 981 esse,

2204 1018 2258 1060 et
2285 1006 2605 1073 prreputium
2637 1004 2752 1071 ejus
2789 1012 2945 1057 terra:
2980 1006 3295 1058 mandatum
3334 1006 3581 1061 fortassis
3607 1023 3782 1077 usque

2202 1101 2269 1151 ad
2317 1108 2566 1169 tempus;
2602 1107 2694 1151 aut
2728 1097 2772 1152 si
2820 1098 2980 1151 aliter
3008 1108 3091 1153 est
3114 1138 3129 1162 ,
3167 1099 3219 1151 in
3254 1099 3357 1154 alia
3409 1102 3783 1171 disputatione

2204 1193 2530 1260 requirctur.
2563 1189 2689 1244 Haec
2713 1198 2890 1246 tamen
2920 1192 3037 1261 ejus
3066 1192 3412 1247 circumcisio
3442 1194 3577 1248 satis
3610 1209 3779 1248 coan-

2202 1285 2442 1353 gustabit
2475 1297 2567 1337 eos
2609 1282 2700 1351 qui
2744 1297 2811 1337 ex
2861 1283 3073 1339 diverso
3126 1295 3251 1339 sunt
3282 1285 3359 1355 (id
3399 1295 3502 1350 est,
3531 1286 3776 1357 ἑτεροδό-

2203 1378 2345 1444 ξους,
2382 1393 2487 1446 qua
2534 1378 2753 1431 notione
2792 1377 2979 1432 eadem
3026 1378 3226 1433 locutio
3253 1379 3379 1433 alibi
3423 1382 3771 1450 usurpatur);

2201 1470 2444 1540 spiritale
2483 1468 2627 1524 enim
2662 1483 2859 1538 corpus
2897 1470 3166 1539 quomodo
3210 1479 3424 1538 poterat
3453 1472 3777 1527 circumcidi

2202 1562 2348 1616 ferro
2373 1570 2588 1614 terreno
2610 1561 2632 1613 ?
2653 1558 2875 1629 Propter
2897 1561 3036 1629 quod
3067 1577 3170 1615 non
3196 1562 3529 1616 erubuerunt
3554 1564 3777 1633 quidam

2201 1662 2266 1702 ex
2298 1648 2429 1717 ipsis
2455 1648 2520 1702 de
2564 1649 2824 1718 praeputio
2862 1650 3296 1705 circumcisionis
3329 1652 3445 1721 ejus
3496 1653 3659 1706 etiam
3708 1654 3779 1707 li-

2200 1738 2328 1795 bros
2364 1742 2561 1801 edere.
2593 1741 2791 1809 quibus
2840 1740 3125 1795 ostendere
3162 1752 3493 1797 conarentur
3532 1746 3673 1813 quod
3720 1746 3775 1800 in

2204 1831 2561 1885 substantiam
2593 1830 2821 1885 cesserit
2864 1831 3184 1899 spiritalem.
3214 1831 3327 1885 Non
3380 1835 3558 1888 minus
3587 1845 3773 1889 autem

2203 1924 2633 1992 angustabuntur
2660 1923 2823 1976 etiam
2858 1921 2931 1975 illi
2964 1924 3057 1991 qui
3094 1923 3330 1977 animale
3357 1938 3555 1993 corpus
3586 1925 3780 1981 dicunt

2201 2027 2321 2067 esse
2351 2027 2543 2082 corpus
2574 2010 2795 2067 Christi.
2838 2030 2857 2064 ι
2893 2013 3035 2080 Ergo
3068 2012 3299 2067 animale
3336 2028 3535 2081 corpus
3560 2014 3781 2070 Christo

2201 2103 2505 2171 abjudicat;
2558 2104 2651 2158 sed
2702 2112 2758 2158 ct
2810 2104 3128 2168 humanum,
3160 2102 3454 2157 humanum
3508 2106 3778 2175 siquidem

2207 2212 2225 2245 ι
2260 2208 2458 2263 corpus
2498 2193 2730 2249 animale
2766 2212 2785 2245 ι
2830 2194 2983 2261 juxta
3012 2194 3327 2264 Apostolum
3363 2196 3382 2249 l
3412 2197 3537 2251 Cor.
3576 2214 3678 2262 xv.
3708 2199 3780 2252 M

2201 2294 2255 2338 et
2284 2299 2399 2353 seq.
2429 2282 2629 2338 Verum
2660 2299 2750 2338 res
2779 2285 2936 2340 aliter
2958 2287 3193 2354 putanda
3228 2296 3333 2343 est.
3365 2287 3777 2344 Valentinianos

2202 2376 2464 2446 siquidem
2521 2377 2873 2447 perstringit,
2928 2378 3021 2446 qui
3072 2392 3195 2431 cum
3252 2378 3446 2447 triplex
3494 2379 3778 2435 hominum

2202 2481 2370 2537 genus
2401 2481 2519 2521 esse
2548 2466 2867 2530 sciscerent,
2900 2465 3009 2518 τῶν
3043 2467 3455 2536 πνευματικῶν,
3485 2468 3593 2520 τῶν
3614 2468 3781 2539 ψυχι-

2201 2559 2335 2624 κῶν,
2384 2568 2438 2614 ει
2468 2558 2574 2611 τῶν
2607 2558 2807 2628 χοῖκῶν
2837 2562 2930 2629 qui
2978 2570 3032 2615 et
3078 2560 3283 2625 ὗλικοί,
3319 2569 3376 2615 ει
3426 2562 3679 2631 σαρκικοί
3725 2570 3781 2617 et

2200 2651 2379 2722 γήϊνοι
2418 2649 2486 2703 ab
2517 2651 2621 2704 illis
2666 2649 3025 2717 dicebantur,
3062 2659 3118 2705 et
3162 2652 3341 2721 priora
3392 2652 3498 2705 duo
3542 2652 3777 2707 salutem

2200 2754 2457 2797 aeternam
2488 2743 2703 2810 assequi
2731 2756 2909 2810 posse.
2936 2743 3203 2810 posterius
3231 2745 3547 2812 neutiquam
3577 2760 3591 2807 ;
3618 2744 3780 2799 Chri-

2204 2844 2346 2887 stum
2372 2848 2478 2887 non
2500 2832 2872 2903 πνευματικὴν
2890 2834 3083 2895 solum,
3116 2834 3209 2888 sed
3228 2832 3464 2904 ψυχικὴν
3497 2834 3660 2888 etiam
3684 2851 3782 2887 na-

2204 2936 2379 2979 turam
2410 2926 2769 2994 assumpsisse
2799 2925 3148 2980 definiebant.
3192 2925 3405 2981 Testem
3456 2926 3645 2981 damus
3673 2926 3781 2980 Ire-

2204 3034 2377 3071 nmum
2404 3018 2542 3086 apud
2579 3019 2936 3087 Epiphaniam
2968 3019 3096 3072 haer.
3128 3034 3291 3084 xm,
3345 3034 3465 3087 cap.
3510 3019 3581 3072 20
3624 3037 3639 3074 :
3686 3019 3781 3073 Διὸ

2202 3112 2297 3164 καὶ
2327 3110 2530 3181 κόσμον
2556 3111 2988 3165 κατεσκευάσθαι
3017 3112 3261 3179 λέγουσι,
3305 3113 3398 3165 καὶ
3430 3112 3520 3164 τὸν
3548 3112 3779 3183 Σωτῆρα

2202 3202 2260 3255 δὲ
2289 3205 2381 3257 ἐπὶ
2408 3202 2565 3256 τοῦτο
2586 3204 3017 3274 παραγεγονέναι
3048 3204 3109 3257 ἰνδ
3136 3204 3384 3274 ψυχικὸν,
3417 3204 3537 3256 ἐπεὶ
3564 3204 3658 3257 καὶ
3683 3206 3751 3257 αὑ

2198 3294 2469 3361 τεξούσιάν
2513 3296 2681 3360 ἐστιν,
2729 3296 2876 3360 ὅπως
2917 3296 3049 3349 αὐτὸ
3088 3295 3260 3369 σώσῃ.
3295 3292 3396 3349 Ὧν
3447 3296 3555 3367 γὰρ
3584 3296 3778 3367 ἔμελλε

2198 3386 2427 3452 σώζειν,
2474 3386 2575 3451 τὰς
2615 3388 2867 3458 ἀπαρχὰς
2914 3387 3092 3441 αὐτῶν
3143 3390 3422 3458 εἰληφέναι
3454 3391 3777 3457 φάσκουσιν,

2196 3480 2305 3533 ἀπὸ
2338 3479 2435 3550 μὲν
2476 3481 2576 3550 τῆς
2614 3480 2861 3549 Ἁχαμὼθ
2900 3480 2959 3533 τὸ
2994 3482 3390 3551 πνευματικὸν,
3440 3483 3549 3535 ἀπὸ
3581 3483 3636 3534 δὲ
3682 3480 3778 3535 τοῦ

2196 3572 2539 3643 Δημιουργοῦ
2574 3572 2879 3626 ἐνδεδύσθαι
2909 3574 2972 3626 τὸ
3006 3574 3235 3643 ψυχικὸν
3272 3574 3537 3645 Χριστὸν,
3569 3574 3676 3629 ἀπὸ
3719 3574 3779 3627 δὲ

2195 3664 2295 3734 τῆς
2321 3664 2630 3733 οἰκονομίας
2653 3666 3051 3736 περιτεθεῖσθαι
3084 3666 3239 3736 σῶμα
3266 3665 3502 3736 ψυχικὴν
3535 3665 3657 3735 ἔχον
3685 3667 3779 3719 οὐ·

2198 3753 2339 3817 σίαν,
2382 3756 2889 3825 κατεσκευασμένον
2934 3754 2991 3807 δὲ
3035 3756 3259 3827 ἀρρήτῳ
3300 3757 3462 3827 τέχνῃ
3489 3797 3503 3819 ,
3536 3756 3672 3827 πρὸς
3715 3756 3779 3809 τδ

2196 3848 2291 3900 καὶ
2334 3848 2547 3919 ὁρατὸν,
2593 3848 2686 3901 καὶ
2732 3847 3071 3917 ψηλαφητὸν,
3122 3850 3217 3903 καὶ
3262 3850 3503 3921 παθητὸν
3545 3849 3778 3919 γεγενῆ-

2196 3938 2341 3992 σθαι.
2395 3940 2504 3992 Καὶ
2556 3938 2740 3992 ὑλικὸν
2779 3940 2837 3992 δὲ
2891 3940 2998 3993 οὐδ’
3040 3939 3217 3993 ὁτιοῦν
3263 3940 3539 4009 εἰληφέναι
3589 3940 3778 4007 λέγου-

2198 4049 2283 4086 σιν
2319 4031 2502 4089 αὐτόν.
2540 4031 2633 4102 Μὴ
2670 4030 2780 4103 γὰρ
2833 4027 2971 4085 εἶναι
3011 4032 3108 4102 τὴν
3143 4031 3275 4101 ὓλην
3311 4032 3561 4103 δεκτικὴν
3602 4049 3779 4104 σωτη-

2199 4122 2339 4194 ρίας.
2380 4142 2399 4174 ι
2432 4123 2694 4189 Quocirca
2720 4132 2773 4176 et
2810 4124 3065 4176 mundum
3099 4125 3375 4178 conditum
3408 4141 3529 4180 esse
3561 4127 3769 4188 dicunt.

2197 4223 2251 4267 et
2275 4215 2620 4269 Servatorem
2651 4213 2719 4267 ad
2756 4212 2990 4267 animale
3022 4212 3152 4268 illud
3181 4216 3487 4279 devenisse,
3515 4217 3771 4285 quoniam

2198 4305 2449 4362 libertate
2478 4306 2686 4360 arbitrii
2715 4305 2899 4375 pollet,
2926 4312 2985 4359 ut
3013 4305 3065 4359 id
3099 4316 3363 4361 servaret.
3390 4307 3599 4373 Quibus
3628 4308 3775 4361 enim

2197 4399 2423 4455 salutem
2460 4410 2875 4468 comparaturus
2903 4410 3087 4465 esset,
3133 4415 3322 4455 eorum
3368 4401 3638 4470 primitias
3684 4415 3777 4454 as-

2198 4490 2494 4558 sumpsisse
2536 4489 2762 4557 dicunt;
2796 4496 2864 4545 ab
2894 4490 3201 4547 Achamoth
3250 4491 3467 4560 quidem
3501 4493 3769 4562 spiritale,

2199 4581 2267 4635 ab
2289 4580 2496 4649 Opifice
2525 4594 2658 4634 vero
2685 4581 2921 4635 animale
2941 4579 3216 4636 Christum
3246 4584 3487 4638 induisse
3513 4602 3525 4637 :
3560 4593 3779 4652 propter

2199 4673 2727 4728 administrationem
2792 4683 2971 4728 autem
3032 4690 3184 4729 suam
3232 4675 3674 4743 circumpositum
3724 4676 3775 4728 ei

2199 4763 2368 4819 fuisse
2402 4779 2599 4833 corpus
2647 4763 2865 4817 animali
2914 4775 3108 4819 natura
3159 4767 3442 4833 prmditum
3471 4805 3487 4830 ,
3522 4764 3779 4819 itteﬂabili

2198 4869 2329 4910 vero
2358 4865 2475 4911 arte
2497 4865 2895 4921 constructum,
2923 4868 2981 4912 ut
3003 4859 3198 4922 videri,
3233 4861 3377 4925 tangi
3408 4868 3463 4911 et
3509 4859 3618 4923 pati
3657 4873 3780 4925 μοι·
3812 4896 3819 4902 .

2201 4957 2307 5002 set.
2336 4946 2480 5001 Nihil
2512 4959 2691 5001 autem
2724 4952 2951 5004 materia
2982 4960 3239 5005 constans
3286 4949 3439 5002 illum
3473 4950 3780 5015 suscepisse

2202 5040 2386 5094 dicunt
2422 5056 2437 5104 ;
2485 5042 2767 5096 materiam
2817 5044 3018 5114 quippe
3066 5043 3263 5097 salutis
3302 5042 3615 5111 neutiquam
3658 5056 3779 5094 esse

2203 5147 2481 5201 capacem.
2520 5152 2539 5184 ι

2275 5222 2409 5279 XIII.
2451 5225 2527 5279 Ac
2567 5226 2827 5295 cogitanti
2862 5228 2991 5281 mihi
3024 5229 3167 5283 unde
3200 5227 3342 5281 hanc
3368 5227 3433 5280 de
3468 5241 3527 5280 se
3561 5224 3779 5277 violam

2204 5314 2558 5370 humanitatis
2584 5316 2810 5383 Christi,
2843 5319 2999 5387 eique
3034 5320 3151 5373 falsi
3200 5318 3361 5371 alIicti
3400 5318 3646 5386 corporis
3687 5330 3781 5366 su—

2204 5407 2498 5475 spicionem
2524 5410 2879 5463 commoverit
2905 5410 3191 5477 Origenes,
3218 5411 3396 5463 locum
3437 5425 3602 5462 unum
3636 5422 3780 5474 pra:-

2204 5504 2290 5548 ter
2315 5497 2623 5565 superiores
2658 5497 2795 5552 duos
2844 5501 3075 5565 reperio,
3105 5500 3246 5551 unde
3277 5500 3391 5551 hac
3440 5497 3613 5566 potuit
3644 5495 3777 5549 oriri

2203 5586 2531 5642 criminatio.
2566 5588 2616 5642 Is
2651 5589 2881 5642 habetur
2912 5600 3071 5643 tract.
3101 5604 3245 5642 xuv
3283 5592 3335 5641 in
3366 5588 3584 5649 Matt/1.,
3628 5602 3776 5639 num.

2204 5680 2329 5742 100,
2355 5695 2474 5749 pag.
2507 5681 2611 5734 906
2638 5698 2652 5734 :
2687 5699 2705 5731 ι
2731 5679 2893 5734 Venit
2925 5692 3105 5736 autem
3153 5680 3373 5734 traditio
3405 5680 3523 5734 talis
3565 5678 3629 5731 ad
3679 5692 3782 5731 nos

2204 5772 2269 5823 de
2294 5785 2381 5835 eo,
2404 5772 2657 5839 quoniam
2684 5786 2787 5825 non
2814 5772 2986 5827 solum
3012 5773 3131 5826 dua:
3155 5772 3344 5827 formae
3366 5772 3417 5825 in
3437 5786 3502 5824 eo
3526 5770 3777 5823 fuerunt:

2208 5878 2311 5917 una
2342 5865 2555 5932 quidem
2600 5865 2897 5921 secundum
2939 5879 3101 5933 quam
3128 5879 3319 5919 omnes
3339 5879 3461 5919 eum
3488 5862 3777 5927 videbant;
