4160 6392
407 378 512 434 815
1224 375 1797 433 ORIGENIANORUM
1836 378 1964 435 LIB.
2007 379 2073 445 ll,
2114 381 2267 437 CAP.
2312 382 2375 451 ll,
2414 383 2696 452 QUEST.
2738 385 2827 441 Ill.
3568 391 3673 446 8H

407 502 580 556 altera
631 507 810 554 autem
861 498 1157 554 secundum
1212 515 1371 568 quam
1426 501 1840 571 transﬁguratus
1910 512 1994 557 est
2023 509 2067 564 Α
2101 505 2442 571 tellexerant,
2489 508 2624 562 adeo
2651 517 2711 561 ut
2753 507 2897 561 aliud
2952 506 3203 578 aliudque
3239 508 3468 577 singulis
3507 525 3674 580 appa-

406 609 592 648 coram
623 593 907 662 discipulis
934 593 1046 646 suis
1086 593 1138 645 in
1167 603 1370 658 monte,
1393 601 1608 663 quando
1639 606 1692 651 et
1740 597 1984 666 reSplen-

406 688 521 741 duit
559 686 729 739 facies
771 685 888 754 ejus
925 694 1182 758 tauquam
1213 687 1316 749 sol,
1349 689 1441 741 sed
1496 689 1658 741 etiam
1697 687 1987 757 unicuique

405 778 702 844 apparebat
741 776 1040 830 secundum
1089 778 1229 844 quod
1284 776 1458 830 fuerat
1505 777 1720 846 dignus.
1753 776 1817 830 Et
1865 792 1986 831 eum

409 869 597 922 fuisset
632 869 769 936 ipse,
802 868 956 935 quasi
1003 883 1110 921 non
1169 869 1283 936 ipse
1320 867 1572 923 omnibus
1627 869 1934 923 videbatur.
1966 887 1984 920 ι

409 959 475 1012 Et
527 959 690 1029 paulo
745 970 910 1026 post:
950 976 969 1008 ι
993 957 1060 1011 Ει
1090 973 1196 1011 non
1230 959 1361 1012 mihi
1399 959 1612 1013 videtur
1657 960 1993 1014 incredibilis

406 1066 528 1106 esse
559 1051 782 1106 traditio
827 1052 961 1116 hate,
996 1051 1111 1105 sive
1166 1051 1529 1119 corporaliter
1560 1061 1784 1121 propter
1816 1054 1989 1121 ipsum

406 1142 616 1205 Jesum,
649 1151 707 1196 ut
739 1141 844 1194 alio
872 1151 927 1194 et
961 1141 1070 1195 alio
1114 1141 1274 1196 modo
1315 1142 1593 1195 videretur
1644 1143 1988 1208 hominibus;

409 1235 525 1289 sive
556 1243 775 1303 propter
822 1232 993 1300 ipsam
1028 1231 1193 1286 Verbi
1239 1242 1484 1286 naturam
1527 1235 1667 1302 quod
1705 1250 1809 1287 non
1841 1233 1993 1286 simi-

409 1325 532 1378 liter
571 1325 781 1378 cunctis
817 1331 1064 1392 apparet.
1122 1323 1178 1377 Si
1225 1332 1406 1378 autem
1455 1325 1560 1379 hoc
1595 1326 1667 1379 ita
1705 1341 1762 1379 se
1807 1325 1988 1390 habet,

406 1417 663 1485 possibile
705 1427 787 1470 est
840 1416 1162 1470 solutionem
1186 1415 1306 1482 ejus
1341 1417 1584 1471 invenire
1624 1417 1765 1486 quod
1796 1416 1993 1486 (pueri-

413 1519 521 1561 tur.
556 1507 823 1574 Quoniam
862 1507 965 1561 etsi
1021 1505 1337 1574 frequenter
1375 1520 1499 1560 eum
1542 1507 1794 1561 viderunt
1820 1508 1991 1562 turba:

407 1599 692 1652 venientes
731 1614 850 1651 cuin
900 1597 1058 1661 Juda,
1109 1597 1462 1652 nihilominus
1507 1612 1645 1666 Opus
1694 1598 1988 1661 habebant,

410 1703 632 1762 propter
663 1689 1178 1746 transformationes
1207 1687 1346 1758 ejus,
1383 1687 1473 1758 qui
1512 1703 1636 1743 eum
1681 1688 1993 1743 ostenderet

406 1789 510 1850 eis,
539 1784 746 1838 habens
779 1783 1026 1836 notitiam
1055 1781 1172 1851 ejus
1205 1780 1613 1835 faniiliariorem
1650 1795 1744 1851 per
1768 1781 1990 1836 multam

2098 607 2261 658 reret,
2295 599 2536 665 proclive
2560 599 2626 653 iis
2653 599 2754 653 fuit
2777 599 3094 655 existimare
3118 602 3486 657 mutuatitium
3521 603 3672 670 illud,

2093 698 2152 742 et
2198 691 2435 744 ascititia
2493 691 2783 745 conﬁatum
2834 693 3164 759 substantia,
3212 708 3318 748 non
3365 697 3669 765 proprium,

2094 795 2194 834 nec
2230 783 2394 835 nostri
2427 782 2622 846 simile,
2649 784 2896 838 eumdem
2930 785 3248 839 credidisse.
3297 786 3352 840 Si
3389 802 3545 856 quem
3573 804 3671 840 an-

2095 880 2200 924 tem
2231 870 2456 927 oﬂ'endit
2482 883 2851 926 commentum
2882 871 3036 931 illud.
3062 872 3242 926 varias
3275 871 3553 928 Christum
3586 874 3674 928 in-

2097 961 2279 1016 duisse
2332 961 2557 1024 formas,
2605 971 2659 1016 et
2701 977 2824 1018 sese
2869 979 2964 1032 pro
3001 964 3158 1017 libitu
3215 964 3560 1033 versipellem
3596 964 3674 1020 fe-

2094 1053 2265 1112 cisse;
2296 1061 2445 1105 notet
2478 1052 2569 1106 ille
2605 1054 2940 1121 propositum
2979 1053 3149 1109 fuisse
3182 1053 3286 1108 hoc
3325 1053 3392 1108 ab
3417 1053 3671 1126 Origene,

2099 1154 2356 1212 tanquam
2393 1142 2460 1197 ab
2482 1143 2603 1198 aliis
2631 1143 2732 1197 sibi
2779 1145 3054 1208 traditum,
3091 1159 3196 1198 non
3225 1144 3373 1198 velut
3402 1159 3429 1197 a
3461 1159 3520 1199 se
3549 1159 3672 1199 con-

2097 1233 2312 1298 fictum;
2346 1246 2404 1289 ut
2464 1250 2575 1289 rem
2631 1236 2854 1290 minime
2906 1237 3279 1292 incredibilem
3310 1277 3326 1302 ,
3367 1253 3474 1292 non
3516 1237 3670 1306 quasi

2099 1337 2436 1395 compertam
2460 1367 2473 1388 ,
2501 1328 2816 1392 dubitando,
2848 1345 2952 1381 non
2983 1330 3295 1384 asserendo.

2170 1418 2308 1473 XIV.
2354 1419 2500 1473 Inter
2543 1435 2736 1473 novem
2793 1421 3206 1475 criminationes
3266 1435 3400 1490 quas
3450 1419 3670 1490 Origeni

2101 1511 2326 1580 impingi
2364 1511 2555 1564 solitas
2587 1509 2791 1564 refutat
2817 1510 3131 1580 Pamphilus
3157 1512 3211 1565 in
3247 1509 3525 1579 Apologia,
3561 1521 3671 1564 ter-

2098 1604 2167 1656 tia
2207 1602 2292 1655 illa
2318 1611 2426 1666 est,
2460 1621 2479 1653 ι
2509 1603 2650 1670 quod
2697 1602 2880 1657 dicunt
2913 1617 3037 1656 eum
3065 1601 3363 1655 secundum
3409 1603 3670 1655 Arteman

2100 1693 2187 1747 vel
2214 1693 2436 1748 Paulum
2467 1693 2904 1756 Samosatenum,
2935 1707 3128 1762 purum
3156 1692 3454 1757 hominem,
3489 1692 3541 1745 id
3564 1701 3667 1755 est,

2100 1801 2206 1840 non
2237 1787 2400 1839 etiam
2429 1785 2600 1838 Deum
2627 1785 2810 1840 dicere
2839 1784 3110 1839 Christum
3143 1785 3340 1838 Filium
3373 1783 3486 1838 Dei.
3521 1803 3540 1836 ι
3573 1782 3670 1837 Ni-

407 1873 895 1928 cominorationem
918 1887 1042 1927 cum
1067 1886 1156 1934 eo,
1183 1879 1241 1923 ut
1273 1869 1602 1939 intelligeret
1631 1870 1990 1924 transforma-
2024 1884 2064 1938 Β
2095 1877 2366 1945 cephortts
2413 1876 2634 1945 quidem
2685 1875 2779 1929 lib.
2812 1891 2946 1938 xvii,
2981 1892 3102 1944 cap.
3137 1875 3230 1937 27,
3253 1874 3320 1928 de
3347 1874 3564 1930 Christo
3591 1874 3672 1929 di-

409 1965 587 2018 tiones
614 1962 733 2031 ejus
771 1963 1072 2018 secundum
1121 1977 1260 2032 quas
1301 1963 1416 2016 suis
1447 1976 1711 2031 apparere
1757 1961 1985 2018 solebat.

407 2055 524 2110 Hoc
566 2055 705 2109 idem
743 2053 1083 2124 signiﬁcatur
1116 2054 1278 2108 etiam
1312 2069 1409 2123 per
1444 2051 1710 2107 Joannem
1754 2068 1990 2122 evange-

408 2145 611 2210 listam,
642 2143 732 2198 ubi
768 2145 947 2198 sciens
968 2142 1129 2198 Jesus
1158 2159 1278 2212 qua:
1303 2150 1693 2213 superventura
1719 2153 1876 2196 erant
1905 2144 1979 2209 ei,

407 2234 712 2305 procedens
735 2233 880 2288 foras
893 2235 1028 2288 dixit
1056 2252 1069 2288 :
1096 2251 1114 2283 ι
1147 2233 1316 2299 Quem
1344 2233 1624 2302 quaeritis?
1648 2237 1717 2287 At
1736 2233 1809 2286 illi
1828 2232 1978 2286 dixe-

410 2339 558 2392 runt,
595 2325 780 2381 Jesum
831 2325 1196 2379 Nazarenam.
1256 2324 1323 2379 Et
1358 2325 1496 2379 dixit
1531 2325 1610 2378 eis
1639 2342 1653 2378 :
1685 2324 1797 2392 Ego
1831 2339 1985 2390 sum;

406 2427 464 2472 et
495 2416 768 2482 abierunt,
795 2425 852 2472 et
880 2416 1200 2472 ceciderunt
1234 2426 1532 2471 retrorsum
1556 2416 1622 2469 ⁷³.
1652 2415 1842 2470 iVides
1863 2416 1986 2484 quia

411 2527 516 2565 non
545 2525 668 2564 eum
711 2510 1146 2578 cognoscebant,
1179 2525 1302 2562 cum
1357 2508 1677 2578 frequenter
1702 2507 1988 2570 vidissent,

407 2614 628 2674 propter
676 2601 1180 2674 transﬁgurationes
1245 2602 1433 2671 ipsius.
1481 2621 1500 2654 ›
1562 2600 1689 2656 llaec
1745 2611 1990 2670 repetere

409 2709 692 2750 necessum
736 2694 1046 2758 habuimus,
1076 2711 1143 2750 ne
1165 2694 1298 2763 quid
1327 2695 1393 2748 de
1428 2694 1696 2748 sententia
1738 2693 1986 2763 Origenis

407 2790 813 2858 decerperetur.
844 2787 946 2856 Qui
981 2791 1132 2858 ergo:
1158 2785 1504 2856 frequentem
1534 2785 1831 2839 formarum
1862 2801 1982 2839 mu-

407 2881 666 2936 tationem
713 2880 918 2936 Christi
974 2879 1188 2949 corpori
1230 2879 1546 2950 assignasse
1585 2877 1872 2947 Origenem
1900 2876 1984 2930 in-

480 2997 528 3029 ’³
559 2996 717 3052 Joan.
751 3011 903 3062 xvm,
944 2994 1077 3050 4-6.

2097 1967 2245 2020 xisse
2290 1965 2576 2036 Origeneni
2621 1965 2805 2026 tradit,
2849 1965 2932 2018 ὅτι
2959 1965 3114 2034 ψιλὸς
3143 1965 3426 2036 ἄνθρωπος
3446 1961 3533 2036 ἦν.
3565 1965 3672 2039 Cy.-

2096 2057 2278 2111 riacus
2299 2071 2534 2126 quoque,
2571 2056 2711 2124 apud
2744 2056 3054 2111 Simeonem
3088 2055 3501 2126 Metaphrastem
3538 2054 3671 2110 Vita:

2094 2146 2216 2216 ejus
2245 2146 2598 2216 scriptorem,
2629 2145 2967 2215 Origenistas
2998 2145 3338 2202 Palaestinam
3386 2159 3541 2205 sexto
3565 2163 3670 2203 sa-

2094 2239 2216 2291 culo
2254 2237 2553 2292 insidentes
2587 2237 2791 2292 dixisse
2811 2236 3042 2291 aﬁirmat
3070 2257 3089 2289 ι
3110 2237 3387 2293 Christum
3418 2254 3524 2294 non
3549 2253 3672 2294 esse

2095 2345 2258 2383 unum
2293 2345 2360 2382 ex
2389 2329 2674 2382 Trinitate.
2703 2347 2722 2379 ι
2761 2327 2912 2384 lianc
2945 2330 3382 2384 criminationem
3419 2331 3541 2385 aliis
3573 2345 3669 2386 su--

2094 2421 2278 2490 perins
2322 2436 2351 2474 a
2401 2434 2460 2473 se
2506 2421 2953 2476 commemoratis
2991 2421 3148 2476 valde
3184 2422 3514 2477 contrariam
3547 2437 3671 2478 esse

2093 2513 2226 2567 dicit
2252 2511 2591 2581 Pamphilus,
2619 2512 2711 2566 sed
2745 2513 2914 2565 multo
2947 2513 3118 2582 magis
3149 2513 3314 2568 etiam
3349 2525 3558 2584 quartae
3580 2531 3671 2572 re-

2094 2615 2320 2674 pugnat,
2350 2619 2514 2673 quam
2565 2603 2616 2656 in
2673 2603 2920 2673 proxime
2962 2605 3389 2673 praecedentibus
3429 2607 3670 2662 examini

2096 2707 2284 2749 nostro
2331 2694 2694 2763 subiecimus;
2729 2696 2868 2749 unde
2899 2694 3216 2751 alterutrius
3251 2697 3463 2752 falsitas
3490 2699 3664 2752 mani—

2093 2788 2227 2843 feste
2252 2789 2460 2852 elucet;
2493 2786 2606 2858 (23)
2624 2789 2715 2842 sed
2736 2788 2936 2844 clarius
2965 2790 3126 2843 etiam
3161 2793 3314 2845 tertia
3342 2791 3427 2844 illa
3453 2793 3672 2848 convel-

2095 2881 2224 2934 litur
2259 2895 2322 2933 ex
2352 2881 2628 2935 sexcentis
2668 2878 2920 2950 Origenis
2969 2881 3230 2938 adversus
3277 2883 3560 2950 Ebionem,
3585 2885 3674 2940 vel

484 3114 593 3190 (‘23)
626 3116 730 3190 Sed
777 3115 978 3190 clarius
1034 3116 1192 3190 etiam
1240 3124 1394 3172 tertia
1426 3117 1543 3190 ⁸ξιιιι
1589 3119 1896 3173 convellitur
1921 3135 1987 3173 ea:
2014 3124 2058 3186 C
2093 3127 2174 3172 tra
2209 3117 2466 3190 ethnicos
2488 3116 2825 3190 defensione,
2857 3116 2901 3190 si
2933 3125 2990 3170 nt
3021 3117 3086 3190 ad
3129 3115 3357 3190 tollenda
3378 3131 3670 3190 poenarum

405 3187 686 3251 sescentis,
712 3194 818 3242 etc.
853 3187 1020 3257 Clare
1053 3188 1218 3240 etiam
1253 3188 1577 3242 convellitur
1617 3203 1681 3243 ex
1739 3189 1988 3257 plurimis

407 3271 588 3311 contra
639 3257 845 3310 Celsum
903 3256 1058 3321 locis,
1092 3272 1211 3326 qua:
1258 3257 1475 3325 collegit
1513 3256 1862 3313 doctissimus
1893 3275 1989 3312 no-

406 3337 522 3380 ster
570 3327 801 3380 domnus
827 3326 1149 3381 Prudentius
1180 3328 1364 3381 Maran
1399 3331 1450 3382 in
1486 3343 1584 3382 suo
1619 3328 1693 3382 De
1717 3330 1990 3383 divinitate

408 3397 615 3468 Christi
663 3397 800 3450 libro
849 3411 958 3468 nt,_
983 3411 1104 3468 cap.
1151 3399 1207 3458 5,
1246 3414 1397 3468 num.
1429 3398 1464 3450 2
1503 3407 1561 3468 et
1611 3413 1750 3468 seq.,
1780 3411 1836 3452 et
1870 3414 1992 3466 qua:

409 3467 497 3520 hic
537 3465 743 3539 referre
788 3481 896 3520 non
945 3466 1140 3539 inutile
1165 3467 1436 3539 ducimus.
1469 3487 1487 3518 ι
1521 3467 1643 3523 Non
1672 3465 1987 3539 eﬁ‘ugit.riu-

408 3539 548 3606 quit,
590 3537 782 3618 Cel_sus
801 3537 1321 3618 ‘reprchensionea
1343 3537 1591 3618 Origenis
1613 3577 1628 3604 ,
1669 3537 1885 3618 quoties
1905 3609 1915 3618 _
1938 3540 1990 3591 in

406 3603 728 3674 exponenda
793 3603 1102 3658 Judaeoruin
1162 3617 1217 3660 et
1263 3603 1702 3662 Christianorum
1745 3609 1994 3662 doctrina

405 3677 714 3742 claudicat;
743 3675 890 3728 velut
929 3689 1052 3728 cum
1095 3674 1335 3730 Judaeum
1380 3677 1432 3730 in
1480 3679 1741 3733 miracula
1789 3685 1844 3732 et
1877 3679 1993 3745 visa

407 3745 627 3799 rmlitus
652 3745 858 3806 oblata,
911 3745 960 3797 in
1007 3747 1385 3811 praedictiones
1408 3754 1464 3800 et
1502 3749 1758 3802 vaticinia
1805 3747 1996 3812 jocan-

411 3827 539 3878 tem,
573 3825 668 3867 aut
703 3814 769 3868 de
832 3812 1042 3868 Messias
1083 3813 1248 3868 futuri
1293 3816 1586 3879 divinitate
1643 3815 1992 3870 conﬁtentem

408 3886 638 3947 inducit,
673 3881 790 3953 (lib.
822 3899 863 3945 ι.
923 3899 1074 3938 num.
1111 3885 1182 3938 45
1213 3894 1267 3939 et
1290 3885 1380 3955 49)
1414 3895 1644 3940 autcum
1677 3885 1844 3940 Deum
1871 3901 1994 3940 cor-

410 3969 638 4023 porcum
659 3956 892 4021 (lib.vtt,
923 3971 976 4008 ti.
1004 3955 1117 4024 56).
1141 3955 1417 4010 Christum
1445 3955 1705 4012 Creatore
1734 3955 1994 4024 majorem

409 4041 440 4076 a
492 4024 835 4096 Christianis
888 4025 1013 4093 ﬁngi
1060 4026 1269 4079 dictitat
1313 4026 1430 4095 (lib.
1482 4040 1598 4091 vui,
1641 4042 1697 4080 n.
1734 4025 1846 4096 15).
1887 4026 1994 4080 Sed

408 4109 536 4149 cuin
574 4095 716 4147 idem
749 4095 939 4150 Celsus
973 4097 1168 4151 unaerit
1203 4111 1299 4148 cur
1336 4096 1478 4149 Deus
1514 4099 1580 4150 ad
1629 4096 1875 4151 homines
1900 4111 1996 4150 ve-

415 4165 565 4218 nerit
608 4165 728 4233 (lib.
759 4181 835 4227 IV,
869 4181 922 4218 u.
964 4165 1040 4233 ὃ),
1074 4179 1197 4218 cum
1222 4166 1400 4219 omnia
1429 4167 1611 4220 divina
1649 4169 1849 4220 virtute
1877 4181 2000 4220 cor-

411 4234 590 4306 rigere
634 4242 854 4306 posset:
884 4249 1007 4306 cum
1043 4237 1156 4288 fieri
1182 4249 1347 4306 posse
1373 4237 1675 4306 negat(|ib.
1715 4252 1789 4300 vi,
1817 4252 1870 4288 n.
1906 4237 1996 4303 75)

411 4249 590 4301 rigere
634 4249 854 4302 posset:
884 4249 1007 4288 cum
1043 4249 1156 4288 neri
1180 4249 1347 4358 posse
1373 4249 1536 4306 negat
1557 4249 1675 4303 (Ill).
1715 4252 1789 4300 vi,
1817 4252 1870 4288 n.
1906 4249 1996 4303 vo)

411 4313 473 4356 ut
512 4303 655 4358 Deus
683 4304 1002 4370 descendat,
1039 4315 1133 4357 aut
1209 4305 1372 4360 ‘ilium
1418 4321 1484 4359 ac
1515 4307 1792 4376 proprium
1829 4306 1998 4375 Spiri-

413 4376 771 4446 tumitnitta};
803 4389 1063 4446 cumnon
1089 4376 1265 4446 minus
1296 4392 1600 4445 repugnare
1623 4377 1700 4430 ait
1746 4376 1866 4446 (lib.
1899 4390 1996 4436 vit,

2092 3188 2415 3243 aeternitatis
2455 3187 2820 3253 incommoda,
2874 3186 2946 3242 ita
2996 3189 3160 3241 etiam
3202 3187 3270 3240 ad
3318 3189 3668 3241 minuendum

2097 3259 2188 3312 Dei
2220 3258 2486 3311 incarnati
2532 3259 2873 3326 mysterium,
2913 3258 3054 3325 quod
3088 3257 3256 3310 multo
3296 3256 3670 3314 incredibilius

2093 3329 2406 3390 videbatur,
2441 3325 2682 3394 aliquam
2719 3329 2859 3380 viain
2901 3325 3216 3380 invenisset.
3251 3327 3320 3379 At
3370 3341 3478 3394 quo
3527 3328 3668 3382 stul-

2094 3398 2203 3452 tius
2228 3397 2439 3451 videtnr
2468 3396 2628 3452 Celso
2666 3398 2828 3451 Deum
2873 3398 3146 3450 hominem
3197 3395 3335 3460 ﬁeri,
3370 3411 3436 3451 eo
3486 3399 3671 3452 acrius

2095 3468 2198 3522 hoc
2226 3469 2542 3538 mysterium
2587 3475 2766 3538 tuetur
2798 3465 3081 3535 Origenes,
3109 3481 3223 3538 nec;
3254 3465 3416 3538 aliam
3448 3467 3671 3522 adhibet

2095 3539 2172 3592 rei
2207 3535 2543 3606 explicandae
2584 3537 2875 3598 rationem,
2911 3553 3076 3606 quam
3125 3551 3154 3589 a
3194 3535 3449 3590 Patribus
3481 3549 3672 3591 contra

2094 3608 2326 3661 Arianos
2364 3607 2635 3673 adhibita;
2671 3621 2771 3660 nec
2820 3608 2924 3661 alia
2969 3613 3311 3676 argumenta,
3341 3621 3502 3676 quam
3551 3622 3675 3676 qua:

2097 3679 2257 3731 fidem
2289 3677 2420 3730 tanti
2459 3677 2700 3746 mysterii
2736 3676 2919 3732 facere
2948 3677 3178 3745 possint.

2173 3765 2191 3797 ι
2217 3746 2272 3799 In
2307 3742 2528 3816 duobus
2545 3745 2734 3816 primis
2763 3745 2917 3801 libris
2949 3742 3219 3816 refellitur
3245 3742 3489 3812 Judmus,
3511 3758 3674 3816 quem

2096 3815 2288 3871 Celsus
2321 3815 2628 3886 loquentem
2658 3815 2864 3886 inducit
2898 3834 2911 3869 :
2944 3826 3000 3870 et
3029 3831 3135 3886 quo
3167 3815 3540 3884 impudentius
3572 3816 3676 3869 iste

2099 3888 2150 3938 in
2173 3887 2374 3940 Christi
2399 3885 2738 3938 divinitatem
2763 3885 2999 3952 jocatnr,
3033 3885 3100 3939 en
3135 3886 3316 3939 acrius
3339 3899 3458 3939 eam
3495 3893 3676 3937 tuetur

2097 3955 2379 4024 Origenes.
2422 3954 2767 4007 Demonstrat
2795 3955 2888 4008 lib.
2926 3970 2965 4016 ι,
3008 3971 3158 4008 ηιιιιι.
3202 3954 3292 4024 547,
3321 3969 3352 4008 a
3393 3955 3675 4024 prophetis

2097 4022 2418 4094 praedictum
2451 4038 2572 4094 esse
2607 4025 2945 4078 nasciturum
2966 4039 3033 4078 ex
3081 4043 3098 4077 I
3131 4023 3377 4093 Virgine,
3409 4024 3500 4077 τὸν
3530 4022 3677 4094 ἐπώ-

2097 4092 2264 4166 ὐυμον
2295 4092 2387 4146 τοῦ
2427 4093 2775 4166 πράγματος,
2802 4110 2920 4166 eum
2972 4095 3064 4162 qui
3108 4109 3173 4148 ea:
3195 4092 3254 4166 re
3279 4093 3673 4166 nomenjiubel,

2099 4163 2223 4234 quia
2259 4180 2325 4217 eo
2352 4163 2482 4217 nato
2508 4165 2787 4234 nobiscum
2817 4163 3030 4218 futurus
3061 4173 3176 4218 erat
3213 4164 3432 4234 Dens.)
3465 4164 3677 4231 Quibus

2101 4232 2280 4290 verbis
2321 4234 2564 4290 declarat
2599 4233 2898 4294 Christum,
2934 4235 3038 4289 etsi
3087 4232 3404 4287 Emmanuel
3447 4241 3674 4288 vocatus

2101 4321 2206 4359 non
2256 4305 2347 4366 sit,
2383 4318 2441 4356 re
2471 4313 2650 4358 tamen
2681 4312 2736 4356 et
2762 4305 3032 4358 sententia
3077 4303 3482 4358 Emmanuelem
3513 4318 3673 4362 esse;

2101 4388 2151 4428 et
2185 4376 2543 4444 prephetiant,
2586 4388 2708 4441 qua:
2763 4373 3173 4428 Einmanuelein
3219 4372 3387 4444 illum
3421 4382 3675 4428 vocatum

411 4460 467 4498 ιι.
494 4445 584 4514 15)
619 4453 674 4522 ιιι
700 4442 842 4498 Deus
863 4445 1082 4498 ovillam
1115 4456 1170 4498 et
1198 4445 1263 4498 fel
1290 4442 1558 4512 edim—aut
1588 4442 1989 4522 acetui'nhibat,
2027 4466 2071 4522 ο
2105 4447 2166 4522 iri
2189 4442 2471 4522 pra-dixit,
2521 4459 2627 4497 non
2671 4445 2993 4522 verbo,_sed
3043 4443 3671 4522 sensu“dijudicandam,

409 4528 572 4584 quam
603 4521 661 4567 ut
694 4525 937 4568 stercore
985 4523 1264 4586 vescatur;
1302 4532 1408 4570 non
1453 4517 1702 4584 queritur
1731 4516 1994 4586 Origenes

409 4586 603 4656 falsam
648 4586 968 4656 _opinionem
1012 4585 1361 4656 Christianis
1407 4585 1608 4656 aﬁingi.
1643 4587 1770 4639 Erat
1813 4597 1990 4639 tamen

409 4655 618 4707 Ariana
647 4654 901 4724 hwresis.
939 4654 1096 4723 cujus
1139 4657 1476 4711 architectus
1499 4654 1558 4710 et
1584 4671 1784 4724 parens
1819 4655 1993 4710 fuisse

408 4725 656 4796 fingitur,
705 4724 769 4776 ad
823 4723 1147 4796 refellendos
1198 4724 1340 4781 Celsi
1392 4727 1545 4796 jocos
1584 4723 1990 4796 percomnioda.

409 4793 663 4848 Ruebant
694 4794 877 4846 omnia
908 4797 1028 4865 ejus
1061 4796 1309 4865 dicteria,
1337 4793 1408 4849 si'
1432 4811 1536 4849 non
1569 4793 1805 4849 auertitis
1833 4805 1888 4848 et
1911 4798 1995 4847 iti-

408 4874 628 4918 creatus
682 4865 826 4918 Deus
871 4864 1035 4920 homo
1077 4864 1254 4919 factus
1301 4867 1517 4931 fuisset,
1559 4877 1654 4920 aut
1686 4868 1732 4920 si
1781 4881 1886 4919 non
1918 4866 1992 4918 ita

408 4943 560 5007 arcte
599 4947 723 4988 cum
773 4933 1113 4990 humanitate
1163 4937 1508 5007 conjunctus,
1534 4947 1592 4989 ut
1620 4935 1802 4990 edisse
1832 4945 1887 4988 et
1913 4936 1994 4990 bi-

411 5005 554 5074 bisse
595 5015 648 5057 et
695 5018 890 5074 passus
930 5021 1051 5060 esse
1097 5005 1294 5061 merito
1330 5006 1619 5059 diceretur.
1657 5007 1773 5060 Non
1805 5007 1849 5058 is
1875 5013 1996 5060 erat

408 5071 674 5146 Origenes
696 5071 797 5146 qui
843 5089 948 5129 non
977 5077 1182 5130 videret
1217 5089 1478 5146 quantum
1512 5077 1654 5130 inter
1685 5075 1991 5145 hujusmodi

411 5145 580 5196 Deum
611 5145 848 5211 intersit,
879 5155 935 5198 et
971 5161 1094 5199 eum
1133 5145 1474 5214 quinomine
1516 5157 1671 5200 tenus
1701 5147 1842 5200 Deus
1884 5147 1988 5209 sit;

407 5222 502 5266 aut
547 5215 663 5283 qui,
707 5215 753 5269 si
807 5217 936 5284 quid
975 5227 1172 5282 pratter
1209 5232 1551 5271 communem
1595 5216 1853 5272 Ecclesiae
1897 5219 1993 5268 do-

405 5283 643 5355 ctrinam
671 5283 924 5350 sentiret,
961 5297 1070 5340 tam
1099 5289 1355 5355 praeclara
1376 5287 1630 5340 facuLate
1661 5287 1842 5341 oblata
1879 5287 1977 5340 dis-

407 5354 716 5408 simularet.
747 5355 864 5409 Non
899 5359 972 5410 ita
1003 5372 1062 5410 se
1094 5354 1283 5425 gerere
1323 5359 1482 5411 solet.
1521 5356 1677 5421 Quod
1708 5359 1854 5410 enim
1889 5356 1990 5410 sibi

409 5425 793 5493 intemperanti
845 5429 1079 5495 quadam
1137 5427 1339 5494 pietate
1387 5428 1642 5492 ﬁnxerat,
1695 5426 1991 5481 inferorum

409 5508 598 5561 pmnas
630 5511 736 5548 non
778 5497 845 5548 ad
880 5507 1139 5550 aeternam
1179 5497 1460 5558 ultionem,
1491 5500 1584 5551 sed
1616 5497 1681 5551 ad
1712 5497 1991 5620 purganda

409 5575 462 5616 et
483 5571 836 5620 exeoauenda
871 5568 998 5619 vitia
1026 5569 1299 5620 pertinere
1328 5583 1511 5620 inuam
1545 5581 1689 5620 smne
1756 5585 1818 5620 oc
1844 5582 1991 5620 coni-

407 5575 462 5616 et
483 5571 836 5633 excoquenda
871 5568 998 5619 vitia
1026 5569 1299 5635 pertinere
1328 5583 1511 5636 (quam
1545 5581 1689 5636 saepe
1715 5568 1818 5621 hoc
1844 5582 1992 5622 com-

410 5646 653 5687 ineututn
709 5637 951 5689 insinuat
979 5651 1100 5689 cuin
1138 5637 1513 5690 haereticorum
1545 5638 1709 5704 impia
1739 5640 1791 5690 in
1825 5639 1991 5690 Crea-

412 5705 548 5757 toris
578 5707 952 5776 severitatem
1017 5707 1262 5760 couvicia
1312 5705 1531 5776 refellit)
1575 5708 1752 5761 nullus
1795 5707 1985 5760 dubito

409 5778 540 5842 quin
574 5775 714 5829 idem
750 5778 992 5830 tacturus
1025 5778 1236 5841 fuisset,
1270 5775 1519 5844 suscepta
1560 5779 1833 5847 religionis
1862 5792 1990 5832 ron-

2099 4511 2379 4569 Christum
2412 4513 2578 4583 Deum
2609 4527 2733 4568 esse
2763 4513 2958 4583 probat
2984 4529 3134 4568 num.
3161 4511 3233 4567 56
3261 4528 3328 4566 ex
3353 4513 3440 4568 his
3480 4513 3673 4582 psalmi

2096 4586 2319 4640 verbis:
2355 4601 2374 4634 ι
2406 4582 2577 4638 Sedes
2627 4593 2738 4649 tua,
2768 4582 2961 4647 ’Deus,
3004 4585 3057 4638 itt
3112 4582 3372 4638 saeculum
3439 4583 3618 4636 saeculi
3653 4600 3670 4649 ;

2097 4656 2252 4708 unxit
2291 4665 2343 4708 te
2387 4654 2552 4717 Deus,
2591 4652 2733 4709 Deus
2775 4662 2898 4708 tuus
2931 4655 2985 4708 in
3017 4662 3276 4707 aeternum
3313 4650 3487 4723 (Ifsal.
3523 4667 3672 4716 xuv,

2094 4724 2151 4786 7,
2183 4727 2261 4789 8),
2295 4743 2314 4774 ι
2359 4724 2619 4791 additque
2650 4724 2753 4779 hoc
2785 4723 2995 4792 psalmo
3027 4739 3180 4777 nsum
3235 4737 3296 4777 se
3325 4721 3456 4778 'oliin
3503 4723 3674 4777 fuisse

2094 4804 2286 4848 contra
2320 4793 2565 4848 Judaeum
2606 4800 2921 4863 quemdam,
2949 4795 3067 4864 qui,
3102 4809 3224 4848 cum
3254 4796 3459 4864 pedem
3475 4808 3540 4864 ex
3569 4793 3674 4845 hoc

2095 4867 2214 4919 loco
2245 4865 2452 4920 referre
2489 4877 2595 4934 non
2650 4873 2857 4934 posset,
2903 4863 3030 4920 illuc
3073 4864 3272 4927 evasit,
3303 4863 3463 4934 ut‘ad
3501 4863 3668 4917 Deum

2096 4937 2476 4990 universorum
2504 4930 2696 4988 referri
2727 4935 2926 4990 debere
2947 4934 3317 4990 contenderet.
3344 4930 3513 4988 Nemo
3538 4947 3672 4986 sane

2095 5009 2296 5060 dixerit
2322 5005 2611 5074 Origenein
2638 5013 2789 5059 tanto
2819 5015 2950 5059 mstu
2981 5021 3102 5059 cuin
3133 5000 3338 5056 ludatis
3380 5004 3670 5057 decertan-

2096 5086 2231 5143 tem,
2264 5073 2581 5129 aliudnihil
2614 5075 2684 5129 ab
2716 5077 2796 5129 eis
2833 5076 3142 5144 exprimere
3174 5074 3432 5138 voluisse,
3463 5074 3566 5128 nisi
3611 5084 3671 5128 ut

2094 5146 2370 5200 Christum
2402 5159 2540 5198 vove
2580 5155 2736 5200 tenus
2768 5146 3072 5200 faterentur
3103 5147 3289 5198 Deum.

2170 5234 2190 5267 ι
2225 5215 2438 5270 Ridenti
2463 5212 2668 5280 Judmo,
2711 5231 2860 5269 num.
2889 5215 2957 5271 58
2999 5224 3052 5268 et
3083 5214 3172 5278 60,
3199 5212 3340 5278 quod
3369 5211 3604 5267 Chaldei
3635 5226 3668 5266 a

2093 5286 2220 5342 Jesu
2248 5288 2328 5357 .ad
2373 5301 2496 5357 eum
2543 5285 2808 5339 infantem
2845 5283 3183 5357 adorandum
3215 5283 3397 5357 tracti
3420 5285 3670 5338 diceren-

2096 5368 2216 5422 tur;
2248 5352 2554 5425 respondet
2596 5371 2781 5425 magos
2826 5356 2946 5410 illos
2975 5365 3032 5409 et
3068 5353 3235 5408 stellae
3273 5352 3515 5408 novitate
3542 5369 3670 5423 per-

2095 5430 2298 5492 culsos,
2328 5436 2382 5480 et
2411 5425 2632 5480 Balaam
2677 5426 2884 5481 oraculi
2920 5439 3192 5480 memores
3222 5439 3286 5477 ac
3323 5425 3463 5478 forte
3501 5426 3669 5480 etiam

2101 5500 2238 5553 artis
2262 5513 2374 5552 sua:
2409 5499 2675 5551 inanitate
2703 5505 2981 5567 perspecta
3026 5494 3231 5549 nullum
3262 5492 3396 5567 janl
3418 5495 3672 5567 habentis

2093 5572 2322 5632 exitum,
2356 5569 2572 5622 venisse
2608 5567 2661 5619 in
2703 5563 2974 5632 Ἱιιόεεθιιι,
3005 5575 3059 5620 et
3103 5579 3292 5618 aurum
3337 5563 3555 5621 Christo
3613 5577 3674 5621 ut

2096 5641 2234 5712 regi,
2267 5638 2543 5712 myrrham
2569 5649 2643 5712 ut_
2667 5638 2950 5702 morituro,
2982 5639 3124 5712 tbus_
3147 5643 3211 5689 ut
3251 5636 3367 5712 Deo
3385 5637 3669 5692 obtulisse.

2093 5705 2280 5778 Addit,
2313 5705 2570 5779 Quoniam
2611 5707 2754 5762 Deus
2785 5716 2908 5762 erat
2936 5711 3005 5773 is,
3033 5705 3128 5776 qui
3165 5708 3439 5776 potentior
3463 5712 3674 5777 angelis

2096 5781 2356 5839 Seivator
2394 5781 2612 5837 humani
2647 5781 2866 5852 generis
2909 5788 3154 5848 venerat,
3194 5779 3440 5849 angelum
3479 5781 3673 5848 pietati
