  <div class='ocr_page' id='page_1' title='image "/cluster/home/n/w/nwhite01/storage/ocr_20150623/17:no.7/coo.31924054872977/422.png"; bbox 0 0 4160 6466; ppageno 0'>
   <div class='ocr_carea' id='block_1_1' title="bbox 459 345 564 398">
    <p class='ocr_par' dir='ltr' id='par_1_1' title="bbox 459 345 564 398">
     <span class='ocr_line' id='line_1_1' title="bbox 459 345 564 398; baseline 0 0"><span class='ocrx_word' id='word_1_1' title='bbox 459 345 564 398; x_wconf 68' lang='lat'><strong>821</strong></span> 
     </span>
    </p>
   </div>
   <div class='ocr_carea' id='block_1_2' title="bbox 1268 323 2857 394">
    <p class='ocr_par' dir='ltr' id='par_1_2' title="bbox 1268 323 2857 394">
     <span class='ocr_line' id='line_1_2' title="bbox 1268 323 2857 394; baseline -0.009 -1"><span class='ocrx_word' id='word_1_2' title='bbox 1268 332 1840 394; x_wconf 77' lang='lat' dir='ltr'><strong>ORIGENIANORUM</strong></span> <span class='ocrx_word' id='word_1_3' title='bbox 1879 330 2004 385; x_wconf 87' lang='lat' dir='ltr'><strong>LIB.</strong></span> <span class='ocrx_word' id='word_1_4' title='bbox 2048 329 2111 394; x_wconf 88' lang='lat' dir='ltr'><strong>ll,</strong></span> <span class='ocrx_word' id='word_1_5' title='bbox 2147 327 2298 383; x_wconf 84' lang='lat' dir='ltr'><strong>CAP.</strong></span> <span class='ocrx_word' id='word_1_6' title='bbox 2341 325 2408 389; x_wconf 90' lang='lat' dir='ltr'><strong>ll,</strong></span> <span class='ocrx_word' id='word_1_7' title='bbox 2449 323 2729 392; x_wconf 60' lang='lat' dir='ltr'><strong>QUIEST.</strong></span> <span class='ocrx_word' id='word_1_8' title='bbox 2770 323 2857 379; x_wconf 84' lang='lat' dir='ltr'><strong>ill.</strong></span> 
     </span>
    </p>
   </div>
   <div class='ocr_carea' id='block_1_3' title="bbox 3593 317 3704 380">
    <p class='ocr_par' dir='ltr' id='par_1_3' title="bbox 3593 317 3704 380">
     <span class='ocr_line' id='line_1_3' title="bbox 3593 317 3704 380; baseline -0.072 1"><span class='ocrx_word' id='word_1_9' title='bbox 3593 317 3704 380; x_wconf 65' lang='lat'><strong>822</strong></span> 
     </span>
    </p>
   </div>
   <div class='ocr_carea' id='block_1_4' title="bbox 457 443 2043 539">
    <p class='ocr_par' dir='ltr' id='par_1_4' title="bbox 457 454 2021 539">
     <span class='ocr_line' id='line_1_4' title="bbox 457 454 2021 539; baseline -0.01 -17"><span class='ocrx_word' id='word_1_10' title='bbox 457 482 583 539; x_wconf 79' lang='lat' dir='ltr'><strong>pag.</strong></span> <span class='ocrx_word' id='word_1_11' title='bbox 615 463 740 530; x_wconf 73' lang='lat'><strong>852,</strong></span> <span class='ocrx_word' id='word_1_12' title='bbox 777 462 1121 518; x_wconf 91' lang='lat' dir='ltr'><strong>continetur:</strong></span> <span class='ocrx_word' id='word_1_13' title='bbox 1158 480 1175 512; x_wconf 80' lang='grc' dir='ltr'><strong>ι</strong></span> <span class='ocrx_word' id='word_1_14' title='bbox 1212 461 1439 527; x_wconf 83' lang='lat' dir='ltr'><strong>Quidam</strong></span> <span class='ocrx_word' id='word_1_15' title='bbox 1468 467 1648 513; x_wconf 91' lang='lat' dir='ltr'><strong>autem</strong></span> <span class='ocrx_word' id='word_1_16' title='bbox 1681 457 1747 511; x_wconf 88' lang='lat' dir='ltr'><strong>de</strong></span> <span class='ocrx_word' id='word_1_17' title='bbox 1794 454 2021 524; x_wconf 80' lang='lat' dir='ltr'><strong>publicis</strong></span> 
     </span>
    </p>
   </div>
   <div class='ocr_carea' id='block_1_5' title="bbox 2129 443 3697 539">
    <p class='ocr_par' dir='ltr' id='par_1_5' title="bbox 2129 443 3697 532">
     <span class='ocr_line' id='line_1_5' title="bbox 2129 443 3697 532; baseline -0.004 -29"><span class='ocrx_word' id='word_1_18' title='bbox 2129 451 2197 503; x_wconf 87' lang='grc' dir='ltr'><strong>Τὸ</strong></span> <span class='ocrx_word' id='word_1_19' title='bbox 2233 449 2290 502; x_wconf 83' lang='grc' dir='ltr'><strong>δὲ</strong></span> <span class='ocrx_word' id='word_1_20' title='bbox 2323 447 2536 518; x_wconf 86' lang='grc' dir='ltr'>θνητὸν,</span> <span class='ocrx_word' id='word_1_21' title='bbox 2577 446 2750 515; x_wconf 90' lang='lat' dir='ltr'><strong>inquit</strong></span> <span class='ocrx_word' id='word_1_22' title='bbox 2777 445 2871 500; x_wconf 88' lang='lat' dir='ltr'><strong>lib.</strong></span> <span class='ocrx_word' id='word_1_23' title='bbox 2902 459 2984 507; x_wconf 90' lang='grc' dir='ltr'>ιιι,</span> <span class='ocrx_word' id='word_1_24' title='bbox 3021 459 3168 498; x_wconf 90' lang='lat' dir='ltr'><strong>num.</strong></span> <span class='ocrx_word' id='word_1_25' title='bbox 3201 444 3292 509; x_wconf 77' lang='grc'><strong>41,</strong></span> <span class='ocrx_word' id='word_1_26' title='bbox 3322 443 3486 532; x_wconf 54' lang='lat' dir='ltr'><strong>abem”:</strong></span> <span class='ocrx_word' id='word_1_27' title='bbox 3515 444 3697 516; x_wconf 84' lang='grc' dir='ltr'>σῶμα,</span> 
     </span>
    </p>
   </div>
   <div class='ocr_carea' id='block_1_6' title="bbox 454 544 2027 629">
    <p class='ocr_par' dir='ltr' id='par_1_6' title="bbox 454 544 2027 629">
     <span class='ocr_line' id='line_1_6' title="bbox 454 544 2027 629; baseline -0.011 -16"><span class='ocrx_word' id='word_1_28' title='bbox 454 573 494 629; x_wconf 82' lang='lat' dir='ltr'><strong>q</strong></span> <span class='ocrx_word' id='word_1_29' title='bbox 519 557 674 612; x_wconf 73' lang='lat' dir='ltr'><strong>tidem</strong></span> <span class='ocrx_word' id='word_1_30' title='bbox 707 567 762 612; x_wconf 93' lang='lat' dir='ltr'><strong>et</strong></span> <span class='ocrx_word' id='word_1_31' title='bbox 795 555 1096 611; x_wconf 77' lang='lat' dir='ltr'><strong>manifestis</strong></span> <span class='ocrx_word' id='word_1_32' title='bbox 1129 551 1383 620; x_wconf 88' lang='lat' dir='ltr'><strong>capitulis</strong></span> <span class='ocrx_word' id='word_1_33' title='bbox 1408 565 1514 603; x_wconf 89' lang='lat' dir='ltr'><strong>non</strong></span> <span class='ocrx_word' id='word_1_34' title='bbox 1562 544 1930 607; x_wconf 83' lang='lat' dir='ltr'><strong>dissentiunt;</strong></span> <span class='ocrx_word' id='word_1_35' title='bbox 1967 549 2027 596; x_wconf 87' lang='lat' dir='ltr'><strong>ut</strong></span> 
     </span>
    </p>
   </div>
   <div class='ocr_carea' id='block_1_7' title="bbox 458 631 2023 715">
    <p class='ocr_par' dir='ltr' id='par_1_7' title="bbox 458 631 2023 715">
     <span class='ocr_line' id='line_1_7' title="bbox 458 631 2023 715; baseline -0.009 -16"><span class='ocrx_word' id='word_1_36' title='bbox 458 653 612 715; x_wconf 76' lang='lat' dir='ltr'><strong>puta,</strong></span> <span class='ocrx_word' id='word_1_37' title='bbox 639 644 707 699; x_wconf 86' lang='lat' dir='ltr'><strong>de</strong></span> <span class='ocrx_word' id='word_1_38' title='bbox 737 659 843 698; x_wconf 90' lang='lat' dir='ltr'><strong>uno</strong></span> <span class='ocrx_word' id='word_1_39' title='bbox 871 643 1001 708; x_wconf 88' lang='lat' dir='ltr'><strong>Deo,</strong></span> <span class='ocrx_word' id='word_1_40' title='bbox 1031 641 1123 710; x_wconf 90' lang='lat' dir='ltr'><strong>qui</strong></span> <span class='ocrx_word' id='word_1_41' title='bbox 1167 640 1336 708; x_wconf 82' lang='lat' dir='ltr'><strong>legem</strong></span> <span class='ocrx_word' id='word_1_42' title='bbox 1367 647 1422 694; x_wconf 92' lang='lat' dir='ltr'><strong>et</strong></span> <span class='ocrx_word' id='word_1_43' title='bbox 1447 635 1794 705; x_wconf 86' lang='lat' dir='ltr'><strong>Evangelium</strong></span> <span class='ocrx_word' id='word_1_44' title='bbox 1845 631 2023 696; x_wconf 86' lang='lat' dir='ltr'><strong>dedit;</strong></span> 
     </span>
    </p>
   </div>
   <div class='ocr_carea' id='block_1_8' title="bbox 459 727 2024 802">
    <p class='ocr_par' dir='ltr' id='par_1_8' title="bbox 459 727 2024 802">
     <span class='ocr_line' id='line_1_8' title="bbox 459 727 2024 802; baseline -0.007 -15"><span class='ocrx_word' id='word_1_45' title='bbox 459 744 553 787; x_wconf 88' lang='lat' dir='ltr'><strong>aut</strong></span> <span class='ocrx_word' id='word_1_46' title='bbox 574 733 643 788; x_wconf 93' lang='lat' dir='ltr'><strong>de</strong></span> <span class='ocrx_word' id='word_1_47' title='bbox 677 735 892 788; x_wconf 94' lang='lat' dir='ltr'><strong>Christo</strong></span> <span class='ocrx_word' id='word_1_48' title='bbox 920 732 1044 788; x_wconf 84' lang='lat' dir='ltr'><strong>Jesu</strong></span> <span class='ocrx_word' id='word_1_49' title='bbox 1068 730 1425 802; x_wconf 82' lang='lat' dir='ltr'><strong>primogenito</strong></span> <span class='ocrx_word' id='word_1_50' title='bbox 1451 727 1714 782; x_wconf 74' lang='lat' dir='ltr'><strong>universae</strong></span> <span class='ocrx_word' id='word_1_51' title='bbox 1745 733 2024 789; x_wconf 78' lang='lat' dir='ltr'><strong>creaturae,</strong></span> 
     </span>
    </p>
   </div>
   <div class='ocr_carea' id='block_1_9' title="bbox 461 816 2028 895">
    <p class='ocr_par' dir='ltr' id='par_1_9' title="bbox 461 816 2028 895">
     <span class='ocr_line' id='line_1_9' title="bbox 461 816 2028 895; baseline -0.008 -14"><span class='ocrx_word' id='word_1_52' title='bbox 461 827 553 895; x_wconf 90' lang='lat' dir='ltr'><strong>qui</strong></span> <span class='ocrx_word' id='word_1_53' title='bbox 589 827 641 880; x_wconf 91' lang='lat' dir='ltr'><strong>in</strong></span> <span class='ocrx_word' id='word_1_54' title='bbox 668 828 772 880; x_wconf 87' lang='lat' dir='ltr'><strong>line</strong></span> <span class='ocrx_word' id='word_1_55' title='bbox 809 825 990 881; x_wconf 78' lang='lat' dir='ltr'><strong>saeculi</strong></span> <span class='ocrx_word' id='word_1_56' title='bbox 1017 826 1310 878; x_wconf 85' lang='lat' dir='ltr'><strong>secundum</strong></span> <span class='ocrx_word' id='word_1_57' title='bbox 1351 819 1767 892; x_wconf 68' lang='lat' dir='ltr'><strong>praedicationes</strong></span> <span class='ocrx_word' id='word_1_58' title='bbox 1795 816 2028 885; x_wconf 83' lang='lat' dir='ltr'><strong>prophe-</strong></span> 
     </span>
    </p>
   </div>
   <div class='ocr_carea' id='block_1_10' title="bbox 461 911 2025 981">
    <p class='ocr_par' dir='ltr' id='par_1_10' title="bbox 461 911 2025 981">
     <span class='ocr_line' id='line_1_10' title="bbox 461 911 2025 981; baseline -0.007 -9"><span class='ocrx_word' id='word_1_59' title='bbox 461 929 639 973; x_wconf 90' lang='lat' dir='ltr'><strong>tarum</strong></span> <span class='ocrx_word' id='word_1_60' title='bbox 667 918 816 973; x_wconf 90' lang='lat' dir='ltr'><strong>venit</strong></span> <span class='ocrx_word' id='word_1_61' title='bbox 865 918 917 970; x_wconf 88' lang='lat' dir='ltr'><strong>in</strong></span> <span class='ocrx_word' id='word_1_62' title='bbox 959 915 1241 981; x_wconf 91' lang='lat' dir='ltr'><strong>mundum,</strong></span> <span class='ocrx_word' id='word_1_63' title='bbox 1292 925 1346 968; x_wconf 84' lang='lat' dir='ltr'><strong>et</strong></span> <span class='ocrx_word' id='word_1_64' title='bbox 1389 912 1626 981; x_wconf 75' lang='lat' dir='ltr'><strong>suscepit</strong></span> <span class='ocrx_word' id='word_1_65' title='bbox 1675 911 1727 965; x_wconf 94' lang='lat' dir='ltr'><strong>in</strong></span> <span class='ocrx_word' id='word_1_66' title='bbox 1759 925 1817 964; x_wconf 92' lang='lat' dir='ltr'><strong>se</strong></span> <span class='ocrx_word' id='word_1_67' title='bbox 1841 922 2025 962; x_wconf 87' lang='lat' dir='ltr'><strong>veram</strong></span> 
     </span>
    </p>
   </div>
   <div class='ocr_carea' id='block_1_11' title="bbox 462 999 2025 1065">
    <p class='ocr_par' dir='ltr' id='par_1_11' title="bbox 462 999 2025 1065">
     <span class='ocr_line' id='line_1_11' title="bbox 462 999 2025 1065; baseline -0.006 -3"><span class='ocrx_word' id='word_1_68' title='bbox 462 1008 711 1062; x_wconf 68' lang='lat' dir='ltr'><strong>humanae</strong></span> <span class='ocrx_word' id='word_1_69' title='bbox 741 1006 922 1060; x_wconf 89' lang='lat' dir='ltr'><strong>carnis</strong></span> <span class='ocrx_word' id='word_1_70' title='bbox 951 1014 1221 1065; x_wconf 85' lang='lat' dir='ltr'><strong>naturam.</strong></span> <span class='ocrx_word' id='word_1_71' title='bbox 1244 1012 1302 1057; x_wconf 88' lang='lat' dir='ltr'><strong>ut</strong></span> <span class='ocrx_word' id='word_1_72' title='bbox 1337 1003 1498 1058; x_wconf 86' lang='lat' dir='ltr'><strong>etiam</strong></span> <span class='ocrx_word' id='word_1_73' title='bbox 1527 1001 1860 1055; x_wconf 74' lang='lat' dir='ltr'><strong>nativitatem</strong></span> <span class='ocrx_word' id='word_1_74' title='bbox 1892 999 2025 1053; x_wconf 90' lang='lat' dir='ltr'><strong>sub-</strong></span> 
     </span>
    </p>
   </div>
   <div class='ocr_carea' id='block_1_12' title="bbox 460 1088 2026 1166">
    <p class='ocr_par' dir='ltr' id='par_1_12' title="bbox 460 1088 2026 1166">
     <span class='ocr_line' id='line_1_12' title="bbox 460 1088 2026 1166; baseline -0.008 -13"><span class='ocrx_word' id='word_1_75' title='bbox 460 1099 565 1154; x_wconf 83' lang='lat' dir='ltr'><strong>iret</strong></span> <span class='ocrx_word' id='word_1_76' title='bbox 611 1112 680 1152; x_wconf 88' lang='lat' dir='ltr'><strong>ex</strong></span> <span class='ocrx_word' id='word_1_77' title='bbox 735 1096 973 1166; x_wconf 83' lang='lat' dir='ltr'><strong>Virgine,</strong></span> <span class='ocrx_word' id='word_1_78' title='bbox 1029 1102 1082 1150; x_wconf 92' lang='lat' dir='ltr'><strong>et</strong></span> <span class='ocrx_word' id='word_1_79' title='bbox 1156 1103 1388 1149; x_wconf 90' lang='lat' dir='ltr'><strong>mortem</strong></span> <span class='ocrx_word' id='word_1_80' title='bbox 1443 1092 1624 1147; x_wconf 87' lang='lat' dir='ltr'><strong>crucis</strong></span> <span class='ocrx_word' id='word_1_81' title='bbox 1661 1088 1918 1159; x_wconf 81' lang='lat' dir='ltr'><strong>suscepit,</strong></span> <span class='ocrx_word' id='word_1_82' title='bbox 1971 1095 2026 1142; x_wconf 90' lang='lat' dir='ltr'><strong>et</strong></span> 
     </span>
    </p>
   </div>
   <div class='ocr_carea' id='block_1_13' title="bbox 460 1186 2028 1255">
    <p class='ocr_par' dir='ltr' id='par_1_13' title="bbox 460 1186 2028 1255">
     <span class='ocr_line' id='line_1_13' title="bbox 460 1186 2028 1255; baseline -0.008 -10"><span class='ocrx_word' id='word_1_83' title='bbox 460 1191 701 1246; x_wconf 80' lang='lat' dir='ltr'><strong>surrexit</strong></span> <span class='ocrx_word' id='word_1_84' title='bbox 729 1205 760 1244; x_wconf 92' lang='lat' dir='ltr'><strong>a</strong></span> <span class='ocrx_word' id='word_1_85' title='bbox 796 1189 1044 1255; x_wconf 86' lang='lat' dir='ltr'><strong>mortuis,</strong></span> <span class='ocrx_word' id='word_1_86' title='bbox 1085 1198 1141 1243; x_wconf 91' lang='lat' dir='ltr'><strong>et</strong></span> <span class='ocrx_word' id='word_1_87' title='bbox 1191 1186 1467 1242; x_wconf 84' lang='lat' dir='ltr'><strong>deiiicavit</strong></span> <span class='ocrx_word' id='word_1_88' title='bbox 1518 1199 1678 1253; x_wconf 88' lang='lat' dir='ltr'><strong>quam</strong></span> <span class='ocrx_word' id='word_1_89' title='bbox 1713 1187 2028 1251; x_wconf 85' lang='lat' dir='ltr'><strong>susceperat</strong></span> 
     </span>
    </p>
   </div>
   <div class='ocr_carea' id='block_1_14' title="bbox 460 1271 2028 1347">
    <p class='ocr_par' dir='ltr' id='par_1_14' title="bbox 460 1271 2028 1347">
     <span class='ocr_line' id='line_1_14' title="bbox 460 1271 2028 1347; baseline -0.011 -7"><span class='ocrx_word' id='word_1_90' title='bbox 460 1288 752 1340; x_wconf 82' lang='lat' dir='ltr'><strong>humanam</strong></span> <span class='ocrx_word' id='word_1_91' title='bbox 780 1291 1052 1336; x_wconf 89' lang='lat' dir='ltr'><strong>naturam.</strong></span> <span class='ocrx_word' id='word_1_92' title='bbox 1093 1300 1112 1333; x_wconf 85' lang='grc' dir='ltr'><strong>ι</strong></span> <span class='ocrx_word' id='word_1_93' title='bbox 1153 1278 1274 1347; x_wconf 86' lang='lat' dir='ltr'><strong>Quo</strong></span> <span class='ocrx_word' id='word_1_94' title='bbox 1295 1293 1458 1332; x_wconf 89' lang='lat' dir='ltr'><strong>sensu</strong></span> <span class='ocrx_word' id='word_1_95' title='bbox 1485 1276 1785 1343; x_wconf 81' lang='lat' dir='ltr'><strong>deiﬁcatam</strong></span> <span class='ocrx_word' id='word_1_96' title='bbox 1815 1289 1844 1326; x_wconf 88' lang='lat' dir='ltr'><strong>a</strong></span> <span class='ocrx_word' id='word_1_97' title='bbox 1868 1271 2028 1326; x_wconf 90' lang='lat' dir='ltr'><strong>Chri-</strong></span> 
     </span>
    </p>
   </div>
   <div class='ocr_carea' id='block_1_15' title="bbox 458 1363 2024 1430">
    <p class='ocr_par' dir='ltr' id='par_1_15' title="bbox 458 1363 2024 1430">
     <span class='ocr_line' id='line_1_15' title="bbox 458 1363 2024 1430; baseline -0.01 -1"><span class='ocrx_word' id='word_1_98' title='bbox 458 1385 545 1430; x_wconf 88' lang='lat' dir='ltr'><strong>sto</strong></span> <span class='ocrx_word' id='word_1_99' title='bbox 603 1383 850 1428; x_wconf 84' lang='lat' dir='ltr'><strong>naturatn</strong></span> <span class='ocrx_word' id='word_1_100' title='bbox 911 1371 1202 1425; x_wconf 85' lang='lat' dir='ltr'><strong>humanam</strong></span> <span class='ocrx_word' id='word_1_101' title='bbox 1248 1366 1468 1429; x_wconf 76' lang='lat' dir='ltr'><strong>dixerit,</strong></span> <span class='ocrx_word' id='word_1_102' title='bbox 1526 1363 1761 1420; x_wconf 91' lang='lat' dir='ltr'><strong>dubitari</strong></span> <span class='ocrx_word' id='word_1_103' title='bbox 1808 1369 2024 1428; x_wconf 85' lang='lat' dir='ltr'><strong>potest:</strong></span> 
     </span>
    </p>
   </div>
   <div class='ocr_carea' id='block_1_16' title="bbox 460 1449 2026 1525">
    <p class='ocr_par' dir='ltr' id='par_1_16' title="bbox 460 1449 2026 1525">
     <span class='ocr_line' id='line_1_16' title="bbox 460 1449 2026 1525; baseline -0.008 -8"><span class='ocrx_word' id='word_1_104' title='bbox 460 1478 584 1517; x_wconf 89' lang='lat' dir='ltr'><strong>nam</strong></span> <span class='ocrx_word' id='word_1_105' title='bbox 617 1464 664 1516; x_wconf 95' lang='lat' dir='ltr'><strong>si</strong></span> <span class='ocrx_word' id='word_1_106' title='bbox 691 1475 877 1516; x_wconf 90' lang='lat' dir='ltr'><strong>vocem</strong></span> <span class='ocrx_word' id='word_1_107' title='bbox 905 1460 1051 1513; x_wconf 82' lang='lat' dir='ltr'><strong>illam</strong></span> <span class='ocrx_word' id='word_1_108' title='bbox 1100 1456 1349 1525; x_wconf 80' lang='lat' dir='ltr'><strong>dei/icore</strong></span> <span class='ocrx_word' id='word_1_109' title='bbox 1394 1455 1465 1508; x_wconf 91' lang='lat' dir='ltr'><strong>ita</strong></span> <span class='ocrx_word' id='word_1_110' title='bbox 1502 1452 1833 1522; x_wconf 89' lang='lat' dir='ltr'><strong>accipiamus</strong></span> <span class='ocrx_word' id='word_1_111' title='bbox 1871 1449 2026 1519; x_wconf 88' lang='lat' dir='ltr'><strong>quasi</strong></span> 
     </span>
    </p>
   </div>
   <div class='ocr_carea' id='block_1_17' title="bbox 465 1549 2030 1610">
    <p class='ocr_par' dir='ltr' id='par_1_17' title="bbox 465 1549 2030 1610">
     <span class='ocr_line' id='line_1_17' title="bbox 465 1549 2030 1610; baseline -0.007 -4"><span class='ocrx_word' id='word_1_112' title='bbox 465 1553 696 1610; x_wconf 82' lang='lat' dir='ltr'><strong>Verbum</strong></span> <span class='ocrx_word' id='word_1_113' title='bbox 723 1553 774 1605; x_wconf 92' lang='lat' dir='ltr'><strong>in</strong></span> <span class='ocrx_word' id='word_1_114' title='bbox 810 1562 1059 1606; x_wconf 89' lang='lat' dir='ltr'><strong>naturam</strong></span> <span class='ocrx_word' id='word_1_115' title='bbox 1093 1549 1387 1604; x_wconf 85' lang='lat' dir='ltr'><strong>humanam</strong></span> <span class='ocrx_word' id='word_1_116' title='bbox 1422 1559 1770 1609; x_wconf 86' lang='lat' dir='ltr'><strong>conversum,</strong></span> <span class='ocrx_word' id='word_1_117' title='bbox 1822 1553 1880 1597; x_wconf 86' lang='lat' dir='ltr'><strong>et</strong></span> <span class='ocrx_word' id='word_1_118' title='bbox 1930 1557 2030 1595; x_wconf 80' lang='lat' dir='ltr'><strong>na-</strong></span> 
     </span>
    </p>
   </div>
   <div class='ocr_carea' id='block_1_18' title="bbox 460 1638 2022 1713">
    <p class='ocr_par' dir='ltr' id='par_1_18' title="bbox 460 1638 2022 1713">
     <span class='ocr_line' id='line_1_18' title="bbox 460 1638 2022 1713; baseline -0.01 -14"><span class='ocrx_word' id='word_1_119' title='bbox 460 1655 637 1699; x_wconf 88' lang='lat' dir='ltr'><strong>turam</strong></span> <span class='ocrx_word' id='word_1_120' title='bbox 689 1642 914 1713; x_wconf 90' lang='lat' dir='ltr'><strong>proinde</strong></span> <span class='ocrx_word' id='word_1_121' title='bbox 943 1654 1260 1709; x_wconf 86' lang='lat' dir='ltr'><strong>corpoream</strong></span> <span class='ocrx_word' id='word_1_122' title='bbox 1283 1638 1336 1692; x_wconf 89' lang='lat' dir='ltr'><strong>in</strong></span> <span class='ocrx_word' id='word_1_123' title='bbox 1379 1638 1542 1691; x_wconf 90' lang='lat' dir='ltr'><strong>Deum</strong></span> <span class='ocrx_word' id='word_1_124' title='bbox 1589 1650 1713 1689; x_wconf 90' lang='lat' dir='ltr'><strong>esse</strong></span> <span class='ocrx_word' id='word_1_125' title='bbox 1740 1641 2022 1697; x_wconf 83' lang='lat' dir='ltr'><strong>mutatam,</strong></span> 
     </span>
    </p>
   </div>
   <div class='ocr_carea' id='block_1_19' title="bbox 457 1724 2028 1802">
    <p class='ocr_par' dir='ltr' id='par_1_19' title="bbox 457 1724 2028 1802">
     <span class='ocr_line' id='line_1_19' title="bbox 457 1724 2028 1802; baseline -0.006 -16"><span class='ocrx_word' id='word_1_126' title='bbox 457 1733 813 1802; x_wconf 88' lang='lat' dir='ltr'><strong>ejusdemque</strong></span> <span class='ocrx_word' id='word_1_127' title='bbox 864 1744 987 1786; x_wconf 91' lang='lat' dir='ltr'><strong>esse</strong></span> <span class='ocrx_word' id='word_1_128' title='bbox 1031 1744 1095 1784; x_wconf 90' lang='lat' dir='ltr'><strong>ac</strong></span> <span class='ocrx_word' id='word_1_129' title='bbox 1137 1728 1373 1784; x_wconf 81' lang='lat' dir='ltr'><strong>Verbum</strong></span> <span class='ocrx_word' id='word_1_130' title='bbox 1427 1726 1744 1782; x_wconf 70' lang='lat' dir='ltr'><strong>substantiae</strong></span> <span class='ocrx_word' id='word_1_131' title='bbox 1793 1724 2028 1778; x_wconf 88' lang='lat' dir='ltr'><strong>voluerit</strong></span> 
     </span>
    </p>
   </div>
   <div class='ocr_carea' id='block_1_20' title="bbox 2125 523 3698 610">
    <p class='ocr_par' dir='ltr' id='par_1_20' title="bbox 2125 523 3698 610">
     <span class='ocr_line' id='line_1_20' title="bbox 2125 523 3698 610; baseline -0.004 -15"><span class='ocrx_word' id='word_1_132' title='bbox 2125 542 2218 595; x_wconf 76' lang='grc' dir='ltr'><strong>καὶ</strong></span> <span class='ocrx_word' id='word_1_133' title='bbox 2246 540 2344 609; x_wconf 82' lang='grc' dir='ltr'>τὴν</span> <span class='ocrx_word' id='word_1_134' title='bbox 2370 538 2713 610; x_wconf 80' lang='grc' dir='ltr'>ἀνθρωπίνην</span> <span class='ocrx_word' id='word_1_135' title='bbox 2747 540 2804 590; x_wconf 80' lang='grc' dir='ltr'><strong>ἐν</strong></span> <span class='ocrx_word' id='word_1_136' title='bbox 2828 535 2974 606; x_wconf 85' lang='grc' dir='ltr'>αὐτῷ</span> <span class='ocrx_word' id='word_1_137' title='bbox 2995 535 3190 607; x_wconf 76' lang='grc' dir='ltr'>ψυχὴν,</span> <span class='ocrx_word' id='word_1_138' title='bbox 3221 538 3285 606; x_wconf 79' lang='grc' dir='ltr'>τῇ</span> <span class='ocrx_word' id='word_1_139' title='bbox 3323 523 3458 606; x_wconf 79' lang='grc' dir='ltr'>πρὸς</span> <span class='ocrx_word' id='word_1_140' title='bbox 3490 538 3698 589; x_wconf 69' lang='grc' dir='ltr'>ἐκεῖνον</span> 
     </span>
    </p>
   </div>
   <div class='ocr_carea' id='block_1_21' title="bbox 2122 626 3696 703">
    <p class='ocr_par' dir='ltr' id='par_1_21' title="bbox 2122 626 3696 703">
     <span class='ocr_line' id='line_1_21' title="bbox 2122 626 3696 703; baseline -0.004 -16"><span class='ocrx_word' id='word_1_141' title='bbox 2122 635 2185 687; x_wconf 78' lang='grc' dir='ltr'><strong>οὐ</strong></span> <span class='ocrx_word' id='word_1_142' title='bbox 2223 633 2378 703; x_wconf 89' lang='grc' dir='ltr'>μόνον</span> <span class='ocrx_word' id='word_1_143' title='bbox 2428 630 2700 701; x_wconf 82' lang='grc' dir='ltr'>κοινωνίᾳ,</span> <span class='ocrx_word' id='word_1_144' title='bbox 2725 627 2861 682; x_wconf 90' lang='grc' dir='ltr'><strong>ἀλλά</strong></span> <span class='ocrx_word' id='word_1_145' title='bbox 2901 629 2994 682; x_wconf 75' lang='grc' dir='ltr'><strong>καὶ</strong></span> <span class='ocrx_word' id='word_1_146' title='bbox 3027 626 3240 690; x_wconf 83' lang='grc' dir='ltr'>ἐνώσει,</span> <span class='ocrx_word' id='word_1_147' title='bbox 3279 629 3373 682; x_wconf 75' lang='grc' dir='ltr'><strong>καὶ</strong></span> <span class='ocrx_word' id='word_1_148' title='bbox 3397 627 3696 698; x_wconf 80' lang='grc' dir='ltr'>ἀνακράσει</span> 
     </span>
    </p>
   </div>
   <div class='ocr_carea' id='block_1_22' title="bbox 2123 719 3770 796">
    <p class='ocr_par' dir='ltr' id='par_1_22' title="bbox 2123 719 3770 796">
     <span class='ocr_line' id='line_1_22' title="bbox 2123 719 3770 796; baseline -0.004 -18"><span class='ocrx_word' id='word_1_149' title='bbox 2123 726 2193 779; x_wconf 81' lang='grc' dir='ltr'><strong>τά</strong></span> <span class='ocrx_word' id='word_1_150' title='bbox 2235 724 2464 796; x_wconf 85' lang='grc' dir='ltr'>μέγιστά</span> <span class='ocrx_word' id='word_1_151' title='bbox 2518 739 2696 793; x_wconf 86' lang='grc' dir='ltr'>φαμεν</span> <span class='ocrx_word' id='word_1_152' title='bbox 2747 719 3186 792; x_wconf 76' lang='grc' dir='ltr'><strong>προσειληφέναι,</strong></span> <span class='ocrx_word' id='word_1_153' title='bbox 3221 719 3316 773; x_wconf 74' lang='grc' dir='ltr'><strong>καὶ</strong></span> <span class='ocrx_word' id='word_1_154' title='bbox 3355 719 3453 790; x_wconf 77' lang='grc' dir='ltr'>τῆς</span> <span class='ocrx_word' id='word_1_155' title='bbox 3490 719 3698 772; x_wconf 76' lang='grc' dir='ltr'>ἐκείνου</span> <span class='ocrx_word' id='word_1_156' title='bbox 3766 736 3770 743; x_wconf 93' lang='grc'>·</span> 
     </span>
    </p>
   </div>
   <div class='ocr_carea' id='block_1_23' title="bbox 2125 809 3696 883">
    <p class='ocr_par' dir='ltr' id='par_1_23' title="bbox 2125 809 3696 883">
     <span class='ocr_line' id='line_1_23' title="bbox 2125 809 3696 883; baseline -0.004 -16"><span class='ocrx_word' id='word_1_157' title='bbox 2125 813 2398 883; x_wconf 84' lang='grc' dir='ltr'><strong>θειότητος</strong></span> <span class='ocrx_word' id='word_1_158' title='bbox 2451 811 2885 883; x_wconf 84' lang='grc' dir='ltr'>κεκοινωνηκότα</span> <span class='ocrx_word' id='word_1_159' title='bbox 2935 811 3015 873; x_wconf 90' lang='grc' dir='ltr'><strong>είς</strong></span> <span class='ocrx_word' id='word_1_160' title='bbox 3057 809 3188 863; x_wconf 73' lang='grc' dir='ltr'>Θεὸν</span> <span class='ocrx_word' id='word_1_161' title='bbox 3241 809 3696 878; x_wconf 77' lang='grc' dir='ltr'>μεταϐεϐηκέναι.</span> 
     </span>
    </p>
   </div>
   <div class='ocr_carea' id='block_1_24' title="bbox 2125 900 3699 971">
    <p class='ocr_par' dir='ltr' id='par_1_24' title="bbox 2125 900 3699 971">
     <span class='ocr_line' id='line_1_24' title="bbox 2125 900 3699 971; baseline -0.004 -12"><span class='ocrx_word' id='word_1_162' title='bbox 2125 905 2263 959; x_wconf 86' lang='lat' dir='ltr'><strong>Tum</strong></span> <span class='ocrx_word' id='word_1_163' title='bbox 2304 903 2506 958; x_wconf 85' lang='lat' dir='ltr'><strong>Christi</strong></span> <span class='ocrx_word' id='word_1_164' title='bbox 2535 915 2738 971; x_wconf 90' lang='lat' dir='ltr'><strong>corpus</strong></span> <span class='ocrx_word' id='word_1_165' title='bbox 2767 917 2892 956; x_wconf 93' lang='lat' dir='ltr'><strong>cum</strong></span> <span class='ocrx_word' id='word_1_166' title='bbox 2927 902 3154 955; x_wconf 88' lang='lat' dir='ltr'><strong>materia</strong></span> <span class='ocrx_word' id='word_1_167' title='bbox 3186 900 3424 964; x_wconf 82' lang='lat' dir='ltr'><strong>confert,</strong></span> <span class='ocrx_word' id='word_1_168' title='bbox 3453 900 3699 954; x_wconf 90' lang='lat' dir='ltr'><strong>omnium</strong></span> 
     </span>
    </p>
   </div>
   <div class='ocr_carea' id='block_1_25' title="bbox 2123 991 3696 1067">
    <p class='ocr_par' dir='ltr' id='par_1_25' title="bbox 2123 991 3696 1067">
     <span class='ocr_line' id='line_1_25' title="bbox 2123 991 3696 1067; baseline -0.004 -16"><span class='ocrx_word' id='word_1_169' title='bbox 2123 1011 2222 1067; x_wconf 86' lang='lat' dir='ltr'><strong>per</strong></span> <span class='ocrx_word' id='word_1_170' title='bbox 2264 1010 2324 1050; x_wconf 84' lang='lat' dir='ltr'><strong>se</strong></span> <span class='ocrx_word' id='word_1_171' title='bbox 2378 994 2704 1065; x_wconf 89' lang='lat' dir='ltr'><strong>qualitatum</strong></span> <span class='ocrx_word' id='word_1_172' title='bbox 2753 1001 2996 1062; x_wconf 84' lang='lat' dir='ltr'><strong>experte,</strong></span> <span class='ocrx_word' id='word_1_173' title='bbox 3040 1006 3136 1047; x_wconf 90' lang='lat' dir='ltr'><strong>eas</strong></span> <span class='ocrx_word' id='word_1_174' title='bbox 3189 1007 3322 1047; x_wconf 90' lang='lat' dir='ltr'><strong>vero</strong></span> <span class='ocrx_word' id='word_1_175' title='bbox 3380 991 3696 1060; x_wconf 88' lang='lat' dir='ltr'><strong>recipiente,</strong></span> 
     </span>
    </p>
   </div>
   <div class='ocr_carea' id='block_1_26' title="bbox 2125 1084 3701 1158">
    <p class='ocr_par' dir='ltr' id='par_1_26' title="bbox 2125 1084 3701 1158">
     <span class='ocr_line' id='line_1_26' title="bbox 2125 1084 3701 1158; baseline -0.003 -17"><span class='ocrx_word' id='word_1_176' title='bbox 2125 1101 2473 1158; x_wconf 88' lang='lat' dir='ltr'><strong>quascunque</strong></span> <span class='ocrx_word' id='word_1_177' title='bbox 2499 1087 2548 1140; x_wconf 93' lang='lat' dir='ltr'><strong>ei</strong></span> <span class='ocrx_word' id='word_1_178' title='bbox 2569 1085 2747 1156; x_wconf 80' lang='lat' dir='ltr'><strong>Opilex</strong></span> <span class='ocrx_word' id='word_1_179' title='bbox 2781 1100 2963 1139; x_wconf 88' lang='lat' dir='ltr'><strong>rerum</strong></span> <span class='ocrx_word' id='word_1_180' title='bbox 2995 1085 3183 1140; x_wconf 88' lang='lat' dir='ltr'><strong>indere</strong></span> <span class='ocrx_word' id='word_1_181' title='bbox 3209 1084 3472 1144; x_wconf 88' lang='lat' dir='ltr'><strong>voluerit;</strong></span> <span class='ocrx_word' id='word_1_182' title='bbox 3504 1084 3701 1138; x_wconf 88' lang='lat' dir='ltr'><strong>deinde</strong></span> 
     </span>
    </p>
   </div>
   <div class='ocr_carea' id='block_1_27' title="bbox 2126 1174 3699 1250">
    <p class='ocr_par' dir='ltr' id='par_1_27' title="bbox 2126 1174 3699 1250">
     <span class='ocr_line' id='line_1_27' title="bbox 2126 1174 3699 1250; baseline -0.004 -15"><span class='ocrx_word' id='word_1_183' title='bbox 2126 1182 2311 1235; x_wconf 88' lang='lat' dir='ltr'><strong>addit:</strong></span> <span class='ocrx_word' id='word_1_184' title='bbox 2340 1181 2405 1233; x_wconf 89' lang='grc' dir='ltr'>Τί</span> <span class='ocrx_word' id='word_1_185' title='bbox 2433 1178 2744 1250; x_wconf 83' lang='grc' dir='ltr'>θαυμαστὸν</span> <span class='ocrx_word' id='word_1_186' title='bbox 2772 1179 2870 1248; x_wconf 80' lang='grc' dir='ltr'>τὴν</span> <span class='ocrx_word' id='word_1_187' title='bbox 2897 1177 3157 1249; x_wconf 83' lang='grc' dir='ltr'>ποιότητα</span> <span class='ocrx_word' id='word_1_188' title='bbox 3188 1177 3282 1230; x_wconf 89' lang='grc' dir='ltr'><strong>τοῦ</strong></span> <span class='ocrx_word' id='word_1_189' title='bbox 3316 1175 3511 1246; x_wconf 79' lang='grc' dir='ltr'>θνητοῦ</span> <span class='ocrx_word' id='word_1_190' title='bbox 3555 1174 3699 1228; x_wconf 86' lang='grc' dir='ltr'><strong>κατά</strong></span> 
     </span>
    </p>
   </div>
   <div class='ocr_carea' id='block_1_28' title="bbox 2124 1268 3698 1343">
    <p class='ocr_par' dir='ltr' id='par_1_28' title="bbox 2124 1268 3698 1343">
     <span class='ocr_line' id='line_1_28' title="bbox 2124 1268 3698 1343; baseline -0.003 -18"><span class='ocrx_word' id='word_1_191' title='bbox 2124 1271 2216 1325; x_wconf 83' lang='grc' dir='ltr'><strong>τὸν</strong></span> <span class='ocrx_word' id='word_1_192' title='bbox 2257 1271 2463 1343; x_wconf 81' lang='grc' dir='ltr'>Ἰησοῦν</span> <span class='ocrx_word' id='word_1_193' title='bbox 2495 1269 2744 1340; x_wconf 82' lang='grc' dir='ltr'>σώματος</span> <span class='ocrx_word' id='word_1_194' title='bbox 2771 1271 2999 1342; x_wconf 71' lang='grc' dir='ltr'>προνοίᾳ</span> <span class='ocrx_word' id='word_1_195' title='bbox 3028 1269 3164 1323; x_wconf 91' lang='grc' dir='ltr'>Θεοῦ</span> <span class='ocrx_word' id='word_1_196' title='bbox 3198 1268 3565 1340; x_wconf 83' lang='grc' dir='ltr'>βουληθέντος,</span> <span class='ocrx_word' id='word_1_197' title='bbox 3597 1284 3698 1338; x_wconf 88' lang='grc' dir='ltr'><strong>με-</strong></span> 
     </span>
    </p>
   </div>
   <div class='ocr_carea' id='block_1_29' title="bbox 2125 1358 3699 1433">
    <p class='ocr_par' dir='ltr' id='par_1_29' title="bbox 2125 1358 3699 1433">
     <span class='ocr_line' id='line_1_29' title="bbox 2125 1358 3699 1433; baseline -0.003 -18"><span class='ocrx_word' id='word_1_198' title='bbox 2125 1361 2377 1416; x_wconf 77' lang='grc' dir='ltr'>ταϐαλεῖν</span> <span class='ocrx_word' id='word_1_199' title='bbox 2419 1363 2499 1425; x_wconf 87' lang='grc' dir='ltr'><strong>είς</strong></span> <span class='ocrx_word' id='word_1_200' title='bbox 2535 1360 2775 1433; x_wconf 81' lang='grc' dir='ltr'>αἰθέριον</span> <span class='ocrx_word' id='word_1_201' title='bbox 2810 1363 2902 1415; x_wconf 77' lang='grc' dir='ltr'>καὶ</span> <span class='ocrx_word' id='word_1_202' title='bbox 2938 1361 3089 1415; x_wconf 87' lang='grc' dir='ltr'>θείαν</span> <span class='ocrx_word' id='word_1_203' title='bbox 3121 1361 3399 1432; x_wconf 84' lang='grc' dir='ltr'>ποιότητα.</span> <span class='ocrx_word' id='word_1_204' title='bbox 3443 1361 3508 1413; x_wconf 76' lang='lat' dir='ltr'><strong>Et</strong></span> <span class='ocrx_word' id='word_1_205' title='bbox 3540 1358 3699 1426; x_wconf 87' lang='lat' dir='ltr'><strong>paulo</strong></span> 
     </span>
    </p>
   </div>
   <div class='ocr_carea' id='block_1_30' title="bbox 2125 1448 3700 1521">
    <p class='ocr_par' dir='ltr' id='par_1_30' title="bbox 2125 1448 3700 1521">
     <span class='ocr_line' id='line_1_30' title="bbox 2125 1448 3700 1521; baseline -0.003 -15"><span class='ocrx_word' id='word_1_206' title='bbox 2125 1461 2268 1521; x_wconf 88' lang='lat' dir='ltr'><strong>post,</strong></span> <span class='ocrx_word' id='word_1_207' title='bbox 2307 1468 2456 1505; x_wconf 90' lang='lat' dir='ltr'><strong>num.</strong></span> <span class='ocrx_word' id='word_1_208' title='bbox 2486 1449 2588 1505; x_wconf 68' lang='lat'><strong>42:</strong></span> <span class='ocrx_word' id='word_1_209' title='bbox 2620 1451 2811 1521; x_wconf 85' lang='grc' dir='ltr'><strong>Ὅμως</strong></span> <span class='ocrx_word' id='word_1_210' title='bbox 2853 1449 2909 1502; x_wconf 83' lang='grc' dir='ltr'>δὲ</span> <span class='ocrx_word' id='word_1_211' title='bbox 2949 1450 3043 1504; x_wconf 78' lang='grc' dir='ltr'>καὶ</span> <span class='ocrx_word' id='word_1_212' title='bbox 3079 1449 3216 1521; x_wconf 82' lang='grc' dir='ltr'>πρὸς</span> <span class='ocrx_word' id='word_1_213' title='bbox 3263 1448 3420 1502; x_wconf 87' lang='grc' dir='ltr'>τοῦτο</span> <span class='ocrx_word' id='word_1_214' title='bbox 3454 1448 3700 1518; x_wconf 85' lang='grc' dir='ltr'>φήσομεν</span> 
     </span>
    </p>
   </div>
   <div class='ocr_carea' id='block_1_31' title="bbox 2124 1539 3700 1613">
    <p class='ocr_par' dir='ltr' id='par_1_31' title="bbox 2124 1539 3700 1613">
     <span class='ocr_line' id='line_1_31' title="bbox 2124 1539 3700 1613; baseline -0.004 -16"><span class='ocrx_word' id='word_1_215' title='bbox 2124 1544 2208 1597; x_wconf 84' lang='grc' dir='ltr'>ὅτι</span> <span class='ocrx_word' id='word_1_216' title='bbox 2240 1544 2396 1613; x_wconf 72' lang='grc' dir='ltr'>εἴπερ</span> <span class='ocrx_word' id='word_1_217' title='bbox 2423 1541 2644 1596; x_wconf 79' lang='grc' dir='ltr'>δυνατὸν</span> <span class='ocrx_word' id='word_1_218' title='bbox 2675 1541 2921 1612; x_wconf 77' lang='grc' dir='ltr'>ἀμείϐειν</span> <span class='ocrx_word' id='word_1_219' title='bbox 2954 1541 3242 1611; x_wconf 85' lang='grc' dir='ltr'>ποιότητας</span> <span class='ocrx_word' id='word_1_220' title='bbox 3279 1539 3377 1611; x_wconf 87' lang='grc' dir='ltr'>τὴν</span> <span class='ocrx_word' id='word_1_221' title='bbox 3409 1539 3700 1609; x_wconf 79' lang='grc' dir='ltr'>ὑποκειμέο</span> 
     </span>
    </p>
   </div>
   <div class='ocr_carea' id='block_1_32' title="bbox 2125 1630 3698 1706">
    <p class='ocr_par' dir='ltr' id='par_1_32' title="bbox 2125 1630 3698 1706">
     <span class='ocr_line' id='line_1_32' title="bbox 2125 1630 3698 1706; baseline -0.004 -18"><span class='ocrx_word' id='word_1_222' title='bbox 2125 1651 2223 1706; x_wconf 85' lang='grc' dir='ltr'><strong>νην</strong></span> <span class='ocrx_word' id='word_1_223' title='bbox 2264 1634 2466 1698; x_wconf 82' lang='grc' dir='ltr'>πάσαις</span> <span class='ocrx_word' id='word_1_224' title='bbox 2513 1633 2790 1705; x_wconf 87' lang='grc' dir='ltr'>ποιότησιν</span> <span class='ocrx_word' id='word_1_225' title='bbox 2813 1632 2968 1704; x_wconf 80' lang='grc' dir='ltr'>ὓλην,</span> <span class='ocrx_word' id='word_1_226' title='bbox 3012 1633 3128 1695; x_wconf 79' lang='grc' dir='ltr'>πῶς</span> <span class='ocrx_word' id='word_1_227' title='bbox 3157 1633 3216 1685; x_wconf 84' lang='grc' dir='ltr'><strong>οὐ</strong></span> <span class='ocrx_word' id='word_1_228' title='bbox 3242 1631 3463 1685; x_wconf 81' lang='grc' dir='ltr'>δυνατὸν</span> <span class='ocrx_word' id='word_1_229' title='bbox 3485 1631 3581 1684; x_wconf 75' lang='grc' dir='ltr'>καὶ</span> <span class='ocrx_word' id='word_1_230' title='bbox 3599 1630 3698 1701; x_wconf 81' lang='grc' dir='ltr'>τὴν</span> 
     </span>
    </p>
   </div>
   <div class='ocr_carea' id='block_1_33' title="bbox 2127 1725 3698 1800">
    <p class='ocr_par' dir='ltr' id='par_1_33' title="bbox 2127 1725 3698 1800">
     <span class='ocr_line' id='line_1_33' title="bbox 2127 1725 3698 1800; baseline -0.003 -18"><span class='ocrx_word' id='word_1_231' title='bbox 2127 1729 2307 1800; x_wconf 86' lang='grc' dir='ltr'>σάρκα</span> <span class='ocrx_word' id='word_1_232' title='bbox 2342 1726 2434 1781; x_wconf 89' lang='grc' dir='ltr'><strong>τοῦ</strong></span> <span class='ocrx_word' id='word_1_233' title='bbox 2495 1725 2669 1797; x_wconf 88' lang='grc' dir='ltr'>Ἰησοῦ</span> <span class='ocrx_word' id='word_1_234' title='bbox 2721 1726 3030 1798; x_wconf 85' lang='grc' dir='ltr'>ἀμείψασαν</span> <span class='ocrx_word' id='word_1_235' title='bbox 3081 1725 3370 1797; x_wconf 87' lang='grc' dir='ltr'>ποιότητας</span> <span class='ocrx_word' id='word_1_236' title='bbox 3417 1725 3698 1794; x_wconf 83' lang='grc' dir='ltr'>γεγονέναι</span> 
     </span>
    </p>
   </div>
   <div class='ocr_carea' id='block_1_34' title="bbox 455 1809 2043 1890">
    <p class='ocr_par' dir='ltr' id='par_1_34' title="bbox 455 1813 2026 1890">
     <span class='ocr_line' id='line_1_34' title="bbox 455 1813 2026 1890; baseline -0.004 -15"><span class='ocrx_word' id='word_1_237' title='bbox 455 1819 742 1890; x_wconf 80' lang='lat' dir='ltr'><strong>Origenes,</strong></span> <span class='ocrx_word' id='word_1_238' title='bbox 776 1819 1099 1873; x_wconf 83' lang='lat' dir='ltr'><strong>manifestus</strong></span> <span class='ocrx_word' id='word_1_239' title='bbox 1125 1817 1232 1872; x_wconf 86' lang='lat' dir='ltr'><strong>erit</strong></span> <span class='ocrx_word' id='word_1_240' title='bbox 1258 1816 1444 1886; x_wconf 89' lang='lat' dir='ltr'><strong>utique</strong></span> <span class='ocrx_word' id='word_1_241' title='bbox 1474 1815 1720 1884; x_wconf 86' lang='lat' dir='ltr'><strong>capitalis</strong></span> <span class='ocrx_word' id='word_1_242' title='bbox 1763 1813 1908 1870; x_wconf 92' lang='lat' dir='ltr'><strong>illius</strong></span> <span class='ocrx_word' id='word_1_243' title='bbox 1937 1828 2026 1869; x_wconf 84' lang='lat' dir='ltr'><strong>er-</strong></span> 
     </span>
    </p>
   </div>
   <div class='ocr_carea' id='block_1_35' title="bbox 2129 1809 3701 1890">
    <p class='ocr_par' dir='ltr' id='par_1_35' title="bbox 2129 1811 3701 1886">
     <span class='ocr_line' id='line_1_35' title="bbox 2129 1811 3701 1886; baseline -0.003 -15"><span class='ocrx_word' id='word_1_244' title='bbox 2129 1817 2401 1886; x_wconf 86' lang='grc' dir='ltr'>τοιαύτην,</span> <span class='ocrx_word' id='word_1_245' title='bbox 2459 1816 2648 1870; x_wconf 87' lang='grc' dir='ltr'>ὁποίαν</span> <span class='ocrx_word' id='word_1_246' title='bbox 2676 1815 2844 1886; x_wconf 80' lang='grc' dir='ltr'>ἐχρῆν</span> <span class='ocrx_word' id='word_1_247' title='bbox 2876 1811 3128 1885; x_wconf 75' lang='grc' dir='ltr'>εἶναιτὴν</span> <span class='ocrx_word' id='word_1_248' title='bbox 3154 1815 3214 1867; x_wconf 83' lang='grc' dir='ltr'>ὲν</span> <span class='ocrx_word' id='word_1_249' title='bbox 3247 1813 3445 1882; x_wconf 76' lang='grc' dir='ltr'>αἰθέρι,</span> <span class='ocrx_word' id='word_1_250' title='bbox 3471 1814 3701 1877; x_wconf 80' lang='grc' dir='ltr'>καὶτοῖς</span> 
     </span>
    </p>
   </div>
   <div class='ocr_carea' id='block_1_36' title="bbox 461 1904 2028 1980">
    <p class='ocr_par' dir='ltr' id='par_1_36' title="bbox 461 1904 2028 1980">
     <span class='ocr_line' id='line_1_36' title="bbox 461 1904 2028 1980; baseline -0.003 -18"><span class='ocrx_word' id='word_1_251' title='bbox 461 1911 628 1976; x_wconf 86' lang='lat' dir='ltr'><strong>roris,</strong></span> <span class='ocrx_word' id='word_1_252' title='bbox 661 1925 821 1980; x_wconf 91' lang='lat' dir='ltr'><strong>quem</strong></span> <span class='ocrx_word' id='word_1_253' title='bbox 848 1908 1178 1978; x_wconf 81' lang='lat' dir='ltr'><strong>Apollinaris</strong></span> <span class='ocrx_word' id='word_1_254' title='bbox 1229 1908 1283 1962; x_wconf 90' lang='lat' dir='ltr'><strong>in</strong></span> <span class='ocrx_word' id='word_1_255' title='bbox 1338 1906 1634 1962; x_wconf 88' lang='lat' dir='ltr'><strong>Ecclesiam</strong></span> <span class='ocrx_word' id='word_1_256' title='bbox 1680 1905 1913 1969; x_wconf 83' lang='lat' dir='ltr'><strong>invexit;</strong></span> <span class='ocrx_word' id='word_1_257' title='bbox 1945 1904 2028 1958; x_wconf 84' lang='lat' dir='ltr'><strong>vel</strong></span> 
     </span>
    </p>
   </div>
   <div class='ocr_carea' id='block_1_37' title="bbox 459 1992 2030 2070">
    <p class='ocr_par' dir='ltr' id='par_1_37' title="bbox 459 1992 2030 2070">
     <span class='ocr_line' id='line_1_37' title="bbox 459 1992 2030 2070; baseline -0.004 -16"><span class='ocrx_word' id='word_1_258' title='bbox 459 1999 618 2070; x_wconf 84' lang='lat' dir='ltr'><strong>hujus</strong></span> <span class='ocrx_word' id='word_1_259' title='bbox 648 2000 754 2054; x_wconf 91' lang='lat' dir='ltr'><strong>erit</strong></span> <span class='ocrx_word' id='word_1_260' title='bbox 779 2001 958 2068; x_wconf 89' lang='lat' dir='ltr'><strong>potius</strong></span> <span class='ocrx_word' id='word_1_261' title='bbox 985 1997 1177 2066; x_wconf 84' lang='lat' dir='ltr'><strong>ﬂagitii</strong></span> <span class='ocrx_word' id='word_1_262' title='bbox 1210 2011 1355 2060; x_wconf 89' lang='lat' dir='ltr'><strong>reus,</strong></span> <span class='ocrx_word' id='word_1_263' title='bbox 1395 1996 1540 2064; x_wconf 90' lang='lat' dir='ltr'><strong>quod</strong></span> <span class='ocrx_word' id='word_1_264' title='bbox 1570 1996 1623 2049; x_wconf 89' lang='lat' dir='ltr'><strong>in</strong></span> <span class='ocrx_word' id='word_1_265' title='bbox 1651 2009 1712 2049; x_wconf 91' lang='lat' dir='ltr'><strong>se</strong></span> <span class='ocrx_word' id='word_1_266' title='bbox 1735 1992 2030 2064; x_wconf 85' lang='lat' dir='ltr'><strong>Eutychia-</strong></span> 
     </span>
    </p>
   </div>
   <div class='ocr_carea' id='block_1_38' title="bbox 458 2083 2026 2158">
    <p class='ocr_par' dir='ltr' id='par_1_38' title="bbox 458 2083 2026 2158">
     <span class='ocr_line' id='line_1_38' title="bbox 458 2083 2026 2158; baseline -0.006 -13"><span class='ocrx_word' id='word_1_267' title='bbox 458 2106 654 2145; x_wconf 87' lang='lat' dir='ltr'><strong>norum</strong></span> <span class='ocrx_word' id='word_1_268' title='bbox 713 2099 864 2145; x_wconf 89' lang='lat' dir='ltr'><strong>secta</strong></span> <span class='ocrx_word' id='word_1_269' title='bbox 920 2089 1166 2158; x_wconf 63' lang='lat' dir='ltr'><strong>quaedam</strong></span> <span class='ocrx_word' id='word_1_270' title='bbox 1217 2086 1501 2154; x_wconf 87' lang='lat' dir='ltr'><strong>concepit,</strong></span> <span class='ocrx_word' id='word_1_271' title='bbox 1558 2083 1684 2138; x_wconf 93' lang='lat' dir='ltr'><strong>dum</strong></span> <span class='ocrx_word' id='word_1_272' title='bbox 1739 2084 2026 2137; x_wconf 86' lang='lat' dir='ltr'><strong>humanam</strong></span> 
     </span>
    </p>
   </div>
   <div class='ocr_carea' id='block_1_39' title="bbox 456 2171 2030 2247">
    <p class='ocr_par' dir='ltr' id='par_1_39' title="bbox 456 2171 2030 2247">
     <span class='ocr_line' id='line_1_39' title="bbox 456 2171 2030 2247; baseline -0.008 -9"><span class='ocrx_word' id='word_1_273' title='bbox 456 2182 658 2238; x_wconf 79' lang='lat' dir='ltr'><strong>Christi</strong></span> <span class='ocrx_word' id='word_1_274' title='bbox 709 2189 957 2234; x_wconf 89' lang='lat' dir='ltr'><strong>naturam</strong></span> <span class='ocrx_word' id='word_1_275' title='bbox 1010 2180 1062 2233; x_wconf 91' lang='lat' dir='ltr'><strong>in</strong></span> <span class='ocrx_word' id='word_1_276' title='bbox 1122 2178 1360 2232; x_wconf 88' lang='lat' dir='ltr'><strong>divinam</strong></span> <span class='ocrx_word' id='word_1_277' title='bbox 1399 2185 1522 2247; x_wconf 90' lang='lat' dir='ltr'><strong>post</strong></span> <span class='ocrx_word' id='word_1_278' title='bbox 1565 2184 1796 2230; x_wconf 88' lang='lat' dir='ltr'><strong>mortem</strong></span> <span class='ocrx_word' id='word_1_279' title='bbox 1830 2171 1946 2240; x_wconf 89' lang='lat' dir='ltr'><strong>ejus</strong></span> <span class='ocrx_word' id='word_1_280' title='bbox 1976 2180 2030 2226; x_wconf 90' lang='lat' dir='ltr'><strong>et</strong></span> 
     </span>
    </p>
   </div>
   <div class='ocr_carea' id='block_1_40' title="bbox 456 2263 2028 2328">
    <p class='ocr_par' dir='ltr' id='par_1_40' title="bbox 456 2263 2028 2328">
     <span class='ocr_line' id='line_1_40' title="bbox 456 2263 2028 2328; baseline -0.008 0"><span class='ocrx_word' id='word_1_281' title='bbox 456 2273 915 2328; x_wconf 86' lang='lat' dir='ltr'><strong>resurrectionem</strong></span> <span class='ocrx_word' id='word_1_282' title='bbox 948 2270 1217 2324; x_wconf 84' lang='lat' dir='ltr'><strong>transisse</strong></span> <span class='ocrx_word' id='word_1_283' title='bbox 1262 2270 1606 2323; x_wconf 89' lang='lat' dir='ltr'><strong>decerneret.</strong></span> <span class='ocrx_word' id='word_1_284' title='bbox 1655 2265 1726 2320; x_wconf 86' lang='lat' dir='ltr'><strong>At</strong></span> <span class='ocrx_word' id='word_1_285' title='bbox 1753 2263 1799 2319; x_wconf 87' lang='lat' dir='ltr'><strong>si</strong></span> <span class='ocrx_word' id='word_1_286' title='bbox 1833 2263 2028 2316; x_wconf 92' lang='lat' dir='ltr'><strong>huma-</strong></span> 
     </span>
    </p>
   </div>
   <div class='ocr_carea' id='block_1_41' title="bbox 456 2353 2024 2428">
    <p class='ocr_par' dir='ltr' id='par_1_41' title="bbox 456 2353 2024 2428">
     <span class='ocr_line' id='line_1_41' title="bbox 456 2353 2024 2428; baseline -0.008 -9"><span class='ocrx_word' id='word_1_287' title='bbox 456 2381 583 2419; x_wconf 86' lang='lat' dir='ltr'><strong>nam</strong></span> <span class='ocrx_word' id='word_1_288' title='bbox 614 2362 820 2419; x_wconf 90' lang='lat' dir='ltr'><strong>Christi</strong></span> <span class='ocrx_word' id='word_1_289' title='bbox 855 2370 1128 2424; x_wconf 90' lang='lat' dir='ltr'><strong>naturam,</strong></span> <span class='ocrx_word' id='word_1_290' title='bbox 1155 2369 1318 2415; x_wconf 76' lang='lat' dir='ltr'><strong>exuta</strong></span> <span class='ocrx_word' id='word_1_291' title='bbox 1366 2366 1491 2428; x_wconf 89' lang='lat' dir='ltr'><strong>post</strong></span> <span class='ocrx_word' id='word_1_292' title='bbox 1538 2366 1766 2411; x_wconf 88' lang='lat' dir='ltr'><strong>mortem</strong></span> <span class='ocrx_word' id='word_1_293' title='bbox 1797 2353 2024 2409; x_wconf 83' lang='lat' dir='ltr'><strong>inﬁrmi-</strong></span> 
     </span>
    </p>
   </div>
   <div class='ocr_carea' id='block_1_42' title="bbox 457 2445 2030 2524">
    <p class='ocr_par' dir='ltr' id='par_1_42' title="bbox 457 2445 2030 2524">
     <span class='ocr_line' id='line_1_42' title="bbox 457 2445 2030 2524; baseline -0.007 -15"><span class='ocrx_word' id='word_1_294' title='bbox 457 2467 588 2521; x_wconf 84' lang='lat' dir='ltr'><strong>tate,</strong></span> <span class='ocrx_word' id='word_1_295' title='bbox 622 2456 856 2510; x_wconf 86' lang='lat' dir='ltr'><strong>divinam</strong></span> <span class='ocrx_word' id='word_1_296' title='bbox 878 2455 1170 2524; x_wconf 85' lang='lat' dir='ltr'><strong>quamdam</strong></span> <span class='ocrx_word' id='word_1_297' title='bbox 1192 2451 1496 2520; x_wconf 90' lang='lat' dir='ltr'><strong>suscepisse</strong></span> <span class='ocrx_word' id='word_1_298' title='bbox 1524 2448 1843 2518; x_wconf 84' lang='lat' dir='ltr'><strong>qualitatem</strong></span> <span class='ocrx_word' id='word_1_299' title='bbox 1871 2445 2030 2499; x_wconf 92' lang='lat' dir='ltr'><strong>modo</strong></span> 
     </span>
    </p>
   </div>
   <div class='ocr_carea' id='block_1_43' title="bbox 457 2537 2027 2618">
    <p class='ocr_par' dir='ltr' id='par_1_43' title="bbox 457 2537 2027 2618">
     <span class='ocr_line' id='line_1_43' title="bbox 457 2537 2027 2618; baseline -0.008 -16"><span class='ocrx_word' id='word_1_300' title='bbox 457 2549 805 2618; x_wconf 79' lang='lat' dir='ltr'><strong>signiﬁcavit,</strong></span> <span class='ocrx_word' id='word_1_301' title='bbox 852 2546 1049 2616; x_wconf 83' lang='lat' dir='ltr'><strong>ecquid</strong></span> <span class='ocrx_word' id='word_1_302' title='bbox 1097 2544 1353 2599; x_wconf 89' lang='lat' dir='ltr'><strong>invidiam</strong></span> <span class='ocrx_word' id='word_1_303' title='bbox 1399 2541 1478 2596; x_wconf 91' lang='lat' dir='ltr'><strong>illi</strong></span> <span class='ocrx_word' id='word_1_304' title='bbox 1525 2539 1615 2596; x_wconf 87' lang='lat' dir='ltr'><strong>vel</strong></span> <span class='ocrx_word' id='word_1_305' title='bbox 1668 2537 2027 2602; x_wconf 88' lang='lat' dir='ltr'><strong>movebimus,</strong></span> 
     </span>
    </p>
   </div>
   <div class='ocr_carea' id='block_1_44' title="bbox 456 2629 2031 2704">
    <p class='ocr_par' dir='ltr' id='par_1_44' title="bbox 456 2629 2031 2704">
     <span class='ocr_line' id='line_1_44' title="bbox 456 2629 2031 2704; baseline -0.009 -9"><span class='ocrx_word' id='word_1_306' title='bbox 456 2643 544 2695; x_wconf 83' lang='lat' dir='ltr'><strong>vel</strong></span> <span class='ocrx_word' id='word_1_307' title='bbox 580 2641 786 2695; x_wconf 84' lang='lat' dir='ltr'><strong>moveri</strong></span> <span class='ocrx_word' id='word_1_308' title='bbox 819 2640 923 2693; x_wconf 90' lang='lat' dir='ltr'><strong>hoc</strong></span> <span class='ocrx_word' id='word_1_309' title='bbox 957 2635 1182 2692; x_wconf 91' lang='lat' dir='ltr'><strong>nomine</strong></span> <span class='ocrx_word' id='word_1_310' title='bbox 1222 2633 1497 2704; x_wconf 85' lang='lat' dir='ltr'><strong>patiemur</strong></span> <span class='ocrx_word' id='word_1_311' title='bbox 1535 2632 1560 2686; x_wconf 88' lang='lat' dir='ltr'><strong>‘t</strong></span> <span class='ocrx_word' id='word_1_312' title='bbox 1605 2629 1782 2699; x_wconf 81' lang='lat' dir='ltr'><strong>Atque</strong></span> <span class='ocrx_word' id='word_1_313' title='bbox 1813 2642 1879 2685; x_wconf 89' lang='lat' dir='ltr'><strong>eo</strong></span> <span class='ocrx_word' id='word_1_314' title='bbox 1905 2642 2031 2698; x_wconf 85' lang='lat' dir='ltr'><strong>pro-</strong></span> 
     </span>
    </p>
   </div>
   <div class='ocr_carea' id='block_1_45' title="bbox 457 2722 2032 2803">
    <p class='ocr_par' dir='ltr' id='par_1_45' title="bbox 457 2722 2032 2803">
     <span class='ocr_line' id='line_1_45' title="bbox 457 2722 2032 2803; baseline -0.009 -16"><span class='ocrx_word' id='word_1_315' title='bbox 457 2735 580 2803; x_wconf 85' lang='lat' dir='ltr'><strong>pius</strong></span> <span class='ocrx_word' id='word_1_316' title='bbox 611 2740 862 2800; x_wconf 87' lang='lat' dir='ltr'><strong>spectant</strong></span> <span class='ocrx_word' id='word_1_317' title='bbox 894 2731 1060 2784; x_wconf 90' lang='lat' dir='ltr'><strong>verba</strong></span> <span class='ocrx_word' id='word_1_318' title='bbox 1115 2726 1386 2796; x_wconf 86' lang='lat' dir='ltr'><strong>Origenis.</strong></span> <span class='ocrx_word' id='word_1_319' title='bbox 1415 2722 1728 2779; x_wconf 78' lang='lat' dir='ltr'><strong>Verisimile</strong></span> <span class='ocrx_word' id='word_1_320' title='bbox 1772 2737 1904 2776; x_wconf 85' lang='lat' dir='ltr'><strong>sane</strong></span> <span class='ocrx_word' id='word_1_321' title='bbox 1945 2729 2032 2774; x_wconf 88' lang='lat' dir='ltr'><strong>est</strong></span> 
     </span>
    </p>
   </div>
   <div class='ocr_carea' id='block_1_46' title="bbox 457 2813 2031 2890">
    <p class='ocr_par' dir='ltr' id='par_1_46' title="bbox 457 2813 2031 2890">
     <span class='ocr_line' id='line_1_46' title="bbox 457 2813 2031 2890; baseline -0.006 -15"><span class='ocrx_word' id='word_1_322' title='bbox 457 2833 698 2877; x_wconf 87' lang='lat' dir='ltr'><strong>veterem</strong></span> <span class='ocrx_word' id='word_1_323' title='bbox 728 2819 1040 2890; x_wconf 81' lang='lat' dir='ltr'><strong>Origeniani</strong></span> <span class='ocrx_word' id='word_1_324' title='bbox 1092 2819 1147 2872; x_wconf 90' lang='lat' dir='ltr'><strong>in</strong></span> <span class='ocrx_word' id='word_1_325' title='bbox 1196 2817 1508 2873; x_wconf 73' lang='lat' dir='ltr'><strong>Matthwum</strong></span> <span class='ocrx_word' id='word_1_326' title='bbox 1548 2813 2031 2869; x_wconf 84' lang='lat' dir='ltr'><strong>Commentariiin-</strong></span> 
     </span>
    </p>
   </div>
   <div class='ocr_carea' id='block_1_47' title="bbox 459 2905 2031 2984">
    <p class='ocr_par' dir='ltr' id='par_1_47' title="bbox 459 2905 2031 2984">
     <span class='ocr_line' id='line_1_47' title="bbox 459 2905 2031 2984; baseline -0.006 -16"><span class='ocrx_word' id='word_1_327' title='bbox 459 2924 754 2984; x_wconf 88' lang='lat' dir='ltr'><strong>terprelem</strong></span> <span class='ocrx_word' id='word_1_328' title='bbox 809 2927 996 2968; x_wconf 90' lang='lat' dir='ltr'><strong>vocem</strong></span> <span class='ocrx_word' id='word_1_329' title='bbox 1059 2913 1220 2975; x_wconf 87' lang='lat' dir='ltr'><strong>hanc,</strong></span> <span class='ocrx_word' id='word_1_330' title='bbox 1273 2908 1562 2978; x_wconf 82' lang='lat' dir='ltr'><strong>deiﬁcavit,</strong></span> <span class='ocrx_word' id='word_1_331' title='bbox 1615 2921 1721 2977; x_wconf 91' lang='lat' dir='ltr'><strong>qua</strong></span> <span class='ocrx_word' id='word_1_332' title='bbox 1772 2905 1967 2970; x_wconf 89' lang='lat' dir='ltr'><strong>utitur,</strong></span> <span class='ocrx_word' id='word_1_333' title='bbox 1998 2917 2031 2958; x_wconf 90' lang='lat' dir='ltr'><strong>e</strong></span> 
     </span>
    </p>
   </div>
   <div class='ocr_carea' id='block_1_48' title="bbox 454 2998 2031 3072">
    <p class='ocr_par' dir='ltr' id='par_1_48' title="bbox 454 2998 2031 3072">
     <span class='ocr_line' id='line_1_48' title="bbox 454 2998 2031 3072; baseline -0.006 -11"><span class='ocrx_word' id='word_1_334' title='bbox 454 3006 645 3061; x_wconf 65' lang='lat' dir='ltr'><strong>Graeco</strong></span> <span class='ocrx_word' id='word_1_335' title='bbox 674 3004 874 3058; x_wconf 81' lang='grc' dir='ltr'>ὲθέωσε</span> <span class='ocrx_word' id='word_1_336' title='bbox 909 3003 991 3059; x_wconf 89' lang='lat' dir='ltr'><strong>vel</strong></span> <span class='ocrx_word' id='word_1_337' title='bbox 1019 3001 1338 3072; x_wconf 83' lang='grc' dir='ltr'>ὲθεοποίησε</span> <span class='ocrx_word' id='word_1_338' title='bbox 1371 3001 1693 3056; x_wconf 87' lang='lat' dir='ltr'><strong>reddidisse.</strong></span> <span class='ocrx_word' id='word_1_339' title='bbox 1735 2999 1900 3068; x_wconf 84' lang='lat' dir='ltr'><strong>Atqui</strong></span> <span class='ocrx_word' id='word_1_340' title='bbox 1925 2998 2031 3052; x_wconf 88' lang='lat' dir='ltr'><strong>hu-</strong></span> 
     </span>
    </p>
   </div>
   <div class='ocr_carea' id='block_1_49' title="bbox 459 3095 2025 3162">
    <p class='ocr_par' dir='ltr' id='par_1_49' title="bbox 459 3095 2025 3162">
     <span class='ocr_line' id='line_1_49' title="bbox 459 3095 2025 3162; baseline -0.006 -9"><span class='ocrx_word' id='word_1_341' title='bbox 459 3114 676 3153; x_wconf 80' lang='lat' dir='ltr'><strong>manam</strong></span> <span class='ocrx_word' id='word_1_342' title='bbox 711 3108 961 3153; x_wconf 88' lang='lat' dir='ltr'><strong>naturam</strong></span> <span class='ocrx_word' id='word_1_343' title='bbox 989 3098 1042 3151; x_wconf 88' lang='lat' dir='ltr'><strong>in</strong></span> <span class='ocrx_word' id='word_1_344' title='bbox 1076 3096 1294 3150; x_wconf 87' lang='lat' dir='ltr'><strong>Christo</strong></span> <span class='ocrx_word' id='word_1_345' title='bbox 1327 3095 1508 3150; x_wconf 85' lang='lat' dir='ltr'><strong>statim</strong></span> <span class='ocrx_word' id='word_1_346' title='bbox 1554 3103 1680 3162; x_wconf 82' lang='lat' dir='ltr'><strong>post</strong></span> <span class='ocrx_word' id='word_1_347' title='bbox 1704 3099 2025 3160; x_wconf 90' lang='lat' dir='ltr'><strong>conceptum</strong></span> 
     </span>
    </p>
   </div>
   <div class='ocr_carea' id='block_1_50' title="bbox 456 3183 2029 3261">
    <p class='ocr_par' dir='ltr' id='par_1_50' title="bbox 456 3183 2029 3261">
     <span class='ocr_line' id='line_1_50' title="bbox 456 3183 2029 3261; baseline -0.005 -15"><span class='ocrx_word' id='word_1_348' title='bbox 456 3190 765 3261; x_wconf 86' lang='grc' dir='ltr'>θεωθῆναι,</span> <span class='ocrx_word' id='word_1_349' title='bbox 837 3200 893 3245; x_wconf 90' lang='lat' dir='ltr'><strong>et</strong></span> <span class='ocrx_word' id='word_1_350' title='bbox 943 3185 1325 3260; x_wconf 85' lang='grc' dir='ltr'>θεοποιηθῆναι</span> <span class='ocrx_word' id='word_1_351' title='bbox 1400 3186 1706 3256; x_wconf 87' lang='lat' dir='ltr'><strong>complures</strong></span> <span class='ocrx_word' id='word_1_352' title='bbox 1772 3183 2029 3238; x_wconf 74' lang='lat' dir='ltr'><strong>Ecclesia:</strong></span> 
     </span>
    </p>
   </div>
   <div class='ocr_carea' id='block_1_51' title="bbox 456 3274 2028 3355">
    <p class='ocr_par' dir='ltr' id='par_1_51' title="bbox 456 3274 2028 3355">
     <span class='ocr_line' id='line_1_51' title="bbox 456 3274 2028 3355; baseline -0.006 -14"><span class='ocrx_word' id='word_1_353' title='bbox 456 3284 648 3341; x_wconf 82' lang='lat' dir='ltr'><strong>Patres</strong></span> <span class='ocrx_word' id='word_1_354' title='bbox 676 3283 1116 3355; x_wconf 90' lang='lat' dir='ltr'><strong>pronuntiarunt.</strong></span> <span class='ocrx_word' id='word_1_355' title='bbox 1146 3281 1441 3352; x_wconf 80' lang='lat' dir='ltr'><strong>Gregorius</strong></span> <span class='ocrx_word' id='word_1_356' title='bbox 1489 3279 1764 3350; x_wconf 81' lang='lat' dir='ltr'><strong>Nyssenus</strong></span> <span class='ocrx_word' id='word_1_357' title='bbox 1798 3278 1852 3332; x_wconf 92' lang='lat' dir='ltr'><strong>in</strong></span> <span class='ocrx_word' id='word_1_358' title='bbox 1882 3274 2028 3332; x_wconf 88' lang='lat' dir='ltr'><strong>lam-</strong></span> 
     </span>
    </p>
   </div>
   <div class='ocr_carea' id='block_1_52' title="bbox 458 3375 634 3430">
    <p class='ocr_par' dir='ltr' id='par_1_52' title="bbox 458 3375 634 3430">
     <span class='ocr_line' id='line_1_52' title="bbox 458 3375 634 3430; baseline -0.011 0"><span class='ocrx_word' id='word_1_359' title='bbox 458 3375 634 3430; x_wconf 79' lang='lat' dir='ltr'><strong>hicis:</strong></span> 
     </span>
    </p>
   </div>
   <div class='ocr_carea' id='block_1_53' title="bbox 526 3458 1706 3529">
    <p class='ocr_par' dir='ltr' id='par_1_53' title="bbox 526 3458 1706 3529">
     <span class='ocr_line' id='line_1_53' title="bbox 526 3458 1706 3529; baseline -0.003 -8"><span class='ocrx_word' id='word_1_360' title='bbox 526 3466 682 3521; x_wconf 78' lang='grc' dir='ltr'>υῦτω</span> <span class='ocrx_word' id='word_1_361' title='bbox 715 3465 776 3518; x_wconf 80' lang='grc' dir='ltr'><strong>τὸ</strong></span> <span class='ocrx_word' id='word_1_362' title='bbox 804 3464 1032 3528; x_wconf 84' lang='grc' dir='ltr'>θεῶσαν,</span> <span class='ocrx_word' id='word_1_363' title='bbox 1063 3465 1158 3518; x_wconf 70' lang='grc' dir='ltr'><strong>καὶ</strong></span> <span class='ocrx_word' id='word_1_364' title='bbox 1193 3463 1414 3529; x_wconf 85' lang='grc' dir='ltr'>θεωθὲν,</span> <span class='ocrx_word' id='word_1_365' title='bbox 1438 3458 1520 3526; x_wconf 72' lang='grc' dir='ltr'>εἷς</span> <span class='ocrx_word' id='word_1_366' title='bbox 1551 3463 1706 3528; x_wconf 90' lang='grc' dir='ltr'>Θεός.</span> 
     </span>
    </p>
   </div>
   <div class='ocr_carea' id='block_1_54' title="bbox 459 3557 2026 3627">
    <p class='ocr_par' dir='ltr' id='par_1_54' title="bbox 459 3557 2026 3627">
     <span class='ocr_line' id='line_1_54' title="bbox 459 3557 2026 3627; baseline 0 -14"><span class='ocrx_word' id='word_1_367' title='bbox 459 3569 544 3614; x_wconf 73' lang='grc' dir='ltr'>,ια</span> <span class='ocrx_word' id='word_1_368' title='bbox 572 3559 710 3627; x_wconf 84' lang='lat' dir='ltr'><strong>quod</strong></span> <span class='ocrx_word' id='word_1_369' title='bbox 745 3557 1034 3624; x_wconf 80' lang='lat' dir='ltr'><strong>deiﬁcavit,</strong></span> <span class='ocrx_word' id='word_1_370' title='bbox 1066 3567 1112 3610; x_wconf 91' lang='lat' dir='ltr'><strong>et</strong></span> <span class='ocrx_word' id='word_1_371' title='bbox 1135 3558 1273 3627; x_wconf 88' lang='lat' dir='ltr'><strong>quod</strong></span> <span class='ocrx_word' id='word_1_372' title='bbox 1302 3558 1604 3626; x_wconf 84' lang='lat' dir='ltr'><strong>deiﬁcatum</strong></span> <span class='ocrx_word' id='word_1_373' title='bbox 1647 3568 1748 3624; x_wconf 73' lang='lat' dir='ltr'><strong>est,</strong></span> <span class='ocrx_word' id='word_1_374' title='bbox 1782 3574 1917 3613; x_wconf 76' lang='lat' dir='ltr'><strong>unus</strong></span> <span class='ocrx_word' id='word_1_375' title='bbox 1949 3569 2026 3614; x_wconf 74' lang='lat' dir='ltr'><strong>est</strong></span> 
     </span>
    </p>
   </div>
   <div class='ocr_carea' id='block_1_55' title="bbox 1163 3650 1324 3703">
    <p class='ocr_par' dir='ltr' id='par_1_55' title="bbox 1163 3650 1324 3703">
     <span class='ocr_line' id='line_1_55' title="bbox 1163 3650 1324 3703; baseline 0.006 -1"><span class='ocrx_word' id='word_1_376' title='bbox 1163 3650 1324 3703; x_wconf 80' lang='lat' dir='ltr'><strong>Deus.</strong></span> 
     </span>
    </p>
   </div>
   <div class='ocr_carea' id='block_1_56' title="bbox 455 3739 2027 3814">
    <p class='ocr_par' dir='ltr' id='par_1_56' title="bbox 455 3739 2027 3814">
     <span class='ocr_line' id='line_1_56' title="bbox 455 3739 2027 3814; baseline -0.004 -16"><span class='ocrx_word' id='word_1_377' title='bbox 455 3745 882 3814; x_wconf 87' lang='lat' dir='ltr'><strong>Chrysostomus</strong></span> <span class='ocrx_word' id='word_1_378' title='bbox 937 3742 1160 3796; x_wconf 89' lang='lat' dir='ltr'><strong>homilia</strong></span> <span class='ocrx_word' id='word_1_379' title='bbox 1223 3741 1258 3794; x_wconf 80' lang='grc'>2</span> <span class='ocrx_word' id='word_1_380' title='bbox 1305 3739 1380 3793; x_wconf 86' lang='lat' dir='ltr'><strong>De</strong></span> <span class='ocrx_word' id='word_1_381' title='bbox 1440 3740 1770 3802; x_wconf 72' lang='lat' dir='ltr'><strong>ascensione,</strong></span> <span class='ocrx_word' id='word_1_382' title='bbox 1825 3739 1878 3793; x_wconf 91' lang='lat' dir='ltr'><strong>in</strong></span> <span class='ocrx_word' id='word_1_383' title='bbox 1922 3754 2027 3809; x_wconf 88' lang='lat' dir='ltr'><strong>qua</strong></span> 
     </span>
    </p>
   </div>
   <div class='ocr_carea' id='block_1_57' title="bbox 453 3830 2028 3904">
    <p class='ocr_par' dir='ltr' id='par_1_57' title="bbox 453 3830 2028 3904">
     <span class='ocr_line' id='line_1_57' title="bbox 453 3830 2028 3904; baseline -0.004 -13"><span class='ocrx_word' id='word_1_384' title='bbox 453 3835 730 3891; x_wconf 81' lang='lat' dir='ltr'><strong>Christum</strong></span> <span class='ocrx_word' id='word_1_385' title='bbox 756 3835 886 3889; x_wconf 90' lang='lat' dir='ltr'><strong>dicit</strong></span> <span class='ocrx_word' id='word_1_386' title='bbox 921 3833 1056 3902; x_wconf 83' lang='grc' dir='ltr'>πρὸς</span> <span class='ocrx_word' id='word_1_387' title='bbox 1089 3834 1236 3904; x_wconf 82' lang='grc' dir='ltr'>ἡμᾶς</span> <span class='ocrx_word' id='word_1_388' title='bbox 1273 3831 1466 3897; x_wconf 70' lang='grc' dir='ltr'>ἐλθεῖν,</span> <span class='ocrx_word' id='word_1_389' title='bbox 1503 3831 1600 3884; x_wconf 78' lang='grc' dir='ltr'>καὶ</span> <span class='ocrx_word' id='word_1_390' title='bbox 1649 3830 1804 3902; x_wconf 76' lang='grc' dir='ltr'>ἡμῶν</span> <span class='ocrx_word' id='word_1_391' title='bbox 1867 3831 2028 3901; x_wconf 85' lang='grc' dir='ltr'>φύσιν</span> 
     </span>
    </p>
   </div>
   <div class='ocr_carea' id='block_1_58' title="bbox 454 3921 2031 3991">
    <p class='ocr_par' dir='ltr' id='par_1_58' title="bbox 454 3921 2031 3991">
     <span class='ocr_line' id='line_1_58' title="bbox 454 3921 2031 3991; baseline -0.003 -9"><span class='ocrx_word' id='word_1_392' title='bbox 454 3925 768 3991; x_wconf 80' lang='grc' dir='ltr'>ἀναλαϐεῖν,</span> <span class='ocrx_word' id='word_1_393' title='bbox 819 3927 916 3980; x_wconf 65' lang='grc' dir='ltr'>καὶ</span> <span class='ocrx_word' id='word_1_394' title='bbox 951 3923 1172 3978; x_wconf 85' lang='grc' dir='ltr'>θεῶσαι.</span> <span class='ocrx_word' id='word_1_395' title='bbox 1232 3942 1252 3976; x_wconf 82' lang='grc' dir='ltr'><strong>ι</strong></span> <span class='ocrx_word' id='word_1_396' title='bbox 1293 3923 1522 3979; x_wconf 77' lang='lat' dir='ltr'><strong>Venisse</strong></span> <span class='ocrx_word' id='word_1_397' title='bbox 1573 3921 1641 3976; x_wconf 80' lang='lat' dir='ltr'><strong>ad</strong></span> <span class='ocrx_word' id='word_1_398' title='bbox 1684 3938 1808 3990; x_wconf 88' lang='lat' dir='ltr'><strong>nos,</strong></span> <span class='ocrx_word' id='word_1_399' title='bbox 1849 3932 1906 3978; x_wconf 88' lang='lat' dir='ltr'><strong>et</strong></span> <span class='ocrx_word' id='word_1_400' title='bbox 1933 3939 2031 3978; x_wconf 85' lang='lat' dir='ltr'><strong>n0-</strong></span> 
     </span>
    </p>
   </div>
   <div class='ocr_carea' id='block_1_59' title="bbox 455 4014 2030 4085">
    <p class='ocr_par' dir='ltr' id='par_1_59' title="bbox 455 4014 2030 4085">
     <span class='ocr_line' id='line_1_59' title="bbox 455 4014 2030 4085; baseline -0.003 -11"><span class='ocrx_word' id='word_1_401' title='bbox 455 4030 628 4074; x_wconf 87' lang='lat' dir='ltr'><strong>stram</strong></span> <span class='ocrx_word' id='word_1_402' title='bbox 665 4029 914 4072; x_wconf 89' lang='lat' dir='ltr'><strong>naturam</strong></span> <span class='ocrx_word' id='word_1_403' title='bbox 945 4016 1303 4085; x_wconf 88' lang='lat' dir='ltr'><strong>assumpsisse</strong></span> <span class='ocrx_word' id='word_1_404' title='bbox 1331 4031 1395 4070; x_wconf 90' lang='lat' dir='ltr'><strong>ac</strong></span> <span class='ocrx_word' id='word_1_405' title='bbox 1425 4014 1726 4070; x_wconf 83' lang='lat' dir='ltr'><strong>deiﬁcasse.</strong></span> <span class='ocrx_word' id='word_1_406' title='bbox 1755 4034 1774 4067; x_wconf 87' lang='grc' dir='ltr'><strong>ι</strong></span> <span class='ocrx_word' id='word_1_407' title='bbox 1795 4014 2030 4070; x_wconf 85' lang='lat' dir='ltr'><strong>Joannes</strong></span> 
     </span>
    </p>
   </div>
   <div class='ocr_carea' id='block_1_60' title="bbox 459 4105 2027 4179">
    <p class='ocr_par' dir='ltr' id='par_1_60' title="bbox 459 4105 2027 4179">
     <span class='ocr_line' id='line_1_60' title="bbox 459 4105 2027 4179; baseline -0.002 -15"><span class='ocrx_word' id='word_1_408' title='bbox 459 4124 674 4179; x_wconf 90' lang='lat' dir='ltr'><strong>quoque</strong></span> <span class='ocrx_word' id='word_1_409' title='bbox 702 4109 1072 4163; x_wconf 81' lang='lat' dir='ltr'><strong>Damascenus</strong></span> <span class='ocrx_word' id='word_1_410' title='bbox 1101 4109 1194 4163; x_wconf 91' lang='lat' dir='ltr'><strong>lib.</strong></span> <span class='ocrx_word' id='word_1_411' title='bbox 1219 4123 1280 4162; x_wconf 90' lang='grc' dir='ltr'><strong>ιιι</strong></span> <span class='ocrx_word' id='word_1_412' title='bbox 1318 4107 1394 4160; x_wconf 84' lang='lat' dir='ltr'><strong>De</strong></span> <span class='ocrx_word' id='word_1_413' title='bbox 1422 4106 1529 4175; x_wconf 78' lang='lat' dir='ltr'><strong>ﬁde</strong></span> <span class='ocrx_word' id='word_1_414' title='bbox 1555 4105 1789 4168; x_wconf 84' lang='lat' dir='ltr'><strong>orthod.,</strong></span> <span class='ocrx_word' id='word_1_415' title='bbox 1810 4122 1910 4176; x_wconf 90' lang='lat' dir='ltr'><strong>cap</strong></span> <span class='ocrx_word' id='word_1_416' title='bbox 1939 4108 2027 4174; x_wconf 77' lang='lat' dir='ltr'><strong>l2,</strong></span> 
     </span>
    </p>
   </div>
   <div class='ocr_carea' id='block_1_61' title="bbox 456 4197 2028 4274">
    <p class='ocr_par' dir='ltr' id='par_1_61' title="bbox 456 4197 2028 4274">
     <span class='ocr_line' id='line_1_61' title="bbox 456 4197 2028 4274; baseline -0.004 -17"><span class='ocrx_word' id='word_1_417' title='bbox 456 4203 639 4274; x_wconf 79' lang='grc' dir='ltr'>σάρκα</span> <span class='ocrx_word' id='word_1_418' title='bbox 692 4202 797 4255; x_wconf 82' lang='grc' dir='ltr'>ὑπὸ</span> <span class='ocrx_word' id='word_1_419' title='bbox 855 4200 947 4255; x_wconf 83' lang='grc' dir='ltr'><strong>τοῦ</strong></span> <span class='ocrx_word' id='word_1_420' title='bbox 1005 4201 1162 4269; x_wconf 86' lang='grc' dir='ltr'>λόγου</span> <span class='ocrx_word' id='word_1_421' title='bbox 1222 4199 1488 4270; x_wconf 83' lang='grc' dir='ltr'>θεωθῆναι</span> <span class='ocrx_word' id='word_1_422' title='bbox 1554 4199 1776 4252; x_wconf 90' lang='lat' dir='ltr'><strong>asserit.</strong></span> <span class='ocrx_word' id='word_1_423' title='bbox 1829 4197 2028 4254; x_wconf 82' lang='lat' dir='ltr'><strong>Vocem</strong></span> 
     </span>
    </p>
   </div>
   <div class='ocr_carea' id='block_1_62' title="bbox 458 4291 2028 4367">
    <p class='ocr_par' dir='ltr' id='par_1_62' title="bbox 458 4291 2028 4367">
     <span class='ocr_line' id='line_1_62' title="bbox 458 4291 2028 4367; baseline -0.003 -19"><span class='ocrx_word' id='word_1_424' title='bbox 458 4294 842 4367; x_wconf 83' lang='grc' dir='ltr'>θεοποιηθῆναι</span> <span class='ocrx_word' id='word_1_425' title='bbox 873 4295 1060 4349; x_wconf 90' lang='lat' dir='ltr'><strong>eadem</strong></span> <span class='ocrx_word' id='word_1_426' title='bbox 1099 4294 1326 4348; x_wconf 89' lang='lat' dir='ltr'><strong>notione</strong></span> <span class='ocrx_word' id='word_1_427' title='bbox 1367 4291 1653 4359; x_wconf 80' lang='lat' dir='ltr'><strong>usurpavit</strong></span> <span class='ocrx_word' id='word_1_428' title='bbox 1695 4291 2028 4344; x_wconf 86' lang='lat' dir='ltr'><strong>Athanasius</strong></span> 
     </span>
    </p>
   </div>
   <div class='ocr_carea' id='block_1_63' title="bbox 459 4382 2030 4458">
    <p class='ocr_par' dir='ltr' id='par_1_63' title="bbox 459 4382 2030 4458">
     <span class='ocr_line' id='line_1_63' title="bbox 459 4382 2030 4458; baseline -0.005 -16"><span class='ocrx_word' id='word_1_429' title='bbox 459 4396 601 4442; x_wconf 89' lang='lat' dir='ltr'><strong>orat.</strong></span> <span class='ocrx_word' id='word_1_430' title='bbox 629 4388 685 4455; x_wconf 76' lang='grc'>4,</span> <span class='ocrx_word' id='word_1_431' title='bbox 715 4403 836 4442; x_wconf 91' lang='lat' dir='ltr'><strong>cum</strong></span> <span class='ocrx_word' id='word_1_432' title='bbox 865 4386 1250 4458; x_wconf 81' lang='grc' dir='ltr'>θεοποιηθῆναι</span> <span class='ocrx_word' id='word_1_433' title='bbox 1289 4384 1572 4456; x_wconf 80' lang='grc' dir='ltr'>ἄνθρωπον</span> <span class='ocrx_word' id='word_1_434' title='bbox 1610 4383 1662 4436; x_wconf 92' lang='lat' dir='ltr'><strong>in</strong></span> <span class='ocrx_word' id='word_1_435' title='bbox 1701 4382 1945 4444; x_wconf 85' lang='lat' dir='ltr'><strong>Christo,</strong></span> <span class='ocrx_word' id='word_1_436' title='bbox 1976 4393 2030 4435; x_wconf 91' lang='lat' dir='ltr'><strong>et</strong></span> 
     </span>
    </p>
   </div>
   <div class='ocr_carea' id='block_1_64' title="bbox 2129 1903 3708 1979">
    <p class='ocr_par' dir='ltr' id='par_1_64' title="bbox 2129 1903 3708 1979">
     <span class='ocr_line' id='line_1_64' title="bbox 2129 1903 3708 1979; baseline -0.004 -16"><span class='ocrx_word' id='word_1_437' title='bbox 2129 1908 2383 1979; x_wconf 75' lang='grc' dir='ltr'>ἀνωτέρω</span> <span class='ocrx_word' id='word_1_438' title='bbox 2412 1906 2578 1961; x_wconf 84' lang='grc' dir='ltr'>αὐτοῦ</span> <span class='ocrx_word' id='word_1_439' title='bbox 2617 1906 2804 1970; x_wconf 82' lang='grc' dir='ltr'>τόποις</span> <span class='ocrx_word' id='word_1_440' title='bbox 2835 1905 3276 1976; x_wconf 81' lang='grc' dir='ltr'>πολιτευομένην,</span> <span class='ocrx_word' id='word_1_441' title='bbox 3327 1903 3511 1958; x_wconf 81' lang='grc' dir='ltr'>οὐκέτι</span> <span class='ocrx_word' id='word_1_442' title='bbox 3546 1903 3708 1975; x_wconf 73' lang='grc' dir='ltr'>ἔχου-</span> 
     </span>
    </p>
   </div>
   <div class='ocr_carea' id='block_1_65' title="bbox 2132 1997 3217 2073">
    <p class='ocr_par' dir='ltr' id='par_1_65' title="bbox 2132 1997 3217 2073">
     <span class='ocr_line' id='line_1_65' title="bbox 2132 1997 3217 2073; baseline -0.004 -18"><span class='ocrx_word' id='word_1_443' title='bbox 2132 2018 2232 2055; x_wconf 91' lang='grc' dir='ltr'><strong>σαν</strong></span> <span class='ocrx_word' id='word_1_444' title='bbox 2263 1999 2334 2053; x_wconf 87' lang='grc' dir='ltr'><strong>τά</strong></span> <span class='ocrx_word' id='word_1_445' title='bbox 2357 2005 2454 2073; x_wconf 87' lang='grc' dir='ltr'>τῆς</span> <span class='ocrx_word' id='word_1_446' title='bbox 2481 2000 2750 2071; x_wconf 83' lang='grc' dir='ltr'>σαρκικῆς</span> <span class='ocrx_word' id='word_1_447' title='bbox 2776 1998 3057 2062; x_wconf 81' lang='grc' dir='ltr'>ἀσθενείας</span> <span class='ocrx_word' id='word_1_448' title='bbox 3085 1997 3217 2051; x_wconf 78' lang='grc' dir='ltr'>ἴδια.</span> 
     </span>
    </p>
   </div>
   <div class='ocr_carea' id='block_1_66' title="bbox 2199 2087 3696 2161">
    <p class='ocr_par' dir='ltr' id='par_1_66' title="bbox 2199 2087 3696 2161">
     <span class='ocr_line' id='line_1_66' title="bbox 2199 2087 3696 2161; baseline -0.003 -15"><span class='ocrx_word' id='word_1_449' title='bbox 2199 2091 2384 2146; x_wconf 78' lang='lat' dir='ltr'><strong>XVIII.</strong></span> <span class='ocrx_word' id='word_1_450' title='bbox 2426 2092 2522 2148; x_wconf 85' lang='lat' dir='ltr'><strong>Est</strong></span> <span class='ocrx_word' id='word_1_451' title='bbox 2577 2093 2718 2161; x_wconf 91' lang='lat' dir='ltr'><strong>apud</strong></span> <span class='ocrx_word' id='word_1_452' title='bbox 2766 2089 3154 2160; x_wconf 83' lang='lat' dir='ltr'><strong>Hieronymum</strong></span> <span class='ocrx_word' id='word_1_453' title='bbox 3216 2089 3272 2142; x_wconf 89' lang='lat' dir='ltr'><strong>in</strong></span> <span class='ocrx_word' id='word_1_454' title='bbox 3315 2087 3512 2145; x_wconf 82' lang='lat' dir='ltr'><strong>Jerem.</strong></span> <span class='ocrx_word' id='word_1_455' title='bbox 3558 2103 3696 2150; x_wconf 81' lang='lat' dir='ltr'><strong>xin,</strong></span> 
     </span>
    </p>
   </div>
   <div class='ocr_carea' id='block_1_67' title="bbox 2129 2179 3699 2252">
    <p class='ocr_par' dir='ltr' id='par_1_67' title="bbox 2129 2179 3699 2252">
     <span class='ocr_line' id='line_1_67' title="bbox 2129 2179 3699 2252; baseline -0.004 -12"><span class='ocrx_word' id='word_1_456' title='bbox 2129 2181 2446 2240; x_wconf 79' lang='lat' dir='ltr'><strong>Jechoniam</strong></span> <span class='ocrx_word' id='word_1_457' title='bbox 2497 2185 2665 2238; x_wconf 86' lang='lat' dir='ltr'><strong>lilium</strong></span> <span class='ocrx_word' id='word_1_458' title='bbox 2700 2183 2968 2247; x_wconf 81' lang='lat' dir='ltr'><strong>Joachim,</strong></span> <span class='ocrx_word' id='word_1_459' title='bbox 3017 2183 3110 2252; x_wconf 92' lang='lat' dir='ltr'><strong>qui</strong></span> <span class='ocrx_word' id='word_1_460' title='bbox 3161 2179 3361 2235; x_wconf 91' lang='lat' dir='ltr'><strong>annulo</strong></span> <span class='ocrx_word' id='word_1_461' title='bbox 3411 2195 3699 2249; x_wconf 77' lang='lat' dir='ltr'><strong>compara-</strong></span> 
     </span>
    </p>
   </div>
   <div class='ocr_carea' id='block_1_68' title="bbox 2132 2272 3698 2342">
    <p class='ocr_par' dir='ltr' id='par_1_68' title="bbox 2132 2272 3698 2342">
     <span class='ocr_line' id='line_1_68' title="bbox 2132 2272 3698 2342; baseline -0.003 -10"><span class='ocrx_word' id='word_1_462' title='bbox 2132 2288 2241 2342; x_wconf 88' lang='lat' dir='ltr'><strong>tur,</strong></span> <span class='ocrx_word' id='word_1_463' title='bbox 2268 2285 2322 2332; x_wconf 90' lang='lat' dir='ltr'><strong>et</strong></span> <span class='ocrx_word' id='word_1_464' title='bbox 2346 2291 2442 2332; x_wconf 88' lang='lat' dir='ltr'><strong>vas</strong></span> <span class='ocrx_word' id='word_1_465' title='bbox 2480 2275 2796 2338; x_wconf 87' lang='lat' dir='ltr'><strong>contritum,</strong></span> <span class='ocrx_word' id='word_1_466' title='bbox 2826 2289 2891 2328; x_wconf 89' lang='lat' dir='ltr'><strong>ac</strong></span> <span class='ocrx_word' id='word_1_467' title='bbox 2922 2274 3008 2328; x_wconf 90' lang='lat' dir='ltr'><strong>vir</strong></span> <span class='ocrx_word' id='word_1_468' title='bbox 3037 2273 3243 2328; x_wconf 89' lang='lat' dir='ltr'><strong>sterilis</strong></span> <span class='ocrx_word' id='word_1_469' title='bbox 3277 2273 3598 2342; x_wconf 86' lang='lat' dir='ltr'><strong>appellatur,</strong></span> <span class='ocrx_word' id='word_1_470' title='bbox 3629 2272 3698 2328; x_wconf 88' lang='lat' dir='ltr'><strong>ad</strong></span> 
     </span>
    </p>
   </div>
   <div class='ocr_carea' id='block_1_69' title="bbox 2129 2364 3702 2434">
    <p class='ocr_par' dir='ltr' id='par_1_69' title="bbox 2129 2364 3702 2434">
     <span class='ocr_line' id='line_1_69' title="bbox 2129 2364 3702 2434; baseline -0.002 -11"><span class='ocrx_word' id='word_1_471' title='bbox 2129 2367 2404 2423; x_wconf 87' lang='lat' dir='ltr'><strong>Christum</strong></span> <span class='ocrx_word' id='word_1_472' title='bbox 2445 2366 2692 2422; x_wconf 90' lang='lat' dir='ltr'><strong>retulisse</strong></span> <span class='ocrx_word' id='word_1_473' title='bbox 2738 2364 3022 2434; x_wconf 82' lang='lat' dir='ltr'><strong>Origenem</strong></span> <span class='ocrx_word' id='word_1_474' title='bbox 3055 2365 3150 2420; x_wconf 81' lang='lat' dir='ltr'><strong>Lib.</strong></span> <span class='ocrx_word' id='word_1_475' title='bbox 3199 2380 3234 2419; x_wconf 92' lang='lat' dir='ltr'><strong>v</strong></span> <span class='ocrx_word' id='word_1_476' title='bbox 3271 2364 3550 2429; x_wconf 86' lang='lat' dir='ltr'><strong>Stromat.,</strong></span> <span class='ocrx_word' id='word_1_477' title='bbox 3578 2379 3702 2429; x_wconf 73' lang='lat' dir='ltr'><strong>qua:</strong></span> 
     </span>
    </p>
   </div>
   <div class='ocr_carea' id='block_1_70' title="bbox 2129 2455 3696 2529">
    <p class='ocr_par' dir='ltr' id='par_1_70' title="bbox 2129 2455 3696 2529">
     <span class='ocr_line' id='line_1_70' title="bbox 2129 2455 3696 2529; baseline -0.004 -15"><span class='ocrx_word' id='word_1_478' title='bbox 2129 2460 2546 2515; x_wconf 90' lang='lat' dir='ltr'><strong>interciderunt.</strong></span> <span class='ocrx_word' id='word_1_479' title='bbox 2578 2457 2796 2529; x_wconf 91' lang='lat' dir='ltr'><strong>Optime</strong></span> <span class='ocrx_word' id='word_1_480' title='bbox 2823 2459 3010 2513; x_wconf 85' lang='lat' dir='ltr'><strong>Sixtns</strong></span> <span class='ocrx_word' id='word_1_481' title='bbox 3041 2457 3300 2512; x_wconf 84' lang='lat' dir='ltr'><strong>Senensis</strong></span> <span class='ocrx_word' id='word_1_482' title='bbox 3323 2458 3415 2512; x_wconf 89' lang='lat' dir='ltr'><strong>lib.</strong></span> <span class='ocrx_word' id='word_1_483' title='bbox 3441 2472 3476 2510; x_wconf 93' lang='lat' dir='ltr'><strong>v</strong></span> <span class='ocrx_word' id='word_1_484' title='bbox 3529 2455 3696 2522; x_wconf 80' lang='lat' dir='ltr'><strong>Bibl.,</strong></span> 
     </span>
    </p>
   </div>
   <div class='ocr_carea' id='block_1_71' title="bbox 2129 2548 3700 2619">
    <p class='ocr_par' dir='ltr' id='par_1_71' title="bbox 2129 2548 3700 2619">
     <span class='ocr_line' id='line_1_71' title="bbox 2129 2548 3700 2619; baseline -0.002 -13"><span class='ocrx_word' id='word_1_485' title='bbox 2129 2551 2312 2607; x_wconf 88' lang='lat' dir='ltr'><strong>adnot.</strong></span> <span class='ocrx_word' id='word_1_486' title='bbox 2336 2549 2486 2606; x_wconf 70' lang='grc' dir='ltr'>εδιε</span> <span class='ocrx_word' id='word_1_487' title='bbox 2526 2567 2545 2603; x_wconf 84' lang='grc' dir='ltr'><strong>ι</strong></span> <span class='ocrx_word' id='word_1_488' title='bbox 2579 2549 2847 2605; x_wconf 89' lang='lat' dir='ltr'><strong>Credibile</strong></span> <span class='ocrx_word' id='word_1_489' title='bbox 2872 2565 2903 2605; x_wconf 90' lang='lat' dir='ltr'><strong>e</strong></span> <span class='ocrx_word' id='word_1_490' title='bbox 2946 2549 3102 2605; x_wconf 89' lang='lat' dir='ltr'><strong>libris</strong></span> <span class='ocrx_word' id='word_1_491' title='bbox 3137 2550 3228 2619; x_wconf 92' lang='lat' dir='ltr'><strong>qui</strong></span> <span class='ocrx_word' id='word_1_492' title='bbox 3291 2558 3535 2613; x_wconf 82' lang='lat' dir='ltr'><strong>exstant,</strong></span> <span class='ocrx_word' id='word_1_493' title='bbox 3571 2548 3700 2603; x_wconf 84' lang='lat' dir='ltr'><strong>Ori-</strong></span> 
     </span>
    </p>
   </div>
   <div class='ocr_carea' id='block_1_72' title="bbox 2129 2641 3701 2714">
    <p class='ocr_par' dir='ltr' id='par_1_72' title="bbox 2129 2641 3701 2714">
     <span class='ocr_line' id='line_1_72' title="bbox 2129 2641 3701 2714; baseline 0.001 -18"><span class='ocrx_word' id='word_1_494' title='bbox 2129 2659 2320 2714; x_wconf 85' lang='lat' dir='ltr'><strong>genem</strong></span> <span class='ocrx_word' id='word_1_495' title='bbox 2357 2644 2471 2699; x_wconf 73' lang='lat' dir='ltr'><strong>haec</strong></span> <span class='ocrx_word' id='word_1_496' title='bbox 2498 2651 2684 2712; x_wconf 87' lang='lat' dir='ltr'><strong>utpote</strong></span> <span class='ocrx_word' id='word_1_497' title='bbox 2707 2643 2994 2711; x_wconf 78' lang='lat' dir='ltr'><strong>allegorice</strong></span> <span class='ocrx_word' id='word_1_498' title='bbox 3025 2652 3390 2712; x_wconf 82' lang='lat' dir='ltr'><strong>exponentem</strong></span> <span class='ocrx_word' id='word_1_499' title='bbox 3411 2641 3701 2712; x_wconf 85' lang='lat' dir='ltr'><strong>protulisse</strong></span> 
     </span>
    </p>
   </div>
   <div class='ocr_carea' id='block_1_73' title="bbox 2131 2733 3700 2803">
    <p class='ocr_par' dir='ltr' id='par_1_73' title="bbox 2131 2733 3700 2803">
     <span class='ocr_line' id='line_1_73' title="bbox 2131 2733 3700 2803; baseline -0.001 -13"><span class='ocrx_word' id='word_1_500' title='bbox 2131 2737 2197 2790; x_wconf 91' lang='lat' dir='ltr'><strong>de</strong></span> <span class='ocrx_word' id='word_1_501' title='bbox 2219 2735 2458 2801; x_wconf 89' lang='lat' dir='ltr'><strong>Christo,</strong></span> <span class='ocrx_word' id='word_1_502' title='bbox 2493 2747 2560 2789; x_wconf 88' lang='lat' dir='ltr'><strong>eo</strong></span> <span class='ocrx_word' id='word_1_503' title='bbox 2590 2749 2751 2790; x_wconf 88' lang='lat' dir='ltr'><strong>sensu</strong></span> <span class='ocrx_word' id='word_1_504' title='bbox 2803 2749 2912 2803; x_wconf 91' lang='lat' dir='ltr'><strong>quo</strong></span> <span class='ocrx_word' id='word_1_505' title='bbox 2950 2734 3152 2789; x_wconf 86' lang='lat' dir='ltr'><strong>Paulus</strong></span> <span class='ocrx_word' id='word_1_506' title='bbox 3175 2737 3340 2788; x_wconf 83' lang='lat' dir='ltr'><strong>ausus</strong></span> <span class='ocrx_word' id='word_1_507' title='bbox 3393 2741 3479 2788; x_wconf 88' lang='lat' dir='ltr'><strong>est</strong></span> <span class='ocrx_word' id='word_1_508' title='bbox 3517 2733 3700 2788; x_wconf 87' lang='lat' dir='ltr'><strong>dicere</strong></span> 
     </span>
    </p>
   </div>
   <div class='ocr_carea' id='block_1_74' title="bbox 2129 2825 3704 2896">
    <p class='ocr_par' dir='ltr' id='par_1_74' title="bbox 2129 2825 3704 2896">
     <span class='ocr_line' id='line_1_74' title="bbox 2129 2825 3704 2896; baseline -0.003 -14"><span class='ocrx_word' id='word_1_509' title='bbox 2129 2826 2402 2882; x_wconf 88' lang='lat' dir='ltr'><strong>Christum</strong></span> <span class='ocrx_word' id='word_1_510' title='bbox 2437 2825 2638 2881; x_wconf 82' lang='lat' dir='ltr'><strong>factum</strong></span> <span class='ocrx_word' id='word_1_511' title='bbox 2665 2842 2761 2896; x_wconf 90' lang='lat' dir='ltr'><strong>pro</strong></span> <span class='ocrx_word' id='word_1_512' title='bbox 2795 2827 2948 2882; x_wconf 91' lang='lat' dir='ltr'><strong>nobis</strong></span> <span class='ocrx_word' id='word_1_513' title='bbox 2985 2837 3288 2895; x_wconf 90' lang='lat' dir='ltr'><strong>peccatum,</strong></span> <span class='ocrx_word' id='word_1_514' title='bbox 3323 2826 3704 2890; x_wconf 77' lang='lat' dir='ltr'><strong>maledictum,</strong></span> 
     </span>
    </p>
   </div>
   <div class='ocr_carea' id='block_1_75' title="bbox 2130 2918 3702 2988">
    <p class='ocr_par' dir='ltr' id='par_1_75' title="bbox 2130 2918 3702 2988">
     <span class='ocr_line' id='line_1_75' title="bbox 2130 2918 3702 2988; baseline -0.001 -16"><span class='ocrx_word' id='word_1_515' title='bbox 2130 2919 2590 2983; x_wconf 81' lang='lat' dir='ltr'><strong>exsecrationem,</strong></span> <span class='ocrx_word' id='word_1_516' title='bbox 2625 2918 2729 2974; x_wconf 91' lang='lat' dir='ltr'><strong>hoc</strong></span> <span class='ocrx_word' id='word_1_517' title='bbox 2772 2927 2876 2982; x_wconf 90' lang='lat' dir='ltr'><strong>est,</strong></span> <span class='ocrx_word' id='word_1_518' title='bbox 2924 2918 3255 2974; x_wconf 89' lang='lat' dir='ltr'><strong>oblationem</strong></span> <span class='ocrx_word' id='word_1_519' title='bbox 3301 2934 3401 2988; x_wconf 93' lang='lat' dir='ltr'><strong>pro</strong></span> <span class='ocrx_word' id='word_1_520' title='bbox 3447 2927 3702 2988; x_wconf 82' lang='lat' dir='ltr'><strong>peccato,</strong></span> 
     </span>
    </p>
   </div>
   <div class='ocr_carea' id='block_1_76' title="bbox 2130 3009 3698 3077">
    <p class='ocr_par' dir='ltr' id='par_1_76' title="bbox 2130 3009 3698 3077">
     <span class='ocr_line' id='line_1_76' title="bbox 2130 3009 3698 3077; baseline -0.001 -12"><span class='ocrx_word' id='word_1_521' title='bbox 2130 3018 2186 3065; x_wconf 88' lang='lat' dir='ltr'><strong>et</strong></span> <span class='ocrx_word' id='word_1_522' title='bbox 2231 3009 2664 3065; x_wconf 88' lang='lat' dir='ltr'><strong>maledictionem</strong></span> <span class='ocrx_word' id='word_1_523' title='bbox 2713 3010 2803 3064; x_wconf 91' lang='lat' dir='ltr'><strong>cui</strong></span> <span class='ocrx_word' id='word_1_524' title='bbox 2846 3025 3064 3065; x_wconf 91' lang='lat' dir='ltr'><strong>eramus</strong></span> <span class='ocrx_word' id='word_1_525' title='bbox 3122 3009 3362 3067; x_wconf 81' lang='lat' dir='ltr'><strong>obnoxii.</strong></span> <span class='ocrx_word' id='word_1_526' title='bbox 3402 3029 3422 3062; x_wconf 80' lang='grc' dir='ltr'><strong>ι</strong></span> <span class='ocrx_word' id='word_1_527' title='bbox 3459 3010 3611 3077; x_wconf 86' lang='lat' dir='ltr'><strong>Quod</strong></span> <span class='ocrx_word' id='word_1_528' title='bbox 3650 3011 3698 3064; x_wconf 89' lang='lat' dir='ltr'><strong>si</strong></span> 
     </span>
    </p>
   </div>
   <div class='ocr_carea' id='block_1_77' title="bbox 2133 3100 3693 3172">
    <p class='ocr_par' dir='ltr' id='par_1_77' title="bbox 2133 3100 3693 3172">
     <span class='ocr_line' id='line_1_77' title="bbox 2133 3100 3693 3172; baseline 0.003 -18"><span class='ocrx_word' id='word_1_529' title='bbox 2133 3101 2253 3172; x_wconf 90' lang='lat' dir='ltr'><strong>quis</strong></span> <span class='ocrx_word' id='word_1_530' title='bbox 2283 3111 2542 3170; x_wconf 63' lang='lat' dir='ltr'><strong>praeterea</strong></span> <span class='ocrx_word' id='word_1_531' title='bbox 2568 3101 2684 3155; x_wconf 74' lang='lat' dir='ltr'><strong>htec</strong></span> <span class='ocrx_word' id='word_1_532' title='bbox 2711 3100 2961 3156; x_wconf 71' lang='lat' dir='ltr'><strong>Jeremize</strong></span> <span class='ocrx_word' id='word_1_533' title='bbox 2985 3103 3049 3156; x_wconf 82' lang='lat' dir='ltr'><strong>ad</strong></span> <span class='ocrx_word' id='word_1_534' title='bbox 3081 3100 3234 3157; x_wconf 79' lang='lat' dir='ltr'><strong>Isaia:</strong></span> <span class='ocrx_word' id='word_1_535' title='bbox 3262 3102 3466 3168; x_wconf 69' lang='lat'><strong>1.11,“,</strong></span> <span class='ocrx_word' id='word_1_536' title='bbox 3491 3114 3547 3158; x_wconf 91' lang='lat' dir='ltr'><strong>et</strong></span> <span class='ocrx_word' id='word_1_537' title='bbox 3575 3118 3693 3168; x_wconf 79' lang='lat' dir='ltr'><strong>LIII,</strong></span> 
     </span>
    </p>
   </div>
   <div class='ocr_carea' id='block_1_78' title="bbox 2131 3192 3698 3266">
    <p class='ocr_par' dir='ltr' id='par_1_78' title="bbox 2131 3192 3698 3266">
     <span class='ocr_line' id='line_1_78' title="bbox 2131 3192 3698 3266; baseline 0.003 -18"><span class='ocrx_word' id='word_1_538' title='bbox 2131 3193 2187 3262; x_wconf 77' lang='lat'><strong>2,</strong></span> <span class='ocrx_word' id='word_1_539' title='bbox 2213 3195 2266 3259; x_wconf 82' lang='lat'><strong>5,</strong></span> <span class='ocrx_word' id='word_1_540' title='bbox 2292 3193 2629 3261; x_wconf 80' lang='lat' dir='ltr'><strong>expenderit,</strong></span> <span class='ocrx_word' id='word_1_541' title='bbox 2661 3192 2910 3264; x_wconf 90' lang='lat' dir='ltr'><strong>Origcnis</strong></span> <span class='ocrx_word' id='word_1_542' title='bbox 2942 3194 3450 3266; x_wconf 91' lang='lat' dir='ltr'><strong>interpretationem</strong></span> <span class='ocrx_word' id='word_1_543' title='bbox 3477 3198 3698 3253; x_wconf 85' lang='lat' dir='ltr'><strong>minime</strong></span> 
     </span>
    </p>
   </div>
   <div class='ocr_carea' id='block_1_79' title="bbox 2131 3286 2436 3341">
    <p class='ocr_par' dir='ltr' id='par_1_79' title="bbox 2131 3286 2436 3341">
     <span class='ocr_line' id='line_1_79' title="bbox 2131 3286 2436 3341; baseline -0.003 0"><span class='ocrx_word' id='word_1_544' title='bbox 2131 3286 2436 3341; x_wconf 88' lang='lat' dir='ltr'><strong>mirabitur.</strong></span> 
     </span>
    </p>
   </div>
   <div class='ocr_carea' id='block_1_80' title="bbox 2199 3377 3698 3450">
    <p class='ocr_par' dir='ltr' id='par_1_80' title="bbox 2199 3377 3698 3450">
     <span class='ocr_line' id='line_1_80' title="bbox 2199 3377 3698 3450; baseline -0.001 -16"><span class='ocrx_word' id='word_1_545' title='bbox 2199 3379 2346 3434; x_wconf 77' lang='lat' dir='ltr'><strong>th.</strong></span> <span class='ocrx_word' id='word_1_546' title='bbox 2367 3378 2498 3434; x_wconf 91' lang='lat' dir='ltr'><strong>Cum</strong></span> <span class='ocrx_word' id='word_1_547' title='bbox 2522 3377 2746 3433; x_wconf 90' lang='lat' dir='ltr'><strong>Patrum</strong></span> <span class='ocrx_word' id='word_1_548' title='bbox 2770 3379 2978 3450; x_wconf 86' lang='lat' dir='ltr'><strong>aliquot</strong></span> <span class='ocrx_word' id='word_1_549' title='bbox 3008 3380 3337 3435; x_wconf 89' lang='lat' dir='ltr'><strong>testimoniis</strong></span> <span class='ocrx_word' id='word_1_550' title='bbox 3364 3395 3484 3435; x_wconf 89' lang='lat' dir='ltr'><strong>sese</strong></span> <span class='ocrx_word' id='word_1_551' title='bbox 3505 3389 3698 3435; x_wconf 90' lang='lat' dir='ltr'><strong>tuean-</strong></span> 
     </span>
    </p>
   </div>
   <div class='ocr_carea' id='block_1_81' title="bbox 2132 3469 3698 3542">
    <p class='ocr_par' dir='ltr' id='par_1_81' title="bbox 2132 3469 3698 3542">
     <span class='ocr_line' id='line_1_81' title="bbox 2132 3469 3698 3542; baseline -0.001 -15"><span class='ocrx_word' id='word_1_552' title='bbox 2132 3481 2220 3527; x_wconf 90' lang='lat' dir='ltr'><strong>tur</strong></span> <span class='ocrx_word' id='word_1_553' title='bbox 2252 3469 2574 3540; x_wconf 68' lang='lat' dir='ltr'><strong>Ubiquistae,</strong></span> <span class='ocrx_word' id='word_1_554' title='bbox 2600 3485 2828 3540; x_wconf 88' lang='lat' dir='ltr'><strong>quorum</strong></span> <span class='ocrx_word' id='word_1_555' title='bbox 2862 3471 3024 3525; x_wconf 89' lang='lat' dir='ltr'><strong>verba</strong></span> <span class='ocrx_word' id='word_1_556' title='bbox 3053 3472 3138 3526; x_wconf 86' lang='lat' dir='ltr'><strong>vel</strong></span> <span class='ocrx_word' id='word_1_557' title='bbox 3173 3471 3311 3526; x_wconf 80' lang='lat' dir='ltr'><strong>male</strong></span> <span class='ocrx_word' id='word_1_558' title='bbox 3352 3471 3698 3542; x_wconf 87' lang='lat' dir='ltr'><strong>intelligendo</strong></span> 
     </span>
    </p>
   </div>
   <div class='ocr_carea' id='block_1_82' title="bbox 2131 3563 3695 3636">
    <p class='ocr_par' dir='ltr' id='par_1_82' title="bbox 2131 3563 3695 3636">
     <span class='ocr_line' id='line_1_82' title="bbox 2131 3563 3695 3636; baseline -0.003 -17"><span class='ocrx_word' id='word_1_559' title='bbox 2131 3572 2472 3636; x_wconf 89' lang='lat' dir='ltr'><strong>pervertunt,</strong></span> <span class='ocrx_word' id='word_1_560' title='bbox 2513 3563 2600 3619; x_wconf 88' lang='lat' dir='ltr'><strong>vel</strong></span> <span class='ocrx_word' id='word_1_561' title='bbox 2653 3563 2795 3619; x_wconf 88' lang='lat' dir='ltr'><strong>male</strong></span> <span class='ocrx_word' id='word_1_562' title='bbox 2839 3565 3255 3634; x_wconf 89' lang='lat' dir='ltr'><strong>interpretando</strong></span> <span class='ocrx_word' id='word_1_563' title='bbox 3297 3573 3695 3632; x_wconf 90' lang='lat' dir='ltr'><strong>corrumpunt;</strong></span> 
     </span>
    </p>
   </div>
   <div class='ocr_carea' id='block_1_83' title="bbox 2130 3655 3701 3728">
    <p class='ocr_par' dir='ltr' id='par_1_83' title="bbox 2130 3655 3701 3728">
     <span class='ocr_line' id='line_1_83' title="bbox 2130 3655 3701 3728; baseline -0.002 -16"><span class='ocrx_word' id='word_1_564' title='bbox 2130 3657 2248 3728; x_wconf 90' lang='lat' dir='ltr'><strong>pari</strong></span> <span class='ocrx_word' id='word_1_565' title='bbox 2301 3671 2516 3727; x_wconf 88' lang='lat' dir='ltr'><strong>quoque</strong></span> <span class='ocrx_word' id='word_1_566' title='bbox 2565 3656 2688 3726; x_wconf 79' lang='lat' dir='ltr'><strong>iure</strong></span> <span class='ocrx_word' id='word_1_567' title='bbox 2739 3655 2992 3727; x_wconf 88' lang='lat' dir='ltr'><strong>Origenis</strong></span> <span class='ocrx_word' id='word_1_568' title='bbox 3022 3655 3382 3726; x_wconf 90' lang='lat' dir='ltr'><strong>patrocinium</strong></span> <span class='ocrx_word' id='word_1_569' title='bbox 3429 3655 3701 3709; x_wconf 88' lang='lat' dir='ltr'><strong>asciscere</strong></span> 
     </span>
    </p>
   </div>
   <div class='ocr_carea' id='block_1_84' title="bbox 2131 3745 3698 3820">
    <p class='ocr_par' dir='ltr' id='par_1_84' title="bbox 2131 3745 3698 3820">
     <span class='ocr_line' id='line_1_84' title="bbox 2131 3745 3698 3820; baseline -0.002 -16"><span class='ocrx_word' id='word_1_570' title='bbox 2131 3755 2400 3820; x_wconf 82' lang='lat' dir='ltr'><strong>poterant,</strong></span> <span class='ocrx_word' id='word_1_571' title='bbox 2453 3763 2560 3817; x_wconf 91' lang='lat' dir='ltr'><strong>quo</strong></span> <span class='ocrx_word' id='word_1_572' title='bbox 2612 3757 2825 3803; x_wconf 86' lang='lat' dir='ltr'><strong>tractat.</strong></span> <span class='ocrx_word' id='word_1_573' title='bbox 2855 3764 3022 3803; x_wconf 74' lang='lat' dir='ltr'><strong>xxxrv</strong></span> <span class='ocrx_word' id='word_1_574' title='bbox 3061 3749 3116 3801; x_wconf 87' lang='lat' dir='ltr'><strong>in</strong></span> <span class='ocrx_word' id='word_1_575' title='bbox 3174 3746 3392 3811; x_wconf 52' lang='lat' dir='ltr'><strong>Martia,</strong></span> <span class='ocrx_word' id='word_1_576' title='bbox 3419 3763 3564 3802; x_wconf 92' lang='lat' dir='ltr'><strong>num.</strong></span> <span class='ocrx_word' id='word_1_577' title='bbox 3607 3745 3698 3810; x_wconf 84' lang='lat'><strong>70,</strong></span> 
     </span>
    </p>
   </div>
   <div class='ocr_carea' id='block_1_85' title="bbox 2131 3840 3700 3912">
    <p class='ocr_par' dir='ltr' id='par_1_85' title="bbox 2131 3840 3700 3912">
     <span class='ocr_line' id='line_1_85' title="bbox 2131 3840 3700 3912; baseline -0.002 -17"><span class='ocrx_word' id='word_1_578' title='bbox 2131 3856 2253 3912; x_wconf 81' lang='lat' dir='ltr'><strong>pag.</strong></span> <span class='ocrx_word' id='word_1_579' title='bbox 2297 3841 2424 3904; x_wconf 87' lang='lat'><strong>887,</strong></span> <span class='ocrx_word' id='word_1_580' title='bbox 2469 3841 2731 3910; x_wconf 88' lang='lat' dir='ltr'><strong>scriptum</strong></span> <span class='ocrx_word' id='word_1_581' title='bbox 2766 3841 2817 3894; x_wconf 93' lang='lat' dir='ltr'><strong>id</strong></span> <span class='ocrx_word' id='word_1_582' title='bbox 2862 3841 3114 3909; x_wconf 86' lang='lat' dir='ltr'><strong>reliquit:</strong></span> <span class='ocrx_word' id='word_1_583' title='bbox 3159 3858 3179 3892; x_wconf 81' lang='grc' dir='ltr'><strong>ι</strong></span> <span class='ocrx_word' id='word_1_584' title='bbox 3226 3840 3341 3894; x_wconf 82' lang='lat' dir='ltr'><strong>Non</strong></span> <span class='ocrx_word' id='word_1_585' title='bbox 3373 3840 3552 3910; x_wconf 92' lang='lat' dir='ltr'><strong>aliquo</strong></span> <span class='ocrx_word' id='word_1_586' title='bbox 3577 3841 3700 3907; x_wconf 89' lang='lat' dir='ltr'><strong>qui-</strong></span> 
     </span>
    </p>
   </div>
   <div class='ocr_carea' id='block_1_86' title="bbox 2132 3930 3700 4001">
    <p class='ocr_par' dir='ltr' id='par_1_86' title="bbox 2132 3930 3700 4001">
     <span class='ocr_line' id='line_1_86' title="bbox 2132 3930 3700 4001; baseline -0.001 -14"><span class='ocrx_word' id='word_1_587' title='bbox 2132 3935 2250 3988; x_wconf 89' lang='lat' dir='ltr'><strong>dem</strong></span> <span class='ocrx_word' id='word_1_588' title='bbox 2280 3932 2398 3986; x_wconf 91' lang='lat' dir='ltr'><strong>loco</strong></span> <span class='ocrx_word' id='word_1_589' title='bbox 2431 3932 2714 4001; x_wconf 87' lang='lat' dir='ltr'><strong>apparebit</strong></span> <span class='ocrx_word' id='word_1_590' title='bbox 2737 3931 2908 3986; x_wconf 89' lang='lat' dir='ltr'><strong>Filius</strong></span> <span class='ocrx_word' id='word_1_591' title='bbox 2935 3932 3050 3997; x_wconf 89' lang='lat' dir='ltr'><strong>Dei,</strong></span> <span class='ocrx_word' id='word_1_592' title='bbox 3085 3946 3209 3986; x_wconf 91' lang='lat' dir='ltr'><strong>cum</strong></span> <span class='ocrx_word' id='word_1_593' title='bbox 3239 3933 3450 3986; x_wconf 90' lang='lat' dir='ltr'><strong>venerit</strong></span> <span class='ocrx_word' id='word_1_594' title='bbox 3496 3934 3548 3984; x_wconf 92' lang='lat' dir='ltr'><strong>in</strong></span> <span class='ocrx_word' id='word_1_595' title='bbox 3582 3930 3700 3998; x_wconf 76' lang='lat' dir='ltr'><strong>glo-</strong></span> 
     </span>
    </p>
   </div>
   <div class='ocr_carea' id='block_1_87' title="bbox 2133 4023 3700 4093">
    <p class='ocr_par' dir='ltr' id='par_1_87' title="bbox 2133 4023 3700 4093">
     <span class='ocr_line' id='line_1_87' title="bbox 2133 4023 3700 4093; baseline -0.002 -16"><span class='ocrx_word' id='word_1_596' title='bbox 2133 4024 2213 4077; x_wconf 89' lang='lat' dir='ltr'><strong>ria</strong></span> <span class='ocrx_word' id='word_1_597' title='bbox 2245 4037 2363 4086; x_wconf 92' lang='lat' dir='ltr'><strong>sua,</strong></span> <span class='ocrx_word' id='word_1_598' title='bbox 2390 4023 2444 4076; x_wconf 93' lang='lat' dir='ltr'><strong>in</strong></span> <span class='ocrx_word' id='word_1_599' title='bbox 2478 4023 2652 4078; x_wconf 90' lang='lat' dir='ltr'><strong>altero</strong></span> <span class='ocrx_word' id='word_1_600' title='bbox 2691 4031 2874 4078; x_wconf 90' lang='lat' dir='ltr'><strong>autem</strong></span> <span class='ocrx_word' id='word_1_601' title='bbox 2929 4038 3036 4077; x_wconf 89' lang='lat' dir='ltr'><strong>non</strong></span> <span class='ocrx_word' id='word_1_602' title='bbox 3083 4023 3400 4093; x_wconf 83' lang='lat' dir='ltr'><strong>apparebit;</strong></span> <span class='ocrx_word' id='word_1_603' title='bbox 3435 4026 3528 4078; x_wconf 90' lang='lat' dir='ltr'><strong>sed</strong></span> <span class='ocrx_word' id='word_1_604' title='bbox 3559 4025 3700 4076; x_wconf 86' lang='lat' dir='ltr'><strong>sicut</strong></span> 
     </span>
    </p>
   </div>
   <div class='ocr_carea' id='block_1_88' title="bbox 2133 4115 3704 4186">
    <p class='ocr_par' dir='ltr' id='par_1_88' title="bbox 2133 4115 3704 4186">
     <span class='ocr_line' id='line_1_88' title="bbox 2133 4115 3704 4186; baseline -0.001 -16"><span class='ocrx_word' id='word_1_605' title='bbox 2133 4117 2247 4185; x_wconf 90' lang='lat' dir='ltr'><strong>ipse</strong></span> <span class='ocrx_word' id='word_1_606' title='bbox 2289 4115 2586 4170; x_wconf 91' lang='lat' dir='ltr'><strong>secundum</strong></span> <span class='ocrx_word' id='word_1_607' title='bbox 2649 4117 3110 4185; x_wconf 87' lang='lat' dir='ltr'><strong>comparationem</strong></span> <span class='ocrx_word' id='word_1_608' title='bbox 3159 4115 3390 4186; x_wconf 80' lang='lat' dir='ltr'><strong>fulguris</strong></span> <span class='ocrx_word' id='word_1_609' title='bbox 3447 4116 3704 4170; x_wconf 78' lang='lat' dir='ltr'><strong>exeuntis</strong></span> 
     </span>
    </p>
   </div>
   <div class='ocr_carea' id='block_1_89' title="bbox 2131 4205 3700 4262">
    <p class='ocr_par' dir='ltr' id='par_1_89' title="bbox 2131 4205 3700 4262">
     <span class='ocr_line' id='line_1_89' title="bbox 2131 4205 3700 4262; baseline 0.002 -3"><span class='ocrx_word' id='word_1_610' title='bbox 2131 4205 2419 4260; x_wconf 84' lang='lat' dir='ltr'><strong>adventum</strong></span> <span class='ocrx_word' id='word_1_611' title='bbox 2455 4220 2613 4260; x_wconf 91' lang='lat' dir='ltr'><strong>suum</strong></span> <span class='ocrx_word' id='word_1_612' title='bbox 2661 4207 2832 4260; x_wconf 90' lang='lat' dir='ltr'><strong>voluit</strong></span> <span class='ocrx_word' id='word_1_613' title='bbox 2872 4207 3253 4262; x_wconf 90' lang='lat' dir='ltr'><strong>demonstrare</strong></span> <span class='ocrx_word' id='word_1_614' title='bbox 3310 4208 3498 4262; x_wconf 88' lang='lat' dir='ltr'><strong>dicens</strong></span> <span class='ocrx_word' id='word_1_615' title='bbox 3561 4225 3577 4261; x_wconf 88' lang='lat'><strong>:</strong></span> <span class='ocrx_word' id='word_1_616' title='bbox 3633 4207 3700 4262; x_wconf 81' lang='lat' dir='ltr'><strong>Si</strong></span> 
     </span>
    </p>
   </div>
   <div class='ocr_carea' id='block_1_90' title="bbox 2130 4295 3699 4360">
    <p class='ocr_par' dir='ltr' id='par_1_90' title="bbox 2130 4295 3699 4360">
     <span class='ocr_line' id='line_1_90' title="bbox 2130 4295 3699 4360; baseline 0.001 -10"><span class='ocrx_word' id='word_1_617' title='bbox 2130 4296 2361 4350; x_wconf 73' lang='lat' dir='ltr'><strong>dixerint</strong></span> <span class='ocrx_word' id='word_1_618' title='bbox 2392 4296 2530 4348; x_wconf 79' lang='lat' dir='ltr'><strong>vobis</strong></span> <span class='ocrx_word' id='word_1_619' title='bbox 2561 4312 2580 4350; x_wconf 93' lang='lat'><strong><em>:</em></strong></span> <span class='ocrx_word' id='word_1_620' title='bbox 2622 4295 2759 4349; x_wconf 85' lang='lat' dir='ltr'><strong>Ecce</strong></span> <span class='ocrx_word' id='word_1_621' title='bbox 2785 4299 2838 4349; x_wconf 88' lang='lat' dir='ltr'><strong>in</strong></span> <span class='ocrx_word' id='word_1_622' title='bbox 2875 4297 3101 4360; x_wconf 79' lang='lat' dir='ltr'><strong>deserto,</strong></span> <span class='ocrx_word' id='word_1_623' title='bbox 3143 4297 3304 4350; x_wconf 81' lang='lat' dir='ltr'><strong>nolite</strong></span> <span class='ocrx_word' id='word_1_624' title='bbox 3345 4297 3532 4360; x_wconf 75' lang='lat' dir='ltr'><strong>exire;</strong></span> <span class='ocrx_word' id='word_1_625' title='bbox 3582 4313 3699 4352; x_wconf 74' lang='lat' dir='ltr'><strong>ecce</strong></span> 
     </span>
    </p>
   </div>
   <div class='ocr_carea' id='block_1_91' title="bbox 2131 4385 3699 4458">
    <p class='ocr_par' dir='ltr' id='par_1_91' title="bbox 2131 4385 3699 4458">
     <span class='ocr_line' id='line_1_91' title="bbox 2131 4385 3699 4458; baseline 0.001 -18"><span class='ocrx_word' id='word_1_626' title='bbox 2131 4389 2187 4440; x_wconf 89' lang='lat' dir='ltr'><strong>in</strong></span> <span class='ocrx_word' id='word_1_627' title='bbox 2217 4387 2392 4450; x_wconf 88' lang='lat' dir='ltr'><strong>domo,</strong></span> <span class='ocrx_word' id='word_1_628' title='bbox 2417 4385 2576 4440; x_wconf 87' lang='lat' dir='ltr'><strong>nolite</strong></span> <span class='ocrx_word' id='word_1_629' title='bbox 2596 4389 2825 4440; x_wconf 84' lang='lat' dir='ltr'><strong>credere.</strong></span> <span class='ocrx_word' id='word_1_630' title='bbox 2854 4385 3002 4442; x_wconf 82' lang='lat' dir='ltr'><strong>Sicut</strong></span> <span class='ocrx_word' id='word_1_631' title='bbox 3029 4388 3168 4441; x_wconf 87' lang='lat' dir='ltr'><strong>enim</strong></span> <span class='ocrx_word' id='word_1_632' title='bbox 3219 4386 3402 4457; x_wconf 80' lang='lat' dir='ltr'><strong>fulgur</strong></span> <span class='ocrx_word' id='word_1_633' title='bbox 3431 4389 3699 4458; x_wconf 81' lang='lat' dir='ltr'><strong>egreditur</strong></span> 
     </span>
    </p>
   </div>
   <div class='ocr_carea' id='block_1_92' title="bbox 458 4470 3698 4548">
    <p class='ocr_par' dir='ltr' id='par_1_92' title="bbox 458 4470 3698 4548">
     <span class='ocr_line' id='line_1_92' title="bbox 458 4470 3698 4548; baseline -0.001 -14"><span class='ocrx_word' id='word_1_634' title='bbox 458 4478 660 4534; x_wconf 79' lang='lat' dir='ltr'><strong>Christi</strong></span> <span class='ocrx_word' id='word_1_635' title='bbox 689 4478 798 4547; x_wconf 90' lang='lat' dir='ltr'><strong>jam</strong></span> <span class='ocrx_word' id='word_1_636' title='bbox 829 4478 1160 4548; x_wconf 80' lang='lat' dir='ltr'><strong>resurgentis</strong></span> <span class='ocrx_word' id='word_1_637' title='bbox 1191 4475 1598 4546; x_wconf 87' lang='grc' dir='ltr'>θεοποιηθεῖσαν</span> <span class='ocrx_word' id='word_1_638' title='bbox 1629 4489 1846 4529; x_wconf 89' lang='lat' dir='ltr'><strong>carnem</strong></span> <span class='ocrx_word' id='word_1_639' title='bbox 1874 4474 2027 4527; x_wconf 83' lang='lat' dir='ltr'><strong>dixit.</strong></span> <span class='ocrx_word' id='word_1_640' title='bbox 2061 4470 2105 4524; x_wconf 73' lang='grc' dir='ltr'><strong><em>Β</em></strong></span> <span class='ocrx_word' id='word_1_641' title='bbox 2133 4480 2197 4532; x_wconf 83' lang='lat' dir='ltr'><strong>ab</strong></span> <span class='ocrx_word' id='word_1_642' title='bbox 2225 4479 2439 4541; x_wconf 82' lang='lat' dir='ltr'><strong>oriente,</strong></span> <span class='ocrx_word' id='word_1_643' title='bbox 2465 4486 2512 4531; x_wconf 86' lang='lat' dir='ltr'><strong>et</strong></span> <span class='ocrx_word' id='word_1_644' title='bbox 2544 4490 2759 4546; x_wconf 84' lang='lat' dir='ltr'><strong>apparet</strong></span> <span class='ocrx_word' id='word_1_645' title='bbox 2810 4495 2972 4544; x_wconf 82' lang='lat' dir='ltr'><strong>usque</strong></span> <span class='ocrx_word' id='word_1_646' title='bbox 3005 4481 3074 4531; x_wconf 84' lang='lat' dir='ltr'><strong>ad</strong></span> <span class='ocrx_word' id='word_1_647' title='bbox 3106 4478 3449 4542; x_wconf 82' lang='lat' dir='ltr'><strong>occidentem,</strong></span> <span class='ocrx_word' id='word_1_648' title='bbox 3477 4481 3552 4532; x_wconf 76' lang='lat' dir='ltr'><strong>sic</strong></span> <span class='ocrx_word' id='word_1_649' title='bbox 3597 4483 3698 4532; x_wconf 82' lang='lat' dir='ltr'><strong>erit</strong></span> 
     </span>
    </p>
   </div>
   <div class='ocr_carea' id='block_1_93' title="bbox 458 4561 2032 4638">
    <p class='ocr_par' dir='ltr' id='par_1_93' title="bbox 458 4561 2032 4638">
     <span class='ocr_line' id='line_1_93' title="bbox 458 4561 2032 4638; baseline -0.003 -16"><span class='ocrx_word' id='word_1_650' title='bbox 458 4571 636 4638; x_wconf 84' lang='lat' dir='ltr'><strong>Atque</strong></span> <span class='ocrx_word' id='word_1_651' title='bbox 665 4568 794 4622; x_wconf 89' lang='lat' dir='ltr'><strong>illud</strong></span> <span class='ocrx_word' id='word_1_652' title='bbox 823 4577 905 4622; x_wconf 89' lang='lat' dir='ltr'><strong>est</strong></span> <span class='ocrx_word' id='word_1_653' title='bbox 934 4569 1078 4636; x_wconf 86' lang='lat' dir='ltr'><strong>quod</strong></span> <span class='ocrx_word' id='word_1_654' title='bbox 1108 4569 1210 4623; x_wconf 89' lang='lat' dir='ltr'><strong>sibi</strong></span> <span class='ocrx_word' id='word_1_655' title='bbox 1243 4568 1356 4620; x_wconf 92' lang='lat' dir='ltr'><strong>vult</strong></span> <span class='ocrx_word' id='word_1_656' title='bbox 1385 4567 1719 4636; x_wconf 88' lang='lat' dir='ltr'><strong>Augustinus</strong></span> <span class='ocrx_word' id='word_1_657' title='bbox 1747 4567 1856 4632; x_wconf 58' lang='lat' dir='ltr'><strong>,lib.</strong></span> <span class='ocrx_word' id='word_1_658' title='bbox 1891 4561 2032 4618; x_wconf 88' lang='lat' dir='ltr'><strong>Con-</strong></span> 
     </span>
    </p>
   </div>
   <div class='ocr_carea' id='block_1_94' title="bbox 460 4657 2032 4729">
    <p class='ocr_par' dir='ltr' id='par_1_94' title="bbox 460 4657 2032 4729">
     <span class='ocr_line' id='line_1_94' title="bbox 460 4657 2032 4729; baseline -0.003 -15"><span class='ocrx_word' id='word_1_659' title='bbox 460 4673 544 4717; x_wconf 87' lang='lat' dir='ltr'><strong>tra</strong></span> <span class='ocrx_word' id='word_1_660' title='bbox 573 4679 799 4716; x_wconf 77' lang='lat' dir='ltr'><strong>sermon.</strong></span> <span class='ocrx_word' id='word_1_661' title='bbox 833 4662 1176 4725; x_wconf 84' lang='lat' dir='ltr'><strong>Arianorum,</strong></span> <span class='ocrx_word' id='word_1_662' title='bbox 1209 4675 1327 4729; x_wconf 89' lang='lat' dir='ltr'><strong>cap.</strong></span> <span class='ocrx_word' id='word_1_663' title='bbox 1362 4659 1418 4726; x_wconf 93' lang='lat'><strong>8,</strong></span> <span class='ocrx_word' id='word_1_664' title='bbox 1450 4675 1571 4714; x_wconf 90' lang='lat' dir='ltr'><strong>cum</strong></span> <span class='ocrx_word' id='word_1_665' title='bbox 1607 4660 1720 4712; x_wconf 90' lang='lat' dir='ltr'><strong>ait:</strong></span> <span class='ocrx_word' id='word_1_666' title='bbox 1760 4675 1778 4708; x_wconf 77' lang='grc' dir='ltr'><strong>ι</strong></span> <span class='ocrx_word' id='word_1_667' title='bbox 1813 4657 1956 4726; x_wconf 88' lang='lat' dir='ltr'><strong>Ergo</strong></span> <span class='ocrx_word' id='word_1_668' title='bbox 1976 4666 2032 4711; x_wconf 89' lang='lat' dir='ltr'><strong>et</strong></span> 
     </span>
    </p>
   </div>
   <div class='ocr_carea' id='block_1_95' title="bbox 460 4750 2024 4820">
    <p class='ocr_par' dir='ltr' id='par_1_95' title="bbox 460 4750 2024 4820">
     <span class='ocr_line' id='line_1_95' title="bbox 460 4750 2024 4820; baseline -0.004 -12"><span class='ocrx_word' id='word_1_669' title='bbox 460 4757 564 4810; x_wconf 89' lang='lat' dir='ltr'><strong>ista</strong></span> <span class='ocrx_word' id='word_1_670' title='bbox 601 4755 911 4810; x_wconf 85' lang='lat' dir='ltr'><strong>humanitas</strong></span> <span class='ocrx_word' id='word_1_671' title='bbox 963 4753 1110 4809; x_wconf 91' lang='lat' dir='ltr'><strong>illius</strong></span> <span class='ocrx_word' id='word_1_672' title='bbox 1151 4753 1455 4808; x_wconf 90' lang='lat' dir='ltr'><strong>divinitatis</strong></span> <span class='ocrx_word' id='word_1_673' title='bbox 1502 4765 1698 4806; x_wconf 91' lang='lat' dir='ltr'><strong>nomen</strong></span> <span class='ocrx_word' id='word_1_674' title='bbox 1755 4750 1970 4820; x_wconf 90' lang='lat' dir='ltr'><strong>accipit.</strong></span> <span class='ocrx_word' id='word_1_675' title='bbox 2004 4769 2024 4802; x_wconf 77' lang='grc' dir='ltr'><strong>ι</strong></span> 
     </span>
    </p>
   </div>
   <div class='ocr_carea' id='block_1_96' title="bbox 459 4840 2029 4916">
    <p class='ocr_par' dir='ltr' id='par_1_96' title="bbox 459 4840 2029 4916">
     <span class='ocr_line' id='line_1_96' title="bbox 459 4840 2029 4916; baseline -0.005 -14"><span class='ocrx_word' id='word_1_676' title='bbox 459 4847 600 4903; x_wconf 79' lang='lat' dir='ltr'><strong>Huic</strong></span> <span class='ocrx_word' id='word_1_677' title='bbox 650 4848 751 4916; x_wconf 90' lang='lat' dir='ltr'><strong>ipsi</strong></span> <span class='ocrx_word' id='word_1_678' title='bbox 807 4847 976 4915; x_wconf 80' lang='lat' dir='ltr'><strong>igitur</strong></span> <span class='ocrx_word' id='word_1_679' title='bbox 1005 4856 1215 4901; x_wconf 74' lang='lat' dir='ltr'><strong>natura:</strong></span> <span class='ocrx_word' id='word_1_680' title='bbox 1244 4885 1260 4912; x_wconf 94' lang='lat'><strong>,</strong></span> <span class='ocrx_word' id='word_1_681' title='bbox 1309 4859 1432 4914; x_wconf 67' lang='lat' dir='ltr'><strong>quas</strong></span> <span class='ocrx_word' id='word_1_682' title='bbox 1479 4843 1766 4910; x_wconf 87' lang='grc' dir='ltr'>θεωθεῖσα,</span> <span class='ocrx_word' id='word_1_683' title='bbox 1815 4853 1870 4896; x_wconf 90' lang='lat' dir='ltr'><strong>et</strong></span> <span class='ocrx_word' id='word_1_684' title='bbox 1911 4840 2029 4894; x_wconf 89' lang='grc' dir='ltr'>θεο-</span> 
     </span>
    </p>
   </div>
   <div class='ocr_carea' id='block_1_97' title="bbox 459 4934 2033 5012">
    <p class='ocr_par' dir='ltr' id='par_1_97' title="bbox 459 4934 2033 5012">
     <span class='ocr_line' id='line_1_97' title="bbox 459 4934 2033 5012; baseline -0.004 -18"><span class='ocrx_word' id='word_1_685' title='bbox 459 4939 765 5012; x_wconf 85' lang='grc' dir='ltr'>ποιηθεῖσα,</span> <span class='ocrx_word' id='word_1_686' title='bbox 797 4940 957 4994; x_wconf 92' lang='lat' dir='ltr'><strong>simul</strong></span> <span class='ocrx_word' id='word_1_687' title='bbox 987 4948 1044 4992; x_wconf 92' lang='lat' dir='ltr'><strong>ut</strong></span> <span class='ocrx_word' id='word_1_688' title='bbox 1067 4955 1185 4994; x_wconf 90' lang='lat' dir='ltr'><strong>eam</strong></span> <span class='ocrx_word' id='word_1_689' title='bbox 1215 4937 1534 5008; x_wconf 86' lang='lat' dir='ltr'><strong>assumpsit,</strong></span> <span class='ocrx_word' id='word_1_690' title='bbox 1563 4947 1618 4991; x_wconf 94' lang='lat' dir='ltr'><strong>et</strong></span> <span class='ocrx_word' id='word_1_691' title='bbox 1650 4937 1702 4989; x_wconf 92' lang='lat' dir='ltr'><strong>in</strong></span> <span class='ocrx_word' id='word_1_692' title='bbox 1731 4934 1892 4990; x_wconf 86' lang='lat' dir='ltr'><strong>terris</strong></span> <span class='ocrx_word' id='word_1_693' title='bbox 1915 4949 2033 4988; x_wconf 92' lang='lat' dir='ltr'><strong>ver-</strong></span> 
     </span>
    </p>
   </div>
   <div class='ocr_carea' id='block_1_98' title="bbox 461 5028 2032 5098">
    <p class='ocr_par' dir='ltr' id='par_1_98' title="bbox 461 5028 2032 5098">
     <span class='ocr_line' id='line_1_98' title="bbox 461 5028 2032 5098; baseline -0.001 -12"><span class='ocrx_word' id='word_1_694' title='bbox 461 5043 611 5086; x_wconf 90' lang='lat' dir='ltr'><strong>satus</strong></span> <span class='ocrx_word' id='word_1_695' title='bbox 643 5041 727 5087; x_wconf 93' lang='lat' dir='ltr'><strong>est</strong></span> <span class='ocrx_word' id='word_1_696' title='bbox 771 5030 1044 5096; x_wconf 90' lang='lat' dir='ltr'><strong>Christus,</strong></span> <span class='ocrx_word' id='word_1_697' title='bbox 1091 5032 1235 5086; x_wconf 89' lang='lat' dir='ltr'><strong>dicta</strong></span> <span class='ocrx_word' id='word_1_698' title='bbox 1293 5042 1399 5094; x_wconf 75' lang='grc' dir='ltr'>εει,</span> <span class='ocrx_word' id='word_1_699' title='bbox 1452 5030 1630 5098; x_wconf 88' lang='lat' dir='ltr'><strong>aptius</strong></span> <span class='ocrx_word' id='word_1_700' title='bbox 1665 5028 1829 5083; x_wconf 90' lang='lat' dir='ltr'><strong>etiam</strong></span> <span class='ocrx_word' id='word_1_701' title='bbox 1871 5043 2032 5084; x_wconf 91' lang='lat' dir='ltr'><strong>voces</strong></span> 
     </span>
    </p>
   </div>
   <div class='ocr_carea' id='block_1_99' title="bbox 462 5121 2027 5192">
    <p class='ocr_par' dir='ltr' id='par_1_99' title="bbox 462 5121 2027 5192">
     <span class='ocr_line' id='line_1_99' title="bbox 462 5121 2027 5192; baseline -0.005 -12"><span class='ocrx_word' id='word_1_702' title='bbox 462 5125 580 5180; x_wconf 66' lang='lat' dir='ltr'><strong>ista:</strong></span> <span class='ocrx_word' id='word_1_703' title='bbox 606 5124 961 5188; x_wconf 89' lang='lat' dir='ltr'><strong>conveniunt,</strong></span> <span class='ocrx_word' id='word_1_704' title='bbox 995 5134 1281 5192; x_wconf 89' lang='lat' dir='ltr'><strong>postquam</strong></span> <span class='ocrx_word' id='word_1_705' title='bbox 1316 5131 1534 5176; x_wconf 89' lang='lat' dir='ltr'><strong>mortem</strong></span> <span class='ocrx_word' id='word_1_706' title='bbox 1583 5121 1754 5173; x_wconf 78' lang='lat' dir='ltr'><strong>crucis</strong></span> <span class='ocrx_word' id='word_1_707' title='bbox 1780 5121 2027 5188; x_wconf 74' lang='lat' dir='ltr'><strong>suscepit,</strong></span> 
     </span>
    </p>
   </div>
   <div class='ocr_carea' id='block_1_100' title="bbox 458 5209 2027 5283">
    <p class='ocr_par' dir='ltr' id='par_1_100' title="bbox 458 5209 2027 5283">
     <span class='ocr_line' id='line_1_100' title="bbox 458 5209 2027 5283; baseline -0.008 -10"><span class='ocrx_word' id='word_1_708' title='bbox 458 5228 509 5273; x_wconf 87' lang='lat' dir='ltr'><strong>et</strong></span> <span class='ocrx_word' id='word_1_709' title='bbox 541 5217 772 5272; x_wconf 76' lang='lat' dir='ltr'><strong>surrexit</strong></span> <span class='ocrx_word' id='word_1_710' title='bbox 795 5233 827 5269; x_wconf 91' lang='lat' dir='ltr'><strong>a</strong></span> <span class='ocrx_word' id='word_1_711' title='bbox 856 5216 1102 5271; x_wconf 82' lang='lat' dir='ltr'><strong>mortuis.</strong></span> <span class='ocrx_word' id='word_1_712' title='bbox 1136 5213 1271 5269; x_wconf 88' lang='lat' dir='ltr'><strong>Nam</strong></span> <span class='ocrx_word' id='word_1_713' title='bbox 1311 5229 1406 5283; x_wconf 89' lang='lat' dir='ltr'><strong>per</strong></span> <span class='ocrx_word' id='word_1_714' title='bbox 1436 5222 1668 5268; x_wconf 88' lang='lat' dir='ltr'><strong>mortem</strong></span> <span class='ocrx_word' id='word_1_715' title='bbox 1720 5209 2027 5265; x_wconf 90' lang='lat' dir='ltr'><strong>mortalium</strong></span> 
     </span>
    </p>
   </div>
   <div class='ocr_carea' id='block_1_101' title="bbox 460 5303 2029 5379">
    <p class='ocr_par' dir='ltr' id='par_1_101' title="bbox 460 5303 2029 5379">
     <span class='ocr_line' id='line_1_101' title="bbox 460 5303 2029 5379; baseline -0.007 -15"><span class='ocrx_word' id='word_1_716' title='bbox 460 5325 755 5379; x_wconf 91' lang='lat' dir='ltr'><strong>corporum</strong></span> <span class='ocrx_word' id='word_1_717' title='bbox 793 5306 1220 5362; x_wconf 88' lang='lat' dir='ltr'><strong>imbecillitatem</strong></span> <span class='ocrx_word' id='word_1_718' title='bbox 1253 5304 1506 5376; x_wconf 90' lang='lat' dir='ltr'><strong>deposuit</strong></span> <span class='ocrx_word' id='word_1_719' title='bbox 1536 5303 1702 5375; x_wconf 94' lang='lat' dir='ltr'><strong>ipsius</strong></span> <span class='ocrx_word' id='word_1_720' title='bbox 1729 5315 1947 5371; x_wconf 87' lang='lat' dir='ltr'><strong>corpus,</strong></span> <span class='ocrx_word' id='word_1_721' title='bbox 1975 5308 2029 5354; x_wconf 87' lang='lat' dir='ltr'><strong>et</strong></span> 
     </span>
    </p>
   </div>
   <div class='ocr_carea' id='block_1_102' title="bbox 461 5392 2028 5469">
    <p class='ocr_par' dir='ltr' id='par_1_102' title="bbox 461 5392 2028 5469">
     <span class='ocr_line' id='line_1_102' title="bbox 461 5392 2028 5469; baseline -0.007 -13"><span class='ocrx_word' id='word_1_722' title='bbox 461 5403 720 5457; x_wconf 86' lang='lat' dir='ltr'><strong>virtutem</strong></span> <span class='ocrx_word' id='word_1_723' title='bbox 754 5400 1046 5469; x_wconf 91' lang='lat' dir='ltr'><strong>quamdam</strong></span> <span class='ocrx_word' id='word_1_724' title='bbox 1075 5399 1318 5453; x_wconf 90' lang='lat' dir='ltr'><strong>divinam</strong></span> <span class='ocrx_word' id='word_1_725' title='bbox 1347 5397 1605 5467; x_wconf 88' lang='lat' dir='ltr'><strong>suscepit.</strong></span> <span class='ocrx_word' id='word_1_726' title='bbox 1651 5393 1804 5450; x_wconf 83' lang='lat' dir='ltr'><strong>Hanc</strong></span> <span class='ocrx_word' id='word_1_727' title='bbox 1839 5392 2028 5464; x_wconf 89' lang='lat' dir='ltr'><strong>Orige-</strong></span> 
     </span>
    </p>
   </div>
   <div class='ocr_carea' id='block_1_103' title="bbox 463 5486 2029 5561">
    <p class='ocr_par' dir='ltr' id='par_1_103' title="bbox 463 5486 2029 5561">
     <span class='ocr_line' id='line_1_103' title="bbox 463 5486 2029 5561; baseline -0.006 -13"><span class='ocrx_word' id='word_1_728' title='bbox 463 5494 608 5548; x_wconf 89' lang='lat' dir='ltr'><strong>niani</strong></span> <span class='ocrx_word' id='word_1_729' title='bbox 654 5494 782 5558; x_wconf 88' lang='lat' dir='ltr'><strong>loci,</strong></span> <span class='ocrx_word' id='word_1_730' title='bbox 828 5506 990 5561; x_wconf 92' lang='lat' dir='ltr'><strong>quam</strong></span> <span class='ocrx_word' id='word_1_731' title='bbox 1032 5493 1248 5556; x_wconf 89' lang='lat' dir='ltr'><strong>damus,</strong></span> <span class='ocrx_word' id='word_1_732' title='bbox 1302 5489 1694 5560; x_wconf 89' lang='lat' dir='ltr'><strong>expositionem</strong></span> <span class='ocrx_word' id='word_1_733' title='bbox 1741 5486 2029 5544; x_wconf 81' lang='lat' dir='ltr'><strong>conﬁrmat</strong></span> 
     </span>
    </p>
   </div>
   <div class='ocr_carea' id='block_1_104' title="bbox 463 5579 2024 5656">
    <p class='ocr_par' dir='ltr' id='par_1_104' title="bbox 463 5579 2024 5656">
     <span class='ocr_line' id='line_1_104' title="bbox 463 5579 2024 5656; baseline -0.004 -13"><span class='ocrx_word' id='word_1_734' title='bbox 463 5588 633 5656; x_wconf 83' lang='lat' dir='ltr'><strong>ipsius</strong></span> <span class='ocrx_word' id='word_1_735' title='bbox 678 5584 926 5656; x_wconf 84' lang='lat' dir='ltr'><strong>Origenis</strong></span> <span class='ocrx_word' id='word_1_736' title='bbox 971 5584 1040 5639; x_wconf 90' lang='lat' dir='ltr'><strong>ad</strong></span> <span class='ocrx_word' id='word_1_737' title='bbox 1087 5583 1232 5640; x_wconf 88' lang='lat' dir='ltr'><strong>Celsi</strong></span> <span class='ocrx_word' id='word_1_738' title='bbox 1277 5583 1648 5641; x_wconf 84' lang='lat' dir='ltr'><strong>cavillationes</strong></span> <span class='ocrx_word' id='word_1_739' title='bbox 1695 5579 2024 5654; x_wconf 86' lang='lat' dir='ltr'><strong>responsio:</strong></span> 
     </span>
    </p>
   </div>
   <div class='ocr_carea' id='block_1_105' title="bbox 533 5763 1216 5834">
    <p class='ocr_par' dir='ltr' id='par_1_105' title="bbox 533 5763 1216 5834">
     <span class='ocr_line' id='line_1_105' title="bbox 533 5763 1216 5834; baseline -0.007 -11"><span class='ocrx_word' id='word_1_740' title='bbox 533 5768 579 5801; x_wconf 76' lang='lat'>&quot;</span> <span class='ocrx_word' id='word_1_741' title='bbox 603 5767 789 5822; x_wconf 80' lang='lat' dir='ltr'><strong>Matth.</strong></span> <span class='ocrx_word' id='word_1_742' title='bbox 821 5779 968 5833; x_wconf 75' lang='lat' dir='ltr'><strong>xxiv,</strong></span> <span class='ocrx_word' id='word_1_743' title='bbox 995 5763 1066 5820; x_wconf 77' lang='lat'><strong>26</strong></span> <span class='ocrx_word' id='word_1_744' title='bbox 1099 5777 1216 5834; x_wconf 86' lang='lat' dir='ltr'><strong>seq.</strong></span> 
     </span>
    </p>
   </div>
   <div class='ocr_carea' id='block_1_106' title="bbox 2135 4568 3700 4640">
    <p class='ocr_par' dir='ltr' id='par_1_106' title="bbox 2135 4568 3700 4640">
     <span class='ocr_line' id='line_1_106' title="bbox 2135 4568 3700 4640; baseline -0.001 -17"><span class='ocrx_word' id='word_1_745' title='bbox 2135 4573 2387 4623; x_wconf 78' lang='lat' dir='ltr'><strong>adventus</strong></span> <span class='ocrx_word' id='word_1_746' title='bbox 2425 4568 2560 4623; x_wconf 88' lang='lat' dir='ltr'><strong>Filii</strong></span> <span class='ocrx_word' id='word_1_747' title='bbox 2598 4571 2822 4624; x_wconf 76' lang='lat' dir='ltr'><strong>hominis</strong></span> <span class='ocrx_word' id='word_1_748' title='bbox 2857 4570 2924 4624; x_wconf 70' lang='grc'><strong>⁷⁵.</strong></span> <span class='ocrx_word' id='word_1_749' title='bbox 2971 4570 3126 4624; x_wconf 90' lang='lat' dir='ltr'><strong>Sicut</strong></span> <span class='ocrx_word' id='word_1_750' title='bbox 3178 4584 3309 4638; x_wconf 88' lang='lat' dir='ltr'><strong>ergo</strong></span> <span class='ocrx_word' id='word_1_751' title='bbox 3335 4570 3516 4640; x_wconf 78' lang='lat' dir='ltr'><strong>fulgur</strong></span> <span class='ocrx_word' id='word_1_752' title='bbox 3543 4585 3700 4638; x_wconf 72' lang='lat' dir='ltr'><strong>egre-</strong></span> 
     </span>
    </p>
   </div>
   <div class='ocr_carea' id='block_1_107' title="bbox 2135 4661 3701 4732">
    <p class='ocr_par' dir='ltr' id='par_1_107' title="bbox 2135 4661 3701 4732">
     <span class='ocr_line' id='line_1_107' title="bbox 2135 4661 3701 4732; baseline -0.001 -16"><span class='ocrx_word' id='word_1_753' title='bbox 2135 4663 2291 4716; x_wconf 90' lang='lat' dir='ltr'><strong>diens</strong></span> <span class='ocrx_word' id='word_1_754' title='bbox 2326 4663 2393 4717; x_wconf 91' lang='lat' dir='ltr'><strong>ab</strong></span> <span class='ocrx_word' id='word_1_755' title='bbox 2427 4663 2660 4725; x_wconf 91' lang='lat' dir='ltr'><strong>oriente,</strong></span> <span class='ocrx_word' id='word_1_756' title='bbox 2697 4669 2752 4716; x_wconf 91' lang='lat' dir='ltr'><strong>et</strong></span> <span class='ocrx_word' id='word_1_757' title='bbox 2798 4672 3088 4732; x_wconf 90' lang='lat' dir='ltr'><strong>propterea</strong></span> <span class='ocrx_word' id='word_1_758' title='bbox 3123 4662 3266 4731; x_wconf 92' lang='lat' dir='ltr'><strong>quod</strong></span> <span class='ocrx_word' id='word_1_759' title='bbox 3298 4662 3480 4716; x_wconf 89' lang='lat' dir='ltr'><strong>omnia</strong></span> <span class='ocrx_word' id='word_1_760' title='bbox 3516 4661 3701 4731; x_wconf 87' lang='lat' dir='ltr'><strong>implet</strong></span> 
     </span>
    </p>
   </div>
   <div class='ocr_carea' id='block_1_108' title="bbox 2133 4753 3701 4823">
    <p class='ocr_par' dir='ltr' id='par_1_108' title="bbox 2133 4753 3701 4823">
     <span class='ocr_line' id='line_1_108' title="bbox 2133 4753 3701 4823; baseline -0.001 -16"><span class='ocrx_word' id='word_1_761' title='bbox 2133 4763 2357 4823; x_wconf 88' lang='lat' dir='ltr'><strong>apparet</strong></span> <span class='ocrx_word' id='word_1_762' title='bbox 2396 4768 2568 4823; x_wconf 91' lang='lat' dir='ltr'><strong>usque</strong></span> <span class='ocrx_word' id='word_1_763' title='bbox 2624 4755 2692 4808; x_wconf 92' lang='lat' dir='ltr'><strong>ad</strong></span> <span class='ocrx_word' id='word_1_764' title='bbox 2736 4755 3075 4809; x_wconf 87' lang='lat' dir='ltr'><strong>occidentem</strong></span> <span class='ocrx_word' id='word_1_765' title='bbox 3119 4769 3136 4819; x_wconf 90' lang='lat'><strong>;</strong></span> <span class='ocrx_word' id='word_1_766' title='bbox 3190 4753 3269 4808; x_wconf 91' lang='lat' dir='ltr'><strong>sic</strong></span> <span class='ocrx_word' id='word_1_767' title='bbox 3319 4769 3441 4809; x_wconf 89' lang='lat' dir='ltr'><strong>cum</strong></span> <span class='ocrx_word' id='word_1_768' title='bbox 3489 4753 3701 4807; x_wconf 87' lang='lat' dir='ltr'><strong>venerit</strong></span> 
     </span>
    </p>
   </div>
   <div class='ocr_carea' id='block_1_109' title="bbox 2132 4845 3700 4917">
    <p class='ocr_par' dir='ltr' id='par_1_109' title="bbox 2132 4845 3700 4917">
     <span class='ocr_line' id='line_1_109' title="bbox 2132 4845 3700 4917; baseline 0.001 -19"><span class='ocrx_word' id='word_1_769' title='bbox 2132 4845 2385 4899; x_wconf 88' lang='lat' dir='ltr'><strong>Christus</strong></span> <span class='ocrx_word' id='word_1_770' title='bbox 2413 4845 2464 4898; x_wconf 92' lang='lat' dir='ltr'><strong>in</strong></span> <span class='ocrx_word' id='word_1_771' title='bbox 2496 4846 2665 4915; x_wconf 84' lang='lat' dir='ltr'><strong>gloria</strong></span> <span class='ocrx_word' id='word_1_772' title='bbox 2705 4861 2823 4911; x_wconf 91' lang='lat' dir='ltr'><strong>sua,</strong></span> <span class='ocrx_word' id='word_1_773' title='bbox 2857 4857 3076 4917; x_wconf 90' lang='lat' dir='ltr'><strong>propter</strong></span> <span class='ocrx_word' id='word_1_774' title='bbox 3125 4849 3271 4916; x_wconf 86' lang='lat' dir='ltr'><strong>quod</strong></span> <span class='ocrx_word' id='word_1_775' title='bbox 3313 4848 3509 4916; x_wconf 91' lang='lat' dir='ltr'><strong>ubique</strong></span> <span class='ocrx_word' id='word_1_776' title='bbox 3555 4847 3700 4900; x_wconf 81' lang='lat' dir='ltr'><strong>futu-</strong></span> 
     </span>
    </p>
   </div>
   <div class='ocr_carea' id='block_1_110' title="bbox 2138 4938 3694 5009">
    <p class='ocr_par' dir='ltr' id='par_1_110' title="bbox 2138 4938 3694 5009">
     <span class='ocr_line' id='line_1_110' title="bbox 2138 4938 3694 5009; baseline 0 -17"><span class='ocrx_word' id='word_1_777' title='bbox 2138 4953 2230 4992; x_wconf 92' lang='lat' dir='ltr'><strong>rus</strong></span> <span class='ocrx_word' id='word_1_778' title='bbox 2253 4947 2358 5003; x_wconf 90' lang='lat' dir='ltr'><strong>est,</strong></span> <span class='ocrx_word' id='word_1_779' title='bbox 2389 4948 2444 4993; x_wconf 89' lang='lat' dir='ltr'><strong>et</strong></span> <span class='ocrx_word' id='word_1_780' title='bbox 2469 4939 2582 5007; x_wconf 89' lang='lat' dir='ltr'><strong>ipse</strong></span> <span class='ocrx_word' id='word_1_781' title='bbox 2609 4940 2662 4992; x_wconf 93' lang='lat' dir='ltr'><strong>in</strong></span> <span class='ocrx_word' id='word_1_782' title='bbox 2698 4950 2992 5009; x_wconf 90' lang='lat' dir='ltr'><strong>conspectu</strong></span> <span class='ocrx_word' id='word_1_783' title='bbox 3027 4939 3270 4996; x_wconf 89' lang='lat' dir='ltr'><strong>omnium</strong></span> <span class='ocrx_word' id='word_1_784' title='bbox 3323 4941 3432 4995; x_wconf 89' lang='lat' dir='ltr'><strong>erit</strong></span> <span class='ocrx_word' id='word_1_785' title='bbox 3473 4938 3694 5007; x_wconf 87' lang='lat' dir='ltr'><strong>ubique,</strong></span> 
     </span>
    </p>
   </div>
   <div class='ocr_carea' id='block_1_111' title="bbox 2136 5031 3699 5102">
    <p class='ocr_par' dir='ltr' id='par_1_111' title="bbox 2136 5031 3699 5102">
     <span class='ocr_line' id='line_1_111' title="bbox 2136 5031 3699 5102; baseline 0.001 -18"><span class='ocrx_word' id='word_1_786' title='bbox 2136 5040 2193 5085; x_wconf 84' lang='lat' dir='ltr'><strong>et</strong></span> <span class='ocrx_word' id='word_1_787' title='bbox 2221 5045 2412 5087; x_wconf 87' lang='lat' dir='ltr'><strong>omnes</strong></span> <span class='ocrx_word' id='word_1_788' title='bbox 2446 5031 2646 5102; x_wconf 90' lang='lat' dir='ltr'><strong>ubique</strong></span> <span class='ocrx_word' id='word_1_789' title='bbox 2695 5041 2855 5087; x_wconf 91' lang='lat' dir='ltr'><strong>erunt</strong></span> <span class='ocrx_word' id='word_1_790' title='bbox 2883 5033 2936 5086; x_wconf 92' lang='lat' dir='ltr'><strong>in</strong></span> <span class='ocrx_word' id='word_1_791' title='bbox 2973 5041 3265 5102; x_wconf 88' lang='lat' dir='ltr'><strong>conspectu</strong></span> <span class='ocrx_word' id='word_1_792' title='bbox 3306 5032 3496 5101; x_wconf 88' lang='lat' dir='ltr'><strong>ipsius,</strong></span> <span class='ocrx_word' id='word_1_793' title='bbox 3533 5040 3589 5084; x_wconf 90' lang='lat' dir='ltr'><strong>et</strong></span> <span class='ocrx_word' id='word_1_794' title='bbox 3617 5031 3699 5086; x_wconf 88' lang='lat' dir='ltr'><strong>sic</strong></span> 
     </span>
    </p>
   </div>
   <div class='ocr_carea' id='block_1_112' title="bbox 2137 5124 3696 5196">
    <p class='ocr_par' dir='ltr' id='par_1_112' title="bbox 2137 5124 3696 5196">
     <span class='ocr_line' id='line_1_112' title="bbox 2137 5124 3696 5196; baseline 0.001 -19"><span class='ocrx_word' id='word_1_795' title='bbox 2137 5124 2538 5178; x_wconf 88' lang='lat' dir='ltr'><strong>constituentur</strong></span> <span class='ocrx_word' id='word_1_796' title='bbox 2557 5134 2684 5180; x_wconf 89' lang='lat' dir='ltr'><strong>ante</strong></span> <span class='ocrx_word' id='word_1_797' title='bbox 2716 5126 2899 5181; x_wconf 90' lang='lat' dir='ltr'><strong>sedem</strong></span> <span class='ocrx_word' id='word_1_798' title='bbox 2929 5125 3112 5196; x_wconf 70' lang='lat' dir='ltr'><strong>gloriae</strong></span> <span class='ocrx_word' id='word_1_799' title='bbox 3137 5124 3274 5192; x_wconf 87' lang='lat' dir='ltr'><strong>ejus,</strong></span> <span class='ocrx_word' id='word_1_800' title='bbox 3306 5125 3409 5179; x_wconf 89' lang='lat' dir='ltr'><strong>hoc</strong></span> <span class='ocrx_word' id='word_1_801' title='bbox 3436 5134 3540 5188; x_wconf 88' lang='lat' dir='ltr'><strong>est,</strong></span> <span class='ocrx_word' id='word_1_802' title='bbox 3571 5133 3696 5178; x_wconf 82' lang='lat' dir='ltr'><strong>ante</strong></span> 
     </span>
    </p>
   </div>
   <div class='ocr_carea' id='block_1_113' title="bbox 2138 5213 3690 5286">
    <p class='ocr_par' dir='ltr' id='par_1_113' title="bbox 2138 5213 3690 5286">
     <span class='ocr_line' id='line_1_113' title="bbox 2138 5213 3690 5286; baseline -0.003 -18"><span class='ocrx_word' id='word_1_803' title='bbox 2138 5229 2362 5284; x_wconf 83' lang='lat' dir='ltr'><strong>regnum</strong></span> <span class='ocrx_word' id='word_1_804' title='bbox 2403 5214 2521 5284; x_wconf 90' lang='lat' dir='ltr'><strong>ejus</strong></span> <span class='ocrx_word' id='word_1_805' title='bbox 2571 5225 2626 5272; x_wconf 92' lang='lat' dir='ltr'><strong>et</strong></span> <span class='ocrx_word' id='word_1_806' title='bbox 2671 5225 2992 5286; x_wconf 89' lang='lat' dir='ltr'><strong>potestatem</strong></span> <span class='ocrx_word' id='word_1_807' title='bbox 3028 5214 3412 5271; x_wconf 91' lang='lat' dir='ltr'><strong>dominationis</strong></span> <span class='ocrx_word' id='word_1_808' title='bbox 3441 5213 3631 5282; x_wconf 89' lang='lat' dir='ltr'><strong>ipsius.</strong></span> <span class='ocrx_word' id='word_1_809' title='bbox 3671 5230 3690 5264; x_wconf 78' lang='grc' dir='ltr'><strong>ι</strong></span> 
     </span>
    </p>
   </div>
   <div class='ocr_carea' id='block_1_114' title="bbox 2135 5291 3697 5379">
    <p class='ocr_par' dir='ltr' id='par_1_114' title="bbox 2135 5291 3697 5379">
     <span class='ocr_line' id='line_1_114' title="bbox 2135 5291 3697 5379; baseline -0.001 -19"><span class='ocrx_word' id='word_1_810' title='bbox 2135 5306 2191 5362; x_wconf 84' lang='lat' dir='ltr'><strong>id</strong></span> <span class='ocrx_word' id='word_1_811' title='bbox 2219 5307 2431 5362; x_wconf 90' lang='lat' dir='ltr'><strong>solvere</strong></span> <span class='ocrx_word' id='word_1_812' title='bbox 2460 5323 2520 5362; x_wconf 91' lang='lat' dir='ltr'><strong>se</strong></span> <span class='ocrx_word' id='word_1_813' title='bbox 2545 5317 2695 5379; x_wconf 88' lang='lat' dir='ltr'><strong>putat</strong></span> <span class='ocrx_word' id='word_1_814' title='bbox 2721 5291 3120 5372; x_wconf 69' lang='lat' dir='ltr'><strong>Genehrar&#39;dus,</strong></span> <span class='ocrx_word' id='word_1_815' title='bbox 3147 5321 3239 5363; x_wconf 88' lang='lat' dir='ltr'><strong>seu</strong></span> <span class='ocrx_word' id='word_1_816' title='bbox 3263 5305 3506 5375; x_wconf 90' lang='lat' dir='ltr'><strong>quisquis</strong></span> <span class='ocrx_word' id='word_1_817' title='bbox 3533 5304 3697 5359; x_wconf 85' lang='lat' dir='ltr'><strong>verba</strong></span> 
     </span>
    </p>
   </div>
   <div class='ocr_carea' id='block_1_115' title="bbox 2135 5397 3694 5470">
    <p class='ocr_par' dir='ltr' id='par_1_115' title="bbox 2135 5397 3694 5470">
     <span class='ocr_line' id='line_1_115' title="bbox 2135 5397 3694 5470; baseline -0.003 -16"><span class='ocrx_word' id='word_1_818' title='bbox 2135 5398 2353 5470; x_wconf 64' lang='lat' dir='ltr'><strong>btecjad</strong></span> <span class='ocrx_word' id='word_1_819' title='bbox 2399 5414 2551 5455; x_wconf 92' lang='lat' dir='ltr'><strong>oram</strong></span> <span class='ocrx_word' id='word_1_820' title='bbox 2597 5400 2858 5455; x_wconf 85' lang='lat' dir='ltr'><strong>attexuit:</strong></span> <span class='ocrx_word' id='word_1_821' title='bbox 2899 5419 2919 5451; x_wconf 79' lang='grc' dir='ltr'><strong>ι</strong></span> <span class='ocrx_word' id='word_1_822' title='bbox 2967 5399 3180 5469; x_wconf 86' lang='lat' dir='ltr'><strong>Ubique</strong></span> <span class='ocrx_word' id='word_1_823' title='bbox 3227 5397 3442 5454; x_wconf 85' lang='lat' dir='ltr'><strong>futurus</strong></span> <span class='ocrx_word' id='word_1_824' title='bbox 3491 5398 3694 5452; x_wconf 81' lang='lat' dir='ltr'><strong>Christi</strong></span> 
     </span>
    </p>
   </div>
   <div class='ocr_carea' id='block_1_116' title="bbox 2137 5489 3698 5562">
    <p class='ocr_par' dir='ltr' id='par_1_116' title="bbox 2137 5489 3698 5562">
     <span class='ocr_line' id='line_1_116' title="bbox 2137 5489 3698 5562; baseline -0.003 -16"><span class='ocrx_word' id='word_1_825' title='bbox 2137 5493 2429 5559; x_wconf 88' lang='lat' dir='ltr'><strong>adventus,</strong></span> <span class='ocrx_word' id='word_1_826' title='bbox 2484 5493 2578 5549; x_wconf 88' lang='lat' dir='ltr'><strong>sed</strong></span> <span class='ocrx_word' id='word_1_827' title='bbox 2633 5493 3015 5549; x_wconf 68' lang='lat' dir='ltr'><strong>successive.»</strong></span> <span class='ocrx_word' id='word_1_828' title='bbox 3065 5497 3135 5546; x_wconf 86' lang='lat' dir='ltr'><strong>At</strong></span> <span class='ocrx_word' id='word_1_829' title='bbox 3163 5499 3426 5562; x_wconf 87' lang='lat' dir='ltr'><strong>repugnat</strong></span> <span class='ocrx_word' id='word_1_830' title='bbox 3472 5489 3698 5560; x_wconf 79' lang='lat' dir='ltr'><strong>fulguris</strong></span> 
     </span>
    </p>
   </div>
   <div class='ocr_carea' id='block_1_117' title="bbox 2134 5582 3701 5657">
    <p class='ocr_par' dir='ltr' id='par_1_117' title="bbox 2134 5582 3701 5657">
     <span class='ocr_line' id='line_1_117' title="bbox 2134 5582 3701 5657; baseline -0.003 -15"><span class='ocrx_word' id='word_1_831' title='bbox 2134 5583 2465 5657; x_wconf 83' lang='lat' dir='ltr'><strong>exemplum,</strong></span> <span class='ocrx_word' id='word_1_832' title='bbox 2503 5584 2646 5657; x_wconf 89' lang='lat' dir='ltr'><strong>quod</strong></span> <span class='ocrx_word' id='word_1_833' title='bbox 2679 5600 2784 5642; x_wconf 90' lang='lat' dir='ltr'><strong>non</strong></span> <span class='ocrx_word' id='word_1_834' title='bbox 2814 5586 3142 5656; x_wconf 84' lang='lat' dir='ltr'><strong>successive,</strong></span> <span class='ocrx_word' id='word_1_835' title='bbox 3168 5585 3261 5644; x_wconf 80' lang='lat' dir='ltr'><strong>sed</strong></span> <span class='ocrx_word' id='word_1_836' title='bbox 3291 5584 3479 5642; x_wconf 89' lang='lat' dir='ltr'><strong>eodem</strong></span> <span class='ocrx_word' id='word_1_837' title='bbox 3524 5582 3701 5639; x_wconf 75' lang='lat' dir='ltr'><strong>ferme</strong></span> 
     </span>
    </p>
   </div>
  </div>
