4160 6470
456 302 565 359 8ἳό

1665 315 1676 324 '
1748 303 1808 360 P.
1849 304 2167 361 DANIELIS
2205 305 2439 363 HUETII

3616 287 3721 375 sai

456 432 660 494 puncto
697 423 958 493 temporis
987 423 1252 478 orientem
1285 429 1336 476 et
1363 420 1705 476 occidentem
1729 422 2038 486 collustrat,
2071 429 2116 484 Α
2149 440 2410 498 ronymus
2448 429 2670 497 Apotog.
2709 429 2958 485 adversus
2981 426 3260 500 Ruﬁnum,
3293 429 3390 487 lib.
3420 445 3462 496 ι,
3501 447 3620 503 cap.
3665 436 3720 490 5.

461 535 480 564 ο
517 525 806 587 pr0pterea
851 515 998 585 quod
1045 515 1231 570 omnia
1290 512 1499 583 implet.
1531 531 1550 564 ι
1610 512 1722 585 Ego
1767 527 1897 568 vero
1933 529 2038 566 non

456 607 814 662 humanitatis
864 607 1070 664 Cbristi
1127 607 1407 673 corporeis
1462 605 1790 674 usurpandae
1842 604 2038 667 oculis,

453 699 550 754 sed
581 699 885 754 divinitatis
913 699 1082 753 menti
1118 699 1450 769 apparituraa
1478 697 1830 768 praesentiam
1869 697 2039 766 signi-

457 791 610 845 ticari
641 805 863 846 censeo.
915 791 1146 845 Faciunt
1198 791 1357 846 tidem
1404 805 1526 859 quae
1556 789 1806 859 proxime
1835 801 2039 858 praece-

455 884 620 937 dunt:
663 901 681 935 ι
712 884 926 950 Quanto
969 885 1143 954 magis
1171 892 1321 937 recte
1349 883 1608 936 dicuntur
1630 895 1821 936 omnes
1849 889 2041 950 gentes

455 984 584 1028 ante
622 991 747 1030 eum
792 976 1188 1046 congreganda:
1219 985 1275 1030 et
1322 975 1723 1029 constituendae
1748 1014 1763 1040 ,
1816 973 2042 1044 quando

455 1065 632 1135 palam
665 1068 925 1122 omnibus
962 1078 1070 1122 tam
1105 1069 1264 1123 bonis
1290 1082 1449 1136 quam
1483 1066 1665 1132 malis,
1713 1077 1824 1121 tam
1864 1065 2040 1120 ﬁdeli-

454 1161 557 1213 bus
611 1175 774 1228 quam
811 1159 1116 1216 inﬁdelibus
1146 1159 1314 1215 fuerit
1343 1159 1520 1214 factus
1539 1159 1884 1224 manifestus,
1913 1165 2042 1212 ante

455 1251 644 1304 oculos
673 1251 874 1306 mentis
909 1266 1098 1307 eorum
1139 1251 1252 1320 jam
1297 1267 1404 1307 non
1443 1251 1569 1308 ﬁdei
1611 1261 1707 1306 aut
1748 1251 2042 1322 diligentiae

460 1340 697 1411 alicujus
735 1343 1089 1412 inquisitione
1122 1355 1388 1414 repertus,
1405 1345 1700 1416 sedipsius
1745 1345 2042 1400 divinitatis

459 1449 570 1487 suae
605 1434 1047 1492 manifestatione
1077 1437 1353 1500 praelatus.
1387 1455 1407 1488 ι
1463 1436 1656 1492 Fidem
1702 1450 1921 1508 quoque
1957 1435 2040 1489 l'a-

458 1527 631 1588 ciunt,
664 1541 783 1596 quae
823 1537 1056 1584 tractatu
1087 1531 1143 1582 in
1172 1529 1483 1585 Matthwum
1519 1529 1812 1600 superiore
1861 1529 2044 1598 legun-

463 1631 568 1680 tur,
620 1635 770 1674 num.
815 1619 906 1685 65,
953 1637 1075 1692 pag.
1129 1621 1255 1686 882,
1292 1622 1419 1688 885,
1452 1623 1505 1677 in
1532 1637 1641 1694 quo
1701 1623 2039 1686 edisserens,

461 1708 638 1764 "omo
664 1713 878 1780 quidam
905 1730 1117 1785 peregre
1140 1715 1503 1784 proﬁciscens,
1534 1728 1668 1782 etc.,
1703 1716 1900 1787 quierit
1946 1717 2038 1785 qui

459 1803 792 1874 peregrinari
818 1805 922 1861 dici
951 1807 1125 1876 possit
1151 1807 1433 1874 Christus,
1485 1824 1647 1879 quem
1685 1809 1889 1878 ubique
1913 1823 2036 1864 esse

457 1897 656 1953 litterae
691 1913 860 1954 sacrae
891 1902 1304 1970 demonstrant;
1329 1911 1443 1958 tum
1472 1904 1692 1973 subjicit
1739 1905 2038 1967 Christum,

457 2007 564 2060 qua
597 2000 681 2047 est
711 1994 852 2048 Deus
875 1993 1138 2061 Verbum,
1167 2001 1224 2049 et
1252 1992 1558 2064 Sapientia,
1603 2003 1659 2051 et
1707 1994 1954 2058 iustitia,
1987 2003 2044 2050 et

457 2083 698 2151 Veritas,
729 2101 994 2157 corporeo
1027 2087 1236 2142 ambitu
1277 2102 1385 2141 non
1439 2088 1818 2152 circumcludi,
1853 2097 1907 2144 et
1950 2102 2041 2142 se-

458 2179 694 2234 cundum
731 2180 1072 2234 divinitatem
1102 2195 1256 2234 suam
1284 2194 1348 2233 ac
1380 2180 1638 2234 virtutem
1671 2180 1871 2250 ubique
1895 2194 2038 2244 esse,

459 2271 554 2324 sed
591 2288 611 2322 ι
641 2272 938 2326 secundum
969 2273 1435 2340 dispensationem
1463 2273 1714 2341 corporis
1739 2273 1882 2342 quod
1920 2288 2042 2326 sus-

459 2362 629 2430 cepit,
686 2381 707 2416 s
772 2363 1135 2432 peregrinari.
1186 2362 1333 2420 Idem
1387 2363 1585 2418 astruit
1644 2363 1835 2418 homil.
1886 2363 1921 2418 6
1989 2364 2042 2416 in

460 2450 621 2516 Luc.,
653 2462 710 2507 et
737 2452 1041 2519 Christum,
1071 2469 1177 2522 qua
1213 2455 1390 2508 virtus
1418 2463 1502 2509 est
1544 2452 1661 2519 Dei,
1700 2453 1883 2508 omnia
1914 2471 2041 2525 per-

461 2546 662 2600 vadere
706 2545 888 2612 docet,
927 2546 1194 2614 coelestia,
1233 2547 1518 2603 terrestria
1571 2559 1628 2602 et
1679 2546 1917 2602 inferna.
1977 2549 2044 2603 Et

463 2637 557 2692 lib.
602 2654 700 2693 vm
755 2639 810 2693 in
875 2637 1052 2708 Epist.
1093 2641 1162 2694 ad
1194 2640 1376 2706 Rom,
1430 2655 1580 2696 num.
1632 2641 1688 2706 2,
1735 2656 1860 2712 pag.
1915 2641 2041 2710 622,

461 2741 752 2800 postquam
777 2732 1051 2786 Christum
1084 2748 1191 2788 non
1221 2732 1452 2802 alicujus
1501 2733 1602 2789 loci
1649 2736 1898 2791 terminis
1931 2737 2045 2791 cir~

460 2823 776 2889 .nrmscribi,
810 2825 903 2878 sed
937 2824 1138 2894 ubique
1169 2837 1479 2895 penetrare,
1515 2835 1570 2881 et
1603 2841 1698 2895 per
1729 2828 1913 2882 omnia
1943 2829 2044 2883 dit-

461 2915 615 2970 l'undi
647 2916 984 2980 declaravit;
1028 2935 1048 2970 ι
1095 2918 1189 2973 sed
1225 2919 1322 2983 ita,
1374 2919 1572 2988 inquit,
1618 2921 1786 2976 debes
1836 2921 2044 2978 sentire

463 3009 530 3063 de
558 3008 1086 3080 Christo,'tanquam
1119 3012 1185 3066 de
1215 3010 1419 3078 Verbo,
1455 3022 1512 3069 et
1537 3011 1802 3079 Veritate,
1844 3022 1900 3070 et
1935 3015 2039 3068 Sa-

2147 537 2165 569 c
2209 516 2431 588 Origeni
2467 530 2582 584 tuo,
2614 521 2812 590 inquit,
2863 521 2990 577 licet
3031 522 3311 578 Christum
3356 527 3541 582 dicere
3583 542 3724 595 sape

2141 626 2386 680 passum,
2409 622 2465 667 et
2489 613 2684 683 saepius
2705 628 3014 683 passurum,
3044 624 3103 668 ut
3132 615 3275 683 quod
3299 617 3466 672 semel
3495 619 3718 688 profuit,

2142 720 2359 776 semper
2391 705 2565 774 prosit
2593 716 2932 775 assumptum
2965 724 2979 770 ;
3025 727 3043 759 ι
3075 719 3130 762 et
3162 709 3322 780 epist.
3351 708 3443 776 61,
3471 713 3537 765 ad
3563 714 3716 767 Avit.

2143 812 2264 865 cap.
2304 796 2338 850 4
2361 813 2374 848 :
2401 815 2420 848 ι
2445 796 2690 864 Cumque
2714 796 2942 851 dixisset
2973 796 3279 870 (Origenes)
3301 801 3462 870 juxta
3492 798 3722 858 Joannis

2142 885 2549 957 Apocalypsim,
2619 886 2971 958 Evangelium
3026 889 3418 960 sempiternum
3449 892 3564 966 ,_id
3613 902 3719 958 est,

2142 979 2385 1033 futurum
2419 980 2473 1032 in
2509 977 2689 1047 ctelis,
2724 988 2930 1034 tantum
2983 981 3292 1049 praecedere
3331 981 3438 1038 hoc
3476 993 3720 1039 nostrum

2145 1069 2525 1140 Evangelium,
2559 1079 2829 1139 quantum
2877 1071 3082 1126 Christi
3124 1073 3441 1141 praedicatio
3467 1073 3601 1142 legis
3626 1089 3722 1130 veo-

2145 1163 2281 1216 teris
2326 1171 2714 1228 sacramenta;
2767 1164 2836 1217 ad
2882 1173 3191 1218 extremum
3245 1163 3424 1218 intulit
3468 1165 3636 1235 (quod
3667 1174 3726 1222 et

2141 1253 2419 1323 cogitasse
2475 1252 2800 1324 sacrilegum
2857 1252 2964 1325 est)
3027 1269 3124 1323 pro
3181 1255 3356 1310 salute
3414 1256 3722 1313 damonum

2143 1345 2426 1400 Christum
2459 1345 2624 1399 etiam
2678 1346 2732 1398 in
2764 1359 2891 1400 aere
2930 1355 2985 1400 et
3031 1345 3086 1400 in
3125 1351 3380 1417 supernis
3407 1348 3563 1405 {locis
3602 1365 3726 1406 esse

2141 1451 2453 1507 passurum.
2506 1437 2571 1491 Et
2622 1437 2752 1492 licet
2805 1437 2894 1491 ille
2945 1453 3055 1491 nou
3111 1438 3334 1504 dixerit,
3372 1452 3548 1496 tamen
3579 1443 3724 1511 quod

2143 1544 2492 1600 consequens
2538 1529 2611 1585 sit
2670 1529 3006 1600 intelligitur
3047 1544 3065 1584 :
3103 1531 3244 1586 sicut
3270 1547 3371 1602 pro
3413 1532 3726 1589 hominibus

2145 1624 2306 1680 homo
2347 1623 2523 1680 factus
2552 1632 2660 1690 est,
2687 1633 2748 1678 ut
2777 1625 3028 1680 homines
3074 1623 3335 1680 liberaret
3362 1641 3379 1690 ;
3423 1626 3504 1681 sic
3539 1637 3594 1682 et
3626 1643 3726 1697 pm

2145 1717 2320 1772 salute
2369 1717 2673 1771 daemonum
2725 1716 2891 1771 Deum
2929 1715 3169 1770 futurum
3207 1718 3352 1786 quod
3393 1729 3521 1773 sunt
3547 1719 3626 1784 hi,
3658 1720 3726 1774 ad

2143 1825 2281 1878 quos
2325 1819 2592 1864 venturus
2630 1817 2715 1864 est
2765 1809 3100 1864 liberandos.
3137 1827 3156 1861 ι
3215 1808 3352 1863 Tum
3393 1809 3558 1864 verba
3608 1809 3724 1878 ipsa

2141 1900 2399 1972 Origenis
2431 1901 2675 1968 exhibet,
2706 1902 2856 1956 unde
2886 1901 3226 1956 accusationi
3275 1916 3387 1956 suae
3435 1903 3604 1957 robur
3628 1903 3729 1957 ad-

2143 1997 2256 2062 dat,
2287 2006 2342 2050 et
2380 2010 2479 2050 nos
2507 2010 2570 2050 ea
2599 2009 2819 2064 quoque
2866 1992 3010 2047 infra
3059 1992 3380 2048 referemus.
3417 1992 3726 2050 Notandum

2143 2088 2364 2142 interim
2406 2087 2610 2142 diserte
2653 2085 2930 2141 amt-mare
2981 2084 3376 2156 Hieronymum
3411 2087 3727 2153 neutiquam

2144 2183 2347 2238 dixisse
2395 2180 2688 2250 Origenem
2739 2180 3018 2236 Christum
3060 2194 3159 2250 pro
3210 2179 3386 2234 salute
3420 2181 3728 2234 daemonum

2147 2278 2446 2329 daemonem
2487 2273 2753 2335 futurum,
2792 2273 2938 2341 quod
2969 2288 3144 2344 neque
3172 2273 3313 2344 apud
3343 2273 3491 2328 illum
3523 2274 3728 2344 legerat

2147 2365 2482 2436 Theophilus
2514 2383 2529 2432 ;
2568 2364 2662 2422 sed
2693 2380 2762 2421 ex
2803 2365 3055 2437 Origenis
3095 2367 3258 2422 dictis
3287 2367 3341 2421 id
3383 2376 3618 2436 uterque
3641 2381 3731 2419 ra-

2149 2455 2470 2513 tiocinando
2509 2455 2731 2525 collegit
2766 2472 2782 2522 ;
2815 2472 2939 2512 cum
2979 2458 3254 2514 Christum
3287 2468 3467 2513 tamen
3522 2458 3730 2529 angelis

2148 2561 2204 2604 et
2245 2547 2561 2605 coelestibus
2599 2549 2900 2608 virtutibus
2961 2551 3016 2605 in
3067 2565 3165 2605 sua
3205 2550 3509 2620 quibusque
3555 2549 3729 2604 forma

2151 2640 2466 2710 apparuisse
2518 2641 2826 2711 scripserit,
2869 2652 2932 2696 ut
2981 2641 3331 2698 ostendemus
3376 2640 3537 2710 paulo
3584 2649 3728 2711 post.

2148 2731 2508 2800 Superiorum
2547 2733 2715 2788 etiam
2744 2733 2940 2788 similis
2975 2743 3060 2789 est
3097 2732 3278 2789 Orosii
3309 2734 3448 2803 apud
3478 2732 3732 2802 Augusti-

2147 2840 2278 2878 num
2319 2824 2581 2879 adversus
2628 2824 2974 2889 Origenistas
3015 2825 3339 2896 conquestio
3377 2825 3430 2878 in
3479 2822 3731 2878 Commo-

2149 2917 2369 2981 nitorio,
2410 2917 2552 2986 quod
2580 2917 2722 2971 inter
2748 2917 3040 2989 Augustini
3080 2915 3280 2987 Opera,
3311 2917 3365 2970 in
3405 2915 3581 2984 capite
3605 2914 3732 2968 libri

2147 3019 2331 3061 contra
2364 3005 2813 3064 Priscillianistas
2840 3019 2888 3063 et
2923 3008 3252 3079 Origenistas
3285 3009 3369 3063 edi
3405 3008 3579 3063 solet:
3610 3025 3629 3058 ε
3657 3005 3734 3060 De

464 3103 692 3169 pienlia,
730 3111 785 3158 et
815 3101 1037 3158 Iustitia
1076 3105 1192 3159 Dei.
1230 3103 1356 3160 Haec
1392 3115 1575 3161 autem
1625 3106 1808 3161 omnia
1843 3121 1950 3161 non
1987 3109 2039 3161 in
2072 3115 2114 3173 ο
2147 3113 2379 3168 corpore
2417 3114 2549 3154 vero
2603 3099 2818 3155 Domini
2874 3101 2954 3155 sic
3012 3100 3379 3163 tradiderunt,
3423 3101 3552 3169 quia
3606 3113 3734 3153 cum

460 3192 581 3249 loco
611 3203 948 3263 qumrtntur,
997 3196 1095 3251 sed
1137 3196 1340 3268 ubique
1387 3199 1605 3262 adsunt,
1653 3212 1833 3268 neque
1866 3199 1934 3254 ab
1963 3198 2044 3253 in-

464 3286 634 3342 ternis
653 3288 786 3344 locis
811 3299 1134 3354 evocantur,
1158 3291 1252 3345 sed
1276 3300 1459 3346 mente
1488 3291 1603 3346 sola
1653 3291 2043 3361 intellectuque

461 3380 774 3448 capiuntur.
830 3399 849 3433 ι
905 3383 1084 3450 Atque
1144 3381 1218 3435 ita
1278 3380 1667 3452 intelligendus
1714 3391 1847 3437 tom.
1896 3399 1936 3436 ll
1989 3385 2046 3436 in

459 3471 646 3538 10am,
682 3487 833 3526 Imm.
865 3471 955 3536 29,
987 3488 1110 3528 cum
1151 3474 1226 3528 ait
1254 3493 1265 3528 :
1294 3473 1450 3527 Μετὰ
1477 3473 1726 3527 δὲταῦτα
1748 3473 1880 3546 ἄλλη
1907 3491 2047 3546 μαρ-

460 3563 620 3630 τυρία
675 3563 769 3617 τοῦ
832 3563 997 3617 αὐτοῦ
1068 3565 1373 3619 Βαπτιστοῦ
1438 3567 1567 3638 περὶ
1616 3566 1855 3638 Χριστοῦ
1905 3569 2044 3632 ἐστι,

460 3655 559 3727 τὴν
604 3656 1023 3729 προηγουμένην
1052 3657 1218 3711 αὐτοῦ
1249 3657 1547 3713 ὑπόστασιν
1576 3660 1656 3714 ἔτι
1690 3661 2040 3724 διδάσκουσα,

459 3746 754 3816 διήκουσαν
791 3746 886 3800 ἐπὶ
929 3749 1106 3802 πάντα
1139 3748 1231 3801 τὸν
1263 3749 1488 3819 κόσμον,
1532 3750 1676 3804 κατὰ
1723 3750 1822 3814 τὰς
1870 3751 2048 3822 ψυχὰς

459 3838 560 3900 τὰς
601 3839 844 3908 λογικὰς,
897 3841 987 3894 ὅτε
1034 3841 1196 3911 φησί·
1248 3839 1451 3907 Μέσος
1477 3840 1646 3910 ὑμῶν
1685 3841 1945 3911 ἕστηκεν
1975 3843 2048 3897 ὃν

459 3931 632 4002 ὑμεῖς
663 3935 776 3986 οὐκ
804 3933 1025 3994 οἴδατε,
1055 3933 1248 3987 ὀπίσω
1267 3951 1387 4002 μου
1413 3933 1754 4003 ἐρχόμενος.

531 4022 654 4078 XX.
693 4024 952 4092 Sequitur
984 4024 1244 4093 placitum
1290 4023 1435 4078 aliud
1478 4024 1730 4095 Origenis
1768 4026 1837 4080 de
1871 4035 2049 4080 morte

463 4113 692 4181 Christi,
721 4130 828 4169 non
859 4114 1176 4170 hominibus
1211 4115 1557 4172 solummodo
1579 4118 1720 4182 utili,
1749 4117 1848 4172 sed
1877 4133 2047 4188 ange-

462 4207 530 4262 lis
581 4207 772 4271 etiam,
817 4216 871 4261 et
913 4209 1205 4271 sideribus,
1246 4222 1312 4262 ac
1358 4213 1520 4264 rebus
1567 4211 1769 4266 creatis
1819 4210 2049 4279 quibus-

463 4315 702 4372 cunque.
728 4304 810 4358 Ab
839 4318 904 4358 eo
947 4301 992 4357 si
1020 4303 1140 4372 quis
1167 4305 1404 4362 alienum
1463 4305 1681 4373 penitus
1723 4303 1894 4358 fuisse
1921 4302 2047 4358 Ori-

465 4409 656 4462 genem
701 4395 1026 4462 pertendere
1074 4395 1228 4461 velit,
1275 4396 1568 4451 candorem
1610 4395 1703 4450 ille
1734 4409 1952 4449 omnem
1985 4411 2050 4451 ac

2149 3207 2322 3262 usque
2361 3194 2428 3247 ad
2471 3207 2571 3248 nos
2604 3195 2832 3249 veniens
2854 3193 3027 3248 Filius
3054 3192 3150 3247 Dei
3180 3201 3300 3260 post
3328 3201 3406 3246 tot
3439 3190 3609 3244 millia
3635 3206 3731 3243 an-

2148 3300 2339 3340 nnrum
2365 3286 2577 3341 otiosus
2611 3299 2678 3340 eo
2709 3299 2884 3354 usque
2914 3300 3022 3340 non
3049 3283 3236 3348 fuerit,
3285 3284 3381 3338 sed
3429 3283 3733 3352 praedicans

2149 3377 2529 3432 remissionem
2569 3376 2801 3447 angelis,
2831 3376 3199 3445 potestatibus
3253 3383 3418 3444 atque
3455 3374 3732 3429 universis

2148 3469 2541 3540 superioribus,
2596 3484 2721 3524 cum
2761 3467 3085 3538 qualitatem
3125 3466 3316 3522 forma:
3353 3482 3543 3522 eorum
3594 3480 3738 3535 quos

2146 3563 2389 3617 visitaret
2420 3571 2752 3628 assumeret,
2792 3575 2966 3632 usque
2998 3561 3066 3615 ad
3101 3559 3527 3631 palpabilitatem
3547 3560 3729 3614 carnis

2148 3653 2540 3722 assumptionis
2573 3654 2757 3724 specie
2797 3653 3136 3708 transivisse.
3180 3671 3200 3705 ι
3257 3651 3337 3706 Ex
3397 3667 3464 3706 eo
3512 3665 3734 3720 quoque

2148 3747 2490 3817 potissimum
2534 3743 2757 3817 Origeni
2809 3743 3077 3801 conﬂasse
3127 3745 3388 3800 invidiam
3438 3741 3732 3815 Egyptios

2147 3839 2438 3909 episcopos
2475 3838 2645 3893 relert
2675 3837 3098 3892 Posthumianus
3129 3837 3270 3907 apud
3300 3836 3600 3904 Sulpicium
3632 3835 3733 3890 Se-

2150 3947 2338 3986 verum
2383 3930 2592 4000 Dialog.
2620 3946 2656 3993 ι,
2698 3945 2830 4000 cap.
2856 3930 2911 3995 '5,
2942 3931 3087 4000 quod
3137 3931 3191 3984 in
3240 3928 3357 3997 ejus
3393 3929 3546 3983 libris
3583 3929 3730 3998 lege-

2152 4034 2320 4089 retur,
2386 4041 2414 4074 ι
2462 4023 2588 4091 quia
2649 4023 2910 4077 Dominus
2974 4019 3156 4084 Jesus,
3196 4021 3339 4076 sicut
3376 4036 3475 4090 pro
3513 4021 3733 4075 redem-

2152 4115 2337 4184 ptione
2365 4115 2604 4170 hominis
2632 4114 2684 4167 in
2725 4128 2890 4168 carne
2923 4115 3187 4178 venisset,
3229 4128 3446 4168 crucem
3489 4128 3586 4184 pro
3628 4113 3733 4168 ho-

2151 4205 2318 4261 minis
2367 4205 2543 4260 salute
2574 4221 2790 4275 passus,
2855 4215 3087 4262 mortem
3115 4221 3212 4275 pro
3245 4206 3484 4262 hominis
3512 4205 3733 4261 aeterni-

2154 4305 2269 4352 tate
2305 4305 2600 4368 gustasset,
2653 4298 2729 4352 ita
2770 4307 2916 4353 esset
2969 4298 3160 4353 eodem
3216 4297 3410 4353 ordine
3463 4300 3736 4368 passionis

2152 4390 2318 4444 etiam
2348 4390 2626 4445 diabolum
2663 4390 3084 4460 redempturus:
3116 4391 3241 4460 quia
3282 4392 3383 4445 hoc
3411 4391 3642 4446 bonitati
3670 4392 3737 4446 il-

470 4487 727 4552 pudorem
762 4487 1262 4556 projiciatnecesse
1287 4497 1395 4555 est,
1431 4504 1554 4543 cum
1581 4489 1724 4542 hanc
1754 4489 1807 4541 in
1832 4503 1897 4542 eo
1922 4502 2048 4542 sen-
2079 4462 2127 4522 θ
2155 4481 2286 4546 lius,
2317 4482 2621 4551 pietatique
2643 4492 2993 4552 congrueret,
3033 4492 3094 4538 ut
3121 4485 3212 4553 qui
3254 4484 3524 4554 perditum
3557 4485 3736 4540 homi-

468 4580 693 4632 tentiam
737 4579 1012 4650 castigent
1040 4596 1104 4636 ac
1143 4590 1679 4654 coarguantveteres
1704 4580 1971 4649 plerique,
1991 4590 2047 4634 et

466 4685 586 4724 eam
621 4670 790 4725 claris
824 4687 886 4727 ac
920 4674 1132 4729 iteratis
1166 4675 1492 4730 testimoniis
1516 4673 1889 4742 consignatam
1917 4672 2046 4726 reli-

467 4765 668 4834 querit.
701 4764 806 4820 Sed
841 4767 1098 4836 quoniam
1131 4783 1220 4823 res
1254 4769 1506 4822 intricata
1539 4775 1624 4822 est
1663 4776 1720 4820 et
1769 4767 2044 4835 perplexa,

469 4856 778 4909 accuratius
805 4856 1020 4910 videtur
1047 4857 1462 4924 perscrutanda.

541 4944 687 5000 XXI.
725 4965 745 4997 ι
780 4945 1112 5016 Theophilus
1156 4947 1381 5015 epistola
1436 4945 1685 5000 Paschal.
1717 4947 1775 5010 2,
1811 4945 2049 5000 sensisse

472 5054 594 5094 eum
632 5040 882 5108 queritur
916 5057 935 5089 ι
969 5038 1249 5094 Christum
1295 5052 1394 5106 pro
1421 5038 1759 5092 daemonibus
1785 5053 1848 5091 ac
1882 5037 2048 5105 spiri-

475 5129 714 5184 tualihus
745 5130 1005 5197 nequitiis
1033 5130 1173 5199 apud
1203 5145 1430 5198 superos
1457 5128 1780 5196 alligendum
1809 5130 1994 5196 cruci;
2027 5149 2045 5182 ι

476 5234 640 5289 atque
695 5223 809 5276 haec
858 5222 1090 5277 dicendo
1143 5221 1340 5275 deinde
1395 5221 1731 5290 ampliﬁcans
1767 5237 1866 5288 pro
1901 5236 2052 5276 more

471 5326 570 5364 suo
615 5322 669 5365 et
711 5312 1034 5375 extendens,
1076 5311 1242 5364 multa
1299 5310 1424 5364 inde
1484 5311 1739 5379 pestifera
1794 5312 2051 5381 consequi

474 5404 734 5458 ostendit.
772 5404 848 5458 Ac
887 5404 1045 5472 hujus
1095 5403 1291 5459 deinde
1325 5403 1650 5458 auctoritate
1681 5412 1734 5458 et
1766 5405 1945 5458 verbis
1983 5406 2049 5458 ad

474 5495 724 5549 eumdem
759 5493 1150 5564 proﬂigandum
1180 5510 1422 5550 errorem
1458 5511 1589 5550 usus
1615 5505 1696 5550 est
1727 5495 2049 5551 llincmarus

475 5586 532 5642 in
566 5586 660 5639 lih.
687 5585 762 5639 De
799 5588 1284 5655 prwdeslinalione,
1313 5602 1437 5656 cap.
1472 5587 1562 5642 27.
1591 5586 1707 5643 Non
1741 5587 1899 5644 aliter
1925 5588 2047 5645 llie-

557 5753 600 5785 τδ
631 5753 773 5808 Psal.
804 5770 998 5819 tum,
1029 5754 1112 5811 l2.
1190 5757 1234 5789 7°
1264 5756 1423 5812 Rom.
1459 5771 1533 5821 γι,
1571 5756 1626 5812 ο.

2155 4589 2280 4628 nem
2331 4573 2708 4639 reformasset,
2757 4575 3067 4645 prolapsum
3115 4591 3334 4646 quoque
3379 4578 3628 4646 angelum
3665 4578 3734 4633 li-

2153 4667 2391 4722 beraret.
2432 4685 2452 4718 ι
2509 4665 2646 4722 Hinc
2707 4666 3019 4722 Bernardus
3071 4683 3237 4724 serm.
3286 4669 3358 4723 44
3417 4671 3471 4724 in
3515 4670 3735 4727 Cantica

2155 4759 2419 4812 canticor.
2447 4772 2464 4812 :
2521 4776 2540 4809 ι
2573 4758 2838 4829 Denique,
2860 4760 3055 4829 inquit,
3086 4771 3347 4830 operatus
3385 4773 3470 4817 est
3503 4763 3734 4818 salutem

2155 4851 2208 4904 in
2268 4850 2446 4911 medio
2488 4860 2649 4906 terra:
2690 4852 2738 4882 ⁷⁸
2779 4869 2793 4905 :
2853 4853 3097 4921 nunquid
3134 4862 3189 4907 et
3235 4855 3288 4908 in
3326 4855 3506 4910 medio
3546 4856 3737 4910 aeris?

2157 4943 2271 4997 Hoc
2324 4945 2609 4998 adversum
2664 4941 2975 5013 Origenem,
3034 4945 3126 5014 qui
3169 4945 3221 4999 in
3263 4961 3391 5001 aere
3447 4947 3734 5002 Dominum

2155 5037 2343 5106 gloriae
2383 5037 2563 5090 denuo
2602 5050 2702 5105 pro
2750 5037 3088 5093 dmmonibus
3131 5039 3428 5107 impudenti
3465 5041 3739 5110 cruciligit

2161 5128 2484 5194 mendacio;
2553 5145 2679 5182 cum
2722 5128 2881 5194 hujus
2919 5130 3178 5184 conscius
3229 5131 3476 5198 mysterii
3534 5129 3737 5188 Paulus

2156 5219 2414 5286 allirmet,
2455 5221 2601 5290 quod
2639 5237 2913 5290 resurgens
2943 5238 3009 5275 ea:
3047 5224 3268 5276 mortuis
3291 5223 3410 5291 jam
3436 5239 3540 5278 non
3574 5226 3740 5277 mori-

2159 5321 2283 5375 tur;
2315 5329 2456 5366 mors
2491 5314 2572 5366 illi
2602 5312 2743 5365 ultra
2769 5330 2874 5365 non
2900 5314 3258 5367 dominabitur
3285 5315 3370 5379 7‘;
3397 5335 3416 5368 ι
3458 5325 3513 5370 et
3544 5316 3740 5370 Alber-

2161 5413 2250 5459 tus
2289 5405 2518 5474 Magnus
2569 5407 2624 5458 in
2675 5405 2945 5474 epistolam
2978 5405 3010 5458 8
3050 5403 3288 5476 Dionysii
3332 5424 3350 5461 :
3380 5427 3396 5457 ι
3431 5408 3546 5464 Νοη
3596 5412 3739 5477 quod

2159 5495 2408 5551 futurum
2453 5498 2524 5552 sit
2562 5496 2842 5552 Christum
2873 5496 3070 5550 iterum
3106 5499 3240 5566 pati,
3275 5504 3570 5554 secundum
3617 5501 3741 5556 Ori-

2157 5590 2312 5658 genis
2344 5605 2610 5675 errorem.
2645 5609 2666 5643 ι
2703 5588 2865 5662 Pejus
2892 5592 3019 5663 quid
3059 5606 3129 5646 ex
3166 5591 3300 5661 ipsis
3330 5590 3580 5662 Origenis
3613 5607 3739 5647 ver-
