  <div class='ocr_page' id='page_1' title='image "/cluster/home/n/w/nwhite01/storage/ocr_20150623/17:no.7/coo.31924054872977/424.png"; bbox 0 0 4160 6406; ppageno 0'>
   <div class='ocr_carea' id='block_1_1' title="bbox 391 323 502 384">
    <p class='ocr_par' dir='ltr' id='par_1_1' title="bbox 391 323 502 384">
     <span class='ocr_line' id='line_1_1' title="bbox 391 323 502 384; baseline -0.036 -1"><span class='ocrx_word' id='word_1_1' title='bbox 391 323 502 384; x_wconf 73' lang='lat'><strong>825</strong></span> 
     </span>
    </p>
   </div>
   <div class='ocr_carea' id='block_1_2' title="bbox 1209 311 2822 382">
    <p class='ocr_par' dir='ltr' id='par_1_2' title="bbox 1209 311 2822 382">
     <span class='ocr_line' id='line_1_2' title="bbox 1209 311 2822 382; baseline -0.007 -5"><span class='ocrx_word' id='word_1_2' title='bbox 1209 316 1788 378; x_wconf 76' lang='lat' dir='ltr'><strong>ORIGENIANORUM</strong></span> <span class='ocrx_word' id='word_1_3' title='bbox 1827 314 1958 370; x_wconf 79' lang='lat' dir='ltr'><strong>LIB.</strong></span> <span class='ocrx_word' id='word_1_4' title='bbox 2003 311 2068 376; x_wconf 92' lang='lat' dir='ltr'><strong>ll,</strong></span> <span class='ocrx_word' id='word_1_5' title='bbox 2109 312 2263 370; x_wconf 76' lang='lat' dir='ltr'><strong>CAP.</strong></span> <span class='ocrx_word' id='word_1_6' title='bbox 2305 313 2370 382; x_wconf 86' lang='lat' dir='ltr'><strong>ll,</strong></span> <span class='ocrx_word' id='word_1_7' title='bbox 2407 311 2688 382; x_wconf 70' lang='grc' dir='ltr'><strong>ρυιΕδΤ.</strong></span> <span class='ocrx_word' id='word_1_8' title='bbox 2731 311 2822 368; x_wconf 85' lang='lat' dir='ltr'><strong>Ill.</strong></span> 
     </span>
    </p>
   </div>
   <div class='ocr_carea' id='block_1_3' title="bbox 3573 310 3677 369">
    <p class='ocr_par' dir='ltr' id='par_1_3' title="bbox 3573 310 3677 369">
     <span class='ocr_line' id='line_1_3' title="bbox 3573 310 3677 369; baseline 0.029 -3"><span class='ocrx_word' id='word_1_9' title='bbox 3573 310 3677 369; x_wconf 70' lang='lat'><strong>8‘26</strong></span> 
     </span>
    </p>
   </div>
   <div class='ocr_carea' id='block_1_4' title="bbox 392 435 3676 514">
    <p class='ocr_par' dir='ltr' id='par_1_4' title="bbox 392 435 3676 514">
     <span class='ocr_line' id='line_1_4' title="bbox 392 435 3676 514; baseline -0.004 -14"><span class='ocrx_word' id='word_1_10' title='bbox 392 446 480 500; x_wconf 87' lang='lat' dir='ltr'><strong>his</strong></span> <span class='ocrx_word' id='word_1_11' title='bbox 536 452 896 514; x_wconf 57' lang='lat' dir='ltr'><strong>repraesentat</strong></span> <span class='ocrx_word' id='word_1_12' title='bbox 941 441 1286 499; x_wconf 84' lang='lat' dir='ltr'><strong>Justinianus</strong></span> <span class='ocrx_word' id='word_1_13' title='bbox 1338 443 1638 512; x_wconf 73' lang='lat' dir='ltr'><strong>imperator</strong></span> <span class='ocrx_word' id='word_1_14' title='bbox 1669 441 1721 494; x_wconf 92' lang='lat' dir='ltr'><strong>in</strong></span> <span class='ocrx_word' id='word_1_15' title='bbox 1746 437 1978 508; x_wconf 86' lang='lat' dir='ltr'><strong>epistola</strong></span> <span class='ocrx_word' id='word_1_16' title='bbox 2009 438 2058 496; x_wconf 77' lang='grc' dir='ltr'><strong>Α</strong></span> <span class='ocrx_word' id='word_1_17' title='bbox 2091 436 2291 491; x_wconf 89' lang='lat' dir='ltr'><strong>Iinibus</strong></span> <span class='ocrx_word' id='word_1_18' title='bbox 2323 438 2518 492; x_wconf 89' lang='lat' dir='ltr'><strong>mortis</strong></span> <span class='ocrx_word' id='word_1_19' title='bbox 2547 436 2751 491; x_wconf 90' lang='lat' dir='ltr'><strong>Christi</strong></span> <span class='ocrx_word' id='word_1_20' title='bbox 2784 435 3020 506; x_wconf 91' lang='lat' dir='ltr'><strong>pretium</strong></span> <span class='ocrx_word' id='word_1_21' title='bbox 3060 444 3116 490; x_wconf 91' lang='lat' dir='ltr'><strong>et</strong></span> <span class='ocrx_word' id='word_1_22' title='bbox 3157 435 3396 492; x_wconf 89' lang='lat' dir='ltr'><strong>valorem</strong></span> <span class='ocrx_word' id='word_1_23' title='bbox 3433 436 3676 493; x_wconf 80' lang='lat' dir='ltr'><strong>circum-</strong></span> 
     </span>
    </p>
   </div>
   <div class='ocr_carea' id='block_1_5' title="bbox 393 532 1982 604">
    <p class='ocr_par' dir='ltr' id='par_1_5' title="bbox 393 532 1982 604">
     <span class='ocr_line' id='line_1_5' title="bbox 393 532 1982 604; baseline -0.004 -15"><span class='ocrx_word' id='word_1_24' title='bbox 393 536 461 589; x_wconf 89' lang='lat' dir='ltr'><strong>ad</strong></span> <span class='ocrx_word' id='word_1_25' title='bbox 501 535 735 600; x_wconf 82' lang='lat' dir='ltr'><strong>Menam,</strong></span> <span class='ocrx_word' id='word_1_26' title='bbox 764 535 1005 589; x_wconf 86' lang='lat' dir='ltr'><strong>futurum</strong></span> <span class='ocrx_word' id='word_1_27' title='bbox 1038 549 1232 604; x_wconf 87' lang='lat' dir='ltr'><strong>nempe</strong></span> <span class='ocrx_word' id='word_1_28' title='bbox 1265 543 1324 588; x_wconf 93' lang='lat' dir='ltr'><strong>ttt</strong></span> <span class='ocrx_word' id='word_1_29' title='bbox 1363 549 1462 604; x_wconf 91' lang='lat' dir='ltr'><strong>pro</strong></span> <span class='ocrx_word' id='word_1_30' title='bbox 1490 532 1831 588; x_wconf 76' lang='lat' dir='ltr'><strong>dtemonihus</strong></span> <span class='ocrx_word' id='word_1_31' title='bbox 1853 545 1982 585; x_wconf 84' lang='lat' dir='ltr'><strong>cru-</strong></span> 
     </span>
    </p>
   </div>
   <div class='ocr_carea' id='block_1_6' title="bbox 394 621 1981 696">
    <p class='ocr_par' dir='ltr' id='par_1_6' title="bbox 394 621 1981 696">
     <span class='ocr_line' id='line_1_6' title="bbox 394 621 1981 696; baseline -0.006 -14"><span class='ocrx_word' id='word_1_32' title='bbox 394 627 645 693; x_wconf 75' lang='lat' dir='ltr'><strong>cingatur</strong></span> <span class='ocrx_word' id='word_1_33' title='bbox 674 627 948 692; x_wconf 76' lang='lat' dir='ltr'><strong>Christus,</strong></span> <span class='ocrx_word' id='word_1_34' title='bbox 991 627 1154 696; x_wconf 85' lang='lat' dir='ltr'><strong>idque</strong></span> <span class='ocrx_word' id='word_1_35' title='bbox 1205 640 1578 694; x_wconf 65' lang='lat' dir='ltr'><strong>sarpenumero</strong></span> <span class='ocrx_word' id='word_1_36' title='bbox 1629 639 1725 693; x_wconf 89' lang='lat' dir='ltr'><strong>per</strong></span> <span class='ocrx_word' id='word_1_37' title='bbox 1779 621 1981 676; x_wconf 63' lang='lat' dir='ltr'><strong>saecula</strong></span> 
     </span>
    </p>
   </div>
   <div class='ocr_carea' id='block_1_7' title="bbox 398 715 1986 789">
    <p class='ocr_par' dir='ltr' id='par_1_7' title="bbox 398 715 1986 789">
     <span class='ocr_line' id='line_1_7' title="bbox 398 715 1986 789; baseline -0.006 -15"><span class='ocrx_word' id='word_1_38' title='bbox 398 721 600 775; x_wconf 88' lang='lat' dir='ltr'><strong>l&#39;utura.</strong></span> <span class='ocrx_word' id='word_1_39' title='bbox 631 719 767 774; x_wconf 90' lang='lat' dir='ltr'><strong>Tum</strong></span> <span class='ocrx_word' id='word_1_40' title='bbox 808 721 859 774; x_wconf 94' lang='lat' dir='ltr'><strong>in</strong></span> <span class='ocrx_word' id='word_1_41' title='bbox 902 719 1166 789; x_wconf 83' lang='lat' dir='ltr'><strong>subjectis</strong></span> <span class='ocrx_word' id='word_1_42' title='bbox 1204 719 1331 774; x_wconf 88' lang='lat' dir='ltr'><strong>huic</strong></span> <span class='ocrx_word' id='word_1_43' title='bbox 1375 717 1621 788; x_wconf 71' lang='lat' dir='ltr'><strong>epistolae</strong></span> <span class='ocrx_word' id='word_1_44' title='bbox 1661 715 1986 770; x_wconf 81' lang='lat' dir='ltr'><strong>anathema-</strong></span> 
     </span>
    </p>
   </div>
   <div class='ocr_carea' id='block_1_8' title="bbox 397 809 1983 883">
    <p class='ocr_par' dir='ltr' id='par_1_8' title="bbox 397 809 1983 883">
     <span class='ocr_line' id='line_1_8' title="bbox 397 809 1983 883; baseline -0.003 -16"><span class='ocrx_word' id='word_1_45' title='bbox 397 814 575 868; x_wconf 77' lang='lat' dir='ltr'><strong>tismis</strong></span> <span class='ocrx_word' id='word_1_46' title='bbox 604 813 899 883; x_wconf 90' lang='lat' dir='ltr'><strong>Origenem</strong></span> <span class='ocrx_word' id='word_1_47' title='bbox 941 814 1134 882; x_wconf 80' lang='lat' dir='ltr'><strong>tangit,</strong></span> <span class='ocrx_word' id='word_1_48' title='bbox 1176 828 1298 868; x_wconf 86' lang='lat' dir='ltr'><strong>cum</strong></span> <span class='ocrx_word' id='word_1_49' title='bbox 1339 828 1434 868; x_wconf 90' lang='lat' dir='ltr'><strong>eos</strong></span> <span class='ocrx_word' id='word_1_50' title='bbox 1456 812 1682 868; x_wconf 80' lang='lat' dir='ltr'><strong>damnat</strong></span> <span class='ocrx_word' id='word_1_51' title='bbox 1709 810 1797 878; x_wconf 90' lang='lat' dir='ltr'><strong>qui</strong></span> <span class='ocrx_word' id='word_1_52' title='bbox 1829 809 1983 864; x_wconf 76' lang='lat' dir='ltr'><strong>dixe—</strong></span> 
     </span>
    </p>
   </div>
   <div class='ocr_carea' id='block_1_9' title="bbox 397 901 1982 974">
    <p class='ocr_par' dir='ltr' id='par_1_9' title="bbox 397 901 1982 974">
     <span class='ocr_line' id='line_1_9' title="bbox 397 901 1982 974; baseline -0.003 -16"><span class='ocrx_word' id='word_1_53' title='bbox 397 906 506 958; x_wconf 87' lang='lat' dir='ltr'><strong>rint</strong></span> <span class='ocrx_word' id='word_1_54' title='bbox 535 902 775 960; x_wconf 86' lang='lat' dir='ltr'><strong>Verbum</strong></span> <span class='ocrx_word' id='word_1_55' title='bbox 815 903 1202 974; x_wconf 90' lang='lat' dir='ltr'><strong>Seraphimum</strong></span> <span class='ocrx_word' id='word_1_56' title='bbox 1224 904 1425 959; x_wconf 80' lang='lat' dir='ltr'><strong>factum</strong></span> <span class='ocrx_word' id='word_1_57' title='bbox 1457 919 1580 960; x_wconf 89' lang='lat' dir='ltr'><strong>esse</strong></span> <span class='ocrx_word' id='word_1_58' title='bbox 1615 901 1982 972; x_wconf 89' lang='lat' dir='ltr'><strong>Seraphimis,</strong></span> 
     </span>
    </p>
   </div>
   <div class='ocr_carea' id='block_1_10' title="bbox 397 992 1985 1065">
    <p class='ocr_par' dir='ltr' id='par_1_10' title="bbox 397 992 1985 1065">
     <span class='ocr_line' id='line_1_10' title="bbox 397 992 1985 1065; baseline -0.002 -17"><span class='ocrx_word' id='word_1_59' title='bbox 397 1003 452 1048; x_wconf 88' lang='lat' dir='ltr'><strong>et</strong></span> <span class='ocrx_word' id='word_1_60' title='bbox 479 995 718 1050; x_wconf 85' lang='lat' dir='ltr'><strong>similem</strong></span> <span class='ocrx_word' id='word_1_61' title='bbox 757 995 982 1065; x_wconf 80' lang='lat' dir='ltr'><strong>reliquis</strong></span> <span class='ocrx_word' id='word_1_62' title='bbox 1021 995 1145 1051; x_wconf 73' lang='lat' dir='ltr'><strong>cmii</strong></span> <span class='ocrx_word' id='word_1_63' title='bbox 1186 997 1481 1051; x_wconf 83' lang='lat' dir='ltr'><strong>virtutibus</strong></span> <span class='ocrx_word' id='word_1_64' title='bbox 1523 1014 1538 1062; x_wconf 89' lang='lat'><strong>;</strong></span> <span class='ocrx_word' id='word_1_65' title='bbox 1580 1005 1635 1048; x_wconf 91' lang='lat' dir='ltr'><strong>et</strong></span> <span class='ocrx_word' id='word_1_66' title='bbox 1669 1009 1792 1048; x_wconf 86' lang='lat' dir='ltr'><strong>cum</strong></span> <span class='ocrx_word' id='word_1_67' title='bbox 1836 992 1985 1046; x_wconf 84' lang='lat' dir='ltr'><strong>addit</strong></span> 
     </span>
    </p>
   </div>
   <div class='ocr_carea' id='block_1_11' title="bbox 397 1083 1986 1159">
    <p class='ocr_par' dir='ltr' id='par_1_11' title="bbox 397 1083 1986 1159">
     <span class='ocr_line' id='line_1_11' title="bbox 397 1083 1986 1159; baseline -0.003 -18"><span class='ocrx_word' id='word_1_68' title='bbox 397 1088 689 1143; x_wconf 87' lang='lat' dir='ltr'><strong>anathema</strong></span> <span class='ocrx_word' id='word_1_69' title='bbox 721 1103 850 1144; x_wconf 90' lang='lat' dir='ltr'><strong>esse</strong></span> <span class='ocrx_word' id='word_1_70' title='bbox 886 1090 979 1159; x_wconf 88' lang='lat' dir='ltr'><strong>qui</strong></span> <span class='ocrx_word' id='word_1_71' title='bbox 1017 1089 1224 1143; x_wconf 80' lang='lat' dir='ltr'><strong>dixerit</strong></span> <span class='ocrx_word' id='word_1_72' title='bbox 1253 1088 1530 1143; x_wconf 87' lang='lat' dir='ltr'><strong>Christum</strong></span> <span class='ocrx_word' id='word_1_73' title='bbox 1568 1087 1623 1142; x_wconf 93' lang='lat' dir='ltr'><strong>in</strong></span> <span class='ocrx_word' id='word_1_74' title='bbox 1659 1087 1857 1141; x_wconf 61' lang='lat' dir='ltr'><strong>seculo</strong></span> <span class='ocrx_word' id='word_1_75' title='bbox 1899 1083 1986 1138; x_wconf 86' lang='lat' dir='ltr'><strong>fu-</strong></span> 
     </span>
    </p>
   </div>
   <div class='ocr_carea' id='block_1_12' title="bbox 399 1179 1984 1249">
    <p class='ocr_par' dir='ltr' id='par_1_12' title="bbox 399 1179 1984 1249">
     <span class='ocr_line' id='line_1_12' title="bbox 399 1179 1984 1249; baseline -0.002 -16"><span class='ocrx_word' id='word_1_76' title='bbox 399 1189 524 1234; x_wconf 87' lang='lat' dir='ltr'><strong>turo</strong></span> <span class='ocrx_word' id='word_1_77' title='bbox 568 1181 898 1236; x_wconf 85' lang='lat' dir='ltr'><strong>crucifixum</strong></span> <span class='ocrx_word' id='word_1_78' title='bbox 941 1180 1007 1234; x_wconf 91' lang='lat' dir='ltr'><strong>iri</strong></span> <span class='ocrx_word' id='word_1_79' title='bbox 1052 1196 1150 1249; x_wconf 85' lang='lat' dir='ltr'><strong>pro</strong></span> <span class='ocrx_word' id='word_1_80' title='bbox 1191 1181 1550 1243; x_wconf 66' lang='lat' dir='ltr'><strong>daemonibus,</strong></span> <span class='ocrx_word' id='word_1_81' title='bbox 1609 1179 1752 1234; x_wconf 91' lang='lat' dir='ltr'><strong>sicut</strong></span> <span class='ocrx_word' id='word_1_82' title='bbox 1791 1187 1846 1230; x_wconf 90' lang='lat' dir='ltr'><strong>et</strong></span> <span class='ocrx_word' id='word_1_83' title='bbox 1886 1192 1984 1245; x_wconf 89' lang='lat' dir='ltr'><strong>pro</strong></span> 
     </span>
    </p>
   </div>
   <div class='ocr_carea' id='block_1_13' title="bbox 400 1269 1982 1344">
    <p class='ocr_par' dir='ltr' id='par_1_13' title="bbox 400 1269 1982 1344">
     <span class='ocr_line' id='line_1_13' title="bbox 400 1269 1982 1344; baseline -0.003 -18"><span class='ocrx_word' id='word_1_84' title='bbox 400 1273 737 1328; x_wconf 90' lang='lat' dir='ltr'><strong>hominibus.</strong></span> <span class='ocrx_word' id='word_1_85' title='bbox 806 1272 959 1328; x_wconf 88' lang='lat' dir='ltr'><strong>Unde</strong></span> <span class='ocrx_word' id='word_1_86' title='bbox 999 1271 1338 1344; x_wconf 83' lang='lat' dir='ltr'><strong>Nicephorus</strong></span> <span class='ocrx_word' id='word_1_87' title='bbox 1389 1273 1484 1326; x_wconf 87' lang='lat' dir='ltr'><strong>lib.</strong></span> <span class='ocrx_word' id='word_1_88' title='bbox 1532 1286 1668 1334; x_wconf 84' lang='lat' dir='ltr'><strong>xvn,</strong></span> <span class='ocrx_word' id='word_1_89' title='bbox 1719 1286 1840 1340; x_wconf 89' lang='lat' dir='ltr'><strong>cap.</strong></span> <span class='ocrx_word' id='word_1_90' title='bbox 1889 1269 1982 1334; x_wconf 70' lang='lat'><strong>27,</strong></span> 
     </span>
    </p>
   </div>
   <div class='ocr_carea' id='block_1_14' title="bbox 400 1362 1984 1435">
    <p class='ocr_par' dir='ltr' id='par_1_14' title="bbox 400 1362 1984 1435">
     <span class='ocr_line' id='line_1_14' title="bbox 400 1362 1984 1435; baseline -0.003 -17"><span class='ocrx_word' id='word_1_91' title='bbox 400 1366 550 1419; x_wconf 90' lang='lat' dir='ltr'><strong>inter</strong></span> <span class='ocrx_word' id='word_1_92' title='bbox 600 1365 840 1420; x_wconf 76' lang='lat' dir='ltr'><strong>hzercses</strong></span> <span class='ocrx_word' id='word_1_93' title='bbox 887 1364 1109 1435; x_wconf 88' lang='lat' dir='ltr'><strong>Origeni</strong></span> <span class='ocrx_word' id='word_1_94' title='bbox 1159 1365 1428 1434; x_wconf 87' lang='lat' dir='ltr'><strong>ascriptas</strong></span> <span class='ocrx_word' id='word_1_95' title='bbox 1474 1364 1789 1418; x_wconf 83' lang='lat' dir='ltr'><strong>damnatam</strong></span> <span class='ocrx_word' id='word_1_96' title='bbox 1838 1362 1984 1416; x_wconf 84' lang='lat' dir='ltr'><strong>illam</strong></span> 
     </span>
    </p>
   </div>
   <div class='ocr_carea' id='block_1_15' title="bbox 400 1453 1986 1528">
    <p class='ocr_par' dir='ltr' id='par_1_15' title="bbox 400 1453 1986 1528">
     <span class='ocr_line' id='line_1_15' title="bbox 400 1453 1986 1528; baseline -0.003 -18"><span class='ocrx_word' id='word_1_97' title='bbox 400 1457 568 1511; x_wconf 83' lang='lat' dir='ltr'><strong>fuisse</strong></span> <span class='ocrx_word' id='word_1_98' title='bbox 615 1456 782 1511; x_wconf 81' lang='lat' dir='ltr'><strong>refert</strong></span> <span class='ocrx_word' id='word_1_99' title='bbox 817 1475 834 1512; x_wconf 88' lang='lat'><strong>:</strong></span> <span class='ocrx_word' id='word_1_100' title='bbox 866 1457 988 1511; x_wconf 86' lang='grc' dir='ltr'><strong>Ὅτι</strong></span> <span class='ocrx_word' id='word_1_101' title='bbox 1028 1457 1166 1528; x_wconf 83' lang='grc' dir='ltr'>ὑπὲρ</span> <span class='ocrx_word' id='word_1_102' title='bbox 1186 1457 1456 1528; x_wconf 85' lang='grc' dir='ltr'><strong>δαιμόνων</strong></span> <span class='ocrx_word' id='word_1_103' title='bbox 1499 1456 1577 1519; x_wconf 77' lang='grc' dir='ltr'><strong>δεῖ</strong></span> <span class='ocrx_word' id='word_1_104' title='bbox 1626 1456 1717 1509; x_wconf 74' lang='grc' dir='ltr'><strong>τὸν</strong></span> <span class='ocrx_word' id='word_1_105' title='bbox 1752 1453 1986 1526; x_wconf 81' lang='grc' dir='ltr'>Χριστὸν</span> 
     </span>
    </p>
   </div>
   <div class='ocr_carea' id='block_1_16' title="bbox 399 1546 1985 1621">
    <p class='ocr_par' dir='ltr' id='par_1_16' title="bbox 399 1546 1985 1621">
     <span class='ocr_line' id='line_1_16' title="bbox 399 1546 1985 1621; baseline -0.003 -19"><span class='ocrx_word' id='word_1_106' title='bbox 399 1547 806 1621; x_wconf 82' lang='grc' dir='ltr'><strong>σταυρωθῆναι,</strong></span> <span class='ocrx_word' id='word_1_107' title='bbox 867 1549 960 1601; x_wconf 79' lang='grc' dir='ltr'><strong>καὶ</strong></span> <span class='ocrx_word' id='word_1_108' title='bbox 1027 1547 1287 1612; x_wconf 84' lang='grc' dir='ltr'><strong>πολλάκις</strong></span> <span class='ocrx_word' id='word_1_109' title='bbox 1354 1547 1513 1601; x_wconf 89' lang='grc' dir='ltr'>τοῦτο</span> <span class='ocrx_word' id='word_1_110' title='bbox 1565 1548 1645 1611; x_wconf 82' lang='grc' dir='ltr'>εἰς</span> <span class='ocrx_word' id='word_1_111' title='bbox 1695 1546 1985 1617; x_wconf 77' lang='grc' dir='ltr'><strong>ἐσομένους</strong></span> 
     </span>
    </p>
   </div>
   <div class='ocr_carea' id='block_1_17' title="bbox 397 1636 1985 1709">
    <p class='ocr_par' dir='ltr' id='par_1_17' title="bbox 397 1636 1985 1709">
     <span class='ocr_line' id='line_1_17' title="bbox 397 1636 1985 1709; baseline -0.004 -17"><span class='ocrx_word' id='word_1_112' title='bbox 397 1640 603 1703; x_wconf 82' lang='grc' dir='ltr'>αἰῶνας</span> <span class='ocrx_word' id='word_1_113' title='bbox 663 1639 856 1692; x_wconf 79' lang='grc' dir='ltr'>παθεῖν</span> <span class='ocrx_word' id='word_1_114' title='bbox 893 1639 997 1692; x_wconf 79' lang='grc' dir='ltr'>ὑπὸ</span> <span class='ocrx_word' id='word_1_115' title='bbox 1049 1638 1159 1691; x_wconf 88' lang='grc' dir='ltr'><strong>τῶν</strong></span> <span class='ocrx_word' id='word_1_116' title='bbox 1197 1639 1526 1709; x_wconf 84' lang='grc' dir='ltr'>πνευμάτων</span> <span class='ocrx_word' id='word_1_117' title='bbox 1569 1638 1668 1708; x_wconf 75' lang='grc' dir='ltr'>τῆς</span> <span class='ocrx_word' id='word_1_118' title='bbox 1722 1636 1985 1708; x_wconf 79' lang='grc' dir='ltr'>πονηρίας</span> 
     </span>
    </p>
   </div>
   <div class='ocr_carea' id='block_1_18' title="bbox 396 1729 1982 1802">
    <p class='ocr_par' dir='ltr' id='par_1_18' title="bbox 396 1729 1982 1802">
     <span class='ocr_line' id='line_1_18' title="bbox 396 1729 1982 1802; baseline -0.001 -17"><span class='ocrx_word' id='word_1_119' title='bbox 396 1731 507 1785; x_wconf 88' lang='grc' dir='ltr'><strong>τῶν</strong></span> <span class='ocrx_word' id='word_1_120' title='bbox 526 1735 583 1784; x_wconf 80' lang='grc' dir='ltr'><strong>ἐν</strong></span> <span class='ocrx_word' id='word_1_121' title='bbox 603 1735 713 1796; x_wconf 87' lang='grc' dir='ltr'>τοῖς</span> <span class='ocrx_word' id='word_1_122' title='bbox 738 1729 1099 1802; x_wconf 79' lang='grc' dir='ltr'>ἐπουρανίοις.</span> <span class='ocrx_word' id='word_1_123' title='bbox 1125 1747 1144 1781; x_wconf 77' lang='grc' dir='ltr'><strong>ι</strong></span> <span class='ocrx_word' id='word_1_124' title='bbox 1169 1729 1431 1798; x_wconf 88' lang='lat' dir='ltr'><strong>Oportere</strong></span> <span class='ocrx_word' id='word_1_125' title='bbox 1453 1729 1722 1784; x_wconf 86' lang='lat' dir='ltr'><strong>Christum</strong></span> <span class='ocrx_word' id='word_1_126' title='bbox 1742 1729 1982 1796; x_wconf 81' lang='lat' dir='ltr'><strong>crucifigi</strong></span> 
     </span>
    </p>
   </div>
   <div class='ocr_carea' id='block_1_19' title="bbox 395 1799 2064 1890">
    <p class='ocr_par' dir='ltr' id='par_1_19' title="bbox 395 1799 2064 1890">
     <span class='ocr_line' id='line_1_19' title="bbox 395 1799 2064 1890; baseline -0.001 -17"><span class='ocrx_word' id='word_1_127' title='bbox 395 1837 501 1890; x_wconf 90' lang='lat' dir='ltr'><strong>pro</strong></span> <span class='ocrx_word' id='word_1_128' title='bbox 533 1799 890 1887; x_wconf 76' lang='lat' dir='ltr'><strong>daemonibus,</strong></span> <span class='ocrx_word' id='word_1_129' title='bbox 931 1831 986 1876; x_wconf 90' lang='lat' dir='ltr'><strong>et</strong></span> <span class='ocrx_word' id='word_1_130' title='bbox 1027 1821 1223 1888; x_wconf 63' lang='lat' dir='ltr'><strong>saepius</strong></span> <span class='ocrx_word' id='word_1_131' title='bbox 1265 1820 1318 1874; x_wconf 90' lang='lat' dir='ltr'><strong>in</strong></span> <span class='ocrx_word' id='word_1_132' title='bbox 1354 1819 1552 1874; x_wconf 90' lang='lat' dir='ltr'><strong>futuris</strong></span> <span class='ocrx_word' id='word_1_133' title='bbox 1596 1819 1806 1874; x_wconf 73' lang='lat' dir='ltr'><strong>sreculis</strong></span> <span class='ocrx_word' id='word_1_134' title='bbox 1845 1820 1984 1872; x_wconf 87' lang='lat' dir='ltr'><strong>idem</strong></span> <span class='ocrx_word' id='word_1_135' title='bbox 2021 1799 2064 1854; x_wconf 76' lang='grc' dir='ltr'><strong>Β</strong></span> 
     </span>
    </p>
   </div>
   <div class='ocr_carea' id='block_1_20' title="bbox 393 1909 1980 1983">
    <p class='ocr_par' dir='ltr' id='par_1_20' title="bbox 393 1909 1980 1983">
     <span class='ocr_line' id='line_1_20' title="bbox 393 1909 1980 1983; baseline -0.004 -16"><span class='ocrx_word' id='word_1_136' title='bbox 393 1914 610 1983; x_wconf 77' lang='lat' dir='ltr'><strong>perpeti</strong></span> <span class='ocrx_word' id='word_1_137' title='bbox 631 1928 660 1966; x_wconf 93' lang='lat' dir='ltr'><strong>a</strong></span> <span class='ocrx_word' id='word_1_138' title='bbox 683 1911 967 1981; x_wconf 79' lang='lat' dir='ltr'><strong>spiritibus</strong></span> <span class='ocrx_word' id='word_1_139' title='bbox 994 1911 1248 1981; x_wconf 75' lang='lat' dir='ltr'><strong>nequitia:</strong></span> <span class='ocrx_word' id='word_1_140' title='bbox 1267 1911 1356 1980; x_wconf 89' lang='lat' dir='ltr'><strong>qui</strong></span> <span class='ocrx_word' id='word_1_141' title='bbox 1385 1919 1510 1966; x_wconf 91' lang='lat' dir='ltr'><strong>sunt</strong></span> <span class='ocrx_word' id='word_1_142' title='bbox 1536 1911 1588 1964; x_wconf 93' lang='lat' dir='ltr'><strong>in</strong></span> <span class='ocrx_word' id='word_1_143' title='bbox 1613 1909 1947 1964; x_wconf 71' lang='lat' dir='ltr'><strong>ctelestihus.</strong></span> <span class='ocrx_word' id='word_1_144' title='bbox 1963 1927 1980 1959; x_wconf 75' lang='grc' dir='ltr'><strong>ι</strong></span> 
     </span>
    </p>
   </div>
   <div class='ocr_carea' id='block_1_21' title="bbox 399 2001 1989 2072">
    <p class='ocr_par' dir='ltr' id='par_1_21' title="bbox 399 2001 1989 2072">
     <span class='ocr_line' id='line_1_21' title="bbox 399 2001 1989 2072; baseline -0.004 -12"><span class='ocrx_word' id='word_1_145' title='bbox 399 2005 680 2060; x_wconf 74' lang='lat' dir='ltr'><strong>Ilorribile</strong></span> <span class='ocrx_word' id='word_1_146' title='bbox 719 2019 851 2060; x_wconf 81' lang='lat' dir='ltr'><strong>vero</strong></span> <span class='ocrx_word' id='word_1_147' title='bbox 892 2011 978 2058; x_wconf 88' lang='lat' dir='ltr'><strong>est</strong></span> <span class='ocrx_word' id='word_1_148' title='bbox 1024 2012 1078 2058; x_wconf 88' lang='lat' dir='ltr'><strong>et</strong></span> <span class='ocrx_word' id='word_1_149' title='bbox 1129 2004 1525 2059; x_wconf 83' lang='lat' dir='ltr'><strong>exsecrandum</strong></span> <span class='ocrx_word' id='word_1_150' title='bbox 1558 2003 1703 2072; x_wconf 91' lang='lat' dir='ltr'><strong>quod</strong></span> <span class='ocrx_word' id='word_1_151' title='bbox 1752 2001 1989 2057; x_wconf 81' lang='lat' dir='ltr'><strong>Joannes</strong></span> 
     </span>
    </p>
   </div>
   <div class='ocr_carea' id='block_1_22' title="bbox 393 2091 1990 2162">
    <p class='ocr_par' dir='ltr' id='par_1_22' title="bbox 393 2091 1990 2162">
     <span class='ocr_line' id='line_1_22' title="bbox 393 2091 1990 2162; baseline -0.003 -13"><span class='ocrx_word' id='word_1_152' title='bbox 393 2093 779 2149; x_wconf 85' lang='lat' dir='ltr'><strong>Damascenus</strong></span> <span class='ocrx_word' id='word_1_153' title='bbox 814 2094 866 2147; x_wconf 92' lang='lat' dir='ltr'><strong>in</strong></span> <span class='ocrx_word' id='word_1_154' title='bbox 904 2093 1046 2148; x_wconf 93' lang='lat' dir='ltr'><strong>libro</strong></span> <span class='ocrx_word' id='word_1_155' title='bbox 1080 2092 1156 2148; x_wconf 90' lang='lat' dir='ltr'><strong>De</strong></span> <span class='ocrx_word' id='word_1_156' title='bbox 1184 2093 1470 2148; x_wconf 72' lang='lat' dir='ltr'><strong>Itwresibus</strong></span> <span class='ocrx_word' id='word_1_157' title='bbox 1501 2091 1722 2162; x_wconf 88' lang='lat' dir='ltr'><strong>Origeni</strong></span> <span class='ocrx_word' id='word_1_158' title='bbox 1760 2108 1990 2162; x_wconf 87' lang='lat' dir='ltr'><strong>persua-</strong></span> 
     </span>
    </p>
   </div>
   <div class='ocr_carea' id='block_1_23' title="bbox 394 2183 1990 2254">
    <p class='ocr_par' dir='ltr' id='par_1_23' title="bbox 394 2183 1990 2254">
     <span class='ocr_line' id='line_1_23' title="bbox 394 2183 1990 2254; baseline -0.001 -16"><span class='ocrx_word' id='word_1_159' title='bbox 394 2200 520 2238; x_wconf 86' lang='lat' dir='ltr'><strong>sum</strong></span> <span class='ocrx_word' id='word_1_160' title='bbox 563 2184 729 2239; x_wconf 87' lang='lat' dir='ltr'><strong>fuisse</strong></span> <span class='ocrx_word' id='word_1_161' title='bbox 769 2186 868 2252; x_wconf 91' lang='lat' dir='ltr'><strong>ait,</strong></span> <span class='ocrx_word' id='word_1_162' title='bbox 917 2200 1111 2254; x_wconf 88' lang='lat' dir='ltr'><strong>nempe</strong></span> <span class='ocrx_word' id='word_1_163' title='bbox 1168 2203 1187 2237; x_wconf 75' lang='grc' dir='ltr'><strong>ι</strong></span> <span class='ocrx_word' id='word_1_164' title='bbox 1238 2183 1516 2240; x_wconf 88' lang='lat' dir='ltr'><strong>Christum</strong></span> <span class='ocrx_word' id='word_1_165' title='bbox 1559 2199 1663 2237; x_wconf 91' lang='lat' dir='ltr'><strong>una</strong></span> <span class='ocrx_word' id='word_1_166' title='bbox 1708 2199 1831 2238; x_wconf 92' lang='lat' dir='ltr'><strong>cum</strong></span> <span class='ocrx_word' id='word_1_167' title='bbox 1869 2183 1990 2237; x_wconf 85' lang='lat' dir='ltr'><strong>dia-</strong></span> 
     </span>
    </p>
   </div>
   <div class='ocr_carea' id='block_1_24' title="bbox 401 2275 1988 2347">
    <p class='ocr_par' dir='ltr' id='par_1_24' title="bbox 401 2275 1988 2347">
     <span class='ocr_line' id='line_1_24' title="bbox 401 2275 1988 2347; baseline -0.001 -17"><span class='ocrx_word' id='word_1_168' title='bbox 401 2277 537 2331; x_wconf 87' lang='lat' dir='ltr'><strong>bolo</strong></span> <span class='ocrx_word' id='word_1_169' title='bbox 584 2294 613 2329; x_wconf 88' lang='lat' dir='ltr'><strong>a</strong></span> <span class='ocrx_word' id='word_1_170' title='bbox 656 2275 802 2347; x_wconf 78' lang='lat' dir='ltr'><strong>Rege</strong></span> <span class='ocrx_word' id='word_1_171' title='bbox 830 2278 1192 2347; x_wconf 85' lang='lat' dir='ltr'><strong>gubernatum</strong></span> <span class='ocrx_word' id='word_1_172' title='bbox 1249 2276 1341 2340; x_wconf 91' lang='lat' dir='ltr'><strong>iri,</strong></span> <span class='ocrx_word' id='word_1_173' title='bbox 1397 2290 1632 2345; x_wconf 89' lang='lat' dir='ltr'><strong>eumque</strong></span> <span class='ocrx_word' id='word_1_174' title='bbox 1685 2275 1738 2329; x_wconf 91' lang='lat' dir='ltr'><strong>in</strong></span> <span class='ocrx_word' id='word_1_175' title='bbox 1771 2290 1988 2330; x_wconf 89' lang='lat' dir='ltr'><strong>crucem</strong></span> 
     </span>
    </p>
   </div>
   <div class='ocr_carea' id='block_1_25' title="bbox 395 2366 1698 2423">
    <p class='ocr_par' dir='ltr' id='par_1_25' title="bbox 395 2366 1698 2423">
     <span class='ocr_line' id='line_1_25' title="bbox 395 2366 1698 2423; baseline -0.002 -1"><span class='ocrx_word' id='word_1_176' title='bbox 395 2378 589 2423; x_wconf 86' lang='lat' dir='ltr'><strong>actum</strong></span> <span class='ocrx_word' id='word_1_177' title='bbox 631 2369 972 2423; x_wconf 67' lang='lat' dir='ltr'><strong>daemonibus</strong></span> <span class='ocrx_word' id='word_1_178' title='bbox 997 2367 1136 2423; x_wconf 83' lang='lat' dir='ltr'><strong>falsa</strong></span> <span class='ocrx_word' id='word_1_179' title='bbox 1177 2366 1643 2423; x_wconf 89' lang='lat' dir='ltr'><strong>denuntiaturum.</strong></span> <span class='ocrx_word' id='word_1_180' title='bbox 1678 2385 1698 2419; x_wconf 74' lang='grc' dir='ltr'><strong>ι</strong></span> 
     </span>
    </p>
   </div>
   <div class='ocr_carea' id='block_1_26' title="bbox 470 2459 1992 2529">
    <p class='ocr_par' dir='ltr' id='par_1_26' title="bbox 470 2459 1992 2529">
     <span class='ocr_line' id='line_1_26' title="bbox 470 2459 1992 2529; baseline -0.001 -15"><span class='ocrx_word' id='word_1_181' title='bbox 470 2460 640 2515; x_wconf 76' lang='lat' dir='ltr'>XXII.</span> <span class='ocrx_word' id='word_1_182' title='bbox 681 2461 856 2525; x_wconf 88' lang='lat' dir='ltr'><strong>Nunc,</strong></span> <span class='ocrx_word' id='word_1_183' title='bbox 899 2463 1031 2517; x_wconf 89' lang='lat' dir='ltr'><strong>rivis</strong></span> <span class='ocrx_word' id='word_1_184' title='bbox 1069 2462 1317 2524; x_wconf 83' lang='lat' dir='ltr'><strong>omissis,</strong></span> <span class='ocrx_word' id='word_1_185' title='bbox 1367 2477 1438 2515; x_wconf 85' lang='lat' dir='ltr'><strong>ex</strong></span> <span class='ocrx_word' id='word_1_186' title='bbox 1483 2461 1602 2529; x_wconf 87' lang='lat' dir='ltr'><strong>ipso</strong></span> <span class='ocrx_word' id='word_1_187' title='bbox 1646 2459 1795 2516; x_wconf 87' lang='lat' dir='ltr'><strong>fonte</strong></span> <span class='ocrx_word' id='word_1_188' title='bbox 1857 2460 1992 2514; x_wconf 57' lang='lat' dir='ltr'><strong>hau-</strong></span> 
     </span>
    </p>
   </div>
   <div class='ocr_carea' id='block_1_27' title="bbox 393 2548 1992 2620">
    <p class='ocr_par' dir='ltr' id='par_1_27' title="bbox 393 2548 1992 2620">
     <span class='ocr_line' id='line_1_27' title="bbox 393 2548 1992 2620; baseline -0.001 -14"><span class='ocrx_word' id='word_1_189' title='bbox 393 2555 635 2606; x_wconf 77' lang='lat' dir='ltr'><strong>riamus.</strong></span> <span class='ocrx_word' id='word_1_190' title='bbox 673 2553 940 2620; x_wconf 78' lang='lat' dir='ltr'><strong>Origenes</strong></span> <span class='ocrx_word' id='word_1_191' title='bbox 982 2551 1172 2607; x_wconf 90' lang='lat' dir='ltr'><strong>homil.</strong></span> <span class='ocrx_word' id='word_1_192' title='bbox 1215 2553 1359 2606; x_wconf 74' lang='lat' dir='ltr'><strong>10in</strong></span> <span class='ocrx_word' id='word_1_193' title='bbox 1404 2548 1536 2603; x_wconf 84' lang='lat' dir='ltr'><strong>Luc.</strong></span> <span class='ocrx_word' id='word_1_194' title='bbox 1569 2566 1636 2606; x_wconf 90' lang='lat' dir='ltr'><strong>ex</strong></span> <span class='ocrx_word' id='word_1_195' title='bbox 1682 2565 1747 2604; x_wconf 91' lang='lat' dir='ltr'><strong>eo</strong></span> <span class='ocrx_word' id='word_1_196' title='bbox 1797 2551 1992 2618; x_wconf 88' lang='lat' dir='ltr'><strong>probat</strong></span> 
     </span>
    </p>
   </div>
   <div class='ocr_carea' id='block_1_28' title="bbox 389 2639 1992 2696">
    <p class='ocr_par' dir='ltr' id='par_1_28' title="bbox 389 2639 1992 2696">
     <span class='ocr_line' id='line_1_28' title="bbox 389 2639 1992 2696; baseline -0.001 0"><span class='ocrx_word' id='word_1_197' title='bbox 389 2639 530 2696; x_wconf 86' lang='lat' dir='ltr'><strong>Jesu</strong></span> <span class='ocrx_word' id='word_1_198' title='bbox 566 2641 771 2695; x_wconf 91' lang='lat' dir='ltr'><strong>Christi</strong></span> <span class='ocrx_word' id='word_1_199' title='bbox 807 2643 1102 2696; x_wconf 83' lang='lat' dir='ltr'><strong>adventum</strong></span> <span class='ocrx_word' id='word_1_200' title='bbox 1131 2639 1346 2696; x_wconf 76' lang='lat' dir='ltr'><strong>Veteris</strong></span> <span class='ocrx_word' id='word_1_201' title='bbox 1374 2641 1708 2696; x_wconf 89' lang='lat' dir='ltr'><strong>Testamenti</strong></span> <span class='ocrx_word' id='word_1_202' title='bbox 1738 2641 1992 2695; x_wconf 86' lang='lat' dir='ltr'><strong>Patribus</strong></span> 
     </span>
    </p>
   </div>
   <div class='ocr_carea' id='block_1_29' title="bbox 391 2732 1992 2805">
    <p class='ocr_par' dir='ltr' id='par_1_29' title="bbox 391 2732 1992 2805">
     <span class='ocr_line' id='line_1_29' title="bbox 391 2732 1992 2805; baseline 0.002 -20"><span class='ocrx_word' id='word_1_203' title='bbox 391 2732 699 2802; x_wconf 79' lang='lat' dir='ltr'><strong>profuisse,</strong></span> <span class='ocrx_word' id='word_1_204' title='bbox 733 2735 875 2802; x_wconf 90' lang='lat' dir='ltr'><strong>quod</strong></span> <span class='ocrx_word' id='word_1_205' title='bbox 906 2733 1226 2789; x_wconf 71' lang='lat' dir='ltr'><strong>caelestibus</strong></span> <span class='ocrx_word' id='word_1_206' title='bbox 1248 2732 1540 2802; x_wconf 88' lang='lat' dir='ltr'><strong>profuerit,</strong></span> <span class='ocrx_word' id='word_1_207' title='bbox 1564 2735 1716 2804; x_wconf 80' lang='lat' dir='ltr'><strong>juxta</strong></span> <span class='ocrx_word' id='word_1_208' title='bbox 1759 2737 1992 2805; x_wconf 82' lang='lat' dir='ltr'><strong>Aposto-</strong></span> 
     </span>
    </p>
   </div>
   <div class='ocr_carea' id='block_1_30' title="bbox 392 2822 1993 2890">
    <p class='ocr_par' dir='ltr' id='par_1_30' title="bbox 392 2822 1993 2890">
     <span class='ocr_line' id='line_1_30' title="bbox 392 2822 1993 2890; baseline 0.001 -12"><span class='ocrx_word' id='word_1_209' title='bbox 392 2825 514 2878; x_wconf 91' lang='lat' dir='ltr'><strong>lum</strong></span> <span class='ocrx_word' id='word_1_210' title='bbox 542 2823 752 2879; x_wconf 89' lang='lat' dir='ltr'><strong>Coloss.</strong></span> <span class='ocrx_word' id='word_1_211' title='bbox 792 2840 830 2890; x_wconf 86' lang='lat' dir='ltr'><strong>I,</strong></span> <span class='ocrx_word' id='word_1_212' title='bbox 860 2824 949 2878; x_wconf 72' lang='lat'><strong>20.</strong></span> <span class='ocrx_word' id='word_1_213' title='bbox 991 2822 1111 2890; x_wconf 81' lang='lat' dir='ltr'><strong>Quo</strong></span> <span class='ocrx_word' id='word_1_214' title='bbox 1151 2823 1302 2879; x_wconf 79' lang='lat' dir='ltr'><strong>Pauli</strong></span> <span class='ocrx_word' id='word_1_215' title='bbox 1353 2826 1472 2880; x_wconf 92' lang='lat' dir='ltr'><strong>loco</strong></span> <span class='ocrx_word' id='word_1_216' title='bbox 1499 2827 1552 2881; x_wconf 92' lang='lat' dir='ltr'><strong>iu</strong></span> <span class='ocrx_word' id='word_1_217' title='bbox 1583 2827 1832 2880; x_wconf 85' lang='lat' dir='ltr'><strong>eamdem</strong></span> <span class='ocrx_word' id='word_1_218' title='bbox 1865 2827 1993 2880; x_wconf 90' lang='lat' dir='ltr'><strong>abu-</strong></span> 
     </span>
    </p>
   </div>
   <div class='ocr_carea' id='block_1_31' title="bbox 392 2913 1992 2981">
    <p class='ocr_par' dir='ltr' id='par_1_31' title="bbox 392 2913 1992 2981">
     <span class='ocr_line' id='line_1_31' title="bbox 392 2913 1992 2981; baseline 0.001 -14"><span class='ocrx_word' id='word_1_219' title='bbox 392 2915 540 2969; x_wconf 88' lang='lat' dir='ltr'><strong>titur</strong></span> <span class='ocrx_word' id='word_1_220' title='bbox 565 2914 896 2969; x_wconf 89' lang='lat' dir='ltr'><strong>seutentiam</strong></span> <span class='ocrx_word' id='word_1_221' title='bbox 923 2915 1067 2970; x_wconf 91' lang='lat' dir='ltr'><strong>hom.</strong></span> <span class='ocrx_word' id='word_1_222' title='bbox 1100 2915 1195 2968; x_wconf 83' lang='lat' dir='ltr'><strong>lin</strong></span> <span class='ocrx_word' id='word_1_223' title='bbox 1229 2913 1587 2980; x_wconf 82' lang='lat' dir='ltr'><strong>Levit.,nutn.</strong></span> <span class='ocrx_word' id='word_1_224' title='bbox 1623 2917 1678 2981; x_wconf 82' lang='lat'><strong>&#39;5,</strong></span> <span class='ocrx_word' id='word_1_225' title='bbox 1717 2925 1773 2970; x_wconf 90' lang='lat' dir='ltr'><strong>et</strong></span> <span class='ocrx_word' id='word_1_226' title='bbox 1822 2916 1914 2970; x_wconf 87' lang='lat' dir='ltr'><strong>lib.</strong></span> <span class='ocrx_word' id='word_1_227' title='bbox 1961 2931 1992 2968; x_wconf 91' lang='lat' dir='ltr'><strong>v</strong></span> 
     </span>
    </p>
   </div>
   <div class='ocr_carea' id='block_1_32' title="bbox 387 3005 1990 3078">
    <p class='ocr_par' dir='ltr' id='par_1_32' title="bbox 387 3005 1990 3078">
     <span class='ocr_line' id='line_1_32' title="bbox 387 3005 1990 3078; baseline -0.001 -16"><span class='ocrx_word' id='word_1_228' title='bbox 387 3008 448 3062; x_wconf 78' lang='lat' dir='ltr'><strong>in</strong></span> <span class='ocrx_word' id='word_1_229' title='bbox 496 3005 665 3076; x_wconf 78' lang='lat' dir='ltr'><strong>Epist.</strong></span> <span class='ocrx_word' id='word_1_230' title='bbox 691 3007 762 3061; x_wconf 86' lang='lat' dir='ltr'><strong>ad</strong></span> <span class='ocrx_word' id='word_1_231' title='bbox 795 3006 972 3074; x_wconf 82' lang='lat' dir='ltr'><strong>Rom.,</strong></span> <span class='ocrx_word' id='word_1_232' title='bbox 1005 3024 1158 3061; x_wconf 90' lang='lat' dir='ltr'><strong>num.</strong></span> <span class='ocrx_word' id='word_1_233' title='bbox 1202 3007 1293 3073; x_wconf 81' lang='lat' dir='ltr'><strong>IO,</strong></span> <span class='ocrx_word' id='word_1_234' title='bbox 1334 3023 1455 3078; x_wconf 90' lang='lat' dir='ltr'><strong>pag.</strong></span> <span class='ocrx_word' id='word_1_235' title='bbox 1497 3007 1623 3063; x_wconf 83' lang='lat'><strong>568.</strong></span> <span class='ocrx_word' id='word_1_236' title='bbox 1655 3007 1768 3063; x_wconf 88' lang='lat' dir='ltr'><strong>lloc</strong></span> <span class='ocrx_word' id='word_1_237' title='bbox 1809 3017 1990 3063; x_wconf 87' lang='lat' dir='ltr'><strong>autem</strong></span> 
     </span>
    </p>
   </div>
   <div class='ocr_carea' id='block_1_33' title="bbox 388 3102 1985 3174">
    <p class='ocr_par' dir='ltr' id='par_1_33' title="bbox 388 3102 1985 3174">
     <span class='ocr_line' id='line_1_33' title="bbox 388 3102 1985 3174; baseline 0 -16"><span class='ocrx_word' id='word_1_238' title='bbox 388 3103 712 3159; x_wconf 66' lang='lat' dir='ltr'><strong>ccclestiutn</strong></span> <span class='ocrx_word' id='word_1_239' title='bbox 747 3104 988 3169; x_wconf 86' lang='lat' dir='ltr'><strong>nomine,</strong></span> <span class='ocrx_word' id='word_1_240' title='bbox 1026 3117 1132 3156; x_wconf 83' lang='lat' dir='ltr'><strong>non</strong></span> <span class='ocrx_word' id='word_1_241' title='bbox 1175 3102 1494 3174; x_wconf 87' lang='lat' dir='ltr'><strong>angelorum</strong></span> <span class='ocrx_word' id='word_1_242' title='bbox 1539 3103 1700 3157; x_wconf 91' lang='lat' dir='ltr'><strong>modo</strong></span> <span class='ocrx_word' id='word_1_243' title='bbox 1744 3103 1985 3167; x_wconf 87' lang='lat' dir='ltr'><strong>ordines,</strong></span> 
     </span>
    </p>
   </div>
   <div class='ocr_carea' id='block_1_34' title="bbox 387 3193 1988 3264">
    <p class='ocr_par' dir='ltr' id='par_1_34' title="bbox 387 3193 1988 3264">
     <span class='ocr_line' id='line_1_34' title="bbox 387 3193 1988 3264; baseline -0.003 -13"><span class='ocrx_word' id='word_1_244' title='bbox 387 3195 498 3251; x_wconf 85' lang='lat' dir='ltr'><strong>sed</strong></span> <span class='ocrx_word' id='word_1_245' title='bbox 525 3194 700 3249; x_wconf 88' lang='lat' dir='ltr'><strong>sidera</strong></span> <span class='ocrx_word' id='word_1_246' title='bbox 741 3209 957 3264; x_wconf 90' lang='lat' dir='ltr'><strong>quoque</strong></span> <span class='ocrx_word' id='word_1_247' title='bbox 997 3193 1231 3259; x_wconf 87' lang='lat' dir='ltr'><strong>notavit,</strong></span> <span class='ocrx_word' id='word_1_248' title='bbox 1275 3202 1459 3264; x_wconf 84' lang='lat' dir='ltr'><strong>utpote</strong></span> <span class='ocrx_word' id='word_1_249' title='bbox 1498 3208 1620 3264; x_wconf 74' lang='lat' dir='ltr'><strong>quze</strong></span> <span class='ocrx_word' id='word_1_250' title='bbox 1669 3207 1772 3246; x_wconf 92' lang='lat' dir='ltr'><strong>non</strong></span> <span class='ocrx_word' id='word_1_251' title='bbox 1808 3194 1988 3247; x_wconf 87' lang='lat' dir='ltr'><strong>anima</strong></span> 
     </span>
    </p>
   </div>
   <div class='ocr_carea' id='block_1_35' title="bbox 387 3275 1994 3355">
    <p class='ocr_par' dir='ltr' id='par_1_35' title="bbox 387 3275 1994 3355">
     <span class='ocr_line' id='line_1_35' title="bbox 387 3275 1994 3355; baseline -0.001 -13"><span class='ocrx_word' id='word_1_252' title='bbox 387 3275 588 3351; x_wconf 83' lang='lat' dir='ltr'><strong>modo,</strong></span> <span class='ocrx_word' id='word_1_253' title='bbox 619 3287 715 3342; x_wconf 91' lang='lat' dir='ltr'><strong>sed</strong></span> <span class='ocrx_word' id='word_1_254' title='bbox 757 3289 970 3341; x_wconf 89' lang='lat' dir='ltr'><strong>ratione</strong></span> <span class='ocrx_word' id='word_1_255' title='bbox 1007 3288 1172 3342; x_wconf 89' lang='lat' dir='ltr'><strong>etiam</strong></span> <span class='ocrx_word' id='word_1_256' title='bbox 1215 3287 1443 3355; x_wconf 74' lang='lat' dir='ltr'><strong>prtedita</strong></span> <span class='ocrx_word' id='word_1_257' title='bbox 1479 3286 1776 3344; x_wconf 91' lang='lat' dir='ltr'><strong>censuerit.</strong></span> <span class='ocrx_word' id='word_1_258' title='bbox 1829 3284 1994 3353; x_wconf 73' lang='lat' dir='ltr'><strong>Qua:-</strong></span> 
     </span>
    </p>
   </div>
   <div class='ocr_carea' id='block_1_36' title="bbox 385 3379 1995 3449">
    <p class='ocr_par' dir='ltr' id='par_1_36' title="bbox 385 3379 1995 3449">
     <span class='ocr_line' id='line_1_36' title="bbox 385 3379 1995 3449; baseline -0.002 -13"><span class='ocrx_word' id='word_1_259' title='bbox 385 3396 624 3449; x_wconf 88' lang='lat' dir='ltr'><strong>cunqne</strong></span> <span class='ocrx_word' id='word_1_260' title='bbox 656 3390 838 3434; x_wconf 88' lang='lat' dir='ltr'><strong>autem</strong></span> <span class='ocrx_word' id='word_1_261' title='bbox 884 3381 1096 3434; x_wconf 83' lang='lat' dir='ltr'><strong>ratione</strong></span> <span class='ocrx_word' id='word_1_262' title='bbox 1122 3379 1348 3448; x_wconf 88' lang='lat' dir='ltr'><strong>pollent,</strong></span> <span class='ocrx_word' id='word_1_263' title='bbox 1397 3389 1626 3448; x_wconf 90' lang='lat' dir='ltr'><strong>peccato</strong></span> <span class='ocrx_word' id='word_1_264' title='bbox 1663 3394 1786 3433; x_wconf 90' lang='lat' dir='ltr'><strong>esse</strong></span> <span class='ocrx_word' id='word_1_265' title='bbox 1822 3383 1995 3433; x_wconf 88' lang='lat' dir='ltr'><strong>obno-</strong></span> 
     </span>
    </p>
   </div>
   <div class='ocr_carea' id='block_1_37' title="bbox 387 3470 1990 3542">
    <p class='ocr_par' dir='ltr' id='par_1_37' title="bbox 387 3470 1990 3542">
     <span class='ocr_line' id='line_1_37' title="bbox 387 3470 1990 3542; baseline -0.002 -13"><span class='ocrx_word' id='word_1_266' title='bbox 387 3475 522 3539; x_wconf 86' lang='lat' dir='ltr'><strong>xia,</strong></span> <span class='ocrx_word' id='word_1_267' title='bbox 559 3489 621 3525; x_wconf 85' lang='lat' dir='ltr'><strong>ac</strong></span> <span class='ocrx_word' id='word_1_268' title='bbox 655 3472 884 3542; x_wconf 84' lang='lat' dir='ltr'><strong>proinde</strong></span> <span class='ocrx_word' id='word_1_269' title='bbox 917 3472 1235 3542; x_wconf 88' lang='lat' dir='ltr'><strong>purgatione</strong></span> <span class='ocrx_word' id='word_1_270' title='bbox 1260 3471 1504 3542; x_wconf 83' lang='lat' dir='ltr'><strong>indigere</strong></span> <span class='ocrx_word' id='word_1_271' title='bbox 1538 3470 1842 3526; x_wconf 82' lang='lat' dir='ltr'><strong>arbitratus</strong></span> <span class='ocrx_word' id='word_1_272' title='bbox 1867 3481 1949 3526; x_wconf 84' lang='lat' dir='ltr'><strong>est</strong></span> <span class='ocrx_word' id='word_1_273' title='bbox 1976 3490 1990 3538; x_wconf 89' lang='lat'><strong>;</strong></span> 
     </span>
    </p>
   </div>
   <div class='ocr_carea' id='block_1_38' title="bbox 383 3563 1995 3637">
    <p class='ocr_par' dir='ltr' id='par_1_38' title="bbox 383 3563 1995 3637">
     <span class='ocr_line' id='line_1_38' title="bbox 383 3563 1995 3637; baseline -0.002 -17"><span class='ocrx_word' id='word_1_274' title='bbox 383 3564 752 3637; x_wconf 79' lang='lat' dir='ltr'><strong>purgationis</strong></span> <span class='ocrx_word' id='word_1_275' title='bbox 811 3579 940 3617; x_wconf 85' lang='lat' dir='ltr'><strong>vero</strong></span> <span class='ocrx_word' id='word_1_276' title='bbox 992 3563 1227 3619; x_wconf 79' lang='lat' dir='ltr'><strong>oﬂicium</strong></span> <span class='ocrx_word' id='word_1_277' title='bbox 1274 3563 1382 3618; x_wconf 90' lang='lat' dir='ltr'><strong>illis</strong></span> <span class='ocrx_word' id='word_1_278' title='bbox 1447 3575 1625 3620; x_wconf 86' lang='lat' dir='ltr'><strong>morte</strong></span> <span class='ocrx_word' id='word_1_279' title='bbox 1686 3579 1784 3618; x_wconf 92' lang='lat' dir='ltr'><strong>sua</strong></span> <span class='ocrx_word' id='word_1_280' title='bbox 1837 3565 1995 3618; x_wconf 77' lang='lat' dir='ltr'><strong>exhi-</strong></span> 
     </span>
    </p>
   </div>
   <div class='ocr_carea' id='block_1_39' title="bbox 389 3656 1991 3729">
    <p class='ocr_par' dir='ltr' id='par_1_39' title="bbox 389 3656 1991 3729">
     <span class='ocr_line' id='line_1_39' title="bbox 389 3656 1991 3729; baseline -0.002 -16"><span class='ocrx_word' id='word_1_281' title='bbox 389 3659 612 3720; x_wconf 90' lang='lat' dir='ltr'><strong>buisse,</strong></span> <span class='ocrx_word' id='word_1_282' title='bbox 651 3657 1342 3728; x_wconf 80' lang='lat' dir='ltr'><strong>salutemqueprocurasse</strong></span> <span class='ocrx_word' id='word_1_283' title='bbox 1371 3656 1679 3722; x_wconf 88' lang='lat' dir='ltr'><strong>Christum,</strong></span> <span class='ocrx_word' id='word_1_284' title='bbox 1706 3656 1991 3729; x_wconf 81' lang='grc' dir='ltr'><strong>ἀπροσδεῆ</strong></span> 
     </span>
    </p>
   </div>
   <div class='ocr_carea' id='block_1_40' title="bbox 394 3747 1992 3821">
    <p class='ocr_par' dir='ltr' id='par_1_40' title="bbox 394 3747 1992 3821">
     <span class='ocr_line' id='line_1_40' title="bbox 394 3747 1992 3821; baseline -0.001 -18"><span class='ocrx_word' id='word_1_285' title='bbox 394 3748 614 3811; x_wconf 71' lang='grc' dir='ltr'>παντὸς</span> <span class='ocrx_word' id='word_1_286' title='bbox 645 3748 976 3810; x_wconf 80' lang='grc' dir='ltr'>οὑτινοσοῦν.</span> <span class='ocrx_word' id='word_1_287' title='bbox 1022 3748 1160 3819; x_wconf 84' lang='grc' dir='ltr'>πλὴν</span> <span class='ocrx_word' id='word_1_288' title='bbox 1215 3749 1313 3819; x_wconf 84' lang='grc' dir='ltr'>τῆς</span> <span class='ocrx_word' id='word_1_289' title='bbox 1357 3747 1661 3820; x_wconf 85' lang='grc' dir='ltr'>ἀνθρώπων</span> <span class='ocrx_word' id='word_1_290' title='bbox 1698 3750 1992 3821; x_wconf 80' lang='grc' dir='ltr'>σωτηρίας,</span> 
     </span>
    </p>
   </div>
   <div class='ocr_carea' id='block_1_41' title="bbox 391 3835 1993 3908">
    <p class='ocr_par' dir='ltr' id='par_1_41' title="bbox 391 3835 1993 3908">
     <span class='ocr_line' id='line_1_41' title="bbox 391 3835 1993 3908; baseline -0.006 -12"><span class='ocrx_word' id='word_1_291' title='bbox 391 3839 504 3897; x_wconf 61' lang='lat' dir='ltr'><strong>rat</strong></span> <span class='ocrx_word' id='word_1_292' title='bbox 541 3838 742 3903; x_wconf 82' lang='grc' dir='ltr'>παντὸς</span> <span class='ocrx_word' id='word_1_293' title='bbox 772 3836 1015 3908; x_wconf 81' lang='grc' dir='ltr'>λογικοῦ.</span> <span class='ocrx_word' id='word_1_294' title='bbox 1051 3836 1144 3892; x_wconf 85' lang='lat' dir='ltr'><strong>Sic</strong></span> <span class='ocrx_word' id='word_1_295' title='bbox 1186 3852 1343 3892; x_wconf 86' lang='lat' dir='ltr'><strong>error</strong></span> <span class='ocrx_word' id='word_1_296' title='bbox 1373 3838 1550 3890; x_wconf 90' lang='lat' dir='ltr'><strong>errori</strong></span> <span class='ocrx_word' id='word_1_297' title='bbox 1587 3838 1846 3892; x_wconf 68' lang='lat' dir='ltr'><strong>cohaeret.</strong></span> <span class='ocrx_word' id='word_1_298' title='bbox 1882 3835 1993 3888; x_wconf 70' lang='lat' dir='ltr'><strong>liu-</strong></span> 
     </span>
    </p>
   </div>
   <div class='ocr_carea' id='block_1_42' title="bbox 394 3925 1994 3998">
    <p class='ocr_par' dir='ltr' id='par_1_42' title="bbox 394 3925 1994 3998">
     <span class='ocr_line' id='line_1_42' title="bbox 394 3925 1994 3998; baseline -0.005 -12"><span class='ocrx_word' id='word_1_299' title='bbox 394 3930 628 3986; x_wconf 86' lang='lat' dir='ltr'><strong>tionalia</strong></span> <span class='ocrx_word' id='word_1_300' title='bbox 651 3946 814 3998; x_wconf 89' lang='lat' dir='ltr'><strong>porro</strong></span> <span class='ocrx_word' id='word_1_301' title='bbox 836 3944 1169 3984; x_wconf 88' lang='lat' dir='ltr'><strong>enumerans</strong></span> <span class='ocrx_word' id='word_1_302' title='bbox 1199 3939 1327 3983; x_wconf 89' lang='lat' dir='ltr'><strong>tom.</strong></span> <span class='ocrx_word' id='word_1_303' title='bbox 1365 3943 1380 3982; x_wconf 82' lang='grc' dir='ltr'><strong>ι</strong></span> <span class='ocrx_word' id='word_1_304' title='bbox 1427 3929 1481 3980; x_wconf 84' lang='lat' dir='ltr'><strong>in</strong></span> <span class='ocrx_word' id='word_1_305' title='bbox 1526 3925 1716 3990; x_wconf 71' lang='lat' dir='ltr'><strong>10am,</strong></span> <span class='ocrx_word' id='word_1_306' title='bbox 1745 3925 1994 3991; x_wconf 69' lang='lat' dir='ltr'><strong>num.54,</strong></span> 
     </span>
    </p>
   </div>
   <div class='ocr_carea' id='block_1_43' title="bbox 390 4019 1992 4092">
    <p class='ocr_par' dir='ltr' id='par_1_43' title="bbox 390 4019 1992 4092">
     <span class='ocr_line' id='line_1_43' title="bbox 390 4019 1992 4092; baseline -0.004 -13"><span class='ocrx_word' id='word_1_307' title='bbox 390 4023 636 4092; x_wconf 82' lang='lat' dir='ltr'><strong>angelos</strong></span> <span class='ocrx_word' id='word_1_308' title='bbox 677 4023 730 4076; x_wconf 89' lang='lat' dir='ltr'><strong>in</strong></span> <span class='ocrx_word' id='word_1_309' title='bbox 795 4023 886 4086; x_wconf 91' lang='lat' dir='ltr'><strong>iis,</strong></span> <span class='ocrx_word' id='word_1_310' title='bbox 935 4023 1184 4077; x_wconf 87' lang='lat' dir='ltr'><strong>homines</strong></span> <span class='ocrx_word' id='word_1_311' title='bbox 1232 4037 1297 4076; x_wconf 87' lang='lat' dir='ltr'><strong>ac</strong></span> <span class='ocrx_word' id='word_1_312' title='bbox 1353 4021 1632 4076; x_wconf 65' lang='lat' dir='ltr'><strong>dazmoncs</strong></span> <span class='ocrx_word' id='word_1_313' title='bbox 1683 4019 1992 4075; x_wconf 80' lang='lat' dir='ltr'><strong>collocavit.</strong></span> 
     </span>
    </p>
   </div>
   <div class='ocr_carea' id='block_1_44' title="bbox 390 4111 1994 4183">
    <p class='ocr_par' dir='ltr' id='par_1_44' title="bbox 390 4111 1994 4183">
     <span class='ocr_line' id='line_1_44' title="bbox 390 4111 1994 4183; baseline -0.006 -9"><span class='ocrx_word' id='word_1_314' title='bbox 390 4116 591 4174; x_wconf 88' lang='lat' dir='ltr'><strong>Astris</strong></span> <span class='ocrx_word' id='word_1_315' title='bbox 631 4125 812 4170; x_wconf 90' lang='lat' dir='ltr'><strong>autem</strong></span> <span class='ocrx_word' id='word_1_316' title='bbox 853 4115 1090 4169; x_wconf 88' lang='lat' dir='ltr'><strong>animam</strong></span> <span class='ocrx_word' id='word_1_317' title='bbox 1132 4115 1364 4180; x_wconf 88' lang='lat' dir='ltr'><strong>addidit,</strong></span> <span class='ocrx_word' id='word_1_318' title='bbox 1397 4128 1427 4168; x_wconf 80' lang='grc' dir='ltr'><strong>ε</strong></span> <span class='ocrx_word' id='word_1_319' title='bbox 1455 4112 1708 4183; x_wconf 88' lang='lat' dir='ltr'><strong>supernis</strong></span> <span class='ocrx_word' id='word_1_320' title='bbox 1735 4111 1994 4165; x_wconf 86' lang='lat' dir='ltr'><strong>nimirum</strong></span> 
     </span>
    </p>
   </div>
   <div class='ocr_carea' id='block_1_45' title="bbox 391 4209 1998 4278">
    <p class='ocr_par' dir='ltr' id='par_1_45' title="bbox 391 4209 1998 4278">
     <span class='ocr_line' id='line_1_45' title="bbox 391 4209 1998 4278; baseline -0.007 -9"><span class='ocrx_word' id='word_1_321' title='bbox 391 4212 656 4269; x_wconf 58' lang='lat' dir='ltr'><strong>caelitum</strong></span> <span class='ocrx_word' id='word_1_322' title='bbox 688 4209 974 4264; x_wconf 91' lang='lat' dir='ltr'><strong>ordinibus</strong></span> <span class='ocrx_word' id='word_1_323' title='bbox 1006 4209 1404 4278; x_wconf 86' lang='lat' dir='ltr'><strong>depromptam,</strong></span> <span class='ocrx_word' id='word_1_324' title='bbox 1441 4209 1507 4261; x_wconf 90' lang='lat' dir='ltr'><strong>ad</strong></span> <span class='ocrx_word' id='word_1_325' title='bbox 1538 4220 1701 4276; x_wconf 88' lang='lat' dir='ltr'><strong>quam</strong></span> <span class='ocrx_word' id='word_1_326' title='bbox 1747 4219 1998 4274; x_wconf 72' lang='lat' dir='ltr'><strong>perteque</strong></span> 
     </span>
    </p>
   </div>
   <div class='ocr_carea' id='block_1_46' title="bbox 393 4295 1996 4368">
    <p class='ocr_par' dir='ltr' id='par_1_46' title="bbox 393 4295 1996 4368">
     <span class='ocr_line' id='line_1_46' title="bbox 393 4295 1996 4368; baseline -0.006 -9"><span class='ocrx_word' id='word_1_327' title='bbox 393 4304 608 4360; x_wconf 87' lang='lat' dir='ltr'><strong>mortis</strong></span> <span class='ocrx_word' id='word_1_328' title='bbox 657 4301 860 4356; x_wconf 89' lang='lat' dir='ltr'><strong>Christi</strong></span> <span class='ocrx_word' id='word_1_329' title='bbox 920 4301 1247 4357; x_wconf 84' lang='lat' dir='ltr'><strong>beneficiqu</strong></span> <span class='ocrx_word' id='word_1_330' title='bbox 1293 4298 1641 4368; x_wconf 89' lang='lat' dir='ltr'><strong>pertinuerit.</strong></span> <span class='ocrx_word' id='word_1_331' title='bbox 1675 4295 1996 4351; x_wconf 87' lang='lat' dir='ltr'><strong>Commenta</strong></span> 
     </span>
    </p>
   </div>
   <div class='ocr_carea' id='block_1_47' title="bbox 393 4387 1998 4462">
    <p class='ocr_par' dir='ltr' id='par_1_47' title="bbox 393 4387 1998 4462">
     <span class='ocr_line' id='line_1_47' title="bbox 393 4387 1998 4462; baseline -0.006 -11"><span class='ocrx_word' id='word_1_332' title='bbox 393 4397 499 4452; x_wconf 83' lang='lat' dir='ltr'><strong>illa</strong></span> <span class='ocrx_word' id='word_1_333' title='bbox 536 4394 716 4462; x_wconf 82' lang='lat' dir='ltr'><strong>palam</strong></span> <span class='ocrx_word' id='word_1_334' title='bbox 748 4391 957 4462; x_wconf 80' lang='lat' dir='ltr'><strong>profert</strong></span> <span class='ocrx_word' id='word_1_335' title='bbox 992 4401 1123 4448; x_wconf 91' lang='lat' dir='ltr'><strong>tom.</strong></span> <span class='ocrx_word' id='word_1_336' title='bbox 1148 4407 1188 4458; x_wconf 86' lang='grc' dir='ltr'><strong>ι,</strong></span> <span class='ocrx_word' id='word_1_337' title='bbox 1223 4407 1376 4445; x_wconf 83' lang='grc' dir='ltr'>ηυιη.</span> <span class='ocrx_word' id='word_1_338' title='bbox 1402 4390 1472 4446; x_wconf 77' lang='grc'><strong>40</strong></span> <span class='ocrx_word' id='word_1_339' title='bbox 1505 4391 1558 4446; x_wconf 83' lang='lat' dir='ltr'><strong>in</strong></span> <span class='ocrx_word' id='word_1_340' title='bbox 1607 4387 1798 4453; x_wconf 83' lang='lat' dir='ltr'><strong>Joan.,</strong></span> <span class='ocrx_word' id='word_1_341' title='bbox 1841 4388 1998 4443; x_wconf 85' lang='lat' dir='ltr'><strong>Chri-</strong></span> 
     </span>
    </p>
   </div>
   <div class='ocr_carea' id='block_1_48' title="bbox 2091 527 3677 598">
    <p class='ocr_par' dir='ltr' id='par_1_48' title="bbox 2091 527 3677 598">
     <span class='ocr_line' id='line_1_48' title="bbox 2091 527 3677 598; baseline -0.001 -14"><span class='ocrx_word' id='word_1_342' title='bbox 2091 530 2382 598; x_wconf 89' lang='lat' dir='ltr'><strong>scripsisse</strong></span> <span class='ocrx_word' id='word_1_343' title='bbox 2407 533 2558 584; x_wconf 88' lang='lat' dir='ltr'><strong>visus</strong></span> <span class='ocrx_word' id='word_1_344' title='bbox 2582 537 2691 594; x_wconf 89' lang='lat' dir='ltr'><strong>est,</strong></span> <span class='ocrx_word' id='word_1_345' title='bbox 2727 527 2822 583; x_wconf 89' lang='lat' dir='ltr'><strong>sed</strong></span> <span class='ocrx_word' id='word_1_346' title='bbox 2849 527 2915 581; x_wconf 91' lang='lat' dir='ltr'><strong>ad</strong></span> <span class='ocrx_word' id='word_1_347' title='bbox 2947 541 3035 582; x_wconf 85' lang='lat' dir='ltr'><strong>res</strong></span> <span class='ocrx_word' id='word_1_348' title='bbox 3069 538 3284 582; x_wconf 86' lang='lat' dir='ltr'><strong>creatas</strong></span> <span class='ocrx_word' id='word_1_349' title='bbox 3324 543 3517 583; x_wconf 71' lang='lat' dir='ltr'><strong>orantes</strong></span> <span class='ocrx_word' id='word_1_350' title='bbox 3546 545 3677 598; x_wconf 89' lang='lat' dir='ltr'><strong>por-</strong></span> 
     </span>
    </p>
   </div>
   <div class='ocr_carea' id='block_1_49' title="bbox 2092 619 3674 684">
    <p class='ocr_par' dir='ltr' id='par_1_49' title="bbox 2092 619 3674 684">
     <span class='ocr_line' id='line_1_49' title="bbox 2092 619 3674 684; baseline -0.001 -8"><span class='ocrx_word' id='word_1_351' title='bbox 2092 624 2340 678; x_wconf 81' lang='lat' dir='ltr'><strong>rexisse:</strong></span> <span class='ocrx_word' id='word_1_352' title='bbox 2389 622 2466 676; x_wconf 89' lang='lat' dir='ltr'><strong>ait</strong></span> <span class='ocrx_word' id='word_1_353' title='bbox 2517 621 2663 676; x_wconf 86' lang='lat' dir='ltr'><strong>enitn</strong></span> <span class='ocrx_word' id='word_1_354' title='bbox 2709 630 2843 675; x_wconf 88' lang='lat' dir='ltr'><strong>tom.</strong></span> <span class='ocrx_word' id='word_1_355' title='bbox 2889 635 2985 673; x_wconf 87' lang='lat' dir='ltr'><strong>xm</strong></span> <span class='ocrx_word' id='word_1_356' title='bbox 3034 620 3089 673; x_wconf 82' lang='lat' dir='ltr'><strong>in</strong></span> <span class='ocrx_word' id='word_1_357' title='bbox 3155 619 3377 684; x_wconf 83' lang='lat' dir='ltr'><strong>Matth.,</strong></span> <span class='ocrx_word' id='word_1_358' title='bbox 3437 622 3674 683; x_wconf 84' lang='lat' dir='ltr'><strong>num.8.</strong></span> 
     </span>
    </p>
   </div>
   <div class='ocr_carea' id='block_1_50' title="bbox 2092 711 3675 784">
    <p class='ocr_par' dir='ltr' id='par_1_50' title="bbox 2092 711 3675 784">
     <span class='ocr_line' id='line_1_50' title="bbox 2092 711 3675 784; baseline -0.002 -14"><span class='ocrx_word' id='word_1_359' title='bbox 2092 715 2366 770; x_wconf 89' lang='lat' dir='ltr'><strong>Christum</strong></span> <span class='ocrx_word' id='word_1_360' title='bbox 2398 729 2618 783; x_wconf 87' lang='lat' dir='ltr'><strong>passum</strong></span> <span class='ocrx_word' id='word_1_361' title='bbox 2667 713 2809 784; x_wconf 82' lang='grc' dir='ltr'>ὑπὲρ</span> <span class='ocrx_word' id='word_1_362' title='bbox 2851 711 3175 784; x_wconf 84' lang='grc' dir='ltr'>ἀνθρώπων,</span> <span class='ocrx_word' id='word_1_363' title='bbox 3210 712 3242 784; x_wconf 85' lang='grc' dir='ltr'>ἢ</span> <span class='ocrx_word' id='word_1_364' title='bbox 3285 715 3379 766; x_wconf 79' lang='grc' dir='ltr'><strong>καὶ</strong></span> <span class='ocrx_word' id='word_1_365' title='bbox 3409 714 3531 767; x_wconf 83' lang='grc' dir='ltr'>ὅλου</span> <span class='ocrx_word' id='word_1_366' title='bbox 3581 713 3675 767; x_wconf 88' lang='grc' dir='ltr'><strong>τοῦ</strong></span> 
     </span>
    </p>
   </div>
   <div class='ocr_carea' id='block_1_51' title="bbox 2095 803 3675 877">
    <p class='ocr_par' dir='ltr' id='par_1_51' title="bbox 2095 803 3675 877">
     <span class='ocr_line' id='line_1_51' title="bbox 2095 803 3675 877; baseline 0.001 -18"><span class='ocrx_word' id='word_1_367' title='bbox 2095 807 2327 877; x_wconf 79' lang='grc' dir='ltr'><strong>κόσμου,</strong></span> <span class='ocrx_word' id='word_1_368' title='bbox 2365 815 2419 858; x_wconf 89' lang='lat' dir='ltr'><strong>et</strong></span> <span class='ocrx_word' id='word_1_369' title='bbox 2448 815 2576 859; x_wconf 88' lang='lat' dir='ltr'><strong>tum.</strong></span> <span class='ocrx_word' id='word_1_370' title='bbox 2607 821 2642 859; x_wconf 88' lang='lat' dir='ltr'><strong>n</strong></span> <span class='ocrx_word' id='word_1_371' title='bbox 2676 806 2730 857; x_wconf 79' lang='lat' dir='ltr'><strong>in</strong></span> <span class='ocrx_word' id='word_1_372' title='bbox 2756 803 2945 870; x_wconf 83' lang='lat' dir='ltr'><strong>Joan.,</strong></span> <span class='ocrx_word' id='word_1_373' title='bbox 2981 820 3130 858; x_wconf 88' lang='lat' dir='ltr'><strong>num.</strong></span> <span class='ocrx_word' id='word_1_374' title='bbox 3164 805 3198 859; x_wconf 89' lang='lat'><strong>6</strong></span> <span class='ocrx_word' id='word_1_375' title='bbox 3229 821 3243 859; x_wconf 90' lang='lat'><strong>:</strong></span> <span class='ocrx_word' id='word_1_376' title='bbox 3282 807 3351 859; x_wconf 88' lang='grc' dir='ltr'>Ἢ</span> <span class='ocrx_word' id='word_1_377' title='bbox 3385 807 3524 876; x_wconf 74' lang='grc' dir='ltr'>τάχα</span> <span class='ocrx_word' id='word_1_378' title='bbox 3557 809 3675 862; x_wconf 74' lang='grc' dir='ltr'>ἐστὶ</span> 
     </span>
    </p>
   </div>
   <div class='ocr_carea' id='block_1_52' title="bbox 2093 897 3672 972">
    <p class='ocr_par' dir='ltr' id='par_1_52' title="bbox 2093 897 3672 972">
     <span class='ocr_line' id='line_1_52' title="bbox 2093 897 3672 972; baseline 0.001 -18"><span class='ocrx_word' id='word_1_379' title='bbox 2093 902 2186 954; x_wconf 71' lang='grc' dir='ltr'><strong>καὶ</strong></span> <span class='ocrx_word' id='word_1_380' title='bbox 2213 900 2371 953; x_wconf 80' lang='grc' dir='ltr'>τοῦτο</span> <span class='ocrx_word' id='word_1_381' title='bbox 2391 902 2587 961; x_wconf 86' lang='grc' dir='ltr'>εἰπεῖν,</span> <span class='ocrx_word' id='word_1_382' title='bbox 2616 900 2698 952; x_wconf 82' lang='grc' dir='ltr'><strong>ὅτι</strong></span> <span class='ocrx_word' id='word_1_383' title='bbox 2724 899 2894 952; x_wconf 77' lang='grc' dir='ltr'>ἐδεῖτο</span> <span class='ocrx_word' id='word_1_384' title='bbox 2926 900 2958 969; x_wconf 88' lang='grc' dir='ltr'><strong>ἡ</strong></span> <span class='ocrx_word' id='word_1_385' title='bbox 2997 897 3176 962; x_wconf 82' lang='grc' dir='ltr'>κτίσις</span> <span class='ocrx_word' id='word_1_386' title='bbox 3207 899 3348 972; x_wconf 81' lang='grc' dir='ltr'>ὑπὲρ</span> <span class='ocrx_word' id='word_1_387' title='bbox 3381 901 3474 953; x_wconf 86' lang='grc' dir='ltr'><strong>τοῦ</strong></span> <span class='ocrx_word' id='word_1_388' title='bbox 3519 901 3672 955; x_wconf 80' lang='grc' dir='ltr'>ἐλευ-</span> 
     </span>
    </p>
   </div>
   <div class='ocr_carea' id='block_1_53' title="bbox 2095 991 3676 1065">
    <p class='ocr_par' dir='ltr' id='par_1_53' title="bbox 2095 991 3676 1065">
     <span class='ocr_line' id='line_1_53' title="bbox 2095 991 3676 1065; baseline 0.003 -20"><span class='ocrx_word' id='word_1_389' title='bbox 2095 991 2401 1065; x_wconf 76' lang='grc' dir='ltr'>θερωθῆναι</span> <span class='ocrx_word' id='word_1_390' title='bbox 2435 991 2542 1044; x_wconf 78' lang='grc' dir='ltr'><strong>ἀπὸ</strong></span> <span class='ocrx_word' id='word_1_391' title='bbox 2587 991 2690 1062; x_wconf 79' lang='grc' dir='ltr'>τῆς</span> <span class='ocrx_word' id='word_1_392' title='bbox 2724 991 2971 1056; x_wconf 85' lang='grc' dir='ltr'>δουλείας</span> <span class='ocrx_word' id='word_1_393' title='bbox 3013 992 3114 1062; x_wconf 83' lang='grc' dir='ltr'>τῆς</span> <span class='ocrx_word' id='word_1_394' title='bbox 3153 991 3379 1062; x_wconf 76' lang='grc' dir='ltr'>φθορᾶς,</span> <span class='ocrx_word' id='word_1_395' title='bbox 3414 993 3550 1046; x_wconf 78' lang='grc' dir='ltr'>ἀλλὰ</span> <span class='ocrx_word' id='word_1_396' title='bbox 3581 996 3676 1050; x_wconf 60' lang='grc' dir='ltr'><strong>καὶ</strong></span> 
     </span>
    </p>
   </div>
   <div class='ocr_carea' id='block_1_54' title="bbox 2092 1082 3674 1156">
    <p class='ocr_par' dir='ltr' id='par_1_54' title="bbox 2092 1082 3674 1156">
     <span class='ocr_line' id='line_1_54' title="bbox 2092 1082 3674 1156; baseline 0.003 -18"><span class='ocrx_word' id='word_1_397' title='bbox 2092 1084 2153 1138; x_wconf 80' lang='grc' dir='ltr'><strong>τὸ</strong></span> <span class='ocrx_word' id='word_1_398' title='bbox 2185 1083 2294 1136; x_wconf 89' lang='grc' dir='ltr'><strong>τῶν</strong></span> <span class='ocrx_word' id='word_1_399' title='bbox 2343 1082 2647 1155; x_wconf 79' lang='grc' dir='ltr'>ἀνθρώπων</span> <span class='ocrx_word' id='word_1_400' title='bbox 2692 1083 2868 1152; x_wconf 85' lang='grc' dir='ltr'>γένος,</span> <span class='ocrx_word' id='word_1_401' title='bbox 2907 1083 3182 1156; x_wconf 76' lang='grc' dir='ltr'>μακαρίας</span> <span class='ocrx_word' id='word_1_402' title='bbox 3210 1085 3304 1138; x_wconf 73' lang='grc' dir='ltr'><strong>καὶ</strong></span> <span class='ocrx_word' id='word_1_403' title='bbox 3332 1085 3481 1150; x_wconf 81' lang='grc' dir='ltr'>θείας</span> <span class='ocrx_word' id='word_1_404' title='bbox 3513 1087 3674 1142; x_wconf 80' lang='grc' dir='ltr'>δυνά.-</span> 
     </span>
    </p>
   </div>
   <div class='ocr_carea' id='block_1_55' title="bbox 2097 1172 3676 1247">
    <p class='ocr_par' dir='ltr' id='par_1_55' title="bbox 2097 1172 3676 1247">
     <span class='ocr_line' id='line_1_55' title="bbox 2097 1172 3676 1247; baseline 0.004 -21"><span class='ocrx_word' id='word_1_405' title='bbox 2097 1191 2244 1246; x_wconf 88' lang='grc' dir='ltr'>μεως</span> <span class='ocrx_word' id='word_1_406' title='bbox 2283 1172 2762 1247; x_wconf 80' lang='grc' dir='ltr'>ἐνανθρωποῦσης,</span> <span class='ocrx_word' id='word_1_407' title='bbox 2798 1176 2920 1246; x_wconf 75' lang='grc' dir='ltr'>ἥτις</span> <span class='ocrx_word' id='word_1_408' title='bbox 2954 1175 3308 1247; x_wconf 85' lang='grc' dir='ltr'>διορθώσεται</span> <span class='ocrx_word' id='word_1_409' title='bbox 3343 1179 3436 1232; x_wconf 73' lang='grc' dir='ltr'><strong>καὶ</strong></span> <span class='ocrx_word' id='word_1_410' title='bbox 3479 1179 3550 1232; x_wconf 83' lang='grc' dir='ltr'>τὰ</span> <span class='ocrx_word' id='word_1_411' title='bbox 3581 1177 3676 1234; x_wconf 70' lang='grc' dir='ltr'>ἐπὶ</span> 
     </span>
    </p>
   </div>
   <div class='ocr_carea' id='block_1_56' title="bbox 2090 1268 2337 1339">
    <p class='ocr_par' dir='ltr' id='par_1_56' title="bbox 2090 1268 2337 1339">
     <span class='ocr_line' id='line_1_56' title="bbox 2090 1268 2337 1339; baseline -0.008 0"><span class='ocrx_word' id='word_1_412' title='bbox 2090 1268 2190 1339; x_wconf 76' lang='grc' dir='ltr'><strong>τῆς</strong></span> <span class='ocrx_word' id='word_1_413' title='bbox 2213 1268 2337 1338; x_wconf 75' lang='grc' dir='ltr'><strong>γῆςο</strong></span> 
     </span>
    </p>
   </div>
   <div class='ocr_carea' id='block_1_57' title="bbox 2167 1359 3674 1429">
    <p class='ocr_par' dir='ltr' id='par_1_57' title="bbox 2167 1359 3674 1429">
     <span class='ocr_line' id='line_1_57' title="bbox 2167 1359 3674 1429; baseline 0.005 -15"><span class='ocrx_word' id='word_1_414' title='bbox 2167 1360 2351 1415; x_wconf 78' lang='lat' dir='ltr'>XXIII.</span> <span class='ocrx_word' id='word_1_415' title='bbox 2382 1359 2501 1414; x_wconf 90' lang='lat' dir='ltr'><strong>Non</strong></span> <span class='ocrx_word' id='word_1_416' title='bbox 2533 1360 2672 1415; x_wconf 88' lang='lat' dir='ltr'><strong>satis</strong></span> <span class='ocrx_word' id='word_1_417' title='bbox 2701 1375 2831 1414; x_wconf 85' lang='lat' dir='ltr'><strong>vero</strong></span> <span class='ocrx_word' id='word_1_418' title='bbox 2866 1361 2984 1429; x_wconf 90' lang='lat' dir='ltr'><strong>ipse</strong></span> <span class='ocrx_word' id='word_1_419' title='bbox 3010 1360 3116 1416; x_wconf 91' lang='lat' dir='ltr'><strong>sibi</strong></span> <span class='ocrx_word' id='word_1_420' title='bbox 3148 1361 3364 1418; x_wconf 88' lang='lat' dir='ltr'><strong>videtur</strong></span> <span class='ocrx_word' id='word_1_421' title='bbox 3397 1373 3674 1429; x_wconf 82' lang='lat' dir='ltr'><strong>constare,</strong></span> 
     </span>
    </p>
   </div>
   <div class='ocr_carea' id='block_1_58' title="bbox 2093 1449 3676 1520">
    <p class='ocr_par' dir='ltr' id='par_1_58' title="bbox 2093 1449 3676 1520">
     <span class='ocr_line' id='line_1_58' title="bbox 2093 1449 3676 1520; baseline 0.006 -19"><span class='ocrx_word' id='word_1_422' title='bbox 2093 1462 2214 1502; x_wconf 82' lang='lat' dir='ltr'><strong>cum</strong></span> <span class='ocrx_word' id='word_1_423' title='bbox 2245 1449 2511 1502; x_wconf 89' lang='lat' dir='ltr'><strong>rationem</strong></span> <span class='ocrx_word' id='word_1_424' title='bbox 2551 1449 2878 1520; x_wconf 90' lang='lat' dir='ltr'><strong>modumque</strong></span> <span class='ocrx_word' id='word_1_425' title='bbox 2897 1450 3176 1519; x_wconf 83' lang='lat' dir='ltr'><strong>explanat,</strong></span> <span class='ocrx_word' id='word_1_426' title='bbox 3196 1466 3304 1520; x_wconf 91' lang='lat' dir='ltr'><strong>quo</strong></span> <span class='ocrx_word' id='word_1_427' title='bbox 3330 1468 3416 1507; x_wconf 89' lang='lat' dir='ltr'><strong>res</strong></span> <span class='ocrx_word' id='word_1_428' title='bbox 3446 1456 3676 1510; x_wconf 85' lang='lat' dir='ltr'><strong>rationis</strong></span> 
     </span>
    </p>
   </div>
   <div class='ocr_carea' id='block_1_59' title="bbox 2093 1542 3674 1612">
    <p class='ocr_par' dir='ltr' id='par_1_59' title="bbox 2093 1542 3674 1612">
     <span class='ocr_line' id='line_1_59' title="bbox 2093 1542 3674 1612; baseline 0.003 -16"><span class='ocrx_word' id='word_1_429' title='bbox 2093 1551 2371 1612; x_wconf 84' lang='lat' dir='ltr'><strong>compotes</strong></span> <span class='ocrx_word' id='word_1_430' title='bbox 2417 1557 2447 1596; x_wconf 90' lang='lat' dir='ltr'><strong>a</strong></span> <span class='ocrx_word' id='word_1_431' title='bbox 2497 1542 2868 1610; x_wconf 89' lang='lat' dir='ltr'><strong>corruptionis</strong></span> <span class='ocrx_word' id='word_1_432' title='bbox 2897 1543 3159 1597; x_wconf 87' lang='lat' dir='ltr'><strong>servitute</strong></span> <span class='ocrx_word' id='word_1_433' title='bbox 3189 1542 3442 1601; x_wconf 82' lang='lat' dir='ltr'><strong>Christus</strong></span> <span class='ocrx_word' id='word_1_434' title='bbox 3473 1547 3674 1602; x_wconf 83' lang='lat' dir='ltr'><strong>libera-</strong></span> 
     </span>
    </p>
   </div>
   <div class='ocr_carea' id='block_1_60' title="bbox 2093 1632 3676 1703">
    <p class='ocr_par' dir='ltr' id='par_1_60' title="bbox 2093 1632 3676 1703">
     <span class='ocr_line' id='line_1_60' title="bbox 2093 1632 3676 1703; baseline 0.005 -18"><span class='ocrx_word' id='word_1_435' title='bbox 2093 1635 2190 1689; x_wconf 85' lang='lat' dir='ltr'><strong>vit.</strong></span> <span class='ocrx_word' id='word_1_436' title='bbox 2229 1633 2365 1688; x_wconf 89' lang='lat' dir='ltr'><strong>Nam</strong></span> <span class='ocrx_word' id='word_1_437' title='bbox 2396 1632 2625 1703; x_wconf 85' lang='lat' dir='ltr'><strong>singulis</strong></span> <span class='ocrx_word' id='word_1_438' title='bbox 2655 1633 2969 1703; x_wconf 88' lang='lat' dir='ltr'><strong>angelorum</strong></span> <span class='ocrx_word' id='word_1_439' title='bbox 2994 1635 3303 1700; x_wconf 87' lang='lat' dir='ltr'><strong>ordinibus,</strong></span> <span class='ocrx_word' id='word_1_440' title='bbox 3340 1637 3392 1691; x_wconf 93' lang='lat' dir='ltr'><strong>in</strong></span> <span class='ocrx_word' id='word_1_441' title='bbox 3425 1654 3520 1693; x_wconf 90' lang='lat' dir='ltr'><strong>sua</strong></span> <span class='ocrx_word' id='word_1_442' title='bbox 3549 1639 3676 1693; x_wconf 86' lang='lat' dir='ltr'><strong>uni-</strong></span> 
     </span>
    </p>
   </div>
   <div class='ocr_carea' id='block_1_61' title="bbox 2093 1726 3674 1800">
    <p class='ocr_par' dir='ltr' id='par_1_61' title="bbox 2093 1726 3674 1800">
     <span class='ocr_line' id='line_1_61' title="bbox 2093 1726 3674 1800; baseline 0.008 -24"><span class='ocrx_word' id='word_1_443' title='bbox 2093 1727 2292 1795; x_wconf 82' lang='lat' dir='ltr'><strong>cuique</strong></span> <span class='ocrx_word' id='word_1_444' title='bbox 2329 1726 2500 1780; x_wconf 90' lang='lat' dir='ltr'><strong>forma</strong></span> <span class='ocrx_word' id='word_1_445' title='bbox 2541 1726 2887 1796; x_wconf 89' lang='lat' dir='ltr'><strong>apparuisse,</strong></span> <span class='ocrx_word' id='word_1_446' title='bbox 2917 1726 3272 1797; x_wconf 82' lang='lat' dir='ltr'><strong>Evangelium</strong></span> <span class='ocrx_word' id='word_1_447' title='bbox 3327 1729 3674 1800; x_wconf 72' lang='lat' dir='ltr'><strong>praedicasse,</strong></span> 
     </span>
    </p>
   </div>
   <div class='ocr_carea' id='block_1_62' title="bbox 2091 1818 3679 1889">
    <p class='ocr_par' dir='ltr' id='par_1_62' title="bbox 2091 1818 3679 1889">
     <span class='ocr_line' id='line_1_62' title="bbox 2091 1818 3679 1889; baseline 0.004 -17"><span class='ocrx_word' id='word_1_448' title='bbox 2091 1829 2145 1872; x_wconf 68' lang='lat' dir='ltr'><strong>et</strong></span> <span class='ocrx_word' id='word_1_449' title='bbox 2179 1820 2230 1872; x_wconf 91' lang='lat' dir='ltr'><strong>in</strong></span> <span class='ocrx_word' id='word_1_450' title='bbox 2257 1819 2398 1874; x_wconf 69' lang='lat' dir='ltr'><strong>cmlo</strong></span> <span class='ocrx_word' id='word_1_451' title='bbox 2421 1818 2657 1889; x_wconf 87' lang='lat' dir='ltr'><strong>denique</strong></span> <span class='ocrx_word' id='word_1_452' title='bbox 2687 1830 2919 1874; x_wconf 89' lang='lat' dir='ltr'><strong>mortem</strong></span> <span class='ocrx_word' id='word_1_453' title='bbox 2969 1835 3068 1887; x_wconf 90' lang='lat' dir='ltr'><strong>pro</strong></span> <span class='ocrx_word' id='word_1_454' title='bbox 3115 1819 3184 1873; x_wconf 87' lang='lat' dir='ltr'><strong>iis</strong></span> <span class='ocrx_word' id='word_1_455' title='bbox 3206 1823 3412 1877; x_wconf 90' lang='lat' dir='ltr'><strong>ohiisse</strong></span> <span class='ocrx_word' id='word_1_456' title='bbox 3441 1825 3679 1880; x_wconf 86' lang='lat' dir='ltr'><strong>sciscere</strong></span> 
     </span>
    </p>
   </div>
   <div class='ocr_carea' id='block_1_63' title="bbox 2091 1911 3674 1982">
    <p class='ocr_par' dir='ltr' id='par_1_63' title="bbox 2091 1911 3674 1982">
     <span class='ocr_line' id='line_1_63' title="bbox 2091 1911 3674 1982; baseline 0.004 -18"><span class='ocrx_word' id='word_1_457' title='bbox 2091 1911 2307 1966; x_wconf 84' lang='lat' dir='ltr'><strong>videtur</strong></span> <span class='ocrx_word' id='word_1_458' title='bbox 2337 1912 2652 1982; x_wconf 90' lang='lat' dir='ltr'><strong>aliquando.</strong></span> <span class='ocrx_word' id='word_1_459' title='bbox 2673 1914 2831 1968; x_wconf 80' lang='lat' dir='ltr'><strong>Velut</strong></span> <span class='ocrx_word' id='word_1_460' title='bbox 2864 1930 2986 1969; x_wconf 90' lang='lat' dir='ltr'><strong>cum</strong></span> <span class='ocrx_word' id='word_1_461' title='bbox 3012 1916 3089 1968; x_wconf 89' lang='lat' dir='ltr'><strong>ait</strong></span> <span class='ocrx_word' id='word_1_462' title='bbox 3120 1915 3264 1970; x_wconf 87' lang='lat' dir='ltr'><strong>hom.</strong></span> <span class='ocrx_word' id='word_1_463' title='bbox 3295 1914 3328 1969; x_wconf 93' lang='lat'><strong>8</strong></span> <span class='ocrx_word' id='word_1_464' title='bbox 3379 1915 3433 1968; x_wconf 84' lang='lat' dir='ltr'><strong>in</strong></span> <span class='ocrx_word' id='word_1_465' title='bbox 3458 1915 3674 1980; x_wconf 80' lang='lat' dir='ltr'><strong>Genes.,</strong></span> 
     </span>
    </p>
   </div>
   <div class='ocr_carea' id='block_1_64' title="bbox 2092 2002 3677 2074">
    <p class='ocr_par' dir='ltr' id='par_1_64' title="bbox 2092 2002 3677 2074">
     <span class='ocr_line' id='line_1_64' title="bbox 2092 2002 3677 2074; baseline 0.004 -17"><span class='ocrx_word' id='word_1_466' title='bbox 2092 2019 2244 2058; x_wconf 82' lang='lat' dir='ltr'><strong>num.</strong></span> <span class='ocrx_word' id='word_1_467' title='bbox 2287 2002 2358 2058; x_wconf 91' lang='lat'><strong>8:</strong></span> <span class='ocrx_word' id='word_1_468' title='bbox 2411 2004 2930 2060; x_wconf 73' lang='lat' dir='ltr'><strong>«Considerandum</strong></span> <span class='ocrx_word' id='word_1_469' title='bbox 2982 2014 3067 2061; x_wconf 89' lang='lat' dir='ltr'><strong>est</strong></span> <span class='ocrx_word' id='word_1_470' title='bbox 3105 2007 3231 2074; x_wconf 90' lang='lat' dir='ltr'><strong>quia</strong></span> <span class='ocrx_word' id='word_1_471' title='bbox 3287 2007 3515 2074; x_wconf 88' lang='lat' dir='ltr'><strong>angelus</strong></span> <span class='ocrx_word' id='word_1_472' title='bbox 3561 2009 3677 2064; x_wconf 66' lang='lat' dir='ltr'><strong>hanc</strong></span> 
     </span>
    </p>
   </div>
   <div class='ocr_carea' id='block_1_65' title="bbox 2092 2094 3676 2166">
    <p class='ocr_par' dir='ltr' id='par_1_65' title="bbox 2092 2094 3676 2166">
     <span class='ocr_line' id='line_1_65' title="bbox 2092 2094 3676 2166; baseline 0.004 -17"><span class='ocrx_word' id='word_1_473' title='bbox 2092 2094 2334 2149; x_wconf 82' lang='lat' dir='ltr'><strong>refertur</strong></span> <span class='ocrx_word' id='word_1_474' title='bbox 2365 2096 2432 2148; x_wconf 91' lang='lat' dir='ltr'><strong>ad</strong></span> <span class='ocrx_word' id='word_1_475' title='bbox 2471 2096 2744 2149; x_wconf 85' lang='lat' dir='ltr'><strong>Abraham</strong></span> <span class='ocrx_word' id='word_1_476' title='bbox 2797 2095 3034 2162; x_wconf 89' lang='lat' dir='ltr'><strong>locutus,</strong></span> <span class='ocrx_word' id='word_1_477' title='bbox 3080 2107 3147 2158; x_wconf 87' lang='lat' dir='ltr'><strong>et</strong></span> <span class='ocrx_word' id='word_1_478' title='bbox 3194 2099 3324 2166; x_wconf 88' lang='lat' dir='ltr'><strong>quia</strong></span> <span class='ocrx_word' id='word_1_479' title='bbox 3381 2099 3436 2153; x_wconf 91' lang='lat' dir='ltr'><strong>in</strong></span> <span class='ocrx_word' id='word_1_480' title='bbox 3481 2115 3676 2156; x_wconf 81' lang='lat' dir='ltr'><strong>consc-</strong></span> 
     </span>
    </p>
   </div>
   <div class='ocr_carea' id='block_1_66' title="bbox 2091 2187 3674 2259">
    <p class='ocr_par' dir='ltr' id='par_1_66' title="bbox 2091 2187 3674 2259">
     <span class='ocr_line' id='line_1_66' title="bbox 2091 2187 3674 2259; baseline 0.003 -20"><span class='ocrx_word' id='word_1_481' title='bbox 2091 2187 2382 2257; x_wconf 89' lang='lat' dir='ltr'><strong>quentibus</strong></span> <span class='ocrx_word' id='word_1_482' title='bbox 2408 2187 2692 2242; x_wconf 84' lang='lat' dir='ltr'><strong>evidenter</strong></span> <span class='ocrx_word' id='word_1_483' title='bbox 2722 2189 2810 2244; x_wconf 91' lang='lat' dir='ltr'><strong>hic</strong></span> <span class='ocrx_word' id='word_1_484' title='bbox 2858 2190 3086 2259; x_wconf 88' lang='lat' dir='ltr'><strong>angelus</strong></span> <span class='ocrx_word' id='word_1_485' title='bbox 3119 2189 3380 2245; x_wconf 90' lang='lat' dir='ltr'><strong>Dominus</strong></span> <span class='ocrx_word' id='word_1_486' title='bbox 3423 2194 3674 2247; x_wconf 76' lang='lat' dir='ltr'><strong>ostendi-</strong></span> 
     </span>
    </p>
   </div>
   <div class='ocr_carea' id='block_1_67' title="bbox 2095 2277 3679 2350">
    <p class='ocr_par' dir='ltr' id='par_1_67' title="bbox 2095 2277 3679 2350">
     <span class='ocr_line' id='line_1_67' title="bbox 2095 2277 3679 2350; baseline 0.004 -19"><span class='ocrx_word' id='word_1_487' title='bbox 2095 2289 2202 2333; x_wconf 92' lang='lat' dir='ltr'><strong>tur.</strong></span> <span class='ocrx_word' id='word_1_488' title='bbox 2232 2277 2389 2334; x_wconf 89' lang='lat' dir='ltr'><strong>Unde</strong></span> <span class='ocrx_word' id='word_1_489' title='bbox 2441 2291 2572 2348; x_wconf 91' lang='lat' dir='ltr'><strong>puto</strong></span> <span class='ocrx_word' id='word_1_490' title='bbox 2625 2282 2768 2350; x_wconf 91' lang='lat' dir='ltr'><strong>quod</strong></span> <span class='ocrx_word' id='word_1_491' title='bbox 2805 2280 2950 2336; x_wconf 78' lang='lat' dir='ltr'><strong>sicut</strong></span> <span class='ocrx_word' id='word_1_492' title='bbox 3001 2282 3144 2337; x_wconf 85' lang='lat' dir='ltr'><strong>inter</strong></span> <span class='ocrx_word' id='word_1_493' title='bbox 3172 2299 3271 2338; x_wconf 91' lang='lat' dir='ltr'><strong>nos</strong></span> <span class='ocrx_word' id='word_1_494' title='bbox 3299 2284 3547 2340; x_wconf 88' lang='lat' dir='ltr'><strong>homines</strong></span> <span class='ocrx_word' id='word_1_495' title='bbox 3581 2286 3679 2340; x_wconf 86' lang='lat' dir='ltr'><strong>ha-</strong></span> 
     </span>
    </p>
   </div>
   <div class='ocr_carea' id='block_1_68' title="bbox 2090 2370 3677 2446">
    <p class='ocr_par' dir='ltr' id='par_1_68' title="bbox 2090 2370 3677 2446">
     <span class='ocr_line' id='line_1_68' title="bbox 2090 2370 3677 2446; baseline 0.005 -23"><span class='ocrx_word' id='word_1_496' title='bbox 2090 2370 2206 2424; x_wconf 90' lang='lat' dir='ltr'><strong>hitu</strong></span> <span class='ocrx_word' id='word_1_497' title='bbox 2271 2382 2518 2440; x_wconf 86' lang='lat' dir='ltr'><strong>repertus</strong></span> <span class='ocrx_word' id='word_1_498' title='bbox 2569 2383 2656 2428; x_wconf 90' lang='lat' dir='ltr'><strong>est</strong></span> <span class='ocrx_word' id='word_1_499' title='bbox 2710 2381 2770 2428; x_wconf 88' lang='lat' dir='ltr'><strong>ut</strong></span> <span class='ocrx_word' id='word_1_500' title='bbox 2809 2374 2992 2440; x_wconf 92' lang='lat' dir='ltr'><strong>homo,</strong></span> <span class='ocrx_word' id='word_1_501' title='bbox 3045 2375 3119 2429; x_wconf 89' lang='lat' dir='ltr'><strong>ita</strong></span> <span class='ocrx_word' id='word_1_502' title='bbox 3169 2385 3228 2430; x_wconf 92' lang='lat' dir='ltr'><strong>et</strong></span> <span class='ocrx_word' id='word_1_503' title='bbox 3272 2376 3414 2430; x_wconf 89' lang='lat' dir='ltr'><strong>inter</strong></span> <span class='ocrx_word' id='word_1_504' title='bbox 3457 2377 3677 2446; x_wconf 78' lang='lat' dir='ltr'><strong>angelos</strong></span> 
     </span>
    </p>
   </div>
   <div class='ocr_carea' id='block_1_69' title="bbox 2091 2462 3677 2535">
    <p class='ocr_par' dir='ltr' id='par_1_69' title="bbox 2091 2462 3677 2535">
     <span class='ocr_line' id='line_1_69' title="bbox 2091 2462 3677 2535; baseline 0.003 -17"><span class='ocrx_word' id='word_1_505' title='bbox 2091 2462 2277 2518; x_wconf 86' lang='lat' dir='ltr'><strong>habitu</strong></span> <span class='ocrx_word' id='word_1_506' title='bbox 2303 2474 2388 2518; x_wconf 89' lang='lat' dir='ltr'><strong>est</strong></span> <span class='ocrx_word' id='word_1_507' title='bbox 2414 2475 2662 2532; x_wconf 89' lang='lat' dir='ltr'><strong>repertus</strong></span> <span class='ocrx_word' id='word_1_508' title='bbox 2691 2475 2750 2519; x_wconf 89' lang='lat' dir='ltr'><strong>ut</strong></span> <span class='ocrx_word' id='word_1_509' title='bbox 2783 2466 3025 2535; x_wconf 79' lang='lat' dir='ltr'><strong>angelus.</strong></span> <span class='ocrx_word' id='word_1_510' title='bbox 3061 2486 3080 2519; x_wconf 67' lang='grc' dir='ltr'><strong>ι</strong></span> <span class='ocrx_word' id='word_1_511' title='bbox 3131 2467 3195 2522; x_wconf 85' lang='lat' dir='ltr'><strong>Et</strong></span> <span class='ocrx_word' id='word_1_512' title='bbox 3242 2482 3364 2522; x_wconf 88' lang='lat' dir='ltr'><strong>cum</strong></span> <span class='ocrx_word' id='word_1_513' title='bbox 3406 2477 3553 2524; x_wconf 90' lang='lat' dir='ltr'><strong>tomo</strong></span> <span class='ocrx_word' id='word_1_514' title='bbox 3608 2485 3677 2523; x_wconf 90' lang='lat' dir='ltr'><strong>xv</strong></span> 
     </span>
    </p>
   </div>
   <div class='ocr_carea' id='block_1_70' title="bbox 2091 2555 3674 2629">
    <p class='ocr_par' dir='ltr' id='par_1_70' title="bbox 2091 2555 3674 2629">
     <span class='ocr_line' id='line_1_70' title="bbox 2091 2555 3674 2629; baseline 0.001 -19"><span class='ocrx_word' id='word_1_515' title='bbox 2091 2558 2145 2610; x_wconf 82' lang='lat' dir='ltr'><strong>iu</strong></span> <span class='ocrx_word' id='word_1_516' title='bbox 2172 2555 2395 2622; x_wconf 47' lang='lat' dir='ltr'><strong>Matth”</strong></span> <span class='ocrx_word' id='word_1_517' title='bbox 2430 2574 2582 2612; x_wconf 93' lang='lat' dir='ltr'><strong>num.</strong></span> <span class='ocrx_word' id='word_1_518' title='bbox 2613 2558 2666 2622; x_wconf 92' lang='lat'><strong>7,</strong></span> <span class='ocrx_word' id='word_1_519' title='bbox 2695 2559 2919 2628; x_wconf 86' lang='lat' dir='ltr'><strong>angelos</strong></span> <span class='ocrx_word' id='word_1_520' title='bbox 2978 2559 3180 2614; x_wconf 91' lang='lat' dir='ltr'><strong>Christi</strong></span> <span class='ocrx_word' id='word_1_521' title='bbox 3224 2560 3522 2626; x_wconf 87' lang='lat' dir='ltr'><strong>discipulos</strong></span> <span class='ocrx_word' id='word_1_522' title='bbox 3573 2575 3674 2629; x_wconf 85' lang='lat' dir='ltr'><strong>ap-</strong></span> 
     </span>
    </p>
   </div>
   <div class='ocr_carea' id='block_1_71' title="bbox 2093 2649 3676 2722">
    <p class='ocr_par' dir='ltr' id='par_1_71' title="bbox 2093 2649 3676 2722">
     <span class='ocr_line' id='line_1_71' title="bbox 2093 2649 3676 2722; baseline 0.005 -24"><span class='ocrx_word' id='word_1_523' title='bbox 2093 2649 2280 2716; x_wconf 83' lang='lat' dir='ltr'><strong>pellari</strong></span> <span class='ocrx_word' id='word_1_524' title='bbox 2318 2663 2482 2717; x_wconf 89' lang='lat' dir='ltr'><strong>posse</strong></span> <span class='ocrx_word' id='word_1_525' title='bbox 2543 2651 2743 2704; x_wconf 85' lang='lat' dir='ltr'><strong>asserit</strong></span> <span class='ocrx_word' id='word_1_526' title='bbox 2776 2665 2799 2713; x_wconf 5' lang='lat' dir='ltr'><strong>g:</strong></span> <span class='ocrx_word' id='word_1_527' title='bbox 2847 2650 3075 2705; x_wconf 84' lang='grc' dir='ltr'>Φθάνειν</span> <span class='ocrx_word' id='word_1_528' title='bbox 3124 2651 3233 2722; x_wconf 78' lang='grc' dir='ltr'><strong>γὰρ</strong></span> <span class='ocrx_word' id='word_1_529' title='bbox 3280 2652 3374 2705; x_wconf 75' lang='grc' dir='ltr'>ἐπὶ</span> <span class='ocrx_word' id='word_1_530' title='bbox 3421 2652 3676 2718; x_wconf 80' lang='grc' dir='ltr'>τοιαύτας</span> 
     </span>
    </p>
   </div>
   <div class='ocr_carea' id='block_1_72' title="bbox 2091 2739 3676 2816">
    <p class='ocr_par' dir='ltr' id='par_1_72' title="bbox 2091 2739 3676 2816">
     <span class='ocr_line' id='line_1_72' title="bbox 2091 2739 3676 2816; baseline 0.004 -22"><span class='ocrx_word' id='word_1_531' title='bbox 2091 2740 2352 2811; x_wconf 80' lang='grc' dir='ltr'>δυνάμεις</span> <span class='ocrx_word' id='word_1_532' title='bbox 2401 2739 2462 2793; x_wconf 85' lang='grc' dir='ltr'>τὸ</span> <span class='ocrx_word' id='word_1_533' title='bbox 2515 2741 2623 2795; x_wconf 88' lang='grc' dir='ltr'><strong>τῶν</strong></span> <span class='ocrx_word' id='word_1_534' title='bbox 2665 2742 2927 2815; x_wconf 86' lang='grc' dir='ltr'>μαθητῶν</span> <span class='ocrx_word' id='word_1_535' title='bbox 2988 2743 3162 2813; x_wconf 84' lang='grc' dir='ltr'>Ἰησοῦ</span> <span class='ocrx_word' id='word_1_536' title='bbox 3209 2743 3382 2816; x_wconf 75' lang='grc' dir='ltr'>ὄνομα</span> <span class='ocrx_word' id='word_1_537' title='bbox 3433 2743 3676 2814; x_wconf 70' lang='grc' dir='ltr'>εὔλογον,</span> 
     </span>
    </p>
   </div>
   <div class='ocr_carea' id='block_1_73' title="bbox 2092 2831 3678 2907">
    <p class='ocr_par' dir='ltr' id='par_1_73' title="bbox 2092 2831 3678 2907">
     <span class='ocr_line' id='line_1_73' title="bbox 2092 2831 3678 2907; baseline 0.006 -24"><span class='ocrx_word' id='word_1_538' title='bbox 2092 2831 2180 2883; x_wconf 87' lang='grc' dir='ltr'><strong>ἴνα</strong></span> <span class='ocrx_word' id='word_1_539' title='bbox 2215 2831 2288 2902; x_wconf 87' lang='grc' dir='ltr'><strong>μὴ</strong></span> <span class='ocrx_word' id='word_1_540' title='bbox 2325 2831 2485 2901; x_wconf 87' lang='grc' dir='ltr'>μόνον</span> <span class='ocrx_word' id='word_1_541' title='bbox 2508 2835 2556 2886; x_wconf 90' lang='grc' dir='ltr'>οἱ</span> <span class='ocrx_word' id='word_1_542' title='bbox 2589 2833 2869 2905; x_wconf 77' lang='grc' dir='ltr'>ἄνθρωποι</span> <span class='ocrx_word' id='word_1_543' title='bbox 2894 2834 3045 2905; x_wconf 73' lang='grc' dir='ltr'>αὐτῷ</span> <span class='ocrx_word' id='word_1_544' title='bbox 3077 2835 3512 2907; x_wconf 82' lang='grc' dir='ltr'>μαθητεύωνται,</span> <span class='ocrx_word' id='word_1_545' title='bbox 3540 2835 3678 2892; x_wconf 79' lang='grc' dir='ltr'>ἀλλὰ</span> 
     </span>
    </p>
   </div>
   <div class='ocr_carea' id='block_1_74' title="bbox 2093 2916 3680 2999">
    <p class='ocr_par' dir='ltr' id='par_1_74' title="bbox 2093 2916 3680 2999">
     <span class='ocr_line' id='line_1_74' title="bbox 2093 2916 3680 2999; baseline 0.005 -25"><span class='ocrx_word' id='word_1_546' title='bbox 2093 2921 2189 2974; x_wconf 72' lang='grc' dir='ltr'><strong>καὶ</strong></span> <span class='ocrx_word' id='word_1_547' title='bbox 2215 2923 2262 2975; x_wconf 79' lang='grc' dir='ltr'>οἱ</span> <span class='ocrx_word' id='word_1_548' title='bbox 2291 2922 2510 2991; x_wconf 78' lang='grc' dir='ltr'>ἄγγελοι</span> <span class='ocrx_word' id='word_1_549' title='bbox 2547 2916 2628 2986; x_wconf 68' lang='grc' dir='ltr'>οἷς</span> <span class='ocrx_word' id='word_1_550' title='bbox 2666 2922 2844 2996; x_wconf 77' lang='grc' dir='ltr'>ῶφθη,</span> <span class='ocrx_word' id='word_1_551' title='bbox 2881 2927 2975 2979; x_wconf 76' lang='grc' dir='ltr'>καὶ</span> <span class='ocrx_word' id='word_1_552' title='bbox 3009 2925 3066 2980; x_wconf 81' lang='grc' dir='ltr'>ετ</span> <span class='ocrx_word' id='word_1_553' title='bbox 3102 2945 3186 2991; x_wconf 89' lang='grc' dir='ltr'><strong>τις</strong></span> <span class='ocrx_word' id='word_1_554' title='bbox 3219 2927 3369 2999; x_wconf 82' lang='grc' dir='ltr'>αὐτῷ</span> <span class='ocrx_word' id='word_1_555' title='bbox 3397 2927 3680 2982; x_wconf 75' lang='grc' dir='ltr'>πιστεύειν</span> 
     </span>
    </p>
   </div>
   <div class='ocr_carea' id='block_1_75' title="bbox 2095 3011 3677 3090">
    <p class='ocr_par' dir='ltr' id='par_1_75' title="bbox 2095 3011 3677 3090">
     <span class='ocr_line' id='line_1_75' title="bbox 2095 3011 3677 3090; baseline 0.006 -27"><span class='ocrx_word' id='word_1_556' title='bbox 2095 3011 2342 3083; x_wconf 80' lang='grc' dir='ltr'>βούλεται</span> <span class='ocrx_word' id='word_1_557' title='bbox 2395 3013 2505 3066; x_wconf 85' lang='grc' dir='ltr'>ἀπὸ</span> <span class='ocrx_word' id='word_1_558' title='bbox 2559 3015 2756 3079; x_wconf 80' lang='grc' dir='ltr'>παντὸς</span> <span class='ocrx_word' id='word_1_559' title='bbox 2815 3016 3078 3088; x_wconf 82' lang='grc' dir='ltr'>ὀνόματος</span> <span class='ocrx_word' id='word_1_560' title='bbox 3131 3018 3555 3090; x_wconf 83' lang='grc' dir='ltr'>ὀνομαζομένου,</span> <span class='ocrx_word' id='word_1_561' title='bbox 3614 3019 3677 3073; x_wconf 81' lang='grc' dir='ltr'><strong>οὐ</strong></span> 
     </span>
    </p>
   </div>
   <div class='ocr_carea' id='block_1_76' title="bbox 2097 3102 3676 3178">
    <p class='ocr_par' dir='ltr' id='par_1_76' title="bbox 2097 3102 3676 3178">
     <span class='ocr_line' id='line_1_76' title="bbox 2097 3102 3676 3178; baseline 0.004 -23"><span class='ocrx_word' id='word_1_562' title='bbox 2097 3102 2254 3172; x_wconf 86' lang='grc' dir='ltr'>μόνον</span> <span class='ocrx_word' id='word_1_563' title='bbox 2281 3104 2338 3156; x_wconf 82' lang='grc' dir='ltr'><strong>ὲν</strong></span> <span class='ocrx_word' id='word_1_564' title='bbox 2370 3103 2446 3174; x_wconf 77' lang='grc' dir='ltr'>τῷ</span> <span class='ocrx_word' id='word_1_565' title='bbox 2480 3103 2636 3158; x_wconf 77' lang='grc' dir='ltr'>αἰῶνι</span> <span class='ocrx_word' id='word_1_566' title='bbox 2666 3104 2862 3177; x_wconf 75' lang='grc' dir='ltr'>τούτῳ,</span> <span class='ocrx_word' id='word_1_567' title='bbox 2912 3106 3048 3160; x_wconf 80' lang='grc' dir='ltr'>ἀλλὰ</span> <span class='ocrx_word' id='word_1_568' title='bbox 3083 3109 3177 3162; x_wconf 73' lang='grc' dir='ltr'><strong>καὶ</strong></span> <span class='ocrx_word' id='word_1_569' title='bbox 3213 3110 3269 3161; x_wconf 83' lang='grc' dir='ltr'>ὲν</span> <span class='ocrx_word' id='word_1_570' title='bbox 3295 3106 3373 3178; x_wconf 79' lang='grc' dir='ltr'>τῷ</span> <span class='ocrx_word' id='word_1_571' title='bbox 3408 3106 3676 3175; x_wconf 80' lang='grc' dir='ltr'>μέλλοντι.</span> 
     </span>
    </p>
   </div>
   <div class='ocr_carea' id='block_1_77' title="bbox 2097 3194 3676 3267">
    <p class='ocr_par' dir='ltr' id='par_1_77' title="bbox 2097 3194 3676 3267">
     <span class='ocr_line' id='line_1_77' title="bbox 2097 3194 3676 3267; baseline 0 -20"><span class='ocrx_word' id='word_1_572' title='bbox 2097 3194 2162 3248; x_wconf 69' lang='grc' dir='ltr'>ιςι</span> <span class='ocrx_word' id='word_1_573' title='bbox 2196 3210 2316 3248; x_wconf 87' lang='lat' dir='ltr'><strong>cum</strong></span> <span class='ocrx_word' id='word_1_574' title='bbox 2350 3203 2480 3250; x_wconf 89' lang='lat' dir='ltr'><strong>tom.</strong></span> <span class='ocrx_word' id='word_1_575' title='bbox 2502 3211 2593 3250; x_wconf 88' lang='lat' dir='ltr'><strong>vm</strong></span> <span class='ocrx_word' id='word_1_576' title='bbox 2623 3206 2808 3249; x_wconf 84' lang='lat' dir='ltr'><strong>contra</strong></span> <span class='ocrx_word' id='word_1_577' title='bbox 2835 3195 2998 3261; x_wconf 67' lang='lat' dir='ltr'><strong>Cels,</strong></span> <span class='ocrx_word' id='word_1_578' title='bbox 3034 3197 3310 3252; x_wconf 85' lang='lat' dir='ltr'><strong>Christum</strong></span> <span class='ocrx_word' id='word_1_579' title='bbox 3345 3198 3476 3252; x_wconf 83' lang='lat' dir='ltr'><strong>dicit</strong></span> <span class='ocrx_word' id='word_1_580' title='bbox 3505 3195 3676 3267; x_wconf 73' lang='grc' dir='ltr'>πολλῇ</span> 
     </span>
    </p>
   </div>
   <div class='ocr_carea' id='block_1_78' title="bbox 2094 3285 3678 3360">
    <p class='ocr_par' dir='ltr' id='par_1_78' title="bbox 2094 3285 3678 3360">
     <span class='ocr_line' id='line_1_78' title="bbox 2094 3285 3678 3360; baseline 0.001 -22"><span class='ocrx_word' id='word_1_581' title='bbox 2094 3285 2321 3357; x_wconf 78' lang='grc' dir='ltr'>δυνάμει</span> <span class='ocrx_word' id='word_1_582' title='bbox 2372 3287 2779 3360; x_wconf 81' lang='grc' dir='ltr'>ὲπεσπαρκέναι</span> <span class='ocrx_word' id='word_1_583' title='bbox 2814 3287 2904 3340; x_wconf 84' lang='grc' dir='ltr'><strong>τὸν</strong></span> <span class='ocrx_word' id='word_1_584' title='bbox 2939 3287 3200 3345; x_wconf 75' lang='grc' dir='ltr'>καθαρὸν,</span> <span class='ocrx_word' id='word_1_585' title='bbox 3235 3291 3335 3359; x_wconf 82' lang='grc' dir='ltr'>τῆς</span> <span class='ocrx_word' id='word_1_586' title='bbox 3369 3288 3678 3352; x_wconf 88' lang='grc' dir='ltr'>θεοσεϐείας</span> 
     </span>
    </p>
   </div>
   <div class='ocr_carea' id='block_1_79' title="bbox 2095 3380 3678 3454">
    <p class='ocr_par' dir='ltr' id='par_1_79' title="bbox 2095 3380 3678 3454">
     <span class='ocr_line' id='line_1_79' title="bbox 2095 3380 3678 3454; baseline 0 -20"><span class='ocrx_word' id='word_1_587' title='bbox 2095 3380 2251 3450; x_wconf 84' lang='grc' dir='ltr'>λόγον</span> <span class='ocrx_word' id='word_1_588' title='bbox 2289 3383 2356 3452; x_wconf 82' lang='grc' dir='ltr'>τῇ</span> <span class='ocrx_word' id='word_1_589' title='bbox 2389 3380 2538 3454; x_wconf 82' lang='grc' dir='ltr'>πάσῃ</span> <span class='ocrx_word' id='word_1_590' title='bbox 2571 3381 2678 3434; x_wconf 88' lang='grc' dir='ltr'><strong>τῶν</strong></span> <span class='ocrx_word' id='word_1_591' title='bbox 2726 3381 3030 3454; x_wconf 84' lang='grc' dir='ltr'>ἀνθρώπων</span> <span class='ocrx_word' id='word_1_592' title='bbox 3074 3383 3368 3454; x_wconf 78' lang='grc' dir='ltr'>οἰκουμένῃ</span> <span class='ocrx_word' id='word_1_593' title='bbox 3403 3399 3416 3412; x_wconf 91' lang='grc'><strong>·</strong></span> <span class='ocrx_word' id='word_1_594' title='bbox 3449 3383 3511 3434; x_wconf 75' lang='grc' dir='ltr'><strong>οὐ</strong></span> <span class='ocrx_word' id='word_1_595' title='bbox 3543 3380 3678 3452; x_wconf 81' lang='grc' dir='ltr'>ψεύ-</span> 
     </span>
    </p>
   </div>
   <div class='ocr_carea' id='block_1_80' title="bbox 2097 3473 3680 3548">
    <p class='ocr_par' dir='ltr' id='par_1_80' title="bbox 2097 3473 3680 3548">
     <span class='ocr_line' id='line_1_80' title="bbox 2097 3473 3680 3548; baseline 0.003 -24"><span class='ocrx_word' id='word_1_596' title='bbox 2097 3488 2262 3544; x_wconf 90' lang='grc' dir='ltr'>σομαι</span> <span class='ocrx_word' id='word_1_597' title='bbox 2291 3473 2377 3545; x_wconf 69' lang='grc' dir='ltr'><strong>δὴ,</strong></span> <span class='ocrx_word' id='word_1_598' title='bbox 2416 3475 2608 3542; x_wconf 85' lang='lat' dir='ltr'><strong>inquit,</strong></span> <span class='ocrx_word' id='word_1_599' title='bbox 2647 3474 2960 3548; x_wconf 71' lang='grc' dir='ltr'>προστιθεὶς</span> <span class='ocrx_word' id='word_1_600' title='bbox 2994 3476 3090 3529; x_wconf 74' lang='grc' dir='ltr'><strong>καὶ</strong></span> <span class='ocrx_word' id='word_1_601' title='bbox 3115 3475 3310 3544; x_wconf 77' lang='grc' dir='ltr'>λέγων,</span> <span class='ocrx_word' id='word_1_602' title='bbox 3344 3476 3427 3528; x_wconf 85' lang='grc' dir='ltr'>ὃτι</span> <span class='ocrx_word' id='word_1_603' title='bbox 3449 3476 3541 3528; x_wconf 75' lang='grc' dir='ltr'><strong>καὶ</strong></span> <span class='ocrx_word' id='word_1_604' title='bbox 3569 3474 3680 3528; x_wconf 87' lang='grc' dir='ltr'><strong>τῶν</strong></span> 
     </span>
    </p>
   </div>
   <div class='ocr_carea' id='block_1_81' title="bbox 2095 3563 3683 3639">
    <p class='ocr_par' dir='ltr' id='par_1_81' title="bbox 2095 3563 3683 3639">
     <span class='ocr_line' id='line_1_81' title="bbox 2095 3563 3683 3639; baseline 0.002 -22"><span class='ocrx_word' id='word_1_605' title='bbox 2095 3563 2268 3618; x_wconf 78' lang='grc' dir='ltr'>ἄλλων</span> <span class='ocrx_word' id='word_1_606' title='bbox 2291 3564 2526 3633; x_wconf 81' lang='grc' dir='ltr'>λογικῶν</span> <span class='ocrx_word' id='word_1_607' title='bbox 2561 3567 2655 3620; x_wconf 68' lang='grc' dir='ltr'><strong>καὶ</strong></span> <span class='ocrx_word' id='word_1_608' title='bbox 2683 3566 2954 3638; x_wconf 80' lang='grc' dir='ltr'>δεομένων</span> <span class='ocrx_word' id='word_1_609' title='bbox 2973 3566 3333 3638; x_wconf 82' lang='grc' dir='ltr'>διορθώσεως,</span> <span class='ocrx_word' id='word_1_610' title='bbox 3369 3568 3465 3621; x_wconf 78' lang='grc' dir='ltr'><strong>καὶ</strong></span> <span class='ocrx_word' id='word_1_611' title='bbox 3515 3567 3683 3639; x_wconf 85' lang='grc' dir='ltr'>θερα-</span> 
     </span>
    </p>
   </div>
   <div class='ocr_carea' id='block_1_82' title="bbox 2097 3656 3678 3729">
    <p class='ocr_par' dir='ltr' id='par_1_82' title="bbox 2097 3656 3678 3729">
     <span class='ocr_line' id='line_1_82' title="bbox 2097 3656 3678 3729; baseline -0.001 -19"><span class='ocrx_word' id='word_1_612' title='bbox 2097 3656 2280 3721; x_wconf 86' lang='grc' dir='ltr'>πείας,</span> <span class='ocrx_word' id='word_1_613' title='bbox 2315 3656 2411 3709; x_wconf 81' lang='grc' dir='ltr'><strong>καί</strong></span> <span class='ocrx_word' id='word_1_614' title='bbox 2439 3657 2747 3728; x_wconf 79' lang='grc' dir='ltr'>μεταϐολῆς</span> <span class='ocrx_word' id='word_1_615' title='bbox 2783 3658 2884 3729; x_wconf 79' lang='grc' dir='ltr'>τῆς</span> <span class='ocrx_word' id='word_1_616' title='bbox 2915 3657 3023 3712; x_wconf 82' lang='grc' dir='ltr'>ἀπὸ</span> <span class='ocrx_word' id='word_1_617' title='bbox 3048 3657 3149 3728; x_wconf 77' lang='grc' dir='ltr'>τῆς</span> <span class='ocrx_word' id='word_1_618' title='bbox 3183 3658 3404 3722; x_wconf 85' lang='grc' dir='ltr'>κακίας.</span> <span class='ocrx_word' id='word_1_619' title='bbox 3466 3657 3678 3712; x_wconf 79' lang='lat' dir='ltr'><strong>Etcum</strong></span> 
     </span>
    </p>
   </div>
   <div class='ocr_carea' id='block_1_83' title="bbox 2096 3749 3681 3817">
    <p class='ocr_par' dir='ltr' id='par_1_83' title="bbox 2096 3749 3681 3817">
     <span class='ocr_line' id='line_1_83' title="bbox 2096 3749 3681 3817; baseline 0.001 -15"><span class='ocrx_word' id='word_1_620' title='bbox 2096 3751 2276 3817; x_wconf 91' lang='lat' dir='ltr'><strong>primo</strong></span> <span class='ocrx_word' id='word_1_621' title='bbox 2308 3750 2364 3801; x_wconf 84' lang='lat' dir='ltr'><strong>in</strong></span> <span class='ocrx_word' id='word_1_622' title='bbox 2396 3750 2660 3805; x_wconf 80' lang='lat' dir='ltr'><strong>Joannem</strong></span> <span class='ocrx_word' id='word_1_623' title='bbox 2695 3760 2862 3814; x_wconf 86' lang='lat' dir='ltr'><strong>tumo,</strong></span> <span class='ocrx_word' id='word_1_624' title='bbox 2891 3766 3043 3806; x_wconf 91' lang='lat' dir='ltr'><strong>num.</strong></span> <span class='ocrx_word' id='word_1_625' title='bbox 3074 3750 3166 3814; x_wconf 68' lang='grc'><strong>54,</strong></span> <span class='ocrx_word' id='word_1_626' title='bbox 3208 3749 3560 3806; x_wconf 74' lang='lat' dir='ltr'><strong>Servatorem</strong></span> <span class='ocrx_word' id='word_1_627' title='bbox 3602 3751 3681 3803; x_wconf 88' lang='lat' dir='ltr'><strong>ait</strong></span> 
     </span>
    </p>
   </div>
   <div class='ocr_carea' id='block_1_84' title="bbox 2097 3841 3682 3910">
    <p class='ocr_par' dir='ltr' id='par_1_84' title="bbox 2097 3841 3682 3910">
     <span class='ocr_line' id='line_1_84' title="bbox 2097 3841 3682 3910; baseline 0.001 -17"><span class='ocrx_word' id='word_1_628' title='bbox 2097 3841 2302 3894; x_wconf 84' lang='lat' dir='ltr'><strong>factum</strong></span> <span class='ocrx_word' id='word_1_629' title='bbox 2333 3841 2513 3894; x_wconf 85' lang='lat' dir='ltr'><strong>omnia</strong></span> <span class='ocrx_word' id='word_1_630' title='bbox 2547 3842 2821 3904; x_wconf 84' lang='lat' dir='ltr'><strong>omnibus,</strong></span> <span class='ocrx_word' id='word_1_631' title='bbox 2851 3853 2908 3894; x_wconf 88' lang='lat' dir='ltr'><strong>ut</strong></span> <span class='ocrx_word' id='word_1_632' title='bbox 2942 3856 3134 3896; x_wconf 89' lang='lat' dir='ltr'><strong>omnes</strong></span> <span class='ocrx_word' id='word_1_633' title='bbox 3169 3841 3535 3905; x_wconf 64' lang='lat' dir='ltr'><strong>lucrifaceret,</strong></span> <span class='ocrx_word' id='word_1_634' title='bbox 3561 3841 3682 3910; x_wconf 83' lang='lat' dir='ltr'><strong>qui-</strong></span> 
     </span>
    </p>
   </div>
   <div class='ocr_carea' id='block_1_85' title="bbox 2097 3931 3683 4003">
    <p class='ocr_par' dir='ltr' id='par_1_85' title="bbox 2097 3931 3683 4003">
     <span class='ocr_line' id='line_1_85' title="bbox 2097 3931 3683 4003; baseline -0.001 -17"><span class='ocrx_word' id='word_1_635' title='bbox 2097 3947 2310 4001; x_wconf 84' lang='lat' dir='ltr'><strong>cunque</strong></span> <span class='ocrx_word' id='word_1_636' title='bbox 2370 3932 2601 3986; x_wconf 91' lang='lat' dir='ltr'><strong>salutem</strong></span> <span class='ocrx_word' id='word_1_637' title='bbox 2648 3934 2873 4003; x_wconf 89' lang='lat' dir='ltr'><strong>adipisci</strong></span> <span class='ocrx_word' id='word_1_638' title='bbox 2928 3943 3205 4003; x_wconf 89' lang='lat' dir='ltr'><strong>poterant,</strong></span> <span class='ocrx_word' id='word_1_639' title='bbox 3257 3936 3401 4001; x_wconf 93' lang='lat' dir='ltr'><strong>quod</strong></span> <span class='ocrx_word' id='word_1_640' title='bbox 3453 3931 3683 3986; x_wconf 86' lang='lat' dir='ltr'><strong>rationis</strong></span> 
     </span>
    </p>
   </div>
   <div class='ocr_carea' id='block_1_86' title="bbox 2098 4025 3681 4096">
    <p class='ocr_par' dir='ltr' id='par_1_86' title="bbox 2098 4025 3681 4096">
     <span class='ocr_line' id='line_1_86' title="bbox 2098 4025 3681 4096; baseline -0.003 -14"><span class='ocrx_word' id='word_1_641' title='bbox 2098 4035 2283 4082; x_wconf 87' lang='lat' dir='ltr'><strong>essent</strong></span> <span class='ocrx_word' id='word_1_642' title='bbox 2312 4025 2647 4096; x_wconf 87' lang='lat' dir='ltr'><strong>participes;</strong></span> <span class='ocrx_word' id='word_1_643' title='bbox 2688 4034 2798 4078; x_wconf 90' lang='lat' dir='ltr'><strong>tum</strong></span> <span class='ocrx_word' id='word_1_644' title='bbox 2831 4039 2919 4080; x_wconf 89' lang='lat' dir='ltr'><strong>res</strong></span> <span class='ocrx_word' id='word_1_645' title='bbox 2945 4026 3156 4079; x_wconf 88' lang='lat' dir='ltr'><strong>ratione</strong></span> <span class='ocrx_word' id='word_1_646' title='bbox 3187 4025 3450 4095; x_wconf 85' lang='lat' dir='ltr'><strong>pollentes</strong></span> <span class='ocrx_word' id='word_1_647' title='bbox 3486 4038 3681 4078; x_wconf 85' lang='lat' dir='ltr'><strong>recen—</strong></span> 
     </span>
    </p>
   </div>
   <div class='ocr_carea' id='block_1_87' title="bbox 2097 4116 3683 4188">
    <p class='ocr_par' dir='ltr' id='par_1_87' title="bbox 2097 4116 3683 4188">
     <span class='ocr_line' id='line_1_87' title="bbox 2097 4116 3683 4188; baseline -0.004 -14"><span class='ocrx_word' id='word_1_648' title='bbox 2097 4128 2202 4183; x_wconf 88' lang='lat' dir='ltr'><strong>set,</strong></span> <span class='ocrx_word' id='word_1_649' title='bbox 2235 4133 2537 4187; x_wconf 85' lang='lat' dir='ltr'><strong>earumque</strong></span> <span class='ocrx_word' id='word_1_650' title='bbox 2571 4118 2840 4188; x_wconf 88' lang='lat' dir='ltr'><strong>triplicem</strong></span> <span class='ocrx_word' id='word_1_651' title='bbox 2869 4116 3158 4172; x_wconf 91' lang='lat' dir='ltr'><strong>constituit</strong></span> <span class='ocrx_word' id='word_1_652' title='bbox 3196 4116 3392 4170; x_wconf 90' lang='lat' dir='ltr'><strong>seriem</strong></span> <span class='ocrx_word' id='word_1_653' title='bbox 3421 4131 3436 4180; x_wconf 89' lang='lat'><strong>;</strong></span> <span class='ocrx_word' id='word_1_654' title='bbox 3468 4131 3533 4170; x_wconf 89' lang='lat' dir='ltr'><strong>ac</strong></span> <span class='ocrx_word' id='word_1_655' title='bbox 3563 4116 3683 4184; x_wconf 88' lang='lat' dir='ltr'><strong>pri-</strong></span> 
     </span>
    </p>
   </div>
   <div class='ocr_carea' id='block_1_88' title="bbox 2099 4207 3690 4280">
    <p class='ocr_par' dir='ltr' id='par_1_88' title="bbox 2099 4207 3690 4280">
     <span class='ocr_line' id='line_1_88' title="bbox 2099 4207 3690 4280; baseline -0.003 -16"><span class='ocrx_word' id='word_1_656' title='bbox 2099 4227 2241 4264; x_wconf 88' lang='lat' dir='ltr'><strong>mam</strong></span> <span class='ocrx_word' id='word_1_657' title='bbox 2273 4209 2483 4280; x_wconf 86' lang='lat' dir='ltr'><strong>angelis</strong></span> <span class='ocrx_word' id='word_1_658' title='bbox 2513 4210 2777 4278; x_wconf 82' lang='lat' dir='ltr'><strong>assignat,</strong></span> <span class='ocrx_word' id='word_1_659' title='bbox 2827 4218 2882 4263; x_wconf 89' lang='lat' dir='ltr'><strong>et</strong></span> <span class='ocrx_word' id='word_1_660' title='bbox 2937 4208 3155 4262; x_wconf 88' lang='lat' dir='ltr'><strong>dubitat</strong></span> <span class='ocrx_word' id='word_1_661' title='bbox 3195 4207 3389 4262; x_wconf 89' lang='lat' dir='ltr'><strong>deinde</strong></span> <span class='ocrx_word' id='word_1_662' title='bbox 3416 4207 3690 4277; x_wconf 81' lang='lat' dir='ltr'><strong>posterio-</strong></span> 
     </span>
    </p>
   </div>
   <div class='ocr_carea' id='block_1_89' title="bbox 2098 4297 3687 4372">
    <p class='ocr_par' dir='ltr' id='par_1_89' title="bbox 2098 4297 3687 4372">
     <span class='ocr_line' id='line_1_89' title="bbox 2098 4297 3687 4372; baseline -0.004 -16"><span class='ocrx_word' id='word_1_663' title='bbox 2098 4317 2260 4357; x_wconf 87' lang='lat' dir='ltr'><strong>resne</strong></span> <span class='ocrx_word' id='word_1_664' title='bbox 2288 4311 2471 4372; x_wconf 80' lang='lat' dir='ltr'><strong>partes</strong></span> <span class='ocrx_word' id='word_1_665' title='bbox 2497 4303 2736 4357; x_wconf 89' lang='lat' dir='ltr'><strong>ascribat</strong></span> <span class='ocrx_word' id='word_1_666' title='bbox 2769 4301 3105 4366; x_wconf 88' lang='lat' dir='ltr'><strong>hominibus,</strong></span> <span class='ocrx_word' id='word_1_667' title='bbox 3144 4314 3212 4353; x_wconf 91' lang='lat' dir='ltr'><strong>an</strong></span> <span class='ocrx_word' id='word_1_668' title='bbox 3264 4301 3376 4363; x_wconf 87' lang='grc' dir='ltr'>τοῖς</span> <span class='ocrx_word' id='word_1_669' title='bbox 3419 4297 3687 4371; x_wconf 68' lang='grc' dir='ltr'>καταχθο-</span> 
     </span>
    </p>
   </div>
   <div class='ocr_carea' id='block_1_90' title="bbox 2098 4390 3688 4466">
    <p class='ocr_par' dir='ltr' id='par_1_90' title="bbox 2098 4390 3688 4466">
     <span class='ocr_line' id='line_1_90' title="bbox 2098 4390 3688 4466; baseline -0.003 -18"><span class='ocrx_word' id='word_1_670' title='bbox 2098 4396 2252 4461; x_wconf 86' lang='grc' dir='ltr'>νίοις,</span> <span class='ocrx_word' id='word_1_671' title='bbox 2282 4410 2514 4466; x_wconf 90' lang='lat' dir='ltr'><strong>quorum</strong></span> <span class='ocrx_word' id='word_1_672' title='bbox 2552 4408 2584 4449; x_wconf 90' lang='lat' dir='ltr'><strong>e</strong></span> <span class='ocrx_word' id='word_1_673' title='bbox 2613 4410 2842 4448; x_wconf 87' lang='lat' dir='ltr'><strong>numero</strong></span> <span class='ocrx_word' id='word_1_674' title='bbox 2873 4395 3167 4454; x_wconf 67' lang='lat' dir='ltr'><strong>daemones,</strong></span> <span class='ocrx_word' id='word_1_675' title='bbox 3223 4392 3307 4446; x_wconf 86' lang='lat' dir='ltr'><strong>vel</strong></span> <span class='ocrx_word' id='word_1_676' title='bbox 3342 4407 3555 4456; x_wconf 90' lang='lat' dir='ltr'><strong>omnes,</strong></span> <span class='ocrx_word' id='word_1_677' title='bbox 3599 4390 3688 4444; x_wconf 84' lang='lat' dir='ltr'><strong>vei</strong></span> 
     </span>
    </p>
   </div>
   <div class='ocr_carea' id='block_1_91' title="bbox 392 4483 3703 4558">
    <p class='ocr_par' dir='ltr' id='par_1_91' title="bbox 392 4483 3703 4558">
     <span class='ocr_line' id='line_1_91' title="bbox 392 4483 3703 4558; baseline -0.002 -14"><span class='ocrx_word' id='word_1_678' title='bbox 392 4501 667 4554; x_wconf 82' lang='lat' dir='ltr'><strong>Stumque</strong></span> <span class='ocrx_word' id='word_1_679' title='bbox 697 4485 899 4539; x_wconf 87' lang='lat' dir='ltr'><strong>asserit</strong></span> <span class='ocrx_word' id='word_1_680' title='bbox 929 4499 1182 4554; x_wconf 84' lang='lat' dir='ltr'><strong>magnum</strong></span> <span class='ocrx_word' id='word_1_681' title='bbox 1211 4497 1332 4538; x_wconf 84' lang='lat' dir='ltr'><strong>esse</strong></span> <span class='ocrx_word' id='word_1_682' title='bbox 1370 4483 1706 4552; x_wconf 81' lang='lat' dir='ltr'><strong>pontificem,</strong></span> <span class='ocrx_word' id='word_1_683' title='bbox 1757 4497 1864 4534; x_wconf 93' lang='lat' dir='ltr'><strong>non</strong></span> <span class='ocrx_word' id='word_1_684' title='bbox 1899 4495 1998 4548; x_wconf 87' lang='lat' dir='ltr'><strong>pro</strong></span> <span class='ocrx_word' id='word_1_685' title='bbox 2031 4501 2076 4555; x_wconf 77' lang='grc' dir='ltr'>ι)</span> <span class='ocrx_word' id='word_1_686' title='bbox 2103 4490 2316 4558; x_wconf 86' lang='lat' dir='ltr'><strong>aliquos</strong></span> <span class='ocrx_word' id='word_1_687' title='bbox 2347 4502 2470 4542; x_wconf 88' lang='lat' dir='ltr'><strong>esse</strong></span> <span class='ocrx_word' id='word_1_688' title='bbox 2498 4496 2765 4540; x_wconf 88' lang='lat' dir='ltr'><strong>autumat.</strong></span> <span class='ocrx_word' id='word_1_689' title='bbox 2792 4483 3001 4538; x_wconf 89' lang='lat' dir='ltr'><strong>Etcum</strong></span> <span class='ocrx_word' id='word_1_690' title='bbox 3036 4485 3176 4540; x_wconf 89' lang='lat' dir='ltr'><strong>libro</strong></span> <span class='ocrx_word' id='word_1_691' title='bbox 3205 4485 3380 4556; x_wconf 90' lang='lat' dir='ltr'><strong>primo</strong></span> <span class='ocrx_word' id='word_1_692' title='bbox 3403 4483 3703 4539; x_wconf 63' lang='lat' dir='ltr'><strong>Commem-</strong></span> 
     </span>
    </p>
   </div>
   <div class='ocr_carea' id='block_1_92' title="bbox 393 4573 2001 4645">
    <p class='ocr_par' dir='ltr' id='par_1_92' title="bbox 393 4573 2001 4645">
     <span class='ocr_line' id='line_1_92' title="bbox 393 4573 2001 4645; baseline -0.005 -9"><span class='ocrx_word' id='word_1_693' title='bbox 393 4579 728 4637; x_wconf 80' lang='lat' dir='ltr'><strong>h0niinihus</strong></span> <span class='ocrx_word' id='word_1_694' title='bbox 758 4577 940 4642; x_wconf 85' lang='lat' dir='ltr'><strong>modo,</strong></span> <span class='ocrx_word' id='word_1_695' title='bbox 968 4577 1062 4631; x_wconf 88' lang='lat' dir='ltr'><strong>sed</strong></span> <span class='ocrx_word' id='word_1_696' title='bbox 1095 4591 1192 4645; x_wconf 89' lang='lat' dir='ltr'><strong>pro</strong></span> <span class='ocrx_word' id='word_1_697' title='bbox 1215 4576 1362 4630; x_wconf 90' lang='lat' dir='ltr'><strong>omni</strong></span> <span class='ocrx_word' id='word_1_698' title='bbox 1395 4577 1559 4629; x_wconf 85' lang='lat' dir='ltr'><strong>etiam</strong></span> <span class='ocrx_word' id='word_1_699' title='bbox 1593 4575 1736 4644; x_wconf 93' lang='lat' dir='ltr'><strong>quod</strong></span> <span class='ocrx_word' id='word_1_700' title='bbox 1771 4573 2001 4628; x_wconf 75' lang='lat' dir='ltr'><strong>rationis</strong></span> 
     </span>
    </p>
   </div>
   <div class='ocr_carea' id='block_1_93' title="bbox 391 4663 2000 4738">
    <p class='ocr_par' dir='ltr' id='par_1_93' title="bbox 391 4663 2000 4738">
     <span class='ocr_line' id='line_1_93' title="bbox 391 4663 2000 4738; baseline -0.004 -14"><span class='ocrx_word' id='word_1_701' title='bbox 391 4680 560 4728; x_wconf 85' lang='lat' dir='ltr'><strong>esset</strong></span> <span class='ocrx_word' id='word_1_702' title='bbox 592 4683 760 4737; x_wconf 88' lang='lat' dir='ltr'><strong>capax</strong></span> <span class='ocrx_word' id='word_1_703' title='bbox 790 4686 803 4730; x_wconf 86' lang='lat'>;</span> <span class='ocrx_word' id='word_1_704' title='bbox 837 4678 1005 4736; x_wconf 85' lang='lat' dir='ltr'><strong>atque</strong></span> <span class='ocrx_word' id='word_1_705' title='bbox 1033 4669 1105 4722; x_wconf 92' lang='lat' dir='ltr'><strong>ita</strong></span> <span class='ocrx_word' id='word_1_706' title='bbox 1137 4667 1356 4721; x_wconf 88' lang='lat' dir='ltr'><strong>demum</strong></span> <span class='ocrx_word' id='word_1_707' title='bbox 1389 4667 1672 4722; x_wconf 86' lang='lat' dir='ltr'><strong>concludit</strong></span> <span class='ocrx_word' id='word_1_708' title='bbox 1704 4685 1716 4719; x_wconf 91' lang='lat'>:</span> <span class='ocrx_word' id='word_1_709' title='bbox 1751 4665 1862 4719; x_wconf 75' lang='grc' dir='ltr'><strong>Καὶ</strong></span> <span class='ocrx_word' id='word_1_710' title='bbox 1889 4663 2000 4738; x_wconf 85' lang='grc' dir='ltr'><strong>γὰρ</strong></span> 
     </span>
    </p>
   </div>
   <div class='ocr_carea' id='block_1_94' title="bbox 388 4760 2002 4835">
    <p class='ocr_par' dir='ltr' id='par_1_94' title="bbox 388 4760 2002 4835">
     <span class='ocr_line' id='line_1_94' title="bbox 388 4760 2002 4835; baseline -0.007 -12"><span class='ocrx_word' id='word_1_711' title='bbox 388 4769 613 4823; x_wconf 77' lang='grc' dir='ltr'>ἁτοπον</span> <span class='ocrx_word' id='word_1_712' title='bbox 667 4763 809 4835; x_wconf 83' lang='grc' dir='ltr'>ὑπὲρ</span> <span class='ocrx_word' id='word_1_713' title='bbox 849 4762 1211 4833; x_wconf 81' lang='grc' dir='ltr'>ἀνθρωπίνων</span> <span class='ocrx_word' id='word_1_714' title='bbox 1244 4763 1342 4834; x_wconf 81' lang='grc' dir='ltr'><strong>μὲν</strong></span> <span class='ocrx_word' id='word_1_715' title='bbox 1373 4761 1536 4815; x_wconf 85' lang='grc' dir='ltr'>αὐτὸν</span> <span class='ocrx_word' id='word_1_716' title='bbox 1563 4760 1794 4830; x_wconf 80' lang='grc' dir='ltr'>φάσκειν</span> <span class='ocrx_word' id='word_1_717' title='bbox 1820 4761 2002 4830; x_wconf 85' lang='grc' dir='ltr'>ἁμαρ-</span> 
     </span>
    </p>
   </div>
   <div class='ocr_carea' id='block_1_95' title="bbox 387 4851 1999 4928">
    <p class='ocr_par' dir='ltr' id='par_1_95' title="bbox 387 4851 1999 4928">
     <span class='ocr_line' id='line_1_95' title="bbox 387 4851 1999 4928; baseline -0.004 -18"><span class='ocrx_word' id='word_1_718' title='bbox 387 4855 675 4928; x_wconf 77' lang='grc' dir='ltr'>τημάτων</span> <span class='ocrx_word' id='word_1_719' title='bbox 726 4853 1026 4923; x_wconf 81' lang='grc' dir='ltr'>γεύσασθαι</span> <span class='ocrx_word' id='word_1_720' title='bbox 1072 4854 1322 4919; x_wconf 75' lang='grc' dir='ltr'>θανάτου,</span> <span class='ocrx_word' id='word_1_721' title='bbox 1351 4852 1535 4906; x_wconf 78' lang='grc' dir='ltr'>οὐκέτι</span> <span class='ocrx_word' id='word_1_722' title='bbox 1567 4851 1624 4904; x_wconf 78' lang='grc' dir='ltr'>δὲ</span> <span class='ocrx_word' id='word_1_723' title='bbox 1655 4852 1797 4922; x_wconf 79' lang='grc' dir='ltr'>ὑπὲρ</span> <span class='ocrx_word' id='word_1_724' title='bbox 1840 4851 1999 4904; x_wconf 80' lang='grc' dir='ltr'>ἄλλου</span> 
     </span>
    </p>
   </div>
   <div class='ocr_carea' id='block_1_96' title="bbox 389 4946 2002 5020">
    <p class='ocr_par' dir='ltr' id='par_1_96' title="bbox 389 4946 2002 5020">
     <span class='ocr_line' id='line_1_96' title="bbox 389 4946 2002 5020; baseline -0.007 -14"><span class='ocrx_word' id='word_1_725' title='bbox 389 4950 560 5011; x_wconf 87' lang='grc' dir='ltr'>τινὸς</span> <span class='ocrx_word' id='word_1_726' title='bbox 615 4946 765 5018; x_wconf 79' lang='grc' dir='ltr'>παρὰ</span> <span class='ocrx_word' id='word_1_727' title='bbox 818 4948 909 5001; x_wconf 82' lang='grc' dir='ltr'><strong>τὸν</strong></span> <span class='ocrx_word' id='word_1_728' title='bbox 957 4947 1242 5020; x_wconf 85' lang='grc' dir='ltr'>ἄνθρωπον</span> <span class='ocrx_word' id='word_1_729' title='bbox 1287 4949 1344 4999; x_wconf 77' lang='grc' dir='ltr'>ἐν</span> <span class='ocrx_word' id='word_1_730' title='bbox 1378 4946 1742 5017; x_wconf 83' lang='grc' dir='ltr'>ἁμαρτήμασι</span> <span class='ocrx_word' id='word_1_731' title='bbox 1777 4961 2002 5016; x_wconf 83' lang='grc' dir='ltr'>γεγενη-</span> 
     </span>
    </p>
   </div>
   <div class='ocr_carea' id='block_1_97' title="bbox 393 5034 2002 5116">
    <p class='ocr_par' dir='ltr' id='par_1_97' title="bbox 393 5034 2002 5116">
     <span class='ocr_line' id='line_1_97' title="bbox 393 5034 2002 5116; baseline -0.005 -20"><span class='ocrx_word' id='word_1_732' title='bbox 393 5044 600 5116; x_wconf 78' lang='grc' dir='ltr'>μένου,</span> <span class='ocrx_word' id='word_1_733' title='bbox 640 5034 751 5094; x_wconf 78' lang='grc' dir='ltr'>οἷον</span> <span class='ocrx_word' id='word_1_734' title='bbox 790 5039 930 5112; x_wconf 85' lang='grc' dir='ltr'>ὑπὲρ</span> <span class='ocrx_word' id='word_1_735' title='bbox 969 5041 1203 5111; x_wconf 75' lang='grc' dir='ltr'>ἄστρων,</span> <span class='ocrx_word' id='word_1_736' title='bbox 1237 5038 1356 5092; x_wconf 83' lang='grc' dir='ltr'>οὐδὲ</span> <span class='ocrx_word' id='word_1_737' title='bbox 1395 5037 1504 5090; x_wconf 85' lang='grc' dir='ltr'><strong>τῶν</strong></span> <span class='ocrx_word' id='word_1_738' title='bbox 1535 5035 1750 5107; x_wconf 76' lang='grc' dir='ltr'>ἄστρων</span> <span class='ocrx_word' id='word_1_739' title='bbox 1785 5035 2002 5099; x_wconf 84' lang='grc' dir='ltr'>πάντως</span> 
     </span>
    </p>
   </div>
   <div class='ocr_carea' id='block_1_98' title="bbox 387 5125 2000 5204">
    <p class='ocr_par' dir='ltr' id='par_1_98' title="bbox 387 5125 2000 5204">
     <span class='ocr_line' id='line_1_98' title="bbox 387 5125 2000 5204; baseline -0.007 -14"><span class='ocrx_word' id='word_1_740' title='bbox 387 5132 672 5204; x_wconf 78' lang='grc' dir='ltr'>καθαρῶν</span> <span class='ocrx_word' id='word_1_741' title='bbox 727 5133 894 5185; x_wconf 70' lang='grc' dir='ltr'>ὅντων</span> <span class='ocrx_word' id='word_1_742' title='bbox 947 5130 1178 5184; x_wconf 80' lang='grc' dir='ltr'>ἐνώπιον</span> <span class='ocrx_word' id='word_1_743' title='bbox 1205 5129 1299 5183; x_wconf 83' lang='grc' dir='ltr'><strong>τοῦ</strong></span> <span class='ocrx_word' id='word_1_744' title='bbox 1349 5128 1509 5191; x_wconf 87' lang='grc' dir='ltr'>Θεοῦ,</span> <span class='ocrx_word' id='word_1_745' title='bbox 1553 5129 1629 5193; x_wconf 85' lang='grc' dir='ltr'>ὼς</span> <span class='ocrx_word' id='word_1_746' title='bbox 1673 5130 1730 5180; x_wconf 83' lang='grc' dir='ltr'><strong>ἐν</strong></span> <span class='ocrx_word' id='word_1_747' title='bbox 1759 5127 1836 5199; x_wconf 85' lang='grc' dir='ltr'>τῷ</span> <span class='ocrx_word' id='word_1_748' title='bbox 1879 5125 2000 5181; x_wconf 87' lang='grc' dir='ltr'><strong>Ἰὼϐ</strong></span> 
     </span>
    </p>
   </div>
   <div class='ocr_carea' id='block_1_99' title="bbox 389 5221 2002 5298">
    <p class='ocr_par' dir='ltr' id='par_1_99' title="bbox 389 5221 2002 5298">
     <span class='ocr_line' id='line_1_99' title="bbox 389 5221 2002 5298; baseline -0.007 -12"><span class='ocrx_word' id='word_1_749' title='bbox 389 5229 760 5297; x_wconf 83' lang='grc' dir='ltr'>ἀνέγνωμεν·</span> <span class='ocrx_word' id='word_1_750' title='bbox 787 5225 963 5298; x_wconf 74' lang='grc' dir='ltr'>ἄστρα</span> <span class='ocrx_word' id='word_1_751' title='bbox 1007 5225 1065 5278; x_wconf 80' lang='grc' dir='ltr'><strong>δὲ</strong></span> <span class='ocrx_word' id='word_1_752' title='bbox 1106 5225 1184 5277; x_wconf 84' lang='grc' dir='ltr'>οὐ·</span> <span class='ocrx_word' id='word_1_753' title='bbox 1201 5222 1420 5294; x_wconf 79' lang='grc' dir='ltr'>καθαρὰ</span> <span class='ocrx_word' id='word_1_754' title='bbox 1447 5221 1676 5276; x_wconf 76' lang='grc' dir='ltr'>ἐνώπιον</span> <span class='ocrx_word' id='word_1_755' title='bbox 1715 5221 1881 5276; x_wconf 83' lang='grc' dir='ltr'>αὑτοῦ</span> <span class='ocrx_word' id='word_1_756' title='bbox 1903 5239 1916 5252; x_wconf 71' lang='grc' dir='ltr'><strong>ο</strong></span> <span class='ocrx_word' id='word_1_757' title='bbox 1952 5223 2002 5274; x_wconf 82' lang='grc' dir='ltr'><strong>εί</strong></span> 
     </span>
    </p>
   </div>
   <div class='ocr_carea' id='block_1_100' title="bbox 391 5314 2002 5396">
    <p class='ocr_par' dir='ltr' id='par_1_100' title="bbox 391 5314 2002 5396">
     <span class='ocr_line' id='line_1_100' title="bbox 391 5314 2002 5396; baseline -0.004 -23"><span class='ocrx_word' id='word_1_758' title='bbox 391 5322 480 5396; x_wconf 81' lang='grc' dir='ltr'>μὴ</span> <span class='ocrx_word' id='word_1_759' title='bbox 519 5318 634 5390; x_wconf 83' lang='grc' dir='ltr'><strong>ἄρα</strong></span> <span class='ocrx_word' id='word_1_760' title='bbox 666 5319 1042 5389; x_wconf 79' lang='grc' dir='ltr'>ὑπερϐολικῶς</span> <span class='ocrx_word' id='word_1_761' title='bbox 1076 5317 1236 5370; x_wconf 92' lang='grc' dir='ltr'>τοῦτο</span> <span class='ocrx_word' id='word_1_762' title='bbox 1256 5318 1490 5388; x_wconf 71' lang='grc' dir='ltr'>εἴρηται.</span> <span class='ocrx_word' id='word_1_763' title='bbox 1544 5314 1732 5371; x_wconf 87' lang='lat' dir='ltr'><strong>Simile</strong></span> <span class='ocrx_word' id='word_1_764' title='bbox 1765 5315 1895 5384; x_wconf 86' lang='lat' dir='ltr'><strong>quid</strong></span> <span class='ocrx_word' id='word_1_765' title='bbox 1920 5314 2002 5368; x_wconf 81' lang='lat' dir='ltr'><strong>iu-</strong></span> 
     </span>
    </p>
   </div>
   <div class='ocr_carea' id='block_1_101' title="bbox 386 5407 1998 5475">
    <p class='ocr_par' dir='ltr' id='par_1_101' title="bbox 386 5407 1998 5475">
     <span class='ocr_line' id='line_1_101' title="bbox 386 5407 1998 5475; baseline -0.006 -5"><span class='ocrx_word' id='word_1_766' title='bbox 386 5414 527 5470; x_wconf 88' lang='lat' dir='ltr'><strong>nuit</strong></span> <span class='ocrx_word' id='word_1_767' title='bbox 583 5423 713 5466; x_wconf 90' lang='lat' dir='ltr'><strong>tom.</strong></span> <span class='ocrx_word' id='word_1_768' title='bbox 765 5427 802 5465; x_wconf 88' lang='grc' dir='ltr'><strong>ιι</strong></span> <span class='ocrx_word' id='word_1_769' title='bbox 857 5412 916 5465; x_wconf 83' lang='lat' dir='ltr'><strong>in</strong></span> <span class='ocrx_word' id='word_1_770' title='bbox 968 5409 1162 5475; x_wconf 85' lang='lat' dir='ltr'><strong>Joan.,</strong></span> <span class='ocrx_word' id='word_1_771' title='bbox 1219 5425 1367 5464; x_wconf 92' lang='lat' dir='ltr'><strong>num.</strong></span> <span class='ocrx_word' id='word_1_772' title='bbox 1407 5408 1496 5474; x_wconf 75' lang='grc'><strong>16,</strong></span> <span class='ocrx_word' id='word_1_773' title='bbox 1537 5424 1660 5464; x_wconf 93' lang='lat' dir='ltr'><strong>cum</strong></span> <span class='ocrx_word' id='word_1_774' title='bbox 1721 5407 1998 5462; x_wconf 88' lang='lat' dir='ltr'><strong>Christum</strong></span> 
     </span>
    </p>
   </div>
   <div class='ocr_carea' id='block_1_102' title="bbox 385 5501 2000 5570">
    <p class='ocr_par' dir='ltr' id='par_1_102' title="bbox 385 5501 2000 5570">
     <span class='ocr_line' id='line_1_102' title="bbox 385 5501 2000 5570; baseline -0.007 -7"><span class='ocrx_word' id='word_1_775' title='bbox 385 5508 594 5563; x_wconf 85' lang='lat' dir='ltr'><strong>lucem</strong></span> <span class='ocrx_word' id='word_1_776' title='bbox 620 5519 742 5559; x_wconf 90' lang='lat' dir='ltr'><strong>esse</strong></span> <span class='ocrx_word' id='word_1_777' title='bbox 765 5504 862 5570; x_wconf 90' lang='lat' dir='ltr'><strong>ait,</strong></span> <span class='ocrx_word' id='word_1_778' title='bbox 901 5521 1008 5558; x_wconf 90' lang='lat' dir='ltr'><strong>non</strong></span> <span class='ocrx_word' id='word_1_779' title='bbox 1049 5503 1331 5558; x_wconf 91' lang='lat' dir='ltr'><strong>hominum</strong></span> <span class='ocrx_word' id='word_1_780' title='bbox 1358 5503 1645 5567; x_wconf 82' lang='lat' dir='ltr'><strong>duntaxat,</strong></span> <span class='ocrx_word' id='word_1_781' title='bbox 1682 5501 1776 5556; x_wconf 88' lang='lat' dir='ltr'><strong>sed</strong></span> <span class='ocrx_word' id='word_1_782' title='bbox 1814 5509 1868 5556; x_wconf 88' lang='lat' dir='ltr'><strong>et</strong></span> <span class='ocrx_word' id='word_1_783' title='bbox 1905 5514 2000 5553; x_wconf 84' lang='lat' dir='ltr'><strong>eo-</strong></span> 
     </span>
    </p>
   </div>
   <div class='ocr_carea' id='block_1_103' title="bbox 384 5592 1990 5668">
    <p class='ocr_par' dir='ltr' id='par_1_103' title="bbox 384 5592 1990 5668">
     <span class='ocr_line' id='line_1_103' title="bbox 384 5592 1990 5668; baseline -0.004 -12"><span class='ocrx_word' id='word_1_784' title='bbox 384 5612 526 5656; x_wconf 87' lang='lat' dir='ltr'><strong>rum</strong></span> <span class='ocrx_word' id='word_1_785' title='bbox 581 5597 826 5652; x_wconf 90' lang='lat' dir='ltr'><strong>omnium</strong></span> <span class='ocrx_word' id='word_1_786' title='bbox 876 5598 972 5668; x_wconf 89' lang='lat' dir='ltr'><strong>qui</strong></span> <span class='ocrx_word' id='word_1_787' title='bbox 1019 5595 1254 5653; x_wconf 89' lang='lat' dir='ltr'><strong>rationis</strong></span> <span class='ocrx_word' id='word_1_788' title='bbox 1297 5610 1525 5654; x_wconf 77' lang='lat' dir='ltr'><strong>capaces</strong></span> <span class='ocrx_word' id='word_1_789' title='bbox 1572 5604 1715 5650; x_wconf 84' lang='lat' dir='ltr'><strong>sunt.</strong></span> <span class='ocrx_word' id='word_1_790' title='bbox 1767 5592 1873 5649; x_wconf 80' lang='lat' dir='ltr'><strong>Nec</strong></span> <span class='ocrx_word' id='word_1_791' title='bbox 1905 5594 1990 5649; x_wconf 85' lang='lat' dir='ltr'><strong>his</strong></span> 
     </span>
    </p>
   </div>
   <div class='ocr_carea' id='block_1_104' title="bbox 471 5777 971 5849">
    <p class='ocr_par' dir='ltr' id='par_1_104' title="bbox 471 5777 971 5849">
     <span class='ocr_line' id='line_1_104' title="bbox 471 5777 971 5849; baseline 0.008 -20"><span class='ocrx_word' id='word_1_792' title='bbox 471 5777 528 5812; x_wconf 74' lang='grc' dir='ltr'><strong>’τ</strong></span> <span class='ocrx_word' id='word_1_793' title='bbox 560 5779 734 5849; x_wconf 69' lang='lat' dir='ltr'><strong>Apoc.</strong></span> <span class='ocrx_word' id='word_1_794' title='bbox 777 5795 885 5846; x_wconf 80' lang='lat' dir='ltr'><strong>xiv,</strong></span> <span class='ocrx_word' id='word_1_795' title='bbox 915 5779 971 5833; x_wconf 85' lang='lat'><strong>6.</strong></span> 
     </span>
    </p>
   </div>
   <div class='ocr_carea' id='block_1_105' title="bbox 2105 4573 3694 4647">
    <p class='ocr_par' dir='ltr' id='par_1_105' title="bbox 2105 4573 3694 4647">
     <span class='ocr_line' id='line_1_105' title="bbox 2105 4573 3694 4647; baseline -0.004 -13"><span class='ocrx_word' id='word_1_796' title='bbox 2105 4581 2368 4634; x_wconf 85' lang='lat' dir='ltr'><strong>tariorum</strong></span> <span class='ocrx_word' id='word_1_797' title='bbox 2415 4579 2469 4631; x_wconf 84' lang='lat' dir='ltr'><strong>in</strong></span> <span class='ocrx_word' id='word_1_798' title='bbox 2520 4577 2822 4647; x_wconf 81' lang='lat' dir='ltr'><strong>Epistulam</strong></span> <span class='ocrx_word' id='word_1_799' title='bbox 2861 4576 2931 4628; x_wconf 86' lang='lat' dir='ltr'><strong>ad</strong></span> <span class='ocrx_word' id='word_1_800' title='bbox 2971 4573 3149 4642; x_wconf 85' lang='lat' dir='ltr'><strong>Rom.,</strong></span> <span class='ocrx_word' id='word_1_801' title='bbox 3211 4591 3362 4632; x_wconf 83' lang='lat' dir='ltr'><strong>nunt.</strong></span> <span class='ocrx_word' id='word_1_802' title='bbox 3403 4575 3458 4638; x_wconf 78' lang='grc'>4,</span> <span class='ocrx_word' id='word_1_803' title='bbox 3493 4581 3694 4644; x_wconf 61' lang='lat' dir='ltr'><strong>quam:</strong></span> 
     </span>
    </p>
   </div>
   <div class='ocr_carea' id='block_1_106' title="bbox 2105 4667 3690 4737">
    <p class='ocr_par' dir='ltr' id='par_1_106' title="bbox 2105 4667 3690 4737">
     <span class='ocr_line' id='line_1_106' title="bbox 2105 4667 3690 4737; baseline -0.003 -13"><span class='ocrx_word' id='word_1_804' title='bbox 2105 4689 2170 4724; x_wconf 91' lang='lat' dir='ltr'><strong>an</strong></span> <span class='ocrx_word' id='word_1_805' title='bbox 2196 4688 2300 4724; x_wconf 92' lang='lat' dir='ltr'><strong>non</strong></span> <span class='ocrx_word' id='word_1_806' title='bbox 2328 4671 2582 4724; x_wconf 89' lang='lat' dir='ltr'><strong>Christus</strong></span> <span class='ocrx_word' id='word_1_807' title='bbox 2613 4687 2633 4720; x_wconf 84' lang='grc'><strong>‹</strong></span> <span class='ocrx_word' id='word_1_808' title='bbox 2655 4667 3037 4722; x_wconf 81' lang='lat' dir='ltr'><strong>manifestatus</strong></span> <span class='ocrx_word' id='word_1_809' title='bbox 3063 4667 3115 4720; x_wconf 91' lang='lat' dir='ltr'><strong>in</strong></span> <span class='ocrx_word' id='word_1_810' title='bbox 3150 4682 3341 4730; x_wconf 85' lang='lat' dir='ltr'><strong>carne,</strong></span> <span class='ocrx_word' id='word_1_811' title='bbox 3371 4683 3493 4722; x_wconf 80' lang='lat' dir='ltr'><strong>cum</strong></span> <span class='ocrx_word' id='word_1_812' title='bbox 3521 4683 3690 4737; x_wconf 89' lang='lat' dir='ltr'><strong>appa-</strong></span> 
     </span>
    </p>
   </div>
   <div class='ocr_carea' id='block_1_107' title="bbox 2105 4761 3694 4833">
    <p class='ocr_par' dir='ltr' id='par_1_107' title="bbox 2105 4761 3694 4833">
     <span class='ocr_line' id='line_1_107' title="bbox 2105 4761 3694 4833; baseline -0.003 -15"><span class='ocrx_word' id='word_1_813' title='bbox 2105 4763 2280 4818; x_wconf 86' lang='lat' dir='ltr'><strong>ruerit</strong></span> <span class='ocrx_word' id='word_1_814' title='bbox 2311 4762 2538 4833; x_wconf 85' lang='lat' dir='ltr'><strong>angelis,</strong></span> <span class='ocrx_word' id='word_1_815' title='bbox 2565 4781 2584 4814; x_wconf 83' lang='grc'>›</span> <span class='ocrx_word' id='word_1_816' title='bbox 2607 4761 2765 4830; x_wconf 82' lang='lat' dir='ltr'><strong>juxta</strong></span> <span class='ocrx_word' id='word_1_817' title='bbox 2796 4761 3135 4832; x_wconf 87' lang='lat' dir='ltr'><strong>Apostolum,</strong></span> <span class='ocrx_word' id='word_1_818' title='bbox 3161 4763 3238 4818; x_wconf 90' lang='lat' dir='ltr'><strong>eis</strong></span> <span class='ocrx_word' id='word_1_819' title='bbox 3269 4764 3472 4830; x_wconf 88' lang='lat' dir='ltr'><strong>absque</strong></span> <span class='ocrx_word' id='word_1_820' title='bbox 3507 4761 3694 4814; x_wconf 80' lang='lat' dir='ltr'><strong>Evan—</strong></span> 
     </span>
    </p>
   </div>
   <div class='ocr_carea' id='block_1_108' title="bbox 2108 4851 3690 4927">
    <p class='ocr_par' dir='ltr' id='par_1_108' title="bbox 2108 4851 3690 4927">
     <span class='ocr_line' id='line_1_108' title="bbox 2108 4851 3690 4927; baseline -0.002 -18"><span class='ocrx_word' id='word_1_821' title='bbox 2108 4856 2250 4927; x_wconf 87' lang='lat' dir='ltr'><strong>gelio</strong></span> <span class='ocrx_word' id='word_1_822' title='bbox 2299 4871 2405 4910; x_wconf 91' lang='lat' dir='ltr'><strong>non</strong></span> <span class='ocrx_word' id='word_1_823' title='bbox 2453 4854 2769 4924; x_wconf 88' lang='lat' dir='ltr'><strong>apparuerit</strong></span> <span class='ocrx_word' id='word_1_824' title='bbox 2817 4873 2832 4910; x_wconf 88' lang='lat'><strong>:</strong></span> <span class='ocrx_word' id='word_1_825' title='bbox 2887 4863 2998 4907; x_wconf 88' lang='lat' dir='ltr'><strong>tum</strong></span> <span class='ocrx_word' id='word_1_826' title='bbox 3041 4855 3261 4923; x_wconf 88' lang='lat' dir='ltr'><strong>subjicit</strong></span> <span class='ocrx_word' id='word_1_827' title='bbox 3292 4855 3527 4909; x_wconf 89' lang='lat' dir='ltr'><strong>deinde:</strong></span> <span class='ocrx_word' id='word_1_828' title='bbox 3573 4872 3590 4904; x_wconf 76' lang='grc' dir='ltr'><strong>ι</strong></span> <span class='ocrx_word' id='word_1_829' title='bbox 3628 4851 3690 4907; x_wconf 87' lang='lat' dir='ltr'><strong>Si</strong></span> 
     </span>
    </p>
   </div>
   <div class='ocr_carea' id='block_1_109' title="bbox 2107 4945 3701 5018">
    <p class='ocr_par' dir='ltr' id='par_1_109' title="bbox 2107 4945 3701 5018">
     <span class='ocr_line' id='line_1_109' title="bbox 2107 4945 3701 5018; baseline -0.005 -14"><span class='ocrx_word' id='word_1_830' title='bbox 2107 4963 2238 5018; x_wconf 83' lang='lat' dir='ltr'><strong>ergo</strong></span> <span class='ocrx_word' id='word_1_831' title='bbox 2263 4963 2387 5001; x_wconf 91' lang='lat' dir='ltr'><strong>cum</strong></span> <span class='ocrx_word' id='word_1_832' title='bbox 2411 4947 2661 5016; x_wconf 90' lang='lat' dir='ltr'><strong>apparuit</strong></span> <span class='ocrx_word' id='word_1_833' title='bbox 2691 4946 2849 5000; x_wconf 88' lang='lat' dir='ltr'><strong>nobis</strong></span> <span class='ocrx_word' id='word_1_834' title='bbox 2880 4945 3213 5009; x_wconf 82' lang='lat' dir='ltr'><strong>hominibus,</strong></span> <span class='ocrx_word' id='word_1_835' title='bbox 3241 4962 3346 5000; x_wconf 89' lang='lat' dir='ltr'><strong>non</strong></span> <span class='ocrx_word' id='word_1_836' title='bbox 3372 4946 3488 5000; x_wconf 92' lang='lat' dir='ltr'><strong>sine</strong></span> <span class='ocrx_word' id='word_1_837' title='bbox 3516 4945 3701 4999; x_wconf 47' lang='lat' dir='ltr'><strong>Evan‘</strong></span> 
     </span>
    </p>
   </div>
   <div class='ocr_carea' id='block_1_110' title="bbox 2108 5035 3696 5108">
    <p class='ocr_par' dir='ltr' id='par_1_110' title="bbox 2108 5035 3696 5108">
     <span class='ocr_line' id='line_1_110' title="bbox 2108 5035 3696 5108; baseline -0.002 -16"><span class='ocrx_word' id='word_1_838' title='bbox 2108 5040 2249 5108; x_wconf 84' lang='lat' dir='ltr'><strong>gelio</strong></span> <span class='ocrx_word' id='word_1_839' title='bbox 2299 5038 2571 5107; x_wconf 83' lang='lat' dir='ltr'><strong>apparuit,</strong></span> <span class='ocrx_word' id='word_1_840' title='bbox 2637 5037 3025 5104; x_wconf 86' lang='lat' dir='ltr'><strong>consequentia</strong></span> <span class='ocrx_word' id='word_1_841' title='bbox 3096 5037 3312 5091; x_wconf 85' lang='lat' dir='ltr'><strong>videtur</strong></span> <span class='ocrx_word' id='word_1_842' title='bbox 3363 5035 3696 5100; x_wconf 83' lang='lat' dir='ltr'><strong>ostendere,</strong></span> 
     </span>
    </p>
   </div>
   <div class='ocr_carea' id='block_1_111' title="bbox 2109 5126 3691 5199">
    <p class='ocr_par' dir='ltr' id='par_1_111' title="bbox 2109 5126 3691 5199">
     <span class='ocr_line' id='line_1_111' title="bbox 2109 5126 3691 5199; baseline 0 -20"><span class='ocrx_word' id='word_1_843' title='bbox 2109 5131 2254 5199; x_wconf 84' lang='lat' dir='ltr'><strong>quod</strong></span> <span class='ocrx_word' id='word_1_844' title='bbox 2283 5130 2448 5181; x_wconf 90' lang='lat' dir='ltr'><strong>etiam</strong></span> <span class='ocrx_word' id='word_1_845' title='bbox 2485 5126 2734 5198; x_wconf 86' lang='lat' dir='ltr'><strong>angelico</strong></span> <span class='ocrx_word' id='word_1_846' title='bbox 2766 5128 2943 5182; x_wconf 89' lang='lat' dir='ltr'><strong>ordini</strong></span> <span class='ocrx_word' id='word_1_847' title='bbox 2974 5143 3082 5182; x_wconf 92' lang='lat' dir='ltr'><strong>non</strong></span> <span class='ocrx_word' id='word_1_848' title='bbox 3111 5128 3229 5183; x_wconf 89' lang='lat' dir='ltr'><strong>sine</strong></span> <span class='ocrx_word' id='word_1_849' title='bbox 3263 5127 3561 5197; x_wconf 84' lang='lat' dir='ltr'><strong>Evangelio</strong></span> <span class='ocrx_word' id='word_1_850' title='bbox 3593 5142 3691 5191; x_wconf 88' lang='lat' dir='ltr'><strong>ap-</strong></span> 
     </span>
    </p>
   </div>
   <div class='ocr_carea' id='block_1_112' title="bbox 2110 5218 3694 5290">
    <p class='ocr_par' dir='ltr' id='par_1_112' title="bbox 2110 5218 3694 5290">
     <span class='ocr_line' id='line_1_112' title="bbox 2110 5218 3694 5290; baseline -0.001 -17"><span class='ocrx_word' id='word_1_851' title='bbox 2110 5222 2380 5290; x_wconf 89' lang='lat' dir='ltr'><strong>paruerit,</strong></span> <span class='ocrx_word' id='word_1_852' title='bbox 2417 5219 2508 5274; x_wconf 90' lang='lat' dir='ltr'><strong>illo</strong></span> <span class='ocrx_word' id='word_1_853' title='bbox 2532 5218 2782 5274; x_wconf 89' lang='lat' dir='ltr'><strong>fortassis</strong></span> <span class='ocrx_word' id='word_1_854' title='bbox 2813 5221 2956 5289; x_wconf 88' lang='lat' dir='ltr'><strong>quod</strong></span> <span class='ocrx_word' id='word_1_855' title='bbox 2990 5230 3254 5274; x_wconf 74' lang='lat' dir='ltr'><strong>:rternum</strong></span> <span class='ocrx_word' id='word_1_856' title='bbox 3287 5219 3638 5289; x_wconf 83' lang='lat' dir='ltr'><strong>Evangelium</strong></span> <span class='ocrx_word' id='word_1_857' title='bbox 3659 5233 3694 5271; x_wconf 82' lang='lat' dir='ltr'><strong>a</strong></span> 
     </span>
    </p>
   </div>
   <div class='ocr_carea' id='block_1_113' title="bbox 2108 5310 3692 5381">
    <p class='ocr_par' dir='ltr' id='par_1_113' title="bbox 2108 5310 3692 5381">
     <span class='ocr_line' id='line_1_113' title="bbox 2108 5310 3692 5381; baseline -0.003 -14"><span class='ocrx_word' id='word_1_858' title='bbox 2108 5312 2318 5367; x_wconf 77' lang='lat' dir='ltr'><strong>Joanne</strong></span> <span class='ocrx_word' id='word_1_859' title='bbox 2369 5320 2728 5366; x_wconf 84' lang='lat' dir='ltr'><strong>memoratum</strong></span> <span class='ocrx_word' id='word_1_860' title='bbox 2779 5311 2824 5343; x_wconf 84' lang='grc'><strong>⁷⁷</strong></span> <span class='ocrx_word' id='word_1_861' title='bbox 2885 5327 3048 5381; x_wconf 90' lang='lat' dir='ltr'><strong>supra</strong></span> <span class='ocrx_word' id='word_1_862' title='bbox 3089 5311 3430 5366; x_wconf 85' lang='lat' dir='ltr'><strong>edocuimus.</strong></span> <span class='ocrx_word' id='word_1_863' title='bbox 3470 5310 3526 5364; x_wconf 88' lang='lat' dir='ltr'><strong>Si</strong></span> <span class='ocrx_word' id='word_1_864' title='bbox 3559 5323 3692 5363; x_wconf 79' lang='lat' dir='ltr'><strong>vero</strong></span> 
     </span>
    </p>
   </div>
   <div class='ocr_carea' id='block_1_114' title="bbox 2109 5404 3692 5477">
    <p class='ocr_par' dir='ltr' id='par_1_114' title="bbox 2109 5404 3692 5477">
     <span class='ocr_line' id='line_1_114' title="bbox 2109 5404 3692 5477; baseline -0.004 -14"><span class='ocrx_word' id='word_1_865' title='bbox 2109 5410 2272 5464; x_wconf 88' lang='lat' dir='ltr'><strong>etiam</strong></span> <span class='ocrx_word' id='word_1_866' title='bbox 2299 5407 2353 5462; x_wconf 91' lang='lat' dir='ltr'><strong>in</strong></span> <span class='ocrx_word' id='word_1_867' title='bbox 2391 5406 2619 5477; x_wconf 89' lang='lat' dir='ltr'><strong>reliquis</strong></span> <span class='ocrx_word' id='word_1_868' title='bbox 2659 5408 2982 5463; x_wconf 76' lang='lat' dir='ltr'><strong>ccelestibus</strong></span> <span class='ocrx_word' id='word_1_869' title='bbox 3027 5405 3311 5461; x_wconf 85' lang='lat' dir='ltr'><strong>ordinibus</strong></span> <span class='ocrx_word' id='word_1_870' title='bbox 3349 5406 3458 5460; x_wconf 88' lang='lat' dir='ltr'><strong>tale</strong></span> <span class='ocrx_word' id='word_1_871' title='bbox 3487 5404 3692 5475; x_wconf 88' lang='lat' dir='ltr'><strong>aliquid</strong></span> 
     </span>
    </p>
   </div>
   <div class='ocr_carea' id='block_1_115' title="bbox 2111 5497 3694 5572">
    <p class='ocr_par' dir='ltr' id='par_1_115' title="bbox 2111 5497 3694 5572">
     <span class='ocr_line' id='line_1_115' title="bbox 2111 5497 3694 5572; baseline -0.004 -16"><span class='ocrx_word' id='word_1_872' title='bbox 2111 5512 2322 5572; x_wconf 83' lang='lat' dir='ltr'><strong>gestum</strong></span> <span class='ocrx_word' id='word_1_873' title='bbox 2363 5515 2486 5556; x_wconf 88' lang='lat' dir='ltr'><strong>esse</strong></span> <span class='ocrx_word' id='word_1_874' title='bbox 2531 5501 2600 5555; x_wconf 88' lang='lat' dir='ltr'><strong>ab</strong></span> <span class='ocrx_word' id='word_1_875' title='bbox 2629 5517 2694 5555; x_wconf 89' lang='lat' dir='ltr'><strong>eo</strong></span> <span class='ocrx_word' id='word_1_876' title='bbox 2725 5499 3111 5571; x_wconf 85' lang='lat' dir='ltr'><strong>suspicandum</strong></span> <span class='ocrx_word' id='word_1_877' title='bbox 3146 5499 3242 5566; x_wconf 87' lang='lat' dir='ltr'><strong>sit,</strong></span> <span class='ocrx_word' id='word_1_878' title='bbox 3272 5500 3324 5554; x_wconf 91' lang='lat' dir='ltr'><strong>in</strong></span> <span class='ocrx_word' id='word_1_879' title='bbox 3351 5513 3412 5553; x_wconf 88' lang='lat' dir='ltr'><strong>ea</strong></span> <span class='ocrx_word' id='word_1_880' title='bbox 3443 5513 3548 5568; x_wconf 89' lang='lat' dir='ltr'><strong>qua</strong></span> <span class='ocrx_word' id='word_1_881' title='bbox 3580 5497 3694 5551; x_wconf 81' lang='lat' dir='ltr'><strong>sin-</strong></span> 
     </span>
    </p>
   </div>
   <div class='ocr_carea' id='block_1_116' title="bbox 2117 5592 3702 5668">
    <p class='ocr_par' dir='ltr' id='par_1_116' title="bbox 2117 5592 3702 5668">
     <span class='ocr_line' id='line_1_116' title="bbox 2117 5592 3702 5668; baseline -0.002 -17"><span class='ocrx_word' id='word_1_882' title='bbox 2117 5595 2226 5668; x_wconf 81' lang='lat' dir='ltr'><strong>guli</strong></span> <span class='ocrx_word' id='word_1_883' title='bbox 2258 5595 2461 5666; x_wconf 85' lang='lat' dir='ltr'><strong>quique</strong></span> <span class='ocrx_word' id='word_1_884' title='bbox 2493 5605 2618 5652; x_wconf 89' lang='lat' dir='ltr'><strong>sunt</strong></span> <span class='ocrx_word' id='word_1_885' title='bbox 2643 5593 2816 5651; x_wconf 81' lang='lat' dir='ltr'><strong>forma</strong></span> <span class='ocrx_word' id='word_1_886' title='bbox 2845 5607 3112 5667; x_wconf 84' lang='lat' dir='ltr'><strong>apparens</strong></span> <span class='ocrx_word' id='word_1_887' title='bbox 3145 5594 3243 5663; x_wconf 88' lang='lat' dir='ltr'><strong>eis,</strong></span> <span class='ocrx_word' id='word_1_888' title='bbox 3271 5603 3327 5650; x_wconf 89' lang='lat' dir='ltr'><strong>et</strong></span> <span class='ocrx_word' id='word_1_889' title='bbox 3357 5592 3702 5649; x_wconf 66' lang='lat' dir='ltr'><strong>annuntians</strong></span> 
     </span>
    </p>
   </div>
  </div>
