4160 6410
476 335 584 390 8‘27

1751 337 1812 393 P.
1847 336 2166 416 DANIELIS
2205 337 2441 395 HUETll
2507 354 2520 364 ἰ

3637 333 3742 390 828

479 471 694 528 pacem,
721 457 980 527 quoniam
1010 456 1234 526 quidem
1260 472 1359 526 per
1389 458 1712 528 sanguinem
1744 460 1926 514 crucis
1951 475 2063 514 suae
2090 466 2136 522 Α
2170 459 2604 513 manifestatum.
2633 475 2652 510 ι
2687 453 2793 510 Sed
2821 452 3004 510 Ruﬁni
3037 461 3219 509 tamen
3249 451 3532 524 perﬁdiam
3563 453 3744 509 denuo

479 549 786 621 paciﬁcavit
825 564 928 603 non
971 548 1148 603 solum
1184 564 1304 617 quae
1339 549 1391 603 in
1427 560 1598 618 terra,
1630 551 1724 606 sed
1752 561 1808 606 et
1837 567 1958 621 qua:
2006 555 2060 606 in

479 643 637 697 caelis
659 651 786 697 sunt
817 641 886 705 ",
913 642 1074 695 etiam
1107 650 1162 694 tu
1194 641 1336 710 apud
1362 643 1708 711 temetipsum
1731 645 2009 700 discutito.
2037 665 2057 698 ι

481 736 694 790 Etcum
727 735 910 788 homil.
942 735 966 790 l
1003 743 1059 788 et
1104 733 1141 788 2
1184 737 1240 787 in
1275 733 1466 799 Levit.,
1502 737 1780 791 Christum
1820 757 1838 788 ι
1869 738 1920 791 in
1951 751 2064 792 cm-

481 828 710 884 lestibus
737 828 954 881 vitalem
987 828 1237 896 corporis
1290 827 1374 882 sui
1429 828 1710 894 virtutem,
1751 828 1898 883 velut
1934 844 2062 884 cor-

480 919 668 988 porale
714 919 988 988 quoddam
1036 918 1376 972 sacriﬁcium
1431 919 1743 976 immolasse
1790 939 1810 972 ›
1859 921 1957 986 ait,
2009 932 2064 976 et

478 1011 726 1068 cmiestia
755 1020 984 1065 eatenus
1019 1010 1343 1078 pacificasse
1371 1025 1469 1079 per
1501 1013 1827 1080 sanguinem
1879 1028 2061 1081 suum,

479 1112 758 1174 quatenus
800 1103 852 1157 in
887 1103 1046 1159 cmlis
1080 1119 1178 1173 pro
1216 1117 1446 1158 munere
1466 1103 1686 1159 oblatus
1714 1113 1820 1159 est.

551 1195 621 1249 At
647 1207 838 1250 contra
873 1210 982 1249 una
1027 1203 1202 1250 morte
1247 1195 1300 1246 in
1344 1195 1511 1250 terris
1547 1195 1695 1249 obita
1741 1197 1904 1252 rebus
1945 1198 2066 1253 uni-

481 1287 662 1341 versis
728 1287 945 1342 ratione
1028 1287 1318 1342 instructis
1395 1286 1627 1342 salutem
1695 1291 2066 1359 promeruisse

481 1379 765 1434 Christum
792 1379 1041 1449 pluribus
1074 1379 1210 1433 locis
1239 1380 1508 1437 decernit.
1545 1379 1679 1434 Nam
1709 1392 1912 1452 praeter
1947 1400 2065 1439 ma-

482 1486 642 1540 gnam
684 1485 879 1524 eorum
945 1481 1154 1539 partem
1199 1470 1292 1537 qui
1341 1483 1508 1539 supra
1563 1472 1866 1542 deprompti
1913 1485 2061 1540 sunt,

484 1561 625 1615 unde
658 1561 708 1614 id
737 1560 895 1615 facile
943 1561 1193 1630 colligas,
1226 1572 1281 1614 et
1319 1563 1463 1617 hunc
1506 1564 1810 1631 praesertim
1849 1565 1980 1620 tomi
2010 1567 2066 1621 in

480 1649 747 1704 Joannem
782 1651 999 1719 prioris,
1030 1667 1178 1704 num.
1213 1651 1309 1712 40,
1345 1651 1397 1704 in
1441 1665 1548 1719 quo
1584 1652 1839 1709 Christus
1865 1655 2067 1710 dicitur

483 1742 660 1812 μέγας
690 1743 1002 1813 ἀρχιερεὺς,
1049 1745 1147 1814 οὐχ
1191 1745 1329 1818 ὑπὲρ
1369 1745 1674 1818 ἀνθρώπων
1711 1747 1892 1816 μόνον,
1925 1747 2064 1802 ἀλλὰ

480 1835 576 1887 καὶ
601 1836 801 1898 παντὸς
831 1834 1070 1902 λογικοῦ,
1099 1837 1199 1906 τὴν
1223 1835 1369 1903 ἅπαξ
1393 1837 1583 1892 Θυσίαν
1607 1838 2063 1910 προσενεχθεῖσαν

481 1927 671 1980 ἑαυτὸν
706 1926 1047 1996 ἀνενεγκών
1104 1939 1159 1982 et
1198 1929 1359 1983 istum
1417 1939 1678 1998 praeterea
1709 1945 1740 1984 e
1787 1940 1923 1985 tom.
1985 1947 2059 1986 vn

480 2029 668 2072 contra
705 2018 868 2084 Cels.,
915 2036 1041 2074 nunt
1091 2021 1180 2086 17,
1233 2035 1357 2090 pag.
1423 2021 1526 2075 706
1583 2042 1596 2075 :
1634 2022 1959 2094 ’Υπέμεινεν
1987 2023 2064 2088 ὡς

480 2109 646 2177 σοφὸς
671 2110 764 2162 καὶ
796 2110 1024 2174 τέλειος,
1066 2110 1210 2182 ἆπερ
1251 2113 1420 2182 ἐχρῆν
1467 2112 1757 2183 ὑπομεῖναι
1798 2115 1888 2168 τὸν
1923 2115 2065 2189 ὑπὲρ

481 2201 686 2265 παντὸς
705 2203 806 2255 τοῦ
827 2202 1020 2272 γένους
1043 2203 1151 2257 τῶν
1175 2202 1272 2257 ἀνθ
1280 2204 1500 2276 ρώπων,
1527 2205 1560 2276 ἢ
1593 2208 1686 2258 καὶ
1706 2207 1815 2260 τῶν
1830 2208 2064 2276 λογικῶν

481 2295 666 2348 πάντα
705 2295 1048 2366 πράττοντα·
1076 2311 1214 2350 unus
1243 2296 1332 2350 ille
1365 2312 1464 2366 pro
1491 2299 1746 2353 omnibus
1782 2314 1904 2354 esse
1939 2315 2062 2368 pos-

483 2396 590 2449 set,
619 2387 709 2454 qui
747 2387 978 2441 habetur
1004 2385 1057 2439 in
1093 2387 1198 2440 line
1234 2385 1328 2439 lib.
1397 2401 1429 2438 v
1475 2388 1528 2440 in
1576 2386 1746 2450 Epist.
1779 2390 1850 2442 ad
1879 2387 2062 2456 Rom.,

483 2493 635 2532 num.
679 2478 771 2541 10,
799 2493 920 2550 pag.
958 2477 1088 2545 568,
1124 2477 1212 2532 ubi
1245 2479 1433 2533 mirari
1481 2493 1541 2533 se
1582 2481 1716 2534 dicit
1749 2498 1770 2532 ι
1799 2483 2063 2551 quosdam

483 2580 675 2626 contra
707 2572 848 2627 hanc
886 2573 1352 2627 evidentissimam
1394 2571 1546 2626 Pauli
1576 2575 1903 2628 sententiam
1929 2575 2066 2629 velle

484 2675 757 2731 asserere,
787 2665 933 2734 quod
965 2663 1018 2716 in
1047 2662 1244 2719 futuris
1281 2663 1474 2718 iterum
1513 2665 1730 2720 saeculis
1758 2666 1841 2720 vel
1874 2667 2064 2721 eadem

484 2754 570 2810 vel
609 2756 806 2810 similia
852 2758 961 2826 pati
995 2771 1216 2812 necesse
1260 2757 1333 2809 sit
1385 2755 1685 2820 Christum,
1728 2767 1791 2812 ut
1840 2759 2064 2814 liberari

483 2848 696 2916 possint
732 2848 898 2900 etiam
953 2848 1008 2902 hi
1055 2863 1192 2918 quos
1225 2849 1278 2903 in
1310 2849 1567 2918 praesenti
1617 2849 1727 2904 vita
1783 2851 2068 2920 dispensa-

487 2939 652 2995 tionis
681 2940 799 3008 ejus
824 2941 1090 2996 medicina
1124 2957 1324 2998 sauare
1375 2960 1480 3000 non
1525 2947 1718 3014 petuit.
1743 2961 1764 2996 ι
1815 2944 1884 2999 Et
1908 2945 2067 3014 paulo

484 3042 642 3102 post:
680 3033 835 3087 «Sed
877 3035 945 3088 ad
1006 3036 1144 3100 hare,
1203 3036 1397 3106 inquit,
1453 3051 1552 3091 nos
1612 3037 1852 3092 breviter
1905 3047 2067 3106 prout

2167 552 2538 606 recordemur.

2236 647 2309 700 At
2335 645 2444 699 vim
2473 631 2591 698 eam
2617 641 2747 696 licet
2780 640 2941 695 morti
2974 639 3248 708 quondam
3296 637 3349 692 in
3397 638 3559 692 terris
3585 638 3747 693 Chri-

2165 747 2252 794 sto
2279 738 2442 792 illataa
2491 735 2736 790 tribuant
2770 734 2872 788 loci
2920 746 3083 800 supra
3125 730 3364 792 adducti,
3395 747 3515 800 quze
3563 729 3744 784 homi-

2165 844 2296 885 num
2331 827 2764 897 angelorumque
2791 824 3072 880 servandis
3098 823 3382 877 ordinibus
3431 821 3743 890 sufﬁceret;

2167 921 2363 975 iterum
2423 928 2604 972 tamen
2661 917 2714 970 in
2769 915 3129 984 sequentibus
3185 914 3398 968 sarculis
3453 928 3743 984 passurum

2165 1011 2441 1067 Christum
2466 1010 2680 1064 videtur
2715 1005 2985 1062 aﬁirmare
3018 1007 3166 1061 hom.
3223 1005 3249 1060 l
3283 1006 3337 1060 in
3373 1004 3563 1070 Levit.,
3589 1022 3742 1060 num.

2163 1105 2220 1162 3.
2255 1104 2417 1158 «Nisi
2470 1103 2594 1172 quia
2661 1100 2824 1168 forte,
2879 1099 3075 1170 inquit,
3133 1099 3238 1153 hoc
3303 1098 3532 1168 intelligi
3571 1099 3746 1154 voluit

2168 1196 2423 1267 (Moyses)
2439 1195 2582 1265 quod
2614 1195 2836 1263 sanguis
2861 1190 2988 1247 Jesu
3016 1207 3124 1246 non
3159 1191 3332 1247 solum
3364 1192 3416 1245 in
3437 1189 3744 1247 Jerusalem

2168 1287 2372 1344 effusus
2404 1298 2507 1353 est,
2542 1288 2633 1342 ubi
2661 1295 2779 1342 erat
2812 1285 3004 1350 altare,
3041 1294 3096 1340 et
3131 1285 3280 1340 basis
3306 1282 3446 1352 ejus,
3475 1293 3528 1338 et
3563 1284 3744 1339 taber-

2167 1381 2421 1436 naculum
2483 1379 2775 1436 testimonii
2804 1397 2819 1446 ;
2852 1377 2968 1447 (ει)
3006 1377 3101 1432 sed
3141 1386 3197 1432 et
3243 1377 3386 1447 quod
3416 1391 3578 1445 super
3607 1375 3738 1430 illud

2168 1474 2361 1539 altare,
2392 1474 2539 1544 quod
2567 1483 2654 1528 est
2691 1472 2747 1526 in
2780 1471 2960 1537 cretis,
3007 1469 3097 1524 ubi
3129 1481 3185 1524 et
3220 1467 3466 1523 Ecclesia
3508 1467 3745 1538 primiti-

2166 1583 2357 1622 voruin
2395 1576 2503 1633 est,
2541 1567 2685 1621 idem
2739 1566 2854 1635 ipse
2887 1563 3112 1634 sanguis
3156 1561 3472 1632 asperserit.
3517 1578 3536 1612 ι
3569 1559 3746 1614 Mani-

2168 1658 2338 1715 festus
2365 1675 2494 1714 vero
2518 1657 2728 1714 erroris
2755 1655 2916 1726 hujus
2947 1654 3101 1709 locus
3131 1652 3220 1708 ille
3260 1662 3345 1708 est
3380 1667 3546 1722 quem
3582 1652 3742 1706 exhi-

2167 1751 2259 1807 bet
2284 1751 2620 1806 Justinianus
2661 1749 2715 1804 in
2746 1749 2906 1819 epist.
2941 1749 3008 1802 ad
3033 1746 3248 1801 Menam
3271 1755 3328 1800 et
3358 1745 3458 1799 lib.
3490 1760 3565 1799 tv.
3599 1744 3744 1813 Περὶ

2167 1842 2392 1913 ἀρχῶν,
2461 1858 2611 1898 num.
2676 1841 2768 1896 25.
2839 1839 2931 1895 Sic
2984 1839 3075 1894 ille
3133 1839 3300 1907 vulgo
3369 1837 3550 1892 editus
3603 1846 3744 1892 est:

2167 1935 2290 1988 Ὀτι
2319 1935 2412 1988 καὶ
2429 1933 2568 2004 ὑπὲρ
2586 1933 2856 2003 δαιμόνων
2871 1931 2951 1984 δεῖ
2972 1931 3062 1984 τὸν
3079 1929 3313 2001 Χριστὸν
3339 1929 3744 2001 σταυρωθῆναι,

2166 2030 2260 2082 καὶ
2291 2026 2552 2091 πολλάκις
2575 2025 2733 2080 τοῦτο
2754 2027 2832 2089 εἰς
2853 2025 2981 2087 τοὺς
3013 2022 3303 2093 ἐσομένους
3336 2020 3540 2085 αἰῶνας
3563 2039 3577 2052 ο
3609 2020 3747 2075 ἀλλὰ

2166 2121 2271 2175 κᾶν
2315 2119 2481 2190 μέχρι
2514 2117 2608 2172 τοῦ
2667 2117 2873 2181 πάθους
2903 2134 2988 2180 τις
3023 2116 3257 2186 ζητήσῃ.
3293 2115 3566 2188 τολμηρὸν
3604 2112 3746 2178 δόξει

2167 2215 2342 2269 ποιεῖν
2388 2213 2516 2283 περὶ
2552 2211 2662 2264 τῶν
2693 2209 2960 2281 οὐρανίων
3003 2209 3188 2261 τόπων
3218 2206 3351 2260 αὐτὸ
3388 2205 3564 2276 ζητῶν
3585 2223 3598 2234 '
3629 2203 3744 2257 ἀλλ’

2166 2308 2216 2360 εἰ
2249 2305 2365 2359 ἐστι
2398 2303 2746 2375 πνευματικὰ
2769 2302 2868 2374 τῆς
2893 2299 3159 2371 πονηρίας
3193 2300 3250 2351 ὲν
3295 2299 3406 2359 τοῖς
3449 2295 3744 2366 οὐρανίοις,

2167 2400 2276 2471 ἄρα
2315 2400 2364 2451 εἰ
2398 2399 2586 2469 ὥσπερ
2633 2395 2820 2450 ἐνθάδε
2874 2393 2978 2447 οὐκ
3007 2389 3304 2461 αἰδούμεθα
3343 2387 3748 2457 σταυρούμενον

2165 2491 2451 2562 ὁμολογεῖν
2477 2491 2572 2542 ἐπὶ
2596 2487 2934 2559 καθαιρέσει,
2967 2478 3042 2540 ὧν
3070 2482 3286 2538 καθεῖλε
3314 2481 3401 2535 διὰ
3424 2480 3517 2533 τοῦ
3545 2497 3746 2533 πεπον-

2168 2585 2319 2640 θέναι
2347 2603 2361 2618 ·
2403 2585 2545 2638 οὕτω
2579 2583 2640 2636 τὸ
2673 2581 2834 2636 κάκεῖ
2877 2577 3259 2651 παραπλήσιον
3307 2574 3542 2635 διδόντες
3601 2571 3746 2641 γίνε-

2168 2679 2293 2732 σθαι
2338 2678 2407 2733 τὰ
2446 2679 2541 2732 καὶ
2581 2677 2730 2747 ἑξῆς,
2772 2675 2877 2737 ἕως
2921 2673 3021 2744 τῆς
3063 2669 3375 2733 συντελείας
3413 2667 3507 2721 τοῦ
3544 2665 3749 2730 παντὸς

2167 2771 2384 2834 αἰῶνος,
2416 2769 2476 2823 οὐ
2505 2765 2951 2840 φοϐηθησόμεθα.
3010 2763 3184 2830 Quem
3237 2762 3414 2816 locum
3465 2759 3746 2828 aliquanto

2168 2862 2488 2932 ampliorem
2539 2870 2595 2915 et
2638 2858 2834 2914 Latino
2885 2859 2967 2912 sic
3017 2863 3338 2924 conceptum
3374 2866 3626 2908 sermone
3656 2867 3746 2905 re-

2168 2963 2464 3025 praesentat
2496 2951 2855 3022 Hieronymus
2881 2949 2934 3004 in
2961 2948 3121 3018 epist.
3145 2946 3234 3012 6l,
3259 2947 3325 3002 ad
3355 2946 3652 3016 Avit..cap.
3672 2943 3707 2999 4
3728 2962 3746 2999 z

2175 3063 2197 3100 ι
2240 3045 2562 3100 Sicutenim
2599 3059 2697 3115 per
2725 3043 2972 3097 umbram
3006 3039 3282 3110 Evangelii
3317 3039 3564 3093 umbram
3613 3036 3747 3106 legis

485 3140 774 3195 possumus
808 3129 1284 3197 respondebimus.
1335 3129 1558 3184 Manere
1601 3130 1820 3199 quidem
1857 3140 2064 3184 natura:
2091 3146 2134 3204 ο
2169 3137 2413 3208 implevit
2452 3154 2468 3199 ;
2518 3137 2618 3201 sic,
2647 3136 2773 3203 quia
2816 3133 2996 3188 omnis
3019 3132 3103 3188 lex
3139 3131 3450 3202 exemplum
3477 3141 3532 3185 et
3554 3132 3746 3185 umbra

486 3219 799 3274 rationabili
857 3233 1076 3290 semper
1122 3217 1351 3276 liberum
1405 3222 1694 3276 arbitrium
1741 3237 1850 3276 non
1898 3236 2068 3293 nega-

485 3324 644 3377 mus;
675 3312 770 3365 sed
797 3320 1002 3366 tantam
1037 3328 1158 3368 esse
1188 3314 1296 3367 vim
1327 3313 1510 3368 crucis
1535 3314 1759 3380 Christi,
1787 3322 1842 3370 et
1873 3315 2068 3370 mortis

487 3400 669 3469 hujus,
699 3418 862 3472 quam
897 3403 949 3457 in
974 3405 1297 3459 saaculorutn
1324 3403 1431 3457 line
1458 3406 1717 3476 suscepit,
1745 3407 2064 3472 asserimus,

487 3509 609 3560 qua:
631 3494 696 3548 ad
726 3496 1017 3550 sanitatem
1046 3505 1102 3550 et
1136 3495 1436 3549 remedium
1470 3511 1578 3550 non
1608 3498 1786 3552 solum
1819 3513 2063 3568 praesen-

489 3585 562 3639 tis
602 3596 658 3640 et
694 3586 886 3652 futuri,
935 3589 1027 3642 sed
1066 3591 1231 3644 etiam
1259 3592 1659 3662 prreteritorum
1702 3592 2062 3656 saeculorum;

487 3686 542 3729 et
607 3693 713 3733 non
775 3679 950 3734 solum
1011 3681 1249 3738 humano
1303 3684 1429 3738 huic
1473 3697 1658 3740 nostro
1707 3684 1909 3748 ordini,
1970 3687 2066 3740 sed

487 3771 654 3825 etiam
687 3773 1006 3828 caelestibus
1036 3775 1333 3831 virtutibus
1384 3777 1775 3848 ordinibusque
1816 3778 2062 3835 snﬁiciat.

488 3863 796 3918 Secundum
830 3865 1161 3919 sententiain
1192 3882 1425 3936 namque
1455 3868 1623 3937 ipsius
1657 3869 1810 3925 Pauli
1837 3872 2065 3940 apostoli

486 3957 735 4014 Christus
794 3957 1101 4027 paciﬁcavit
1159 3973 1255 4027 per
1317 3962 1640 4030 sanguinem
1703 3962 1887 4017 crucis
1930 3978 2064 4028 suae,

485 4066 594 4105 non
617 4050 792 4105 solum
823 4065 943 4120 qua:
971 4051 1022 4105 in
1058 4062 1204 4104 terra
1226 4062 1372 4118 sunt,
1393 4053 1556 4107 sedet
1583 4069 1704 4123 quae
1734 4055 1787 4107 in
1815 4053 2008 4110 ctelis:
2042 4074 2060 4106 ι

485 4145 572 4200 vel
608 4146 700 4202 ille
747 4162 778 4201 e
807 4146 946 4202 libro
1003 4164 1040 4202 ιι
1077 4148 1220 4217 Περὶ
1264 4147 1491 4218 ἀρχῶν,
1533 4164 1651 4217 cap.
1706 4151 1762 4214 3,
1817 4166 1968 4206 num.
2010 4151 2063 4204 5.

491 4253 512 4289 ι
576 4237 744 4292 Docet
807 4250 1009 4304 autem,
1055 4239 1251 4310 inquit,
1295 4249 1517 4295 sanctus
1557 4241 1848 4310 Apostolus
1918 4240 2064 4310 quod

485 4327 738 4384 Christus
773 4328 825 4382 in
855 4345 920 4384 eo
945 4331 1142 4385 saeculo
1188 4331 1331 4400 quod
1367 4340 1496 4386 ante
1529 4331 1634 4386 hoc
1662 4330 1805 4401 ﬂuit,
1845 4345 1952 4386 non
1985 4339 2068 4386 est

486 4435 701 4490 passus,
735 4421 829 4476 sed
857 4438 925 4476 ne
953 4423 1004 4476 in
1033 4422 1125 4476 illo
1152 4422 1368 4492 quidem
1391 4424 1532 4492 quod
1561 4431 1688 4477 ante
1720 4423 1896 4491 ipsum
1927 4421 2060 4476 fuit:

2172 3240 2254 3286 est
2279 3229 2726 3285 caeremoniarum
2761 3226 3088 3290 ecelestium,
3109 3224 3426 3293 diligentius
3462 3224 3748 3293 requiren-

2171 3325 2320 3390 dum,
2351 3331 2532 3377 utrum
2567 3330 2716 3375 recte
2754 3318 3124 3387 intelligamus
3174 3317 3344 3386 legem
3383 3329 3598 3386 quoque
3636 3328 3749 3369 etn-

2169 3414 2382 3479 lestem,
2410 3424 2464 3469 et
2485 3411 2842 3470 caeremonias
2868 3411 3086 3481 superni
3133 3409 3315 3464 cultus
3348 3408 3743 3479 plenitudinem

2170 3520 2276 3558 non
2311 3505 2534 3564 habere.
2567 3501 2662 3556 sed
2695 3500 2939 3570 indigere
2987 3496 3272 3565 Evangelii
3314 3496 3568 3560 veritate,
3599 3493 3748 3564 quod

2172 3593 2227 3648 in
2253 3592 2478 3649 Joannis
2504 3589 2831 3661 Apocalypsi
2859 3587 3217 3656 Evangelium
3261 3585 3493 3655 legimus
3548 3582 3750 3651 sempi-

2171 3696 2382 3741 ternum
2416 3685 2487 3750 ⁸⁰,
2529 3684 2598 3738 ad
2627 3679 3096 3750 comparationem
3133 3677 3394 3732 videlicet
3435 3674 3597 3744 hujus
3643 3689 3747 3727 no-

2169 3780 2270 3836 stri
2306 3777 2608 3849 Evangelii,
2641 3776 2788 3846 quod
2823 3773 3122 3845 temporale
3151 3779 3256 3835 est,
3287 3770 3414 3824 etin
3451 3769 3750 3822 transiture

2169 3873 2373 3926 mundo
2397 3886 2462 3925 ac
2485 3869 2684 3925 saeculo
2713 3867 3090 3938 praedicatum.
3112 3864 3264 3930 Quod
3289 3862 3508 3931 quidem
3533 3857 3747 3914 etiamsi

2168 3979 2345 4034 usque
2383 3963 2450 4016 ad
2479 3961 2792 4032 passionem
2842 3957 3059 4013 Domini
3117 3953 3422 4010 Salvatoris
3469 3951 3749 4019 inquirere

2169 4049 2546 4109 voluerimus:
2595 4067 2905 4122 quanquam
2949 4050 3126 4104 audax
3182 4055 3239 4101 et
3280 4044 3636 4100 temerarium
3679 4041 3752 4095 sit

2170 4149 2225 4202 in
2251 4145 2390 4201 caelo
2425 4145 2546 4216 ejus
2573 4158 2822 4213 quaerere
2857 4142 3201 4211 passionem;
3254 4147 3434 4192 tamen
3489 4135 3536 4190 si
3581 4132 3749 4202 spiri-

2173 4237 2299 4291 talia
2333 4234 2588 4303 nequitia:
2617 4233 2668 4286 in
2692 4231 3012 4287 coelestibus
3042 4238 3190 4294 sunt,
3224 4235 3282 4282 et
3327 4240 3435 4280 non
3466 4223 3747 4280 erubesci-

2171 4342 2292 4381 mus
2323 4338 2540 4380 crucem
2586 4322 2803 4377 Domini
2853 4320 3102 4377 conﬁteri
3157 4327 3380 4389 prepter
3419 4316 3747 4372 destructio-

2171 4433 2298 4472 nem
2327 4430 2538 4480 eorum,
2587 4430 2708 4484 qua:
2736 4429 2834 4470 sua
2875 4413 3130 4484 passione
3170 4411 3440 4467 destruxit
3479 4427 3495 4475 ;
3549 4424 3646 4463 cur
3687 4408 3756 4460 ti-

487 4522 544 4569 et
601 4513 784 4567 nescio
824 4515 868 4568 si
918 4528 1244 4570 enumerare
1294 4513 1562 4570 suﬁiciam
1599 4525 1806 4584 quanta
1866 4513 2067 4570 fuerint
2101 4501 2145 4556 Ι)
2176 4525 2421 4566 meanius
2445 4508 2612 4564 etiam
2643 4509 2695 4562 in
2731 4509 2983 4578 supernis
3007 4507 3163 4573 locis,
3192 4507 3244 4560 in
3277 4502 3754 4560 consummatione

487 4611 760 4663 anteriora
790 4607 983 4663 saecula
1016 4609 1067 4662 in
1099 4609 1294 4677 quibus
1325 4623 1521 4677 passus
1559 4623 1667 4662 non
1695 4618 1799 4662 est.
1840 4607 1921 4664 Ex
1949 4609 2072 4676 qni-

487 4704 588 4756 bus
614 4713 795 4756 autem
839 4702 1183 4757 sermonibus
1216 4699 1368 4754 Pauli
1412 4702 1479 4753 ad
1519 4701 1862 4756 occasionem
1910 4700 2071 4768 hujus

489 4795 865 4865 intelligentiae
895 4795 1160 4856 venerim,
1189 4796 1487 4862 proferam.
1523 4793 1613 4846 Ait
1643 4793 1786 4846 enim
1840 4806 1856 4845 :
1911 4791 2067 4845 Nunc

487 4904 604 4942 vero
639 4887 798 4941 semel
832 4888 886 4940 in
930 4889 1382 4940 consummatione
1438 4885 1756 4938 surculorum
1805 4885 1875 4937 ad
1912 4883 2073 4953 refel-

487 4979 701 5031 lendum
721 4988 996 5048 peccatum
1023 4994 1116 5046 per
1146 4978 1372 5030 hostiam
1397 4977 1478 5030 sui
1503 4978 1877 5045 manifestatur
1901 4989 1976 5030 est
2003 4977 2071 5030 "’.

487 5071 668 5125 Semel
727 5073 874 5125 enim
937 5073 1013 5126 ait
1055 5071 1283 5125 hostiam
1320 5068 1596 5134 effectum,
1632 5078 1688 5122 et
1719 5071 1772 5122 in
1806 5084 2066 5123 consum-

488 5166 728 5219 matione
759 5162 1086 5218 saeculorum
1121 5163 1187 5216 ad
1223 5161 1576 5217 refellendum
1625 5169 1916 5230 peccatum
1949 5176 2070 5216 esse

2177 4603 2499 4658 saeculorum
2557 4602 2763 4672 aliquid
2821 4601 3002 4656 simile
3053 4598 3347 4668 suspicari,
3402 4605 3464 4650 ut
3510 4594 3752 4648 omnium

2177 4697 2416 4752 locorum
2456 4707 2648 4767 gentes
2687 4695 2832 4750 illius
2864 4694 3121 4762 passione
3149 4689 3471 4747 salventnr?
3501 4706 3518 4738 ι
3548 4687 3624 4740 Ex
3650 4686 3756 4738 hac

2177 4790 2492 4861 Hieronymi
2551 4789 3003 4859 interpretatione
3066 4786 3235 4855 liquet
3282 4797 3565 4853 perperam
3595 4797 3624 4833 a
3655 4777 3754 4834 Ju-

2123 4913 2137 4928 -
2173 4885 2409 4939 stiniano
2457 4892 2682 4953 accepta
2726 4882 2894 4937 fuisse
2932 4881 3095 4936 verba
3144 4878 3427 4947 Origenis;
3457 4890 3579 4929 nam
3609 4873 3755 4940 quod

2170 4978 2311 5046 apud
2337 4993 2460 5033 eum
2492 4977 2688 5046 legitur
2719 4996 2731 5030 :
2766 4975 2916 5038 Ἕως
2943 4973 3045 5044 τῆς
3075 4969 3386 5033 συντελείας
3416 4969 3512 5022 τοῦ
3552 4966 3755 5029 παντὸς

2178 5068 2394 5133 αἰῶνος,
2435 5077 2618 5122 tamne
2675 5065 2868 5134 supine
2919 5074 2974 5119 et
3023 5063 3366 5132 negligenter
3422 5059 3757 5115 intellexisse

2178 5163 2466 5218 credemus
2493 5159 2906 5230 Hieronymum,
2945 5169 3003 5212 ut
3033 5163 3295 5223 verteret,
3360 5173 3379 5207 ι
3415 5155 3469 5209 in
3492 5167 3755 5209 consum-

561 5300 606 5332 ⁷⁸
633 5299 842 5356 Coloss.
878 5315 917 5368 ι,
947 5299 1038 5352 20.
1114 5299 1161 5330 τ’
1184 5297 1347 5353 Hebr.
1400 5312 1476 5363 ix,
1522 5295 1616 5354 26.
1691 5296 1741 5327 ⁸⁵
1782 5296 1953 5366 Apoc.
1995 5312 2113 5363 xrv,
2143 5295 2195 5351 6.

565 5437 679 5510 (24)
715 5438 821 5494 Sed
842 5448 888 5493 et
937 5437 1076 5510 quod
1115 5454 1270 5510 super
1304 5437 1598 5510 illud,etc_.
1631 5435 1918 5501 Vitiosam,
1949 5451 2071 5510 qua:

494 5511 548 5566 in
578 5508 955 5564 ‘Genebrardi'
993 5509 1236 5563 editione
1287 5518 1402 5571 est,
1470 5508 1759 5563 lectionem
1820 5509 2070 5575 sequitur

497 5581 761 5635 llnetins;
798 5595 926 5633 vera
965 5588 1049 5632 est
1098 5589 1282 5633 autem
1334 5577 1422 5632 illa
1483 5593 1647 5646 quam
1683 5577 1850 5632 editio
1881 5586 2065 5630 nostra

497 5667 563 5705 ex
603 5651 707 5703 fide
743 5650 984 5702 omnium
1030 5649 1277 5702 codicum
1314 5649 1809 5716 manuscriptorum
1855 5647 1934 5702 sic
1973 5662 2070 5700 ex-

501 5722 652 5774 hibet
678 5735 692 5772 :
735 5738 753 5770 ι
789 5718 894 5773 Sed
922 5727 976 5770 et
1025 5719 1165 5784 quod
1194 5733 1488 5786 supernum
1513 5717 1688 5770 altare
1732 5717 1873 5786 quod
1901 5725 1984 5771 est
2012 5717 2066 5770 in

503 5792 680 5855 cwlis,
715 5790 803 5845 ubi
835 5796 886 5844 ct
925 5787 1159 5841 Ecclesia
1189 5788 1584 5858 primitivorum
1631 5797 1735 5854 est,
1785 5787 1924 5843 idem
1956 5786 2070 5857 ipse

2179 5433 2405 5503 sanguis
2430 5433 2744 5503 asperserit.
2777 5453 2796 5486 ο
2841 5431 2917 5486 Ex
2957 5432 3060 5503 hac
3090 5443 3325 5503 genuina
3378 5427 3610 5503 lectione
3637 5440 3755 5495 per-

2179 5497 2365 5574 peram
2394 5497 2686 5558 inferretur
2723 5504 2998 5559 Christum
3023 5497 3174 5566 juxta
3226 5499 3519 5574 Qr-igenem
3552 5497 3751 5574 iterum

2182 5566 2232 5628 in
2264 5575 2616 5644 sequentibus
2661 5575 2874 5628 sreculis
2905 5586 3216 5644 passurum.
3262 5566 3349 5623 ld'
3375 5584 3537 5644 unum
3573 5566 3752 5644 colligi

2178 5637 2377 5711 potest.
2408 5641 2609 5697 Christi
2641 5655 2868 5699 mortem
2901 5637 3003 5695 non
3033 5641 3210 5711 solum
3241 5640 3615 5711 terrestribus,
3654 5637 3750 5691 scil

2179 5708 2234 5768 et
2268 5714 2582 5768 coelestibus
2636 5715 2907 5782 profuisse
2953 5730 2965 5765 :
3003 5711 3144 5780 quod
3181 5709 3432 5766 docuisse
3489 5708 3750 5779 Origenes

2179 5785 2380 5857 passim
2420 5785 2652 5839 videtur.
