4160 6462
440 396 545 454 8’39

1257 399 1833 456 ORIGENIANORUM
1872 400 2001 456 ΜΒ.
2046 401 2109 465 ll,
2151 403 2304 459 CAP.
2347 404 2408 469 ll",
2448 404 2729 471 QUEST.
2772 408 2858 464 ll].

3596 414 3704 469 850

442 515 686 571 matione
727 516 1051 570 saeculorum
1082 516 1115 569 ‘I
1142 536 1160 568 ι
1206 516 1395 571 Potius
1426 526 1509 571 est
1554 527 1613 570 ut
1664 518 1908 571 dicamus
1943 518 2019 571 le-
2048 526 2093 579 Α
2125 521 2506 587 terrestribus,
2542 523 2634 578 sed
2671 525 2836 578 etiam
2872 538 2970 593 pro
3006 522 3321 578 eteleSIilms
3361 524 3575 581 ohlatus
3618 540 3705 582 est

440 610 699 675 gendum,
751 610 843 662 ἐπὶ
866 610 963 679 τῆς
995 610 1304 673 συντελείας
1346 610 1439 663 τοῦ
1479 610 1696 674 αἰῶνος,
1756 611 1899 663 lacili
1931 612 2020 663 lit-

444 709 683 755 terarum
720 702 1153 770 permutatione:
1181 718 1304 755 nam
1335 712 1389 757 et
1414 703 1507 757 lib.
1568 718 1600 755 v
1658 705 1712 757 in
1750 702 1919 768 Epist.
1951 704 2020 757 ad

448 794 625 859 Rom.,
692 810 838 849 num.
901 793 992 858 10,
1044 810 1167 865 pag.
1218 794 1343 858 568,
1402 796 1493 849 ubi
1551 797 1716 849 vertit
1766 795 2017 859 Ruﬁnus,

446 905 466 937 ι
496 888 686 941 mortis
710 888 891 954 hujus,
930 905 1092 957 quam
1130 891 1180 943 in
1210 890 1531 944 saeculorum
1571 890 1679 945 ﬁne
1705 891 1967 959 suscepit,
1997 910 2015 942 ι

441 980 741 1035 verisimile
766 992 851 1037 est
882 982 1171 1048 scripsisse
1208 983 1395 1036 itidem
1423 982 1737 1053 Origenem,
1790 985 1882 1036 ἐπὶ
1922 987 2020 1055 τῆς

445 1072 754 1136 συντελείας
799 1072 893 1125 τοῦ
945 1073 1160 1136 αἰῶνος.
1216 1073 1271 1127 Ιι]
1324 1074 1366 1127 si
1421 1075 1492 1127 ita
1538 1082 1640 1138 εει,
1688 1073 2020 1145 Origeniano

442 1164 568 1219 huic
600 1163 720 1218 loco
755 1166 953 1218 lemma
999 1164 1305 1232 hujusmodi
1352 1163 1695 1219 Justinianus
1747 1167 2022 1222 immerito

442 1255 737 1325 prteﬁxerit
764 1273 776 1307 :
805 1255 928 1306 ’Ότι
960 1255 1052 1307 καὶ
1077 1256 1215 1327 ὑπὲρ
1244 1256 1511 1326 δαιμόνων
1544 1256 1625 1309 δεῖ
1651 1257 1742 1309 τὸν
1787 1258 2021 1328 Χριστόν

446 1348 845 1420 σταυρωθῆναι,
876 1351 971 1403 καὶ
995 1349 1254 1412 πολλάκις
1281 1349 1438 1402 τοῦτο
1470 1350 1551 1413 εἰς
1571 1350 1697 1412 τοὺς
1729 1350 2021 1420 ἐσομένους

444 1438 664 1501 αἰῶνας.
697 1458 716 1490 ι
746 1438 1013 1508 Oportere
1053 1438 1329 1493 Christum
1364 1440 1527 1492 etiam
1557 1454 1655 1509 pro
1686 1440 2022 1494 daemonibus

444 1530 712 1600 crneiﬁgi,
744 1531 909 1599 idque
940 1530 1137 1598 sacpius
1166 1529 1216 1582 iu
1249 1530 1446 1584 futuris
1492 1530 1741 1584 szeculis:
1797 1549 1817 1582 ι
1872 1533 2018 1599 quod

445 1638 570 1676 cum
604 1632 761 1675 extra
796 1622 1048 1674 ordinem
1079 1622 1132 1674 in
1170 1620 1349 1675 fronte
1381 1621 1803 1676 describendum
1849 1632 2017 1687 esset,

444 1713 583 1767 male
616 1713 969 1781 sequentibus
993 1712 1044 1764 in
1076 1726 1236 1764 unam
1265 1713 1461 1766 seriem
1497 1721 1759 1766 attextum
1798 1720 1902 1767 est.

513 1802 700 1858 XXIV.
742 1802 899 1858 Certe
928 1805 995 1856 de
1040 1812 1215 1857 morte
1265 1818 1295 1855 a
1330 1802 1549 1858 Christo
1580 1805 1815 1872 oppetita
1854 1805 2017 1859 aliter

441 1897 679 1952 sensisse
711 1895 999 1965 Origenem
1053 1910 1117 1948 ac
1163 1896 1324 1964 vulgo
1367 1896 1417 1949 in
1468 1909 1589 1949 eum
1633 1896 1895 1966 jactalur,
1952 1912 2020 1951 ex

441 1988 742 2060 perspectis
777 1995 985 2041 attenta
1034 1988 1473 2041 consideratione
1515 1987 1631 2056 ejus
1678 1989 1861 2043 verbis
1893 2005 2021 2043 cou-

438 2078 710 2147 jecluram
766 2081 959 2146 capio;
1019 2092 1196 2146 neque
1250 2079 1392 2131 enim
1436 2078 1757 2146 persuaderi
1800 2094 2018 2147 possunt

443 2180 651 2224 tantum
687 2171 739 2224 in
782 2184 849 2224 eo
880 2169 1050 2224 fuisse
1079 2171 1345 2225 vecordia:
1368 2212 1382 2235 ,
1417 2170 1476 2224 nt
1513 2171 1707 2225 iterata
1739 2170 2017 2226 Christum

439 2262 524 2317 vel
564 2278 814 2331 passum,
842 2261 928 2315 vel
966 2277 1248 2329 passurum
1301 2275 1423 2315 esse
1459 2262 1709 2316 crederet
1730 2263 2018 2331 supplwia,

439 2366 534 2410 aut
565 2358 623 2409 in
645 2355 809 2420 ccelo,
846 2363 939 2408 aut
968 2354 1020 2407 in
1058 2369 1225 2417 aere;
1259 2353 1344 2407 vel
1376 2342 1599 2423 angeli,
1638 2355 1725 2411 vel
1760 2355 2020 2410 dannonis

439 2448 685 2502 indutum
716 2448 919 2501 forma.
957 2444 1255 2501 Calumniaa
1303 2446 1430 2499 huic
1466 2446 1764 2513 prmbuisse
1808 2446 2022 2501 videtur

438 2553 623 2591 ansam
657 2552 798 2590 unus
830 2536 917 2591 ille
944 2537 1098 2590 locus
1156 2548 1315 2603 quem
1342 2536 1643 2605 ,proferuut
1682 2534 2019 2591 lustinianus

438 2641 492 2685 et
525 2630 905 2700 llierouymus.
943 2629 1075 2683 Nam
1125 2628 1290 2682 alium
1327 2629 1529 2682 nullum
1584 2633 1859 2699 expressis
1913 2632 2020 2686 ha:-

439 2737 626 2777 reseos
659 2723 819 2791 hujus
844 2723 988 2776 notis
1029 2722 1296 2792 insignem
1332 2723 1470 2789 apud
1508 2736 1629 2775 eum
1665 2726 1898 2793 reperio,
1924 2742 2021 2778 nec

436 2817 577 2870 ullos
609 2815 661 2869 in
692 2815 759 2869 iis
791 2816 1067 2869 exstitisse
1099 2814 1567 2869 lucubrationibus
1610 2816 1906 2871 verisimile
1939 2826 2022 2871 est

438 2921 557 2975 quae
586 2906 1020 2969 interciderunt;
1054 2921 1156 2960 nec
1195 2920 1292 2960 eos
1327 2906 1526 2976 quippe
1560 2908 1795 2961 intactos
1827 2909 2020 2960 adver-

439 2999 571 3054 sarii
590 3000 708 3068 ejus
731 2998 1232 3067 praetermisissent.
1259 2998 1328 3051 At
1352 2998 1527 3052 locum
1559 2999 1702 3053 hunc
1729 2997 2021 3053 Iustiniani

439 3102 759 3161 corruptum
802 3091 970 3145 fuisse
1002 3091 1520 3146 demonstravimus.
1570 3090 1722 3155 Quod
1754 3091 1798 3145 si
1830 3090 2023 3145 Hiero-

440 3183 591 3255 nymi
622 3182 1058 3254 interpretationi
1108 3184 1482 3238 adhaereamus
1506 3224 1523 3249 ,
1558 3199 1664 3237 non
1696 3192 1803 3236 tam
1838 3195 2022 3251 aperta

440 3275 856 3339 eritsententia,
892 3284 948 3327 ut
995 3274 1120 3327 inde
1164 3275 1427 3343 consequi
1462 3274 1654 3329 demus
1701 3275 1755 3329 id
1788 3276 2021 3330 voluisse

442 3368 545 3422 sibi
599 3366 928 3438 Origenem,
986 3365 1263 3421 Christum
1297 3382 1395 3433 pro
1446 3367 1783 3423 dzemonibus
1824 3369 2021 3424 iterum

442 3470 674 3516 mortem
714 3460 1107 3530 appetiturum.
1168 3462 1456 3518 Maximam
1493 3472 1751 3530 praeterea
1788 3471 1842 3521 et
1885 3478 2022 3530 prm-

440 3553 654 3623 cipuam
709 3552 978 3622 dogmatis
1032 3553 1195 3622 hujus
1250 3563 1479 3621 partem,
1540 3568 1659 3621 qua:
1702 3568 1799 3621 pro
1849 3553 2024 3607 salute

440 3648 745 3701 daemonum
768 3645 1067 3698 daemonem
1097 3648 1337 3699 futurum
1368 3645 1642 3699 Christum
1673 3646 1882 3708 statuit,
1919 3647 2023 3698 mi-

444 3739 591 3793 nime
618 3740 669 3791 in
708 3737 962 3805 Origenis
996 3747 1211 3791 exstare
1246 3736 1398 3791 libris
1430 3736 1632 3790 fatetur
1661 3735 2025 3805 Hieronymus

442 3833 604 3901 epist.
630 3830 692 3884 61
725 3831 791 3883 ad
815 3830 995 3894 Avit.,
1026 3844 1145 3897 cap.
1174 3830 1231 3895 Δ,
1268 3829 1362 3882 sed
1399 3843 1462 3883 ex
1497 3829 1613 3897 ejus
1645 3836 1849 3882 tantum
1900 3843 2026 3897 pro-

443 3923 707 3979 nuntiatis
736 3921 1040 3975 necessario
1069 3920 1335 3988 proﬂuere
1356 3919 1658 3973 arbitratus
1694 3928 1811 3984 est;
1841 3920 2025 3973 itidem

442 4026 504 4070 ut
549 4013 955 4067 Alexandrinus
1009 4011 1097 4066 ille
1144 4009 1511 4078 Theophilus,
1568 4009 2024 4078 quemadmodum

444 4106 581 4172 dixi,
612 4121 733 4159 cum
766 4118 957 4158 eorum
995 4101 1378 4156 accusationes
1422 4114 1787 4154 recenserem.
1824 4097 2029 4153 Genui-

444 4214 570 4253 nam
628 4212 759 4268 ergo
805 4196 871 4250 de
932 4204 1105 4249 morte
1165 4193 1372 4248 Christi
1426 4191 1725 4246 doctrinam
1777 4188 2029 4257 Origenis

447 4291 587 4346 hanc
607 4288 770 4343 fuisse
812 4303 1041 4343 censeo:
1070 4285 1238 4341 semel
1261 4283 1484 4338 omnino
1503 4282 1778 4338 Christum
1807 4282 2028 4345 obiisse,

446 4387 499 4440 in
533 4385 693 4439 terris
728 4383 1006 4445 nimirum,
1059 4395 1182 4434 cum
1220 4395 1248 4433 a
1286 4377 1477 4433 Pontio
1516 4376 1689 4431 Pilato
1724 4375 1886 4429 morti
1933 4375 2029 4429 atl—

446 4480 630 4533 dictus
668 4487 753 4532 est
789 4496 803 4531 :
843 4485 1131 4547 postquam
1161 4483 1339 4527 autem
1378 4479 1607 4525 cruento
1632 4468 1743 4523 illic
1768 4477 2031 4523 mactatus

2126 610 2304 666 hosﬁa
2341 611 2522 680 Jesus,
2570 625 2625 669 et
2653 616 2741 670 hic
2788 614 3004 685 quidem
3047 631 3146 683 pro
3183 618 3493 672 hominibus
3529 621 3700 688 ipsam

2125 704 2459 771 corporalem
2503 708 2782 761 materiam
2818 710 3097 778 sanguinis
3126 710 3208 763 sui
3253 710 3387 764 ludit
3413 727 3425 761 :
3454 711 3506 764 in
3539 713 3699 765 caele.

2124 796 2296 849 subus
2328 811 2459 851 vero
2484 799 2924 854 ministrantibus
2976 804 3060 870 (si
3097 803 3188 871 qni
3235 803 3309 855 illi
3362 803 3492 856 inibi
3537 803 3705 873 sunt)

2126 888 2529 954 sacerdotibus,
2562 892 2780 945 vitalem
2816 895 3060 963 corporis
3097 894 3179 948 sui
3217 893 3517 961 virtutem,
3556 895 3704 948 velut

2122 979 2413 1048 corporale
2444 982 2715 1049 quoddam
2745 984 3098 1051 sacriﬁcium,
3132 985 3456 1040 immolavit.
3486 1004 3504 1037 ι
3540 986 3702 1041 Addit

2123 1069 2317 1126 deimle
2360 1073 2628 1142 duplicem
2662 1075 2713 1128 in
2750 1091 2816 1130 eo
2849 1075 3019 1131 fuisse
3064 1079 3334 1143 hostiam,
3383 1094 3544 1132 uuam
3593 1090 3703 1135 ter-

2124 1163 2392 1218 restribus
2441 1166 2878 1231 convenientem,
2913 1168 3073 1221 aliam
3119 1180 3301 1237 aptam
3346 1169 3703 1236 caelestibus;

2122 1264 2324 1307 etcum
2368 1256 2567 1325 duplici
2616 1258 2707 1313 illo
2758 1259 3059 1325 velamine,
3118 1262 3260 1330 quod
3312 1273 3704 1317 commemorat

2122 1343 2321 1399 Paulus
2347 1346 2399 1400 in
2444 1348 2684 1415 Epistola
2714 1351 2781 1404 ad
2816 1349 3074 1406 Hebra-os
3107 1352 3176 1418 ⁸⁸,
3205 1368 3334 1408 caro
3366 1354 3593 1419 Christi,
3647 1362 3703 1407 et

2124 1437 2321 1491 caelum
2350 1441 2493 1508 quod
2530 1441 2645 1509 ipse
2687 1443 3018 1509 penetravit,
3054 1444 3459 1513 sigttiliCenlur,
3505 1445 3699 1514 duplex

2123 1531 2351 1600 proinde
2400 1531 2810 1604 intelligendum
2862 1548 2985 1588 esse
3042 1536 3369 1589 sacriﬁcium
3417 1551 3513 1605 per
3556 1539 3700 1604 quod

2124 1624 2477 1679 terrestribus
2499 1634 2555 1678 et
2582 1625 2896 1682 cmlestibus
2930 1627 3156 1681 salutem
3192 1629 3541 1697 compararit.
3578 1627 3703 1683 Haec

2123 1724 2328 1769 attente
2359 1728 2641 1786 perspecta
2656 1720 3057 1786 expositionem
3081 1735 3202 1788 quae
3226 1720 3290 1772 ad
3325 1734 3476 1772 oram
3494 1720 3702 1789 adjecta

2124 1816 2233 1871 est,
2272 1806 2561 1861 manifesto
2592 1818 2878 1877 respuerit,
2914 1826 3017 1879 qua
3054 1812 3276 1864 caeleste
3308 1810 3437 1863 illud
3492 1812 3703 1864 sacriﬁ-

2124 1899 2266 1953 cium
2300 1898 2699 1952 Eueharistiam
2731 1915 2874 1963 esse,
2936 1909 3196 1954 terrestre
3244 1915 3375 1953 vero
3419 1900 3704 1955 toleratam

2125 1989 2178 2043 in
2211 2004 2376 2044 cruce
2409 2001 2633 2044 mortem
2671 1993 2954 2046 asseritur.
2991 1993 3258 2045 Prteterea
3306 2007 3410 2045 non
3447 2008 3544 2059 pro
3571 2008 3698 2061 pec-

2124 2090 2267 2145 cato,
2312 2082 2405 2134 sed
2434 2095 2532 2149 pro
2603 2094 2827 2135 munere
2854 2081 3093 2135 oblatmn
3146 2082 3198 2134 in
3254 2082 3393 2135 coelo
3426 2079 3701 2136 Christum

2124 2172 2435 2240 pronuntiat
2470 2174 2616 2226 hom.
2666 2187 2703 2225 ll
2735 2172 2791 2225 in
2822 2170 3010 2238 Levit.,
3044 2186 3191 2224 num.
3220 2170 3254 2223 5
3287 2190 3300 2225 :
3338 2191 3355 2222 ι
3386 2172 3519 2226 Vide
3550 2188 3700 2241 ergo,

2126 2264 2321 2331 inquit,
2349 2280 2414 2317 ne
2448 2264 2589 2318 forte
2628 2262 2808 2325 Jesus.
2843 2279 3006 2332 quem
3045 2263 3245 2318 Paulus
3277 2262 3322 2294 ⁸³
3350 2262 3482 2316 dicit
3515 2262 3703 2331 paciﬁ-

2124 2370 2281 2409 casse
2305 2372 2400 2422 per
2430 2357 2749 2424 sanguinem
2785 2371 2943 2409 suum
2974 2370 3078 2408 non
3105 2355 3282 2409 solum
3301 2355 3489 2423 quaein
3522 2357 3701 2416 terris,

2125 2450 2217 2503 sed
2245 2458 2300 2501 et
2333 2464 2453 2518 qua:
2487 2449 2539 2502 in
2567 2448 2726 2503 caelis
2761 2456 2908 2512 sunt,
2948 2448 3089 2501 idem
3124 2449 3237 2517 ipse
3267 2449 3337 2502 sit
3364 2447 3586 2514 vitulus,
3611 2451 3703 2518 qui

2124 2541 2178 2596 in
2219 2541 2372 2596 etelis
2406 2541 2622 2609 quidem
2657 2555 2765 2595 non
2794 2555 2888 2609 pro
2920 2549 3176 2608 peccato,
3223 2541 3314 2591 sed
3354 2553 3452 2604 pro
3482 2552 3707 2592 munere

2122 2631 2338 2685 oblatus
2369 2639 2453 2685 est
2482 2649 2494 2683 :
2528 2630 2584 2683 in
2624 2629 2786 2684 terris
2814 2638 2991 2683 autem
3014 2668 3030 2693 ,
3071 2629 3160 2682 ubi
3212 2628 3282 2682 ab
3328 2628 3497 2682 Adam
3534 2643 3709 2697 usque

2124 2724 2189 2776 ad
2225 2722 2461 2792 Moysem
2511 2723 2758 2791 regnavit
2790 2732 3072 2790 peccatum
3123 2719 3192 2785 “,
3248 2720 3461 2774 oblatus
3494 2721 3567 2774 sit
3611 2736 3709 2787 pro

2124 2823 2350 2882 peccato
2379 2831 2393 2867 :
2426 2814 2612 2866 ethoc
2658 2821 2742 2865 est
2788 2826 3009 2881 passum
3069 2825 3191 2865 esse
3235 2821 3389 2865 extra
3445 2820 3650 2869 castra.
3683 2829 3703 2862 ο

2125 2904 2404 2972 Quomodo
2434 2914 2611 2958 autem
2639 2904 2933 2973 unicuique
2960 2904 3011 2958 in
3041 2919 3137 2958 sua
3172 2903 3346 2958 forma
3374 2903 3711 2971 apparuerit,

2124 2998 2346 3066 exponit
2377 2997 2494 3064 ipse
2523 3007 2652 3051 tom.
2693 3012 2710 3050 ι
2739 2997 2793 3049 in
2816 2994 3005 3061 Joan.,
3042 3010 3192 3049 num.
3222 2995 3315 3057 54,
3350 3003 3405 3048 ει
3434 2994 3707 3047 hominem

2126 3089 2434 3145 hominibus
2473 3088 2674 3142 factum
2721 3102 2844 3143 esse
2876 3089 3052 3151 docet,
3089 3088 3304 3157 quando
3341 3105 3359 3138 ι
3393 3085 3709 3139 manifesta-

2129 3189 2215 3233 tus
2240 3187 2327 3234 est
2362 3178 2415 3232 in
2445 3192 2646 3243 carne;
2671 3175 2717 3207 ⁸⁸
2744 3195 2762 3228 i
2806 3175 3068 3245 Angelum
3091 3176 3298 3243 angelis
3318 3214 3334 3238 ,
3360 3175 3577 3244 quando
3610 3189 3709 3242 pa-

2129 3268 2381 3323 triarchis
2403 3279 2456 3323 et
2486 3267 2767 3337 prophetis
2794 3267 2942 3320 visus
2974 3275 3078 3331 est,
3112 3266 3283 3337 Moysi
3315 3276 3443 3336 puta
3477 3266 3529 3319 in
3552 3266 3705 3325 rubo;

2126 3360 2315 3416 inferis
2345 3369 2554 3425 autem,
2600 3358 2816 3428 quando
2874 3374 2893 3407 ι
2924 3354 3125 3410 Factus
3171 3366 3255 3410 est
3296 3355 3438 3409 inter
3469 3364 3714 3407 mortuos

2125 3453 2265 3508 lber
2299 3452 2401 3505 ⁸⁸.»
2456 3449 2787 3505 Ρηεᾱίειιεεε
2837 3462 3051 3517 quoque
3080 3446 3287 3517 angelis
3327 3444 3711 3514 Evangelium,

2125 3544 2229 3598 dici
2261 3553 2458 3614 potest,
2491 3542 2708 3611 quando
2737 3541 2931 3595 futura:
2963 3539 3358 3594 lncarnationis
3390 3537 3709 3608 mysterium

2126 3636 2257 3704 ipsis
2310 3635 2558 3704 aperuit;
2627 3632 3000 3688 subterraneis
3047 3646 3196 3695 vero,
3230 3630 3445 3699 quando
3492 3628 3713 3680 «Pene-

2129 3728 2292 3783 travit
2330 3741 2521 3782 omnes
2584 3725 2872 3780 inferiores
2902 3734 3086 3790 partes
3136 3733 3316 3785 terrae,
3374 3727 3429 3774 et
3481 3719 3717 3788 inspexit

2128 3835 2317 3876 omnes
2358 3818 2714 3880 dormientes,
2749 3826 2803 3870 et
2844 3814 3172 3870 illuminavit
3215 3828 3404 3867 omnes
3433 3821 3719 3881 Sperantes

2130 3912 2182 3966 in
2231 3910 2456 3965 Domino
2499 3910 2634 3975 37;»
2708 3910 2923 3979 quando
2987 3925 3006 3957 ι
3077 3904 3439 3961 mortiﬁcatus
3495 3902 3713 3970 quidem

2130 4018 2311 4066 carne,
2353 4002 2655 4056 viviﬁcatus
2684 4010 2866 4054 autem
2894 3999 3114 4065 spiritu,
3172 3998 3225 4051 in
3276 4011 3343 4049 eo
3394 3996 3480 4047 his
3513 3993 3606 4063 qui
3660 3994 3719 4047 in

2131 4109 2353 4149 carcere
2396 4102 2555 4147 erant
2618 4093 2897 4161 spiritibus
2942 4090 3167 4144 veniens
3227 4087 3561 4157 praedicavit,
3621 4087 3713 4153 qni

2132 4186 2396 4241 increduli
2437 4186 2654 4239 fuerant
2678 4184 3012 4253 aliquando,
3047 4182 3269 4251 quando
3313 4182 3710 4247 exspectabant

2136 4279 2226 4332 Dei
2261 4275 2578 4345 patientiam
2607 4276 2658 4327 in
2692 4275 2882 4329 diebus
2913 4272 3025 4327 Noe
3055 4272 3139 4336 ⁸⁸;
3171 4290 3190 4323 ι
3243 4270 3460 4339 quando
3516 4288 3533 4320 ι
3567 4284 3716 4321 mor-

2136 4372 2241 4427 tuis
2266 4368 2697 4438 evangelizatum
2728 4375 2834 4432 est,
2859 4375 2917 4419 ut
2945 4366 3258 4435 judicentur
3284 4362 3501 4431 quidem
3523 4376 3719 4414 secun-

2136 4464 2262 4518 dum
2301 4462 2549 4517 homines
2596 4459 2649 4512 in
2703 4474 2891 4522 carne,
2948 4458 3134 4511 vivant
3187 4464 3366 4509 autem
3418 4454 3714 4508 secundum

445 4570 720 4625 sacriﬁcio
754 4543 1032 4623 hominum
1072 4578 1293 4638 peccata
1324 4566 1455 4621 eluit
1482 4604 1497 4627 ,
1533 4562 1761 4633 Spiritali
1794 4561 2023 4630 quodam
2060 4561 2111 4620 Ι)
2140 4556 2305 4609 Deum
2338 4554 2390 4606 in
2429 4553 2621 4623 spiritu
2643 4552 2710 4605 ⁸³.
2743 4569 2764 4603 ›
2802 4549 2898 4604 Vel
2928 4559 3053 4602 tunc
3084 4548 3249 4603 etiam
3276 4546 3484 4617 angelis
3514 4543 3717 4597 doctri-

447 4663 717 4719 sacriﬁcio
746 4661 1072 4724 caelestium,
1109 4659 1449 4727 aliarumque
1476 4670 1653 4709 rerum
1676 4694 1690 4717 ,
1721 4668 1842 4722 quae
1870 4651 2033 4704 ratio-

448 4755 534 4808 nis
557 4761 835 4822 compotes
873 4760 1089 4818 essent,
1116 4764 1289 4803 noxas
1321 4746 1668 4802 abstersisse.
1711 4761 1730 4794 ι
1760 4741 1873 4796 Nisi
1904 4742 2029 4809 quia

448 4846 611 4908 forte,
646 4863 663 4896 ι
725 4843 903 4913 inquit
952 4845 1097 4897 hom.
1138 4843 1159 4894 'l
1196 4842 1250 4894 in
1296 4838 1487 4904 Levit.,
1539 4852 1687 4889 num.
1753 4834 1809 4899 5,
1868 4851 1885 4883 ι
1928 4834 2028 4885 hoc

447 4937 676 5007 intelligi
708 4936 881 4990 voluit
921 4932 1179 5006 (Moyses)
1212 4933 1353 5000 quod
1376 4929 1597 4999 sanguis
1628 4925 1756 4981 Jesu
1792 4926 1842 4979 in
1872 4922 2030 4979 Jeru-

447 5029 620 5085 salem
642 5026 848 5081 eﬁ‘usus
874 5035 976 5087 est,
1002 5027 1092 5078 ubi
1118 5032 1237 5076 erat
1269 5023 1464 5083 altare,
1508 5028 1563 5074 et
1603 5019 1747 5073 basis
1792 5017 1909 5086 ejus
1929 5056 1944 5079 ,
1975 5023 2031 5068 et

451 5119 861 5177 tabernaculum
909 5116 1247 5180 testimonii;
1296 5114 1389 5168 sed
1441 5123 1492 5167 et
1538 5112 1681 5181 quod
1735 5123 2029 5178 supernmn

453 5216 626 5269 altare
652 5213 798 5283 quod
829 5219 911 5265 est
933 5210 986 5263 in
1014 5209 1190 5273 ctelis,
1244 5207 1335 5261 ubi
1380 5215 1434 5259 et
1468 5204 1708 5259 Ecclesia
1736 5201 2034 5272 primitivo-

453 5322 570 5361 rum
596 5316 699 5370 est,
730 5305 870 5358 idem
900 5304 1016 5370 ipse
1047 5304 1269 5369 sanguis
1300 5298 1617 5368 asperserit,
1650 5296 1789 5350 sicut
1821 5293 2035 5362 etApo-

452 5398 623 5456 Stolus
651 5396 825 5450 dicit:
864 5394 1002 5459 Quia
1033 5391 1327 5463 paciﬁcavit
1369 5406 1460 5451 per
1503 5387 1811 5457 sanguinem
1855 5385 2030 5439 crucis

456 5507 583 5556 suae,
622 5490 729 5543 sive
768 5503 883 5559 qua:
916 5487 970 5538 in
1002 5495 1143 5538 terra
1168 5492 1310 5546 sunt,
1358 5481 1463 5534 sive
1505 5496 1623 5549 quae
1666 5479 1721 5531 in
1772 5477 1918 5531 caelis
1958 5476 2026 5530 ⁸⁸.

459 5580 625 5642 [tecte
658 5594 788 5647 ergo
820 5576 1062 5631 secundo
1118 5572 1363 5626 nominat
1424 5574 1596 5623 altare
1618 5609 1633 5633 ,
1674 5570 1818 5637 quod
1850 5577 1933 5622 est
1964 5567 2031 5621 ad

454 5673 657 5729 ostium
697 5665 1027 5723 tabernaculi
1065 5659 1381 5727 testimonii,
1427 5659 1553 5730 quia
1586 5673 1693 5712 non
1726 5656 1900 5712 solum
1931 5669 2030 5726 pro

524 5790 570 5822 "
600 5787 805 5843 Coloss.
861 5799 902 5848 ι,
942 5782 1035 5838 20.
1148 5779 1192 5812 ⁸²
1235 5777 1381 5848 Capp

458 5863 504 5896 ⁸⁸
528 5860 667 5919 Psal.
694 5845 935 5922 Lxxxvt't,
961 5855 1021 5920 5,
1040 5851 1094 5908 6.
1169 5849 1212 5884 ⁸⁷
1240 5845 1403 5905 Eccli.
1430 5861 1576 5915 xxiv,
1606 5845 1695 5901 45.

2132 4662 2256 4700 nam
2295 4659 2446 4698 suam
2486 4643 2819 4714 praedicasse
2843 4641 3103 4696 dicendus
3124 4648 3241 4702 est,
3287 4653 3410 4691 cum
3441 4638 3506 4689 ad
3544 4636 3719 4689 homi-

2131 4754 2225 4793 nes
2251 4739 2415 4792 verba
2460 4735 2701 4800 faciens,
2754 4742 3048 4802 praesentes
3107 4745 3322 4798 quoque
3376 4728 3595 4796 angelos
3634 4736 3719 4779 est

2127 4830 2411 4884 allocutus.
2472 4828 2525 4882 Id
2578 4828 2757 4882 innuit
2801 4825 3063 4895 Origenes
3093 4822 3277 4878 homil.
3342 4821 3413 4875 Ξῖ)
3436 4822 3489 4873 in
3530 4817 3659 4871 Luc.
3695 4831 3715 4868 :

2133 4940 2150 4973 ι
2183 4921 2346 4975 Docet
2380 4921 2544 4990 igitur
2574 4919 2829 4974 Salvator
2864 4926 3074 4982 noster,
3124 4924 3177 4970 et
3213 4914 3451 4983 Spiritus
3480 4921 3702 4966 sanctus

2127 5014 2217 5083 qui
2253 5013 2465 5066 locutus
2490 5020 2575 5066 est
2622 5011 2674 5064 in
2724 5009 3036 5080 prophetis,
3087 5022 3189 5063 non
3228 5007 3397 5061 solum
3440 5005 3713 5066 homines,

2129 5105 2223 5158 sed
2284 5104 2447 5157 etiam
2502 5101 2747 5171 angelos,
2808 5111 2862 5154 et
2928 5101 3159 5153 virtutes
3207 5096 3595 5162 invisibilesp
3664 5103 3721 5147 et

2129 5195 2370 5249 deinde:
2418 5212 2435 5245 ι
2475 5192 2636 5247 Venit
2684 5192 2828 5247 enim
2884 5207 2994 5244 non
3054 5188 3295 5244 Joannes
3335 5197 3391 5242 et
3444 5186 3720 5257 pr0pheta:

2132 5294 2364 5351 tantum,
2398 5284 2490 5339 sed
2524 5284 2690 5337 etiam
2726 5283 2841 5351 ipse
2870 5281 3123 5337 Salvator
3145 5322 3159 5345 ,
3199 5290 3255 5335 et
3286 5280 3598 5335 hominibus
3622 5318 3638 5341 ,
3667 5288 3719 5331 et

2139 5378 2363 5447 angelis,
2391 5386 2445 5431 et
2466 5375 2759 5430 virtutibus
2789 5373 2999 5428 caeteris
3028 5373 3320 5428 salutarem
3345 5370 3719 5440 paenitentiam

2139 5470 2457 5540 praedicare,
2501 5476 2559 5520 ut
2590 5467 2644 5521 in
2671 5465 2891 5520 nomine
2918 5463 3041 5519 Jesu
3083 5479 3244 5519 omne
3271 5478 3409 5533 genu
3440 5461 3718 5525 ﬂectatur,

2138 5563 2467 5625 caelestium,
2506 5561 2843 5615 terrestrium
2880 5568 2932 5613 et
2968 5558 3304 5613 inl'ernorum
3336 5556 3402 5612 ⁸⁸).
3429 5574 3449 5609 ι
3486 5555 3729 5626 Angelos

2139 5656 2339 5727 quippe
2361 5652 2602 5724 peccatis
2653 5650 2917 5706 obnoxios
2945 5664 3067 5705 esse
3096 5648 3308 5704 censuit
3334 5688 3351 5715 ,
3385 5657 3447 5702 ut
3475 5647 3732 5703 dicemus

1388 5815 1402 5830 .
1456 5791 1537 5839 vt,
1588 5773 1697 5836 20;
1747 5790 1801 5832 x.
1844 5772 1935 5826 20.
2013 5772 2034 5805 ⁸

2127 5771 2302 5827 ioloss.
2365 5786 2404 5833 ι.
2453 5769 2543 5823 eo.
2619 5768 2666 5839 ξι
2701 5768 2858 5821 Rom.
2896 5782 2952 5839 γ,
2998 5762 3279 5839 ιιηίειηι
3330 5762 3472 5818 Tim.
3497 5778 3596 5839 ni,
3622 5748 3728 5817 ιϐ.

1770 5847 1847 5898 ⁸⁸1
1874 5846 2016 5900 Ρειι·.
2053 5859 2140 5913 ιιι,
2169 5842 2369 5900 18-20.

2445 5841 2490 5874 ⁸³
2532 5839 2573 5896 ll
2620 5838 2765 5897 Petr.
2801 5836 2953 5908 tv,6.
3029 5838 3075 5872 ”
3108 5835 3341 5908 Philipp.
3378 5850 3451 5905 tt,
3490 5836 3584 5890 10.
