4160 6462
451 370 552 428 831

1729 371 1790 427 P.
1832 369 2151 426 DANIELIS
2183 370 2418 426 HUETII

3609 371 3717 426 832

454 492 619 547 infra.
653 488 763 546 Nec
785 488 1068 544 Christum
1097 489 1385 557 duntaxat,
1412 492 1504 544 sed
1539 499 1592 544 et
1622 493 1944 560 prephctas,
1981 501 2037 544 et
2072 494 2108 548 Α
2138 499 2191 546 et
2245 490 2453 557 angelis
2512 487 2650 557 ejus,
2719 501 2994 557 nunquam
3037 496 3213 540 tamen
3273 485 3380 542 illis
3440 487 3717 543 restitutio

453 585 744 656 apostolos,
773 584 1210 654 quotiescunque
1255 585 1322 637 ad
1358 585 1607 639 homines
1629 587 1935 640 orationem
1973 587 2038 642 de

453 679 651 732 divinis
683 677 843 731 rebus
865 675 1193 738 habuerunt,
1215 677 1280 728 ad
1308 677 1527 744 angelos
1545 693 1758 747 quoque
1782 679 2039 734 habuisse

451 770 640 825 eadem
667 767 886 822 humilia
917 767 1244 822 declaravit.
1283 768 1358 822 Ita
1411 777 1590 822 autem
1620 780 1674 824 et
1705 770 1911 838 angelis
1936 811 1952 836 ,
1984 783 2038 824 et

453 860 866 924 subterraneis,
917 869 974 914 et
1024 860 1338 916 hominibus
1394 861 1670 915 Christum
1725 864 2039 931 apparuisse

452 951 682 1019 putavit,
732 959 792 1004 ut
841 951 1015 1006 unica:
1059 966 1169 1005 suae
1195 954 1383 1007 mortis
1439 953 1490 1006 in
1528 967 1754 1019 corpore
1802 954 2037 1007 humano

455 1042 694 1096 tolerata:
724 1043 1044 1097 beneﬁcium
1077 1045 1141 1097 iis
1170 1045 1484 1113 applicaret.
1513 1062 1618 1098 non
1661 1056 1717 1098 ut
1742 1046 2038 1114 assumptis

453 1133 666 1188 illorum
697 1134 882 1190 furmis
905 1152 1070 1189 novas
1095 1148 1298 1191 mortes
1323 1138 1637 1192 sustineret.
1670 1139 1825 1204 Quod
1854 1149 2034 1192 autem

453 1226 651 1280 alicubi
707 1229 912 1280 sentire
972 1229 1207 1292 videtur,
1251 1229 1530 1283 Christum
1576 1246 1680 1284 non
1731 1245 1829 1299 pro
1870 1231 2035 1285 rebus

454 1319 616 1372 modo
674 1321 888 1374 ratione
919 1321 1162 1389 przeditis
1201 1321 1404 1375 obiisse
1449 1332 1678 1375 mortem
1705 1361 1721 1386 ,
1789 1323 1883 1376 sed
1937 1339 2037 1392 pro

456 1414 657 1464 creatis
696 1412 856 1464 etiam
889 1412 1308 1481 quibuscunque
1335 1413 1493 1468 facile
1522 1413 1915 1480 explicabimus
1937 1455 1953 1480 ,
1990 1415 2034 1470 si

462 1501 868 1556 meminerimus
927 1502 1188 1574 refragari
1236 1503 1285 1556 id
1321 1504 1580 1558 doctrina:
1614 1503 1784 1572 ipsius
1812 1517 2038 1560 contex—

456 1592 532 1644 ttti
568 1600 622 1644 et
651 1592 907 1660 sequelae,
945 1608 1070 1646 nam
1103 1594 1330 1647 rationis
1373 1593 1599 1662 capacia
1625 1594 1807 1647 omnia
1842 1608 2034 1664 perpe-

457 1692 607 1736 tuum
663 1682 867 1737 habere
925 1681 1192 1738 libertatis
1223 1700 1378 1739 usum
1435 1686 1687 1753 opinatus
1745 1694 1867 1752 est;
1918 1700 2037 1754 qua:

454 1773 631 1829 libera
679 1784 888 1838 autem,
950 1791 1013 1830 ea
1055 1777 1294 1846 peccatis
1349 1776 1617 1840 obnoxia;
1657 1791 1776 1845 qua:
1824 1778 2032 1846 peccati

457 1882 578 1930 rea,
608 1882 671 1921 ea
708 1868 1034 1936 purgatione
1075 1883 1268 1938 egere;
1316 1869 1689 1938 purgationem
1732 1885 1862 1923 vero
1903 1885 2034 1923 con-

459 1958 607 2012 ferre
635 1959 803 2012 solam
833 1959 1036 2013 Christi
1071 1968 1300 2013 mortem
1335 1959 1597 2027 potuisse.
1646 1958 1713 2012 At
1743 1974 1829 2013 res
1863 1960 2035 2014 ratio—

457 2053 543 2106 nis
570 2063 823 2120 expertes
850 2051 1099 2107 libertate
1139 2067 1330 2106 carere
1356 2094 1370 2118 ,
1406 2066 1471 2105 ac
1499 2052 1726 2120 proinde
1777 2067 1878 2104 non
1911 2066 2036 2118 pec-

455 2161 582 2200 care
615 2147 846 2207 censuit,
890 2160 988 2198 nec
1020 2145 1263 2215 indigere
1310 2147 1632 2214 purgatione
1658 2184 1674 2207 ,
1724 2153 2038 2213 propterea-

456 2252 564 2306 que
609 2239 802 2291 mortis
832 2236 1036 2290 Christi
1089 2237 1325 2290 frttctum
1363 2237 1680 2304 neutiquam
1733 2236 2034 2302 percipere.

456 2325 561 2379 Per
615 2325 791 2378 κτίσιν
854 2325 1039 2392 igitur,
1114 2325 1327 2379 ratione
1380 2325 1604 2392 praedita
1663 2325 1755 2378 Dei
1822 2326 2034 2394 upilicia

458 2419 798 2488 signiﬁcasse
828 2417 1003 2488 ipsum
1031 2417 1321 2472 dicendum
1359 2426 1461 2481 est,
1486 2417 1664 2487 posito
1702 2432 1900 2487 genere
1939 2432 2037 2486 pro

456 2510 658 2577 specie.

528 2599 698 2656 XXV.
726 2599 888 2653 Pater
915 2599 1100 2668 itaque
1127 2614 1192 2653 ex
1221 2599 1407 2668 priore
1433 2598 1536 2654 hoc
1580 2599 1836 2670 figmento
1862 2640 1876 2663 ,
1928 2616 2036 2669 quo

454 2703 774 2761 perpetuum
822 2691 1090 2745 libertatis
1129 2706 1285 2745 usum
1335 2691 1497 2746 rebus
1526 2692 1781 2745 omnibus
1824 2693 2036 2746 ratione

457 2785 699 2854 praeditis
728 2783 1000 2852 ascripsit,
1032 2798 1098 2838 eo
1137 2782 1303 2839 fuisse
1356 2784 1664 2854 perpulsum
1721 2783 2034 2853 Origene-ra,

457 2887 517 2931 ut
561 2877 1006 2932 reconciliatione
1077 2892 1214 2946 opus
1286 2877 1393 2932 illis
1448 2892 1570 2932 esse
1617 2887 1869 2947 putaret;
1933 2879 2036 2932 hoc

457 2975 635 3022 autem
663 2969 800 3036 ipsis
832 2967 1159 3022 beneficium
1191 2977 1421 3022 mortem
1465 2968 1667 3023 Christi
1715 2969 2032 3025 contulisse.

457 3057 659 3112 Eodem
706 3057 882 3125 ipsum
929 3058 1274 3112 adduxerunt
1314 3058 1420 3112 duo
1456 3056 1605 3112 Pauli
1645 3058 1771 3123 loci,
1808 3058 1947 3112 alter
1967 3074 2034 3113 ex

2143 582 2468 650 repromissa
2502 591 2606 634 est.
2637 579 2850 634 Nullum
2886 580 3200 633 mandatum
3242 578 3309 632 de
3342 578 3517 633 salute
3543 596 3711 650 ange-

2141 673 2311 727 lorum
2337 675 2576 743 suscepit
2603 673 2849 727 Christus
2881 685 2910 724 a
2949 669 3137 725 Patre.
3162 670 3314 737 Quod
3345 669 3504 725 Pater
3536 685 3716 741 neque

2143 766 2471 833 repromisit,
2499 779 2672 834 neque
2703 762 2973 816 mandavit
2995 801 3008 824 ,
3047 760 3295 816 Christus
3330 761 3716 816 administrare

2141 873 2246 911 non
2300 857 2494 922 potuit.
2521 875 2540 907 ι
2592 857 2742 911 llanc
2778 863 2958 908 autem
3006 854 3258 921 Origenis
3297 854 3620 908 sententiam
3658 853 3713 908 in

2139 951 2564 1007 Commentarios
2601 965 2724 1002 suos
2773 949 2830 1002 in
2863 949 3037 1015 Epist.
3095 949 3163 1002 ad
3206 945 3397 1014 Ephes.
3437 946 3718 1000 transtulit

2139 1042 2520 1111 Hieronymus,
2568 1042 2722 1108 cujus
2755 1041 2868 1094 haec
2908 1041 3069 1095 verba
3112 1048 3237 1094 sunt
3278 1039 3370 1094 lib.
3413 1055 3454 1103 ι,
3494 1039 3547 1093 in
3589 1053 3711 1107 cap.

2140 1151 2181 1198 ι,
2222 1148 2366 1188 vers.
2410 1132 2481 1185 22
2521 1151 2534 1186 :
2575 1151 2592 1184 ι
2624 1133 2734 1187 Cur
2775 1141 2955 1186 autem
2994 1132 3217 1197 omnia,
3267 1131 3318 1184 id
3364 1140 3444 1185 est
3507 1130 3710 1198 angeli,

2141 1225 2347 1293 throni,
2388 1224 2816 1286 dominationes,
2867 1231 3164 1291 potestates
3227 1232 3284 1275 et
3327 1221 3561 1275 virtutes
3610 1235 3717 1274 caeo

2141 1331 2292 1383 terte,
2333 1333 2454 1388 quae
2490 1331 2764 1386 nunquam
2804 1315 3028 1371 fuerunt
3070 1314 3360 1370 contrariae
3400 1315 3539 1376 Deo,
3597 1313 3717 1382 ejus

2138 1412 2366 1482 pedibus
2426 1410 2810 1480 subjiciantur,
2874 1408 3094 1463 videtur
3141 1408 3458 1461 obscurum.
3528 1405 3716 1461 Potest

2139 1507 2322 1574 itaque
2367 1503 2686 1573 responderi
2737 1502 2880 1570 quod
2925 1503 3128 1570 absque
3158 1510 3383 1570 peccato
3422 1500 3599 1554 nullus
3621 1501 3715 1564 sit,

2138 1608 2193 1652 et
2213 1597 2394 1650 sidera
2422 1596 2535 1664 ipsa
2561 1610 2665 1650 non
2684 1595 2794 1649 sint
2829 1594 3028 1647 munda
3059 1608 3243 1648 coram
3267 1592 3400 1656 Deo,
3427 1594 3717 1662 omnisque

2139 1697 2391 1742 creatura
2425 1685 2936 1756 paveatCreator-is
2966 1686 3277 1739 adventum.
3311 1683 3465 1739 Unde
3492 1693 3548 1738 et
3582 1699 3717 1739 crux

2139 1779 2443 1832 Salvatoris
2473 1792 2577 1831 non
2607 1777 2780 1831 solum
2802 1791 2863 1830 ea
2885 1791 3004 1845 qua:
3034 1775 3087 1828 in
3130 1785 3297 1835 terra,
3336 1774 3431 1828 sed
3459 1775 3621 1828 etiam
3651 1789 3718 1829 ea

2139 1885 2259 1937 quae
2302 1869 2354 1922 in
2393 1869 2551 1922 caelis
2589 1879 2774 1932 erant,
2815 1882 3076 1937 purgasse
3118 1866 3468 1936 perhibetttr;
3495 1885 3514 1916 ι
3560 1877 3617 1921 et
3659 1868 3716 1921 in

2137 1979 2258 2032 cap.
2298 1978 2359 2025 ll,
2415 1976 2562 2015 vers.
2626 1960 2694 2014 14
2728 1977 2745 2018 :
2783 1979 2802 2011 ι
2830 1961 3096 2016 Caeterum
3159 1960 3250 2027 qui
3311 1960 3438 2013 illud
3469 1960 3716 2028 Apostoli

2137 2054 2286 2124 legit,
2344 2054 2412 2107 de
2447 2053 2666 2107 Christo
2723 2053 3114 2108 memorantis:
3162 2051 3355 2108 Pacem
3390 2052 3595 2107 faciens
3618 2068 3718 2123 per

2137 2155 2458 2224 sanguinem
2500 2154 2684 2208 crucis
2721 2166 2836 2206 suae
2875 2152 2960 2206 his
3000 2167 3118 2221 quae
3165 2151 3218 2205 in
3260 2161 3405 2207 terra
3437 2161 3632 2215 erant,
3662 2160 3718 2206 et

2138 2249 2223 2304 his
2247 2264 2366 2318 quae
2393 2249 2445 2301 in
2483 2246 2637 2301 caelis
2669 2248 2737 2298 ".
2762 2286 2780 2322 .
2803 2283 2816 2299 .
2839 2286 2851 2298 .
2887 2245 3027 2300 hanc
3087 2253 3255 2299 totam
3300 2243 3714 2314 intelligentiam

2137 2341 2203 2395 ad
2230 2341 2470 2410 angelos,
2493 2341 2828 2408 virtutesque
2860 2338 3128 2405 caelestes,
3159 2347 3212 2394 et
3239 2339 3303 2391 ad
3334 2338 3544 2392 animas
3575 2348 3716 2392 tem-

2137 2430 2347 2500 pcrabit
2399 2430 2828 2484 hutnanas....
2879 2437 3042 2496 atque
3093 2428 3166 2481 ita
3218 2427 3332 2482 ﬁeri
3372 2427 3600 2496 putabit,
3654 2438 3717 2481 ut

2137 2541 2267 2581 crux
2297 2523 2502 2578 Domini
2531 2537 2637 2578 non
2664 2521 2836 2575 solum
2855 2529 3034 2587 terrae,
3057 2521 3150 2576 sed
3177 2530 3234 2574 et
3255 2520 3392 2575 caelo
3415 2519 3713 2589 profueritf;

2137 2632 2244 2670 non
2293 2615 2466 2670 solum
2523 2614 2852 2675 hominibus,
2905 2613 2998 2667 sed
3047 2621 3101 2666 et
3155 2611 3385 2681 angelis,
3434 2620 3490 2665 et
3537 2611 3718 2666 omnis

2137 2717 2386 2763 creatura
2421 2706 2636 2761 Domini
2676 2707 2758 2760 sui
2788 2718 2983 2760 cruore
3010 2712 3236 2774 purgata
3263 2704 3371 2769 sit;
3399 2722 3418 2754 ι
3450 2711 3507 2759 et
3540 2702 3639 2757 lib.
3674 2718 3717 2757 ιι

2137 2800 2189 2852 in
2217 2799 2454 2868 ejusdem
2483 2796 2736 2867 Epistolze
2772 2809 2894 2864 cap.
2928 2809 2985 2848 ιιι
3007 2833 3022 2860 ,
3049 2809 3193 2850 vers.
3241 2792 3328 2857 10,
3377 2807 3593 2846 crucem
3637 2793 3716 2847 ait

2134 2890 2360 2954 Christi,
2393 2904 2500 2944 non
2535 2888 2708 2944 solum
2726 2888 2903 2952 nobis,
2931 2887 3023 2941 sed
3051 2894 3104 2940 et
3134 2883 3361 2953 angelis,
3394 2883 3718 2952 cunctisque

2137 2983 2189 3038 in
2217 2984 2356 3037 caelo
2382 2981 2674 3036 virtutibus
2700 2981 2968 3050 profuisse
2993 3020 3008 3045 ,
3052 2993 3150 3046 per
3187 2993 3306 3034 eam
3341 2980 3540 3048 quippe
3585 2978 3714 3042 illis,

2136 3076 2322 3130 itidem
2359 3085 2416 3128 ut
2445 3075 2623 3141 nobis,
2673 3073 2966 3129 revelatam
3000 3071 3168 3126 fuisse
3218 3071 3567 3141 multiplicem
3620 3071 3713 3125 Dei

458 3147 628 3217 Epist.
662 3149 729 3202 ad
755 3148 979 3218 Ephes.,
1022 3166 1140 3219 cap.
1171 3165 1211 3214 ι,
1239 3163 1386 3204 vers.
1431 3149 1520 3213 l0,
1559 3149 1700 3204 alter
1744 3166 1812 3204 ex
1856 3151 2028 3218 Epist.

2140 3169 2575 3234 sapientiam;et
2605 3167 2661 3220 in
2697 3181 2818 3236 cap.
2860 3180 2937 3230 tv,
2964 3179 3109 3219 vers.
3145 3162 3236 3227 10,
3273 3179 3292 3213 ι
3322 3163 3509 3232 Neque
3545 3163 3714 3228 enim,

457 3243 522 3294 ad
553 3239 789 3307 Coloss.,
809 3255 927 3311 cap.
964 3258 1012 3307 ι,
1044 3257 1190 3298 vers.
1213 3243 1306 3306 20,
1327 3257 1490 3312 quem
1523 3257 1666 3312 saepe
1696 3241 1852 3296 nobis
1879 3258 2039 3312 ogge-

456 3331 552 3386 rit.
606 3330 758 3385 Hunc
812 3333 1012 3387 rectius
1067 3334 1238 3388 multo
1284 3348 1350 3387 ac
1403 3334 1599 3388 melius
1649 3333 2038 3400 interpretatur

459 3422 648 3478 homil.
689 3424 723 3476 4
757 3423 812 3476 in
855 3423 1043 3490 Levit.,
1080 3441 1231 3480 num.
1263 3425 1324 3478 4.
1380 3443 1398 3476 ι
1436 3424 1544 3478 Sed
1595 3433 1650 3478 et
1704 3434 2035 3487 sanctorum,

459 3515 658 3584 inquit,
706 3516 884 3570 socios
936 3532 1036 3570 nos
1067 3518 1198 3570 dicit
1230 3516 1543 3584 Apostolus,
1580 3532 1680 3572 nec
1719 3517 1938 3570 mirum.
1981 3516 2037 3570 Si

457 3607 602 3659 enim
623 3623 744 3660 cmn
769 3607 929 3663 Patre
955 3619 1008 3663 et
1026 3609 1166 3662 Filio
1191 3609 1394 3664 dicitur
1431 3610 1588 3663 nobis
1611 3623 1733 3664 esse
1779 3611 2038 3674 societas,

461 3703 732 3766 quomodo
773 3717 878 3756 non
924 3712 979 3756 et
1024 3718 1146 3757 cum
1199 3707 1432 3771 sanctis,
1480 3719 1585 3757 non
1636 3704 1808 3759 solum
1853 3707 1943 3772 qui
1984 3705 2036 3758 in

461 3799 606 3845 terra
625 3803 773 3856 sunt,
798 3795 890 3848 sed
923 3805 977 3848 et
1013 3795 1104 3863 qui
1130 3795 1181 3847 in
1204 3795 1538 3863 cmlis?quia
1580 3809 1631 3850 et
1660 3795 1911 3851 Christus
1943 3812 2040 3864 per

460 3887 781 3954 sanguinem
823 3901 978 3941 suum
1011 3886 1320 3954 pacificavit
1351 3887 1618 3950 caelestia,
1648 3897 1701 3941 et
1734 3889 2036 3952 terrestria,

462 3987 523 4030 ut
550 3977 865 4032 coelestibus
902 3988 1120 4034 terrena
1161 3981 1400 4035 sociaret
1440 3981 1507 4033 η.
1535 4000 1553 4033 ι
1591 3979 1721 4046 Qua:
1749 3982 1929 4035 verior
1959 3992 2041 4036 est

461 4069 594 4124 dicti
645 4071 805 4140 hujus
877 4072 1162 4140 apostolici
1203 4073 1490 4140 expositio,
1530 4081 1585 4127 et
1643 4088 1802 4140 quam
1859 4085 2041 4130 tuetur

459 4160 795 4231 Augustinus
818 4163 868 4216 in
899 4161 1210 4218 Enchiridio
1241 4166 1307 4219 ad
1331 4165 1750 4236 Laurent.,cap.
1776 4168 1864 4222 61.
1886 4168 2038 4235 Quod

462 4253 508 4306 si
554 4254 681 4306 olim
733 4269 950 4323 quoque
1003 4271 1292 4324 passurum
1334 4257 1634 4322 Christum,
1690 4259 1903 4327 reipsa,
1961 4261 2037 4314 uti

462 4343 656 4408 fertur,
699 4347 1000 4399 autumavit
1031 4347 1318 4417 Origenes,
1351 4349 1664 4416 opinionem
1703 4366 1858 4404 suam
1913 4350 2038 4404 fun-

464 4436 672 4489 daverit
717 4452 882 4507 super
915 4439 1122 4494 dictum
1181 4441 1310 4495 illud
1360 4443 1604 4496 'Avwﬁev
1642 4442 1820 4513 μέλλω
1873 4461 2038 4497 σταυ-

465 4528 715 4602 ροῦσθαι,
759 4530 903 4598 quod
941 4531 992 4584 in
1025 4531 1171 4586 Actis
1209 4532 1359 4586 Pauli
1407 4533 1628 4589 Christo
1661 4535 1940 4598 tribuitur,
1981 4546 2040 4590 ιιι
2071 4522 2115 4577 Ῑ)

462 4635 526 4675 ex
558 4621 794 4691 Origene
832 4623 951 4693 ipso
980 4624 1240 4678 discimus
1277 4633 1425 4681 tomo
1464 4642 1533 4680 xx
1568 4626 1622 4680 in
1659 4625 1844 4692 10am,
1888 4646 2034 4686 num.

464 4713 553 4766 η.

536 4807 726 4864 XXVI.
769 4807 952 4876 Neque
995 4821 1125 4862 vero
1157 4807 1210 4862 in
1242 4822 1308 4862 eo
1353 4809 1582 4877 primum
1622 4810 1737 4866 haec
1771 4813 1834 4866 de
1866 4826 2040 4868 morte

463 4901 661 4955 Christi
710 4901 962 4954 damnata
1012 4908 1096 4954 est
1141 4900 1323 4968 opinio
1353 4916 1369 4955 :
1397 4900 1640 4954 confutat
1675 4916 1796 4956 eam
1828 4903 2041 4957 Tertul-

465 4993 641 5046 lianus
669 4993 759 5046 lib.
800 4992 873 5045 De
911 5008 1066 5045 carne
1088 4991 1305 5057 Christi,
1365 5008 1487 5058 cap.
1535 4992 1603 5046 14
1633 5007 1648 5046 :
1679 5012 1697 5045 ι
1727 4994 1832 5048 Sed
1876 5011 2039 5066 ange-

464 5085 599 5147 lum,
631 5085 801 5149 aiunt,
828 5083 1354 5152 gestavitChristus.
1383 5084 1498 5151 Qua
1548 5086 1805 5140 ratione?
1837 5087 1954 5154 Qua
1984 5098 2040 5142 et

467 5179 764 5233 hominem.
819 5179 1019 5232 Eadem
1064 5193 1194 5245 ergo
1233 5189 1317 5233 est
1348 5191 1403 5234 et
1446 5195 1632 5245 causa,
1675 5190 1733 5234 ut
1763 5181 2036 5236 hominem

465 5280 723 5336 gestaret.
757 5269 1006 5324 Christus
1046 5271 1190 5324 salus
1217 5272 1454 5326 hominis
1483 5272 1614 5337 fuit;
1646 5289 1809 5328 causa
1837 5275 2046 5328 scilicet

466 5362 533 5414 ad
586 5363 976 5415 restituendum
1038 5365 1181 5430 quod
1237 5365 1494 5431 perierat.
1565 5363 1737 5418 Homo
1782 5367 2041 5433 perierat,

467 5450 741 5505 hominem
775 5451 988 5506 restitui
1029 5463 1368 5521 oportuerat.
1414 5453 1482 5508 Ut
1517 5455 1765 5525 angelum
1812 5465 2047 5525 gestaret

469 5539 749 5608 Christus,
801 5544 935 5596 nihil
975 5544 1082 5598 tale
1108 5546 1174 5600 de
1199 5561 1359 5600 causa
1391 5556 1498 5611 est,
1551 5563 1675 5600 nam
1711 5549 1812 5603 etsi
1863 5549 2040 5617 angeli

470 5631 698 5700 perditio
747 5643 1026 5701 reputatur
1073 5637 1125 5690 in
1182 5637 1360 5707 ignem
1404 5649 1764 5710 prteparatnm
1807 5639 2040 5706 diabolo,

543 5817 586 5850 ἰ
615 5817 827 5875 Coloss.
861 5835 903 5887 ι,
927 5818 1018 5875 20.
1096 5823 1141 5856 ’⁸
1164 5821 1296 5877 ibid.

2140 3260 2333 3329 inquit,
2370 3259 2514 3313 scire
2547 3274 2836 3326 possumus
2859 3299 2874 3324 ,
2905 3256 3174 3327 quomodo
3205 3265 3260 3311 et
3281 3257 3521 3325 angelis,
3548 3265 3606 3310 et
3633 3256 3719 3310 his

2137 3351 2231 3420 qui
2274 3351 2327 3404 in
2379 3351 2593 3405 inferno
2640 3358 2799 3404 erant
2827 3349 3046 3418 sanguis
3092 3347 3294 3402 Christi
3325 3346 3608 3416 profuerit,
3663 3355 3720 3400 et

2140 3454 2322 3497 tamen
2356 3445 2483 3512 quin
2510 3442 2773 3511 profuerit
2804 3441 3014 3496 nescire
3059 3455 3167 3494 non
3185 3454 3493 3507 possumus.
3519 3459 3536 3492 ι
3588 3437 3719 3506 Qute

2139 3537 2282 3606 quod
2315 3537 2522 3604 absque
2569 3535 2942 3589 confutatione
2981 3532 3291 3600 protulisset
3331 3531 3713 3602 Hieronymus,

2139 3646 2166 3681 a
2198 3627 2392 3682 Ruﬁno
2425 3630 2783 3695 reprehensus
2827 3637 2911 3681 est
2970 3626 3066 3681 lib.
3115 3641 3131 3679 ι
3179 3624 3453 3688 Invectiv.,
3513 3625 3609 3680 sed
3659 3625 3714 3679 in

2140 3721 2393 3790 Apologia
2420 3720 2766 3775 nihilominus
2791 3720 2967 3773 valide
2999 3732 3059 3772 se
3092 3726 3289 3772 tuetur.
3318 3717 3475 3772 Facit
3502 3731 3719 3786 quoque

2139 3818 2206 3868 ad
2243 3815 2650 3868 excusationem
2702 3813 2954 3883 Origcnis
2984 3809 3348 3881 CyrillusJib.
3381 3826 3432 3864 rx
3473 3809 3553 3863 De
3581 3812 3720 3864 ado-

2140 3905 2366 3970 ratione,
2412 3904 2502 3958 ubi
2561 3905 2639 3958 sic
2674 3901 3214 3974 ΙοίιυὶιιιτεΧριστοῦ
3261 3899 3370 3972 γὰρ
3426 3900 3652 3970 μέτοχος
3681 3901 3717 3954 ὑ

2141 3995 2292 4048 πᾶσά
2336 3997 2483 4048 ἐστιν
2507 3994 2700 4065 ὁρατὴ,
2738 3995 2834 4048 καὶ
2864 3993 3094 4064 ἀόρατος
3121 3995 3315 4055 κτίσις.
3356 3991 3612 4060 Ἄγγελοι
3658 4007 3719 4043 τε

2139 4089 2269 4159 γὰρ,
2302 4086 2397 4140 καὶ
2437 4085 2787 4157 ἀρχάγγελοι,
2838 4086 2931 4138 καὶ
2971 4083 3040 4136 τὰ
3089 4083 3167 4136 ἔτι
3205 4083 3409 4136 τούτων
3441 4081 3719 4147 ἐπέκεινα,

2141 4181 2236 4233 καὶ
2269 4178 2408 4232 αὐτὰ
2442 4178 2498 4231 δὲ
2528 4178 2596 4231 τὰ
2629 4176 2916 4250 χερουδὶμ,
2947 4177 3044 4247 οὐχ
3075 4176 3275 4246 ἑτέρως
3304 4175 3437 4242 ἆγια
3474 4173 3614 4246 πλὴν
3639 4175 3721 4227 ὅτι.

2139 4269 2228 4323 διὰ
2262 4269 2424 4340 μόνου
2455 4269 2692 4342 Χριστοῦ
2718 4271 2774 4322 ὲν
2807 4269 2946 4338 ἁγίῳ
2968 4266 3305 4338 Πνεύματι.1ι
3351 4267 3550 4320 Christi
3577 4267 3721 4320 enim

2142 4362 2414 4430 particeps
2444 4369 2526 4414 est
2549 4361 2726 4413 oumis
2756 4359 3122 4426 aspectabilis,
3152 4367 3205 4411 et
3232 4371 3336 4410 non
3373 4355 3725 4425 aspectabilis

2142 4462 2421 4507 creatura.
2444 4452 2635 4523 Angeli
2677 4452 2898 4520 quippe,
2929 4459 2985 4503 et
3009 4448 3341 4516 archangeli,
3380 4457 3435 4501 et
3465 4463 3723 4517 quaecun—

2145 4559 2250 4613 que
2276 4554 2539 4615 praaterea
2581 4553 2730 4608 sunt,
2755 4551 2808 4596 et
2849 4543 2964 4609 ipsa
2993 4556 3213 4610 quoque
3244 4540 3527 4594 cherubim
3551 4579 3568 4606 ,
3611 4555 3720 4593 non

2145 4637 2303 4692 aliter
2351 4647 2542 4692 sancta
2573 4645 2720 4700 sunt,
2764 4649 2926 4703 quam
2957 4649 3051 4703 per
3114 4649 3278 4687 unum
3327 4633 3604 4686 Christum
3668 4633 3722 4686 in

2145 4738 2330 4785 sancto
2359 4728 2584 4798 Spiritu.
2615 4747 2634 4779 ι
2670 4727 2736 4781 Et
2775 4725 3105 4792 Augustinus
3129 4723 3228 4778 lib.
3269 4739 3306 4789 ι,
3350 4723 3426 4777 De
3465 4740 3722 4778 consensu

2145 4821 2615 4890 evangelistarum,
2645 4832 2768 4886 cap.
2793 4815 2885 4877 55,
2920 4814 3009 4867 ubi
3048 4823 3254 4868 mentes
3275 4828 3464 4867 onmes
3495 4814 3754 4867 rationis-

2147 4922 2444 4981 compotes,
2471 4910 2588 4965 sive
2611 4908 2949 4977 angelorum,
2992 4905 3106 4959 sive
3149 4904 3428 4958 hominum
3453 4945 3468 4968 ,
3507 4905 3721 4959 nonnisi

2146 5003 2378 5069 Christi,
2404 5003 2495 5072 qui
2532 4999 2798 5069 sapientia
2829 5007 2955 5060 est,
2993 4998 3403 5066 participatione
3452 4996 3726 5066 sapientes

2145 5112 2266 5151 esse
2297 5095 2505 5156 deﬁnit.
2537 5094 2922 5160 Christumque
2977 5103 3254 5160 «congrua
3305 5088 3464 5143 saluti
3522 5097 3723 5142 nostra:

2145 5187 2376 5241 dicendo
2399 5196 2453 5240 et
2477 5184 2763 5248 faciendo;
2793 5179 3045 5249 patiendo
3066 5189 3121 5234 et
3150 5179 3486 5242 sustinendo,
3519 5179 3720 5232 factum

2142 5291 2262 5331 esse
2282 5286 2336 5330 et
2371 5276 2622 5329 deorsum
2648 5273 2958 5327 hominibus
2986 5271 3290 5340 exemplum
3332 5271 3634 5336 redeundi,
3669 5280 3723 5325 et

2140 5367 2221 5421 eis
2260 5367 2351 5435 qui
2382 5381 2596 5420 sursum
2631 5373 2757 5420 sunt
2788 5363 2996 5431 angelis
3032 5363 3342 5432 exemplum
3380 5362 3653 5416 manendi.
3696 5379 3716 5412 ι

2141 5459 2395 5514 Ecclesia:
2446 5473 2579 5513 sane
2631 5457 2866 5511 decretis
2909 5457 3222 5523 neutiquam
3289 5462 3554 5526 repugnat
3605 5455 3723 5508 haec

2143 5550 2474 5620 propositio;
2529 5550 2754 5619 primam
2797 5551 3060 5620 gratiam
3100 5546 3342 5618 angelis,
3403 5561 3467 5600 ac
3527 5545 3724 5600 deinde

2153 5642 2572 5713 perseverantia
2598 5640 2800 5697 donum
2841 5641 3117 5698 Christum
3153 5639 3418 5708 sanguine
3453 5653 3552 5694 suo
3595 5651 3726 5706 pro-
