4160 6410
399 414 506 471 855

1217 412 1793 469 ORICENIANORUM
1833 411 1958 467 LIB.
2006 413 2067 477 ll,
2109 412 2260 468 CAP.
2299 412 2363 477 ll,
2408 411 2686 479 QUAEST.
2717 411 2808 466 lll.

3556 410 3660 467 854

401 526 686 591 meruisse,
719 534 779 579 ut
805 539 870 580 eo
901 539 1062 580 senm
1092 525 1410 592 angelorum
1442 539 1658 593 quoque
1688 539 1980 580 conserva-
2009 529 2055 584 Α
2084 525 2369 593 scripsisse
2424 523 2591 578 refert
2617 524 2971 592 Serapionem
3039 525 3090 578 in
3148 522 3539 582 Commentario
3604 529 3662 581 in

399 630 507 682 tor,
548 628 602 673 et
639 627 696 673 ut
731 618 968 688 loquitur
1011 616 1415 680 'l‘ertulliauus,
1465 615 1832 671 Salutiﬁcator
1873 617 1978 671 dici

395 714 584 785 possit.
626 711 845 766 Minime
871 725 998 764 vero
1052 709 1261 779 Didymi
1311 707 1626 779 suffragium
1690 710 1777 763 hic
1843 725 1980 778 prato

399 807 581 872 tendo,
612 805 810 874 quippe
832 804 923 873 qui
953 801 1278 873 Origenismi
1327 818 1492 858 causa
1529 803 1668 856 male
1703 802 1976 868 audierit;

401 897 516 951 haec
546 896 894 950 nihilominus
927 892 1088 947 verba
1129 893 1296 962 ipsius
1325 895 1600 962 proferam
1637 909 1667 947 e
1701 891 1980 947 Commen-

398 990 538 1042 tario
567 988 620 1040 in
652 985 683 1039 Ι
719 984 863 1040 Petr.
895 1001 980 1050 tu,
1025 999 1145 1054 quae
1173 985 1503 1056 Origeniano
1549 985 1816 1042 fertttento
1860 998 1977 1039 tur-

395 1089 523 1151 gent
551 1095 564 1132 :
607 1097 625 1130 ι
655 1079 813 1134 Sicut
842 1080 987 1133 enim
1013 1077 1263 1132 homines
1306 1078 1640 1133 abstinentes
1671 1094 1699 1132 a
1741 1078 1980 1148 peccatis

395 1172 623 1243 subjecti
651 1181 808 1236 sunt;
859 1173 932 1227 ita
977 1182 1031 1226 et
1075 1173 1358 1241 superiora
1406 1173 1687 1227 rationalia
1731 1181 1979 1227 correcta

395 1263 713 1334 spontaneis
737 1262 931 1333 culpis,
960 1279 1080 1332 qua:
1109 1262 1335 1318 forsitan
1379 1264 1708 1328 habuerunt,
1751 1263 1800 1316 ei
1852 1264 1980 1316 sub-

389 1355 532 1424 j-eta
564 1365 709 1423 sunt,
744 1355 1011 1425 completa
1038 1357 1444 1428 dispensatione
1479 1356 1662 1411 habita
1684 1370 1781 1426 pro
1804 1355 1980 1410 salute

395 1463 530 1502 CllllC
540 1458 737 1501 lOl'Ulll.
770 1467 788 1498 ι

465 1537 586 1592 Huc
614 1539 770 1603 adde,
807 1553 1145 1608 quaecunque
1171 1540 1286 1594 fere
1329 1553 1497 1608 super
1545 1553 1610 1593 eo
1657 1548 1979 1609 argumento

396 1631 673 1700 proposuit
706 1630 966 1701 Origenes
991 1672 1007 1697 ,
1041 1631 1342 1686 haesitando
1377 1641 1430 1687 et
1479 1632 1827 1700 inquirendo,
1870 1648 1975 1686 non

398 1722 716 1777 allii-mando
740 1725 1122 1793 proposuisse:
1153 1723 1297 1778 velut
1323 1725 1374 1778 in
1409 1725 1502 1779 illo
1534 1725 1728 1795 insigni
1759 1725 1877 1778 loco
1908 1741 1976 1779 ex

397 1816 587 1870 homil.
617 1831 631 1870 I
664 1816 716 1868 in
742 1814 934 1878 Levit.,
959 1833 1109 1873 num.
1138 1817 1172 1872 5
1206 1833 1219 1870 :
1263 1837 1281 1870 ι
1314 1817 1420 1872 Sed
1466 1827 1521 1871 et
1574 1818 1677 1872 hoc
1721 1817 1973 1880 fortasse,

2079 617 2268 687 psalm.
2330 631 2483 669 xvm.
2534 615 2788 670 Profecto
2842 614 3181 685 Origenistas
3234 618 3496 686 quosdam
3554 636 3660 674 non

2083 711 2312 763 multmn
2333 708 2603 764 absimilis
2631 707 2803 776 culpa:
2829 709 3105 763 insimulat
3148 707 3382 765 Orosius
3416 711 3470 764 in
3503 710 3662 766 Com-

2081 803 2365 855 monitorio
2400 801 2466 854 ad
2519 801 2910 869 Augustinum;
2967 803 3289 884 pertendere
3334 818 3428 858 eos
3476 804 3664 858 dicens

2081 895 2365 950 Christum
2405 903 2700 962 antequam
2730 895 2782 947 in
2826 904 3000 948 terras
3029 895 3426 958 descenderet,
3467 896 3664 950 remis-

2081 985 2288 1041 sionem
2331 985 2560 1054 angelis,
2605 995 2885 1053 assumpto
2916 999 3105 1038 eorum
3143 1000 3279 1053 quos
3315 986 3502 1040 adibat
3530 1001 3656 1039 cor-

2080 1090 2249 1144 pore,
2311 1075 2671 1144 praedicasse;
2725 1091 2788 1128 ac
2844 1076 3060 1128 tandem
3115 1075 3409 1129 hmnanum
3458 1089 3664 1145 corpus

2081 1169 2344 1232 induisse,
2394 1187 2412 1218 c
2445 1169 2548 1222 hoc
2580 1169 2834 1236 passione
2858 1178 2912 1222 et
2953 1168 3354 1222 resurrectione
3399 1169 3663 1222 determi-

2082 1271 2323 1322 nantem,
2383 1275 2573 1314 rursus
2621 1261 2794 1314 donec
2836 1273 3006 1328 usque
3050 1261 3116 1313 ad
3163 1259 3372 1312 Patrem
3427 1257 3660 1324 veniret,

2081 1353 2426 1406 ascendendo
2456 1362 2705 1406 tenuasse
2728 1370 2742 1404 :
2765 1353 2837 1406 ita
2871 1366 3046 1420 neque
3080 1352 3389 1421 depositum
3421 1366 3660 1421 unquam

2081 1443 2248 1498 fuisse
2285 1458 2504 1512 corpus,
2549 1459 2649 1497 nec
2679 1442 2733 1496 in
2769 1459 2998 1512 corpore
3051 1443 3158 1497 ullo
3197 1452 3511 1510 regnantem
3545 1444 3661 1497 cir-

2081 1535 2371 1589 cumscribi
2417 1536 2606 1590 Deum.
2639 1553 2657 1586 ›
2714 1536 2842 1601 Qua:
2885 1549 3008 1588 cum
3065 1536 3116 1588 in
3179 1535 3316 1591 libro
3369 1537 3660 1607 Augustini

2080 1637 2264 1682 contra
2293 1625 2733 1681 Priscillianistas
2764 1638 2810 1681 et
2845 1628 3202 1697 Origenistas,
3236 1637 3294 1681 ut
3320 1629 3410 1682 alii
3433 1645 3652 1684 eorum-

2083 1723 2204 1773 dem
2228 1735 2444 1774 errores
2468 1719 2569 1789 ipsi
2607 1719 2673 1772 ab
2701 1717 2896 1774 Orosio
2919 1719 3206 1789 propositi,
3236 1734 3502 1788 nusquam
3532 1736 3665 1776 con—

2081 1809 2254 1864 I'ntata
2290 1819 2609 1881 appareant,
2660 1810 2931 1864 concludo
2967 1820 3178 1880 partem
3217 1811 3455 1880 aliquam
3491 1810 3658 1868 libtJli

395 1911 592 1978 inquit,
633 1925 738 1964 non
769 1911 885 1964 sine
915 1925 1079 1965 causa
1116 1912 1210 1976 sit,
1249 1930 1266 1963 ι
1304 1919 1410 1965 etc.
1444 1911 1574 1965 Item
1607 1910 1765 1980 paulo
1793 1909 1972 1964 intra:
2009 1892 2052 1947 Β
2081 1899 2242 1968 hujus
2277 1902 2648 1956 intercidisse.

401 2022 420 2052 ι
446 2001 556 2056 Nisi
581 2003 707 2071 quia
762 2003 900 2055 forte
935 2001 1038 2057 hoc
1080 2003 1298 2072 intelligi
1355 2003 1547 2069 voluit,
1583 2021 1600 2054 ι
1655 2011 1868 2066 etc.,et
1919 2001 1974 2055 in

395 2093 566 2148 altero
604 2108 670 2148 ex
706 2093 893 2149 homil.
930 2095 985 2159 2,
1028 2111 1180 2149 num.
1227 2096 1261 2151 5
1287 2112 1302 2149 :
1333 2094 1511 2149 «Vide
1554 2108 1684 2164 ergo
1726 2109 1794 2148 ne
1837 2094 1976 2150 forte

392 2182 568 2248 Jesus,
601 2203 620 2237 ι
664 2194 768 2240 etc.
804 2185 938 2239 Tum
976 2185 1027 2238 in
1057 2199 1121 2238 eo
1151 2185 1243 2254 qui
1276 2185 1475 2254 petitus
1506 2193 1590 2238 est
1631 2199 1662 2239 e
1696 2192 1827 2239 tom.
1858 2200 1874 2239 ι
1917 2186 1974 2238 in

392 2274 618 2341 locum,
653 2290 826 2351 Anum.
874 2277 984 2344 δι,
1049 2278 1321 2346 quomodo
1367 2274 1741 2330 subterraneis
1777 2275 1974 2329 similis

391 2367 572 2421 factus
601 2368 694 2428 sit,
731 2367 895 2422 dubie
929 2368 1176 2438 inquirit.
1205 2367 1564 2436 Apertissime
1595 2381 1724 2420 vero
1753 2366 1973 2420 fluctua-

394 2459 595 2513 tionem
637 2475 788 2514 suam
834 2459 1212 2529 exprimitlib.
1264 2475 1278 2514 I
1334 2459 1386 2512 in
1437 2458 1610 2528 Epist.
1675 2459 1744 2510 ad
1793 2457 1970 2524 Rom,

390 2565 539 2604 num.
565 2549 619 2611 4.
645 2567 766 2606 cum
799 2552 981 2606 varias
1007 2551 1124 2606 illas
1158 2551 1361 2607 Christi
1389 2551 1758 2620 apparitiones
1786 2565 1974 2605 recen-

391 2651 522 2697 set:
564 2660 584 2694 ‹
619 2642 692 2697 De
757 2642 972 2712 quibus,
1030 2641 1230 2710 inquit,
1293 2641 1544 2710 quamvis
1606 2640 1970 2710 periculosum

388 2735 638 2790 videatur
704 2734 966 2789 chartulis
1017 2737 1362 2789 committere
1420 2749 1747 2798 sermonem,
1792 2743 1970 2789 tamen

392 2841 500 2882 non
532 2826 705 2882 otiose
744 2830 1117 2896 praetereunda
1168 2835 1294 2882 sunt
1344 2827 1486 2881 dicta
1539 2827 1865 2894 sapientium
1896 2833 1972 2895 get

389 2921 680 2990 aenigmata
721 2919 794 2985 ",
823 2921 916 2974 sed
965 2919 1150 2973 subtili
1183 2919 1472 2973 admodum
1508 2918 1704 2971 mentis
1731 2917 1850 2971 acie
1879 2914 1970 2988 (in

390 3024 654 3082 quantum
680 3026 768 3067 res
797 3013 1040 3082 patitur)
1076 3011 1224 3065 velut
1263 3025 1360 3079 per
1396 3010 1662 3078 quoddam
1691 3009 1969 3079 speculum

389 3103 833 3171 contemplanda;
871 3116 937 3156 ne
961 3104 1100 3158 forte
1149 3104 1193 3156 is
1227 3101 1318 3170 qui
1364 3103 1585 3156 verbum
1618 3115 1746 3155 caro
1795 3100 1972 3155 factus

389 3195 639 3265 apparuit
667 3195 878 3264 positus
910 3195 962 3248 in
994 3209 1178 3254 carne,
1220 3211 1239 3243 ›
1264 3204 1373 3248 etc.

465 3284 676 3339 XXVII.
709 3283 856 3340 later
883 3285 1144 3354 sacrilega
1171 3283 1591 3338 Manichzeorum
1621 3282 1762 3338 dicta
1801 3281 1968 3337 refert

391 3379 602 3447 insigne
642 3379 775 3432 illud
823 3379 1158 3448 Augustinus
1215 3377 1309 3430 lib.
1344 3391 1412 3428 xx
1467 3386 1649 3430 contra
1684 3373 1970 3443 Faustum,

389 3486 512 3540 cap.
544 3470 601 3526 2.
639 3471 911 3524 Christum
947 3470 1040 3538 qui
1069 3468 1165 3523 Dei
1211 3467 1386 3521 virtus
1434 3477 1487 3522 et
1538 3468 1803 3536 sapientia
1864 3477 1971 3532 est,

386 3565 542 3633 quasi
575 3563 886 3631 bipertitum
929 3562 979 3614 in
1024 3561 1139 3615 sole
1171 3571 1226 3615 et
1269 3562 1394 3615 luna
1446 3561 1728 3626 habitare;
1791 3575 1855 3613 ac
1918 3560 1972 3613 in

389 3655 500 3708 sole
523 3653 762 3722 quidem,
792 3665 897 3720 qua
930 3652 1020 3705 Dei
1053 3653 1226 3706 virtus
1268 3661 1380 3711 est;
1423 3651 1475 3705 in
1519 3651 1644 3704 luna
1673 3665 1834 3717 vero,
1867 3666 1971 3720 qua

387 3744 678 3811 sapientia.
710 3741 1017 3796 Philastrus
1058 3743 1185 3796 item
1224 3743 1358 3796 hair.
1403 3757 1490 3801 ιν,
1545 3753 1601 3795 et
1635 3743 1970 3811 Augustinus

387 3834 457 3887 ad
483 3831 934 3899 Quodvultdeum,
975 3833 1106 3885 hair.
1137 3848 1250 3895 ιιι,
1299 3831 1584 3885 Seleucum
1611 3843 1665 3885 et
1698 3831 1972 3886 llermiam

388 3934 647 3993 arguunt,
679 3932 934 3990 negantes
964 3943 981 3973 ι
1013 3921 1353 3976 Salvatorem
1386 3921 1440 3974 in
1471 3935 1636 3976 carne
1667 3921 1856 3974 sedere
1899 3923 1966 3974 ad

388 4015 640 4069 dextram
669 4012 867 4081 Patris,
897 4015 989 4069 sed
1025 4013 1356 4083 exspoliasse
1380 4025 1622 4077 carnem,
1646 4021 1701 4065 et
1730 4011 1975 4081 posuisse

389 4107 446 4162 in
474 4106 587 4162 sole
609 4107 972 4172 aastimarint;
1027 4107 1129 4160 hoc
1153 4107 1416 4160 adductos
1455 4106 1730 4175 propheta:
1772 4104 1970 4174 psahn.

390 4215 546 4267 xvttt,
600 4198 654 4266 6,
711 4217 730 4250 ι
763 4199 817 4253 In
865 4198 981 4254 sole
1029 4199 1209 4268 posuit
1271 4199 1676 4253 tabernaculum
1735 4214 1913 4253 suum.
1947 4217 1967 4250 ι

391 4292 649 4349 Criminis
674 4291 916 4362 ejusdem
966 4291 1359 4362 Hermogenem
1401 4291 1693 4360 compellat
1721 4290 1971 4346 Theodo-

389 4397 538 4440 retus
563 4385 658 4439 lib.
689 4401 704 4440 ι
762 4383 963 4438 litaret.
1005 4383 1200 4452 fabul.,
1228 4399 1348 4452 cap.
1374 4381 1462 4446 l9,
1485 4398 1514 4436 a
1546 4398 1654 4452 quo
1682 4380 1974 4436 verisimile

388 4485 476 4530 est
543 4476 689 4530 virus
735 4473 1068 4543 hujusmodi,
1133 4483 1196 4526 ut
1243 4473 1348 4526 alia
1401 4471 1589 4536 multa,
1643 4471 1974 4526 Manichwos

391 4569 636 4632 suxisse;
695 4583 802 4622 non
849 4569 916 4620 ab
963 4562 1216 4636 Origene,
1261 4579 1422 4634 quem
1475 4575 1652 4618 tamen
1695 4563 1974 4619 insimulat

392 4659 652 4729 Serapion
685 4659 994 4723 Tmuensis,
1016 4667 1379 4729 cognomento
1401 4656 1783 4721 Scholasticus,
1817 4657 1970 4726 quasi

391 4755 596 4806 erroris
635 4751 797 4820 hujus
848 4749 1160 4805 Manichteis
1204 4759 1400 4803 auctor
1433 4748 1619 4814 fuerit,
1649 4755 1840 4817 utpote
1873 4748 1966 4817 qui

391 4845 639 4913 proxime
689 4843 966 4898 laudatum
1019 4841 1242 4897 Davidis
1279 4841 1457 4896 locum
1493 4841 1775 4895 illustraus
1809 4839 1972 4895 Chri-

391 4950 534 4994 stum
560 4939 878 5009 scripserit,
924 4954 1046 4994 cum
1079 4939 1133 4993 in
1161 4937 1359 4992 cmlum
1397 4936 1741 5001 ascenderet,
1775 4937 1975 4991 obdor-

395 5034 588 5096 misse,
645 5041 701 5087 et
765 5033 1012 5096 deposito
1053 5031 1107 5084 in
1163 5029 1278 5085 sole
1333 5045 1584 5100 corpore,
1625 5029 1863 5082 animam
1920 5029 1972 5082 in

395 5123 592 5179 cadum
619 5125 685 5178 ad
709 5124 957 5179 dextram
999 5122 1180 5177 Patris
1211 5122 1481 5178 intulisse.
1524 5121 1649 5176 llaec
1673 5122 1888 5190 quidem
1919 5121 1971 5175 in

395 5218 537 5273 libro
567 5219 886 5287 Serapionis
918 5219 1173 5272 adversus
1208 5216 1531 5270 Manichaee;
1559 5215 1745 5269 haberi
1777 5213 1969 5268 scribit

393 5311 582 5366 Sixtus
613 5310 875 5365 Senensis
898 5309 1149 5366 Bibliotli.
1175 5319 1347 5362 sanet.
1377 5309 1473 5362 lib.
1500 5323 1552 5372 v,
1572 5317 1626 5362 et
1655 5316 1776 5378 post
1797 5308 1970 5376 ipsum

392 5402 778 5459 Genebrardus
829 5402 880 5454 in
921 5399 1270 5455 Collectaneis
1333 5399 1554 5470 Origeni
1601 5400 1861 5469 praeﬁxis.
1895 5401 1978 5468 _At

395 5495 532 5550 nihil
584 5491 890 5561 hujusmodi
922 5491 1139 5559 reperio
1184 5491 1238 5543 in
1289 5491 1392 5545 hoc
1435 5490 1754 5559 Serapionis
1786 5505 1973 5560 opere,

393 5599 552 5662 prout
593 5589 799 5644 editum
850 5585 1122 5656 reperitur
1156 5585 1209 5638 in
1242 5583 1572 5638 Bibliotheca
1603 5583 1846 5638 Patrum.
1882 5583 1974 5639 Bi-

393 5699 551 5740 netus
580 5697 710 5738 vero
752 5683 806 5736 in
849 5680 1032 5737 libello
1064 5679 1139 5734 De
1167 5678 1335 5733 salute
1385 5676 1631 5748 Origenis
1662 5677 1766 5734 hoc
1799 5677 1973 5747 ipsutn

393 5863 436 5894 ’³
479 5861 634 5917 Prov.
663 5875 702 5929 I,
728 5859 782 5918 6.
857 5859 904 5892 ”
938 5857 1082 5917 Psal.
1117 5869 1269 5922 xvtu,
1298 5853 1352 5910 6.

2152 2014 2252 2082 Qui
2284 2024 2464 2069 autem
2500 2015 2550 2069 in
2595 2031 2657 2070 ea
2689 2015 2897 2069 versari
2940 2016 3208 2071 sententia
3255 2017 3430 2086 potuit
3471 2015 3664 2086 Orige-

2083 2121 2213 2170 nes,
2247 2121 2407 2176 quem
2436 2105 2550 2160 haee
2575 2106 2863 2175 Scripsisse
2895 2107 3058 2160 refert
3083 2106 3397 2177 Pamphilus
3431 2108 3481 2160 in
3525 2107 3664 2175 Apo-

2080 2195 2220 2266 logia
2261 2211 2280 2249 :
2327 2214 2346 2248 ‹
2379 2196 2520 2263 Quid
2560 2205 2644 2250 est
2669 2197 2810 2264 quod
2846 2197 2982 2249 dixit
3015 2212 3029 2248 :
3065 2195 3126 2249 In
3153 2197 3264 2250 sole
3290 2198 3464 2263 posuit
3490 2197 3665 2250 taber-

2081 2289 2328 2342 naculum
2368 2304 2523 2342 suum
2551 2287 2636 2341 9‘?
2680 2287 2909 2353 Quidam
2958 2289 3174 2357 quidem
3229 2289 3480 2343 dicebant
3518 2289 3662 2358 quod

2082 2380 2332 2436 Salvator
2377 2390 2569 2436 noster
2607 2383 2909 2436 ascendens
2952 2394 2983 2434 e
3025 2381 3188 2435 terris
3238 2382 3305 2434 ad
3345 2381 3578 2446 cmlum,
3608 2389 3665 2436 et

2082 2490 2279 2544 corpus
2307 2490 2464 2528 suum
2501 2489 2808 2540 assumens,
2842 2473 3087 2543 pervenit
3112 2488 3282 2542 usque
3311 2474 3378 2528 ad
3402 2490 3526 2529 eum
3553 2475 3663 2529 cir-

2081 2568 2262 2623 culum
2293 2569 2385 2637 qui
2423 2566 2561 2622 solis
2593 2581 2730 2621 zona
2756 2568 3100 2631 nominatur;
3134 2577 3187 2620 et
3218 2566 3312 2632 ibi,
3343 2568 3528 2634 aiunt,
3563 2581 3665 2636 po-

2081 2661 2193 2715 suit
2229 2659 2643 2714 tabernaculum
2688 2658 2937 2727 corporis
2981 2657 3065 2711 sui
3115 2673 3128 2709 :
3165 2671 3272 2710 non
3323 2658 3469 2712 enim
3519 2657 3660 2712 ultra

2079 2762 2198 2808 erat
2232 2749 2488 2822 possibile
2517 2750 2568 2803 id
2601 2749 2874 2819 progredi.
2903 2747 3008 2802 Sed
3043 2749 3154 2802 haec
3183 2748 3257 2802 illi
3291 2749 3360 2803 ita
3397 2749 3659 2814 sentiunt,

2079 2859 2178 2913 pro
2206 2857 2272 2897 eo
2307 2844 2452 2912 quod
2493 2840 2808 2910 allegoriam
2838 2839 3034 2893 nolunt
3065 2838 3118 2891 in
3152 2837 3436 2906 Scriptura
3475 2838 3661 2894 divina

2080 2934 2345 3002 recipere,
2375 2943 2433 2986 et
2473 2933 2592 2986 ideo
2632 2945 2780 2999 pura:
2824 2929 3067 2983 historia
3110 2929 3514 2996 deservientes,
3558 2928 3664 2982 hn-

2073 3025 2308 3096 jusmodi
2341 3023 2548 3079 fabulas
2588 3033 2644 3077 et
2680 3024 2935 3092 ﬁgmenta
2963 3031 3323 3093 componunt.
3361 3040 3380 3074 ι
3404 3021 3540 3075 Tum
3583 3022 3663 3076 lo-

2081 3133 2203 3172 cum
2243 3119 2386 3171 hunc
2418 3117 2695 3186 propheta:
2723 3113 3067 3183 postmodum
3119 3117 3193 3168 ita
3243 3114 3660 3183 interpretatur,

2083 3209 2489 3265 tabernaculum
2517 3208 2716 3263 Christi
2766 3221 2888 3262 esse
2920 3205 3248 3270 Ecclesiam;
3293 3203 3460 3258 solem
3507 3217 3661 3268 vero,

2082 3301 2273 3367 Deum,
2327 3299 2419 3368 qui
2478 3298 2567 3353 lux
2616 3305 2818 3352 aeterna
2855 3305 2969 3362 est,
3018 3305 3073 3350 et
3104 3294 3184 3350 sol
3217 3293 3464 3362 iustitiae.
3519 3292 3663 3359 Quin

2077 3395 2240 3448 etiam
2275 3391 2676 3461 Ilermogenem
2724 3387 2888 3456 hujus
2934 3393 3390 3457 propugnatorem
3438 3385 3667 3439 insnnite

2077 3484 2394 3541 confutasse
2456 3482 2749 3552 Origenem
2823 3481 2991 3533 tradit
3057 3476 3432 3533 Theodoretus
3510 3474 3662 3530 Πωτ.

2077 3574 2172 3630 lib.
2212 3590 2252 3640 ι,
2293 3588 2415 3644 cap.
2467 3573 2557 3628 l9.
2589 3571 2774 3628 Placet
2817 3585 2948 3641 ergo
2978 3567 3119 3624 Sixti
3162 3567 3424 3623 Senensis
3468 3576 3522 3622 et
3556 3565 3666 3622 Ge--

2079 3665 2336 3720 nebrardi
2389 3665 2747 3733 conjectura,
2790 3659 3046 3716 delirium
3099 3657 3230 3712 illud
3273 3673 3302 3711 a
3350 3655 3666 3711 Manichtcis

2078 3757 2248 3812 fuisse
2283 3756 2504 3826 Origeni
2549 3755 2819 3821 allictnm,
2873 3761 3272 3821 corruptosque
3327 3748 3442 3818 ejus
3494 3748 3664 3803 libros

2082 3847 2148 3899 ad
2181 3846 2575 3901 conciliandam
2605 3844 2866 3913 impietati
2899 3858 3008 3898 suae
3038 3843 3218 3896 Iidem.
3270 3839 3493 3893 Minime
3532 3851 3666 3890 vero

2078 3937 2254 4005 placet
2275 3938 2442 3990 altera
2456 3933 2786 3990 Geuebrardi
2813 3934 3112 4002 responsio,
3137 3931 3321 4000 negari
3347 3929 3667 3998 simpliciter

2077 4027 2128 4081 id
2170 4043 2350 4097 posse,
2400 4029 2523 4096 quia
2565 4025 2814 4095 Origenis
2844 4026 2980 4080 liber
3015 4042 3119 4079 non
3151 4034 3326 4078 exstat
3359 4039 3372 4074 :
3404 4037 3525 4075 nam
3555 4035 3666 4090 quo

2077 4120 2284 4174 recidet
2318 4119 2636 4189 Serapionis
2667 4119 2965 4174 auctoritas
2985 4157 2999 4182 ,
3036 4132 3196 4187 quem
3223 4114 3436 4170 extollit
3473 4113 3665 4167 Iliero-

2076 4229 2144 4283 ny
2157 4212 2311 4267 mus?

2150 4303 2391 4360 XXVIII.
2443 4303 2725 4359 Diﬂicilius
2767 4301 3040 4357 sententia
3074 4301 3192 4356 haec
3238 4295 3415 4352 amnis
3463 4294 3664 4364 prioris

2075 4397 2220 4452 illius
2266 4396 2515 4452 excusari
2569 4403 2772 4466 potest,
2825 4408 2988 4462 quam
3042 4391 3232 4446 homil.
3292 4389 3362 4444 29
3419 4389 3473 4442 in
3529 4385 3660 4440 Luc.

2078 4489 2419 4558 consignavit
2447 4489 2731 4557 Origenes.
2763 4505 2781 4537 ι
2825 4484 2980 4552 Quod
3027 4484 3111 4550 si,
3160 4483 3366 4553 inquit,
3399 4489 3662 4543 tentatus,

2078 4580 2231 4634 illum
2273 4579 2596 4649 (Christum)
2628 4577 2874 4631 imitatus
2900 4575 3072 4632 fueris
3107 4578 3196 4645 qui
3252 4590 3349 4645 pro
3393 4582 3446 4628 te
3481 4580 3663 4627 tenta-

2079 4683 2164 4727 tus
2189 4681 2347 4727 estet
2375 4687 2540 4726 omne
2563 4670 2761 4726 viceris
2798 4677 3218 4732 tentanientum,
3258 4665 3483 4720 habebis
3509 4677 3661 4733 spem

2075 4743 2197 4820 cum
2230 4779 2296 4818 eo
2329 4764 2419 4832 qui
2450 4773 2580 4817 tunc
2611 4763 2772 4816 homo
2805 4759 2928 4824 fuit,
2961 4775 3103 4814 nunc
3129 4769 3311 4814 autem
3355 4759 3515 4812 homo
3540 4769 3665 4810 esse

2075 4857 2332 4912 cessavit.
2360 4855 2494 4910 Nam
2518 4855 2564 4910 si
2594 4855 2688 4924 qui
2719 4852 2996 4923 quondam
3017 4854 3183 4907 homo
3209 4860 3346 4915 erat,
3373 4857 3660 4920 postquam

2076 4959 2318 5003 tentatus
2367 4957 2472 5011 est,
2523 4956 2578 5002 et
2624 4946 2848 5002 recessit
2885 4947 2954 5002 ab
2980 4959 3046 5000 eo
3076 4942 3349 5006 diabolus,
3386 4953 3563 5008 usque
3592 4937 3659 4991 ad

2077 5049 2286 5106 tempus
2319 5039 2509 5092 mortis
2541 5052 2571 5090 a
2606 5039 2835 5091 mortuis
2884 5048 3173 5104 resurgens
3223 5031 3364 5084 ultra
3400 5044 3506 5083 non
3548 5042 3662 5081 mo-

2076 5131 2285 5194 rietur;
2335 5131 2513 5185 omnis
2554 5139 2737 5185 autem
2798 5131 2962 5184 homo
3017 5125 3179 5181 morti
3229 5125 3520 5187 subiacet:
3560 5120 3663 5174 iste

2075 5240 2206 5295 ergo
2230 5224 2320 5293 qui
2353 5237 2700 5292 nequaquam
2734 5222 2988 5287 moritur,
3019 5219 3132 5290 jam
3187 5232 3293 5272 non
3338 5221 3423 5269 e‘st
3474 5214 3658 5277 homo,

2077 5317 2169 5370 sed
2202 5312 2346 5369 Deus
2371 5325 2475 5368 est.
2516 5332 2536 5364 ι
2574 5313 2693 5367 Dixi
2737 5313 3064 5366 sententiam
3110 5318 3250 5364 hanc
3275 5306 3474 5377 prioris
3515 5305 3662 5360 illius

2073 5420 2196 5462 esse
2226 5405 2474 5471 affinem;
2504 5420 2628 5458 nam
2674 5404 2718 5458 si
2770 5417 3093 5474 persuasum
3143 5415 3334 5456 revera
3379 5397 3662 5452 habuisset

2077 5494 2340 5565 Origenes
2375 5510 2574 5564 corpus
2602 5509 2760 5550 suum
2791 5493 2844 5548 in
2874 5493 2988 5548 sole
3005 5491 3284 5547 Christum
3318 5487 3658 5558 deposuisse,

2081 5588 2482 5645 consectarium
2507 5597 2627 5642 erat
2651 5603 2775 5643 eum
2818 5601 3034 5656 quoque
3072 5583 3412 5640 humanitate
3439 5590 3660 5634 exutqu

2081 5680 2358 5739 arbitrari.
2397 5679 2606 5736 Similis
2651 5679 3045 5751 propemodum
3091 5675 3259 5733 fuisse
3313 5673 3490 5730 fertur
3519 5670 3662 5726 Mar-
