  <div class='ocr_page' id='page_1' title='image "/cluster/home/n/w/nwhite01/storage/ocr_20150623/17:no.7/coo.31924054872977/429.png"; bbox 0 0 4160 6420; ppageno 0'>
   <div class='ocr_carea' id='block_1_1' title="bbox 481 391 596 448">
    <p class='ocr_par' dir='ltr' id='par_1_1' title="bbox 481 391 596 448">
     <span class='ocr_line' id='line_1_1' title="bbox 481 391 596 448; baseline 0.009 -2"><span class='ocrx_word' id='word_1_1' title='bbox 481 391 596 448; x_wconf 68' lang='lat'><strong>8‘55</strong></span> 
     </span>
    </p>
   </div>
   <div class='ocr_carea' id='block_1_2' title="bbox 1750 380 2458 441">
    <p class='ocr_par' dir='ltr' id='par_1_2' title="bbox 1750 380 2458 441">
     <span class='ocr_line' id='line_1_2' title="bbox 1750 380 2458 441; baseline 0.006 -5"><span class='ocrx_word' id='word_1_2' title='bbox 1750 380 1820 437; x_wconf 81' lang='lat' dir='ltr'><strong>‘P.</strong></span> <span class='ocrx_word' id='word_1_3' title='bbox 1863 381 2182 438; x_wconf 73' lang='lat' dir='ltr'><strong>DANIELIS</strong></span> <span class='ocrx_word' id='word_1_4' title='bbox 2219 383 2458 441; x_wconf 76' lang='lat' dir='ltr'><strong>H‘UETI‘I</strong></span> 
     </span>
    </p>
   </div>
   <div class='ocr_carea' id='block_1_3' title="bbox 3647 384 3753 441">
    <p class='ocr_par' dir='ltr' id='par_1_3' title="bbox 3647 384 3753 441">
     <span class='ocr_line' id='line_1_3' title="bbox 3647 384 3753 441; baseline 0 -1"><span class='ocrx_word' id='word_1_5' title='bbox 3647 384 3753 441; x_wconf 71' lang='lat'><strong>836</strong></span> 
     </span>
    </p>
   </div>
   <div class='ocr_carea' id='block_1_4' title="bbox 487 501 3762 576">
    <p class='ocr_par' dir='ltr' id='par_1_4' title="bbox 487 501 3762 576">
     <span class='ocr_line' id='line_1_4' title="bbox 487 501 3762 576; baseline -0.002 -15"><span class='ocrx_word' id='word_1_6' title='bbox 487 507 608 563; x_wconf 88' lang='lat' dir='ltr'><strong>eclli</strong></span> <span class='ocrx_word' id='word_1_7' title='bbox 643 511 914 576; x_wconf 77' lang='lat' dir='ltr'><strong>Ancyrant</strong></span> <span class='ocrx_word' id='word_1_8' title='bbox 951 501 1223 567; x_wconf 75' lang='lat' dir='ltr'><strong>doctrina,</strong></span> <span class='ocrx_word' id='word_1_9' title='bbox 1249 501 1492 557; x_wconf 86' lang='lat' dir='ltr'><strong>futurum</strong></span> <span class='ocrx_word' id='word_1_10' title='bbox 1529 503 1828 568; x_wconf 76' lang='lat' dir='ltr'><strong>credentis,</strong></span> <span class='ocrx_word' id='word_1_11' title='bbox 1865 514 1920 555; x_wconf 92' lang='grc' dir='ltr'><strong>ιιι</strong></span> <span class='ocrx_word' id='word_1_12' title='bbox 1949 517 2072 559; x_wconf 81' lang='lat' dir='ltr'><strong>car-</strong></span> <span class='ocrx_word' id='word_1_13' title='bbox 2101 517 2145 566; x_wconf 75' lang='grc' dir='ltr'>Α</span> <span class='ocrx_word' id='word_1_14' title='bbox 2177 507 2476 575; x_wconf 84' lang='lat' dir='ltr'><strong>responsio,</strong></span> <span class='ocrx_word' id='word_1_15' title='bbox 2539 521 2660 560; x_wconf 90' lang='lat' dir='ltr'><strong>nam</strong></span> <span class='ocrx_word' id='word_1_16' title='bbox 2729 503 3006 561; x_wconf 76' lang='lat' dir='ltr'><strong>Christum</strong></span> <span class='ocrx_word' id='word_1_17' title='bbox 3058 518 3160 575; x_wconf 91' lang='lat' dir='ltr'><strong>pro</strong></span> <span class='ocrx_word' id='word_1_18' title='bbox 3201 503 3448 574; x_wconf 75' lang='lat' dir='ltr'><strong>peccatis</strong></span> <span class='ocrx_word' id='word_1_19' title='bbox 3493 516 3624 558; x_wconf 85' lang='lat' dir='ltr'><strong>vero</strong></span> <span class='ocrx_word' id='word_1_20' title='bbox 3666 505 3762 556; x_wconf 83' lang='lat' dir='ltr'><strong>do-</strong></span> 
     </span>
    </p>
   </div>
   <div class='ocr_carea' id='block_1_5' title="bbox 488 593 2068 668">
    <p class='ocr_par' dir='ltr' id='par_1_5' title="bbox 488 593 2068 668">
     <span class='ocr_line' id='line_1_5' title="bbox 488 593 2068 668; baseline -0.002 -16"><span class='ocrx_word' id='word_1_21' title='bbox 488 615 610 654; x_wconf 97' lang='lat' dir='ltr'><strong>nem</strong></span> <span class='ocrx_word' id='word_1_22' title='bbox 663 607 782 668; x_wconf 89' lang='lat' dir='ltr'><strong>post</strong></span> <span class='ocrx_word' id='word_1_23' title='bbox 833 595 1292 651; x_wconf 73' lang='lat' dir='ltr'><strong>resurrectionem</strong></span> <span class='ocrx_word' id='word_1_24' title='bbox 1337 595 1593 650; x_wconf 92' lang='lat' dir='ltr'><strong>Christus</strong></span> <span class='ocrx_word' id='word_1_25' title='bbox 1646 593 1948 663; x_wconf 87' lang='lat' dir='ltr'><strong>abjiceret,</strong></span> <span class='ocrx_word' id='word_1_26' title='bbox 2005 611 2068 650; x_wconf 89' lang='lat' dir='ltr'><strong>ac</strong></span> 
     </span>
    </p>
   </div>
   <div class='ocr_carea' id='block_1_6' title="bbox 486 686 2071 760">
    <p class='ocr_par' dir='ltr' id='par_1_6' title="bbox 486 686 2071 760">
     <span class='ocr_line' id='line_1_6' title="bbox 486 686 2071 760; baseline -0.003 -16"><span class='ocrx_word' id='word_1_27' title='bbox 486 690 648 744; x_wconf 89' lang='lat' dir='ltr'><strong>homo</strong></span> <span class='ocrx_word' id='word_1_28' title='bbox 683 690 907 760; x_wconf 81' lang='lat' dir='ltr'><strong>proinde</strong></span> <span class='ocrx_word' id='word_1_29' title='bbox 963 699 1019 742; x_wconf 86' lang='lat' dir='ltr'><strong>et</strong></span> <span class='ocrx_word' id='word_1_30' title='bbox 1067 703 1162 742; x_wconf 79' lang='lat' dir='ltr'><strong>rex</strong></span> <span class='ocrx_word' id='word_1_31' title='bbox 1215 702 1338 742; x_wconf 88' lang='lat' dir='ltr'><strong>esse</strong></span> <span class='ocrx_word' id='word_1_32' title='bbox 1388 687 1683 743; x_wconf 90' lang='lat' dir='ltr'><strong>desineret.</strong></span> <span class='ocrx_word' id='word_1_33' title='bbox 1715 687 1787 742; x_wconf 82' lang='lat' dir='ltr'><strong>At</strong></span> <span class='ocrx_word' id='word_1_34' title='bbox 1828 688 1935 742; x_wconf 90' lang='lat' dir='ltr'><strong>alia</strong></span> <span class='ocrx_word' id='word_1_35' title='bbox 1971 686 2071 741; x_wconf 84' lang='lat' dir='ltr'><strong>fuit</strong></span> 
     </span>
    </p>
   </div>
   <div class='ocr_carea' id='block_1_7' title="bbox 488 779 2071 850">
    <p class='ocr_par' dir='ltr' id='par_1_7' title="bbox 488 779 2071 850">
     <span class='ocr_line' id='line_1_7' title="bbox 488 779 2071 850; baseline -0.003 -14"><span class='ocrx_word' id='word_1_36' title='bbox 488 781 738 850; x_wconf 88' lang='lat' dir='ltr'><strong>Origenis</strong></span> <span class='ocrx_word' id='word_1_37' title='bbox 783 779 1139 834; x_wconf 81' lang='lat' dir='ltr'><strong>ratiocinatio</strong></span> <span class='ocrx_word' id='word_1_38' title='bbox 1160 817 1176 843; x_wconf 92' lang='lat'><strong>,</strong></span> <span class='ocrx_word' id='word_1_39' title='bbox 1228 794 1352 832; x_wconf 87' lang='lat' dir='ltr'><strong>nam</strong></span> <span class='ocrx_word' id='word_1_40' title='bbox 1397 793 1574 849; x_wconf 86' lang='lat' dir='ltr'><strong>neque</strong></span> <span class='ocrx_word' id='word_1_41' title='bbox 1603 779 1881 834; x_wconf 86' lang='lat' dir='ltr'><strong>Christum</strong></span> <span class='ocrx_word' id='word_1_42' title='bbox 1913 795 1942 831; x_wconf 93' lang='lat' dir='ltr'><strong>a</strong></span> <span class='ocrx_word' id='word_1_43' title='bbox 1971 793 2071 832; x_wconf 90' lang='lat' dir='ltr'><strong>suo</strong></span> 
     </span>
    </p>
   </div>
   <div class='ocr_carea' id='block_1_8' title="bbox 487 869 2068 943">
    <p class='ocr_par' dir='ltr' id='par_1_8' title="bbox 487 869 2068 943">
     <span class='ocr_line' id='line_1_8' title="bbox 487 869 2068 943; baseline -0.003 -18"><span class='ocrx_word' id='word_1_44' title='bbox 487 889 719 943; x_wconf 89' lang='lat' dir='ltr'><strong>corpore</strong></span> <span class='ocrx_word' id='word_1_45' title='bbox 753 873 1054 942; x_wconf 75' lang='lat' dir='ltr'><strong>seiunctum</strong></span> <span class='ocrx_word' id='word_1_46' title='bbox 1090 885 1211 924; x_wconf 91' lang='lat' dir='ltr'><strong>esse</strong></span> <span class='ocrx_word' id='word_1_47' title='bbox 1251 871 1460 940; x_wconf 80' lang='lat' dir='ltr'><strong>putavit</strong></span> <span class='ocrx_word' id='word_1_48' title='bbox 1496 871 1586 941; x_wconf 88' lang='lat' dir='ltr'><strong>(de</strong></span> <span class='ocrx_word' id='word_1_49' title='bbox 1620 871 1801 923; x_wconf 90' lang='lat' dir='ltr'><strong>triduo</strong></span> <span class='ocrx_word' id='word_1_50' title='bbox 1820 869 1929 938; x_wconf 85' lang='lat' dir='ltr'><strong>jam</strong></span> <span class='ocrx_word' id='word_1_51' title='bbox 1963 884 2068 923; x_wconf 93' lang='lat' dir='ltr'><strong>non</strong></span> 
     </span>
    </p>
   </div>
   <div class='ocr_carea' id='block_1_9' title="bbox 490 960 2068 1033">
    <p class='ocr_par' dir='ltr' id='par_1_9' title="bbox 490 960 2068 1033">
     <span class='ocr_line' id='line_1_9' title="bbox 490 960 2068 1033; baseline -0.003 -15"><span class='ocrx_word' id='word_1_52' title='bbox 490 965 703 1033; x_wconf 92' lang='lat' dir='ltr'><strong>loquor,</strong></span> <span class='ocrx_word' id='word_1_53' title='bbox 731 980 838 1032; x_wconf 89' lang='lat' dir='ltr'><strong>quo</strong></span> <span class='ocrx_word' id='word_1_54' title='bbox 871 964 924 1016; x_wconf 93' lang='lat' dir='ltr'><strong>in</strong></span> <span class='ocrx_word' id='word_1_55' title='bbox 948 962 1207 1032; x_wconf 82' lang='lat' dir='ltr'><strong>sepulcro</strong></span> <span class='ocrx_word' id='word_1_56' title='bbox 1238 971 1507 1015; x_wconf 89' lang='lat' dir='ltr'><strong>mortuum</strong></span> <span class='ocrx_word' id='word_1_57' title='bbox 1541 963 1712 1030; x_wconf 84' lang='lat' dir='ltr'><strong>ipsius</strong></span> <span class='ocrx_word' id='word_1_58' title='bbox 1765 977 1962 1029; x_wconf 84' lang='lat' dir='ltr'><strong>corpus</strong></span> <span class='ocrx_word' id='word_1_59' title='bbox 1981 960 2068 1029; x_wconf 86' lang='lat' dir='ltr'><strong>ja-</strong></span> 
     </span>
    </p>
   </div>
   <div class='ocr_carea' id='block_1_10' title="bbox 487 1054 2069 1126">
    <p class='ocr_par' dir='ltr' id='par_1_10' title="bbox 487 1054 2069 1126">
     <span class='ocr_line' id='line_1_10' title="bbox 487 1054 2069 1126; baseline -0.003 -15"><span class='ocrx_word' id='word_1_60' title='bbox 487 1056 648 1126; x_wconf 87' lang='lat' dir='ltr'><strong>cuit),</strong></span> <span class='ocrx_word' id='word_1_61' title='bbox 685 1065 743 1108; x_wconf 90' lang='lat' dir='ltr'><strong>ut</strong></span> <span class='ocrx_word' id='word_1_62' title='bbox 783 1056 1311 1120; x_wconf 71' lang='lat' dir='ltr'><strong>demonstravimus;</strong></span> <span class='ocrx_word' id='word_1_63' title='bbox 1347 1065 1402 1108; x_wconf 90' lang='lat' dir='ltr'><strong>et</strong></span> <span class='ocrx_word' id='word_1_64' title='bbox 1463 1070 1585 1108; x_wconf 93' lang='lat' dir='ltr'><strong>eum</strong></span> <span class='ocrx_word' id='word_1_65' title='bbox 1629 1054 1740 1122; x_wconf 89' lang='lat' dir='ltr'><strong>jam</strong></span> <span class='ocrx_word' id='word_1_66' title='bbox 1799 1055 2069 1109; x_wconf 83' lang='lat' dir='ltr'><strong>hominem</strong></span> 
     </span>
    </p>
   </div>
   <div class='ocr_carea' id='block_1_11' title="bbox 488 1146 2074 1217">
    <p class='ocr_par' dir='ltr' id='par_1_11' title="bbox 488 1146 2074 1217">
     <span class='ocr_line' id='line_1_11' title="bbox 488 1146 2074 1217; baseline 0.001 -17"><span class='ocrx_word' id='word_1_67' title='bbox 488 1148 693 1202; x_wconf 88' lang='lat' dir='ltr'><strong>idcirco</strong></span> <span class='ocrx_word' id='word_1_68' title='bbox 719 1162 842 1201; x_wconf 89' lang='lat' dir='ltr'><strong>esse</strong></span> <span class='ocrx_word' id='word_1_69' title='bbox 875 1156 1058 1214; x_wconf 69' lang='lat' dir='ltr'><strong>negat,</strong></span> <span class='ocrx_word' id='word_1_70' title='bbox 1087 1148 1212 1214; x_wconf 86' lang='lat' dir='ltr'><strong>quia</strong></span> <span class='ocrx_word' id='word_1_71' title='bbox 1245 1147 1495 1217; x_wconf 89' lang='lat' dir='ltr'><strong>quisquis</strong></span> <span class='ocrx_word' id='word_1_72' title='bbox 1526 1148 1690 1200; x_wconf 92' lang='lat' dir='ltr'><strong>morti</strong></span> <span class='ocrx_word' id='word_1_73' title='bbox 1729 1163 1833 1202; x_wconf 93' lang='lat' dir='ltr'><strong>nou</strong></span> <span class='ocrx_word' id='word_1_74' title='bbox 1886 1146 2074 1215; x_wconf 71' lang='lat' dir='ltr'><strong>subia-</strong></span> 
     </span>
    </p>
   </div>
   <div class='ocr_carea' id='block_1_12' title="bbox 488 1238 2073 1309">
    <p class='ocr_par' dir='ltr' id='par_1_12' title="bbox 488 1238 2073 1309">
     <span class='ocr_line' id='line_1_12' title="bbox 488 1238 2073 1309; baseline 0 -17"><span class='ocrx_word' id='word_1_75' title='bbox 488 1239 598 1301; x_wconf 76' lang='lat' dir='ltr'><strong>cet“,</strong></span> <span class='ocrx_word' id='word_1_76' title='bbox 638 1239 951 1307; x_wconf 80' lang='lat' dir='ltr'><strong>neutiquam</strong></span> <span class='ocrx_word' id='word_1_77' title='bbox 983 1238 1255 1292; x_wconf 88' lang='lat' dir='ltr'><strong>hominem</strong></span> <span class='ocrx_word' id='word_1_78' title='bbox 1285 1253 1410 1292; x_wconf 88' lang='lat' dir='ltr'><strong>esse</strong></span> <span class='ocrx_word' id='word_1_79' title='bbox 1433 1247 1645 1292; x_wconf 91' lang='lat' dir='ltr'><strong>censet.</strong></span> <span class='ocrx_word' id='word_1_80' title='bbox 1672 1238 1728 1292; x_wconf 90' lang='lat' dir='ltr'><strong>In</strong></span> <span class='ocrx_word' id='word_1_81' title='bbox 1753 1255 1866 1307; x_wconf 88' lang='lat' dir='ltr'><strong>quo</strong></span> <span class='ocrx_word' id='word_1_82' title='bbox 1902 1256 2073 1309; x_wconf 87' lang='lat' dir='ltr'><strong>quan-</strong></span> 
     </span>
    </p>
   </div>
   <div class='ocr_carea' id='block_1_13' title="bbox 488 1333 2069 1400">
    <p class='ocr_par' dir='ltr' id='par_1_13' title="bbox 488 1333 2069 1400">
     <span class='ocr_line' id='line_1_13' title="bbox 488 1333 2069 1400; baseline 0.001 -17"><span class='ocrx_word' id='word_1_83' title='bbox 488 1347 649 1400; x_wconf 91' lang='lat' dir='ltr'><strong>quam</strong></span> <span class='ocrx_word' id='word_1_84' title='bbox 685 1333 831 1385; x_wconf 87' lang='lat' dir='ltr'><strong>circa</strong></span> <span class='ocrx_word' id='word_1_85' title='bbox 872 1333 1107 1386; x_wconf 84' lang='lat' dir='ltr'><strong>hominis</strong></span> <span class='ocrx_word' id='word_1_86' title='bbox 1141 1346 1333 1384; x_wconf 86' lang='lat' dir='ltr'><strong>nomen</strong></span> <span class='ocrx_word' id='word_1_87' title='bbox 1363 1333 1591 1399; x_wconf 73' lang='lat' dir='ltr'><strong>quSllO</strong></span> <span class='ocrx_word' id='word_1_88' title='bbox 1631 1343 1878 1387; x_wconf 77' lang='lat' dir='ltr'><strong>versetur</strong></span> <span class='ocrx_word' id='word_1_89' title='bbox 1902 1371 1918 1396; x_wconf 91' lang='lat'><strong>,</strong></span> <span class='ocrx_word' id='word_1_90' title='bbox 1947 1348 2069 1387; x_wconf 92' lang='lat' dir='ltr'><strong>eum</strong></span> 
     </span>
    </p>
   </div>
   <div class='ocr_carea' id='block_1_14' title="bbox 488 1423 2070 1488">
    <p class='ocr_par' dir='ltr' id='par_1_14' title="bbox 488 1423 2070 1488">
     <span class='ocr_line' id='line_1_14' title="bbox 488 1423 2070 1488; baseline -0.001 -10"><span class='ocrx_word' id='word_1_91' title='bbox 488 1426 556 1479; x_wconf 88' lang='lat' dir='ltr'><strong>de</strong></span> <span class='ocrx_word' id='word_1_92' title='bbox 605 1439 664 1478; x_wconf 89' lang='lat' dir='ltr'><strong>re</strong></span> <span class='ocrx_word' id='word_1_93' title='bbox 695 1433 941 1488; x_wconf 86' lang='lat' dir='ltr'><strong>constet,</strong></span> <span class='ocrx_word' id='word_1_94' title='bbox 993 1423 1269 1476; x_wconf 83' lang='lat' dir='ltr'><strong>fatendum</strong></span> <span class='ocrx_word' id='word_1_95' title='bbox 1317 1423 1673 1478; x_wconf 88' lang='lat' dir='ltr'><strong>nihilominus</strong></span> <span class='ocrx_word' id='word_1_96' title='bbox 1728 1424 2070 1478; x_wconf 83' lang='lat' dir='ltr'><strong>temerariam</strong></span> 
     </span>
    </p>
   </div>
   <div class='ocr_carea' id='block_1_15' title="bbox 488 1512 1747 1580">
    <p class='ocr_par' dir='ltr' id='par_1_15' title="bbox 488 1512 1747 1580">
     <span class='ocr_line' id='line_1_15' title="bbox 488 1512 1747 1580; baseline -0.001 -11"><span class='ocrx_word' id='word_1_97' title='bbox 488 1528 611 1569; x_wconf 84' lang='lat' dir='ltr'><strong>esse</strong></span> <span class='ocrx_word' id='word_1_98' title='bbox 656 1528 842 1566; x_wconf 85' lang='lat' dir='ltr'><strong>vocem</strong></span> <span class='ocrx_word' id='word_1_99' title='bbox 880 1513 1042 1577; x_wconf 87' lang='lat' dir='ltr'><strong>hanc,</strong></span> <span class='ocrx_word' id='word_1_100' title='bbox 1077 1513 1305 1580; x_wconf 84' lang='lat' dir='ltr'><strong>ideoque</strong></span> <span class='ocrx_word' id='word_1_101' title='bbox 1339 1512 1747 1580; x_wconf 88' lang='lat' dir='ltr'><strong>repudiandam.</strong></span> 
     </span>
    </p>
   </div>
   <div class='ocr_carea' id='block_1_16' title="bbox 559 1600 2069 1672">
    <p class='ocr_par' dir='ltr' id='par_1_16' title="bbox 559 1600 2069 1672">
     <span class='ocr_line' id='line_1_16' title="bbox 559 1600 2069 1672; baseline 0.001 -16"><span class='ocrx_word' id='word_1_102' title='bbox 559 1603 752 1657; x_wconf 79' lang='lat' dir='ltr'><strong>XXIX.</strong></span> <span class='ocrx_word' id='word_1_103' title='bbox 783 1602 1026 1657; x_wconf 83' lang='lat' dir='ltr'><strong>Celebris</strong></span> <span class='ocrx_word' id='word_1_104' title='bbox 1051 1612 1136 1657; x_wconf 89' lang='lat' dir='ltr'><strong>est</strong></span> <span class='ocrx_word' id='word_1_105' title='bbox 1174 1601 1440 1657; x_wconf 80' lang='lat' dir='ltr'><strong>Bernardi</strong></span> <span class='ocrx_word' id='word_1_106' title='bbox 1474 1605 1738 1658; x_wconf 87' lang='lat' dir='ltr'><strong>adversus</strong></span> <span class='ocrx_word' id='word_1_107' title='bbox 1778 1600 2069 1672; x_wconf 84' lang='lat' dir='ltr'><strong>Origenem</strong></span> 
     </span>
    </p>
   </div>
   <div class='ocr_carea' id='block_1_17' title="bbox 488 1693 2071 1766">
    <p class='ocr_par' dir='ltr' id='par_1_17' title="bbox 488 1693 2071 1766">
     <span class='ocr_line' id='line_1_17' title="bbox 488 1693 2071 1766; baseline 0 -18"><span class='ocrx_word' id='word_1_108' title='bbox 488 1697 750 1766; x_wconf 84' lang='lat' dir='ltr'><strong>querela,</strong></span> <span class='ocrx_word' id='word_1_109' title='bbox 808 1695 861 1748; x_wconf 93' lang='lat' dir='ltr'><strong>in</strong></span> <span class='ocrx_word' id='word_1_110' title='bbox 915 1709 1166 1748; x_wconf 89' lang='lat' dir='ltr'><strong>sermone</strong></span> <span class='ocrx_word' id='word_1_111' title='bbox 1213 1694 1306 1760; x_wconf 90' lang='lat' dir='ltr'><strong>qui</strong></span> <span class='ocrx_word' id='word_1_112' title='bbox 1367 1693 1722 1760; x_wconf 88' lang='lat' dir='ltr'><strong>inscribitur,</strong></span> <span class='ocrx_word' id='word_1_113' title='bbox 1775 1693 1852 1747; x_wconf 72' lang='lat' dir='ltr'><strong>De</strong></span> <span class='ocrx_word' id='word_1_114' title='bbox 1903 1693 2071 1748; x_wconf 74' lang='lat' dir='ltr'><strong>verbis</strong></span> 
     </span>
    </p>
   </div>
   <div class='ocr_carea' id='block_1_18' title="bbox 491 1787 2069 1857">
    <p class='ocr_par' dir='ltr' id='par_1_18' title="bbox 491 1787 2069 1857">
     <span class='ocr_line' id='line_1_18' title="bbox 491 1787 2069 1857; baseline -0.001 -13"><span class='ocrx_word' id='word_1_115' title='bbox 491 1790 770 1857; x_wconf 82' lang='lat' dir='ltr'><strong>Origenis,</strong></span> <span class='ocrx_word' id='word_1_116' title='bbox 814 1789 864 1840; x_wconf 94' lang='lat' dir='ltr'><strong>in</strong></span> <span class='ocrx_word' id='word_1_117' title='bbox 905 1804 1012 1856; x_wconf 91' lang='lat' dir='ltr'><strong>quo</strong></span> <span class='ocrx_word' id='word_1_118' title='bbox 1054 1787 1294 1855; x_wconf 80' lang='lat' dir='ltr'><strong>graviter</strong></span> <span class='ocrx_word' id='word_1_119' title='bbox 1339 1803 1462 1839; x_wconf 88' lang='lat' dir='ltr'><strong>eum</strong></span> <span class='ocrx_word' id='word_1_120' title='bbox 1512 1788 1938 1856; x_wconf 74' lang='lat' dir='ltr'><strong>incesS‘it,qIIOtl</strong></span> <span class='ocrx_word' id='word_1_121' title='bbox 1971 1789 2069 1842; x_wconf 90' lang='lat' dir='ltr'><strong>ho-</strong></span> 
     </span>
    </p>
   </div>
   <div class='ocr_carea' id='block_1_19' title="bbox 2175 595 3758 667">
    <p class='ocr_par' dir='ltr' id='par_1_19' title="bbox 2175 595 3758 667">
     <span class='ocr_line' id='line_1_19' title="bbox 2175 595 3758 667; baseline -0.003 -16"><span class='ocrx_word' id='word_1_122' title='bbox 2175 597 2326 661; x_wconf 90' lang='lat' dir='ltr'><strong>loris,</strong></span> <span class='ocrx_word' id='word_1_123' title='bbox 2358 613 2521 654; x_wconf 86' lang='lat' dir='ltr'><strong>sensu</strong></span> <span class='ocrx_word' id='word_1_124' title='bbox 2555 599 2794 667; x_wconf 90' lang='lat' dir='ltr'><strong>torqueri</strong></span> <span class='ocrx_word' id='word_1_125' title='bbox 2828 597 3000 652; x_wconf 88' lang='lat' dir='ltr'><strong>voluit</strong></span> <span class='ocrx_word' id='word_1_126' title='bbox 3030 595 3292 666; x_wconf 91' lang='lat' dir='ltr'><strong>Origenes</strong></span> <span class='ocrx_word' id='word_1_127' title='bbox 3314 635 3329 656; x_wconf 90' lang='lat'><strong>,</strong></span> <span class='ocrx_word' id='word_1_128' title='bbox 3370 603 3426 649; x_wconf 92' lang='lat' dir='ltr'><strong>et</strong></span> <span class='ocrx_word' id='word_1_129' title='bbox 3477 604 3665 664; x_wconf 88' lang='lat' dir='ltr'><strong>aperte</strong></span> <span class='ocrx_word' id='word_1_130' title='bbox 3693 608 3758 647; x_wconf 90' lang='lat' dir='ltr'><strong>ac</strong></span> 
     </span>
    </p>
   </div>
   <div class='ocr_carea' id='block_1_20' title="bbox 2177 683 3761 755">
    <p class='ocr_par' dir='ltr' id='par_1_20' title="bbox 2177 683 3761 755">
     <span class='ocr_line' id='line_1_20' title="bbox 2177 683 3761 755; baseline -0.003 -13"><span class='ocrx_word' id='word_1_131' title='bbox 2177 689 2375 743; x_wconf 91' lang='lat' dir='ltr'><strong>iterato</strong></span> <span class='ocrx_word' id='word_1_132' title='bbox 2424 688 2734 743; x_wconf 77' lang='lat' dir='ltr'><strong>afﬁrmavit.</strong></span> <span class='ocrx_word' id='word_1_133' title='bbox 2769 689 2900 744; x_wconf 87' lang='lat' dir='ltr'><strong>Tale</strong></span> <span class='ocrx_word' id='word_1_134' title='bbox 2941 698 3122 742; x_wconf 88' lang='lat' dir='ltr'><strong>autem</strong></span> <span class='ocrx_word' id='word_1_135' title='bbox 3169 687 3445 754; x_wconf 89' lang='lat' dir='ltr'><strong>quidpiam</strong></span> <span class='ocrx_word' id='word_1_136' title='bbox 3488 683 3761 755; x_wconf 89' lang='lat' dir='ltr'><strong>persenti-</strong></span> 
     </span>
    </p>
   </div>
   <div class='ocr_carea' id='block_1_21' title="bbox 2176 777 3762 848">
    <p class='ocr_par' dir='ltr' id='par_1_21' title="bbox 2176 777 3762 848">
     <span class='ocr_line' id='line_1_21' title="bbox 2176 777 3762 848; baseline -0.003 -13"><span class='ocrx_word' id='word_1_137' title='bbox 2176 796 2331 836; x_wconf 88' lang='lat' dir='ltr'><strong>scere</strong></span> <span class='ocrx_word' id='word_1_138' title='bbox 2357 782 2621 848; x_wconf 81' lang='lat' dir='ltr'><strong>Spiritum</strong></span> <span class='ocrx_word' id='word_1_139' title='bbox 2646 791 2891 836; x_wconf 87' lang='lat' dir='ltr'><strong>sanctnm</strong></span> <span class='ocrx_word' id='word_1_140' title='bbox 2919 783 3142 836; x_wconf 89' lang='lat' dir='ltr'><strong>minime</strong></span> <span class='ocrx_word' id='word_1_141' title='bbox 3171 779 3394 834; x_wconf 87' lang='lat' dir='ltr'><strong>Paulum</strong></span> <span class='ocrx_word' id='word_1_142' title='bbox 3426 777 3762 832; x_wconf 82' lang='lat' dir='ltr'><strong>intellexisse</strong></span> 
     </span>
    </p>
   </div>
   <div class='ocr_carea' id='block_1_22' title="bbox 2183 868 3762 942">
    <p class='ocr_par' dir='ltr' id='par_1_22' title="bbox 2183 868 3762 942">
     <span class='ocr_line' id='line_1_22' title="bbox 2183 868 3762 942; baseline -0.003 -18"><span class='ocrx_word' id='word_1_143' title='bbox 2183 883 2313 942; x_wconf 90' lang='lat' dir='ltr'><strong>puto</strong></span> <span class='ocrx_word' id='word_1_144' title='bbox 2341 889 2356 936; x_wconf 86' lang='lat'><strong>;</strong></span> <span class='ocrx_word' id='word_1_145' title='bbox 2403 888 2500 925; x_wconf 88' lang='lat' dir='ltr'><strong>nec</strong></span> <span class='ocrx_word' id='word_1_146' title='bbox 2528 881 2680 926; x_wconf 79' lang='lat' dir='ltr'><strong>certe</strong></span> <span class='ocrx_word' id='word_1_147' title='bbox 2713 881 2904 940; x_wconf 88' lang='lat' dir='ltr'><strong>putant</strong></span> <span class='ocrx_word' id='word_1_148' title='bbox 2935 875 3283 941; x_wconf 86' lang='lat' dir='ltr'><strong>interpretes.</strong></span> <span class='ocrx_word' id='word_1_149' title='bbox 3319 869 3410 923; x_wconf 89' lang='lat' dir='ltr'><strong>Sic</strong></span> <span class='ocrx_word' id='word_1_150' title='bbox 3442 868 3618 922; x_wconf 90' lang='lat' dir='ltr'><strong>locum</strong></span> <span class='ocrx_word' id='word_1_151' title='bbox 3665 883 3762 920; x_wconf 72' lang='lat' dir='ltr'><strong>ex-</strong></span> 
     </span>
    </p>
   </div>
   <div class='ocr_carea' id='block_1_23' title="bbox 2175 960 3755 1034">
    <p class='ocr_par' dir='ltr' id='par_1_23' title="bbox 2175 960 3755 1034">
     <span class='ocr_line' id='line_1_23' title="bbox 2175 960 3755 1034; baseline 0 -22"><span class='ocrx_word' id='word_1_152' title='bbox 2175 966 2325 1034; x_wconf 83' lang='lat' dir='ltr'><strong>punit</strong></span> <span class='ocrx_word' id='word_1_153' title='bbox 2352 965 2465 1031; x_wconf 89' lang='lat' dir='ltr'><strong>ipse</strong></span> <span class='ocrx_word' id='word_1_154' title='bbox 2491 963 2749 1033; x_wconf 79' lang='lat' dir='ltr'><strong>Origenes</strong></span> <span class='ocrx_word' id='word_1_155' title='bbox 2790 965 2880 1017; x_wconf 85' lang='lat' dir='ltr'><strong>lib.</strong></span> <span class='ocrx_word' id='word_1_156' title='bbox 2905 979 2977 1017; x_wconf 87' lang='lat' dir='ltr'><strong>vtt</strong></span> <span class='ocrx_word' id='word_1_157' title='bbox 3011 964 3062 1017; x_wconf 79' lang='lat' dir='ltr'><strong>in</strong></span> <span class='ocrx_word' id='word_1_158' title='bbox 3091 961 3258 1030; x_wconf 81' lang='lat' dir='ltr'><strong>Epist.</strong></span> <span class='ocrx_word' id='word_1_159' title='bbox 3289 962 3357 1015; x_wconf 84' lang='lat' dir='ltr'><strong>ad</strong></span> <span class='ocrx_word' id='word_1_160' title='bbox 3399 960 3579 1024; x_wconf 83' lang='lat' dir='ltr'><strong>Rom.,</strong></span> <span class='ocrx_word' id='word_1_161' title='bbox 3605 975 3755 1013; x_wconf 89' lang='lat' dir='ltr'><strong>num.</strong></span> 
     </span>
    </p>
   </div>
   <div class='ocr_carea' id='block_1_24' title="bbox 2182 1051 3762 1123">
    <p class='ocr_par' dir='ltr' id='par_1_24' title="bbox 2182 1051 3762 1123">
     <span class='ocr_line' id='line_1_24' title="bbox 2182 1051 3762 1123; baseline -0.003 -15"><span class='ocrx_word' id='word_1_162' title='bbox 2182 1055 2263 1108; x_wconf 76' lang='grc' dir='ltr'><strong>ϐε</strong></span> <span class='ocrx_word' id='word_1_163' title='bbox 2303 1073 2322 1106; x_wconf 83' lang='grc' dir='ltr'><strong>ι</strong></span> <span class='ocrx_word' id='word_1_164' title='bbox 2359 1055 2590 1109; x_wconf 85' lang='lat' dir='ltr'><strong>Sanctus</strong></span> <span class='ocrx_word' id='word_1_165' title='bbox 2640 1052 2874 1123; x_wconf 87' lang='lat' dir='ltr'><strong>Spiritus</strong></span> <span class='ocrx_word' id='word_1_166' title='bbox 2925 1055 3012 1108; x_wconf 91' lang='lat' dir='ltr'><strong>ubi</strong></span> <span class='ocrx_word' id='word_1_167' title='bbox 3061 1053 3554 1122; x_wconf 83' lang='lat' dir='ltr'><strong>oppugnationibus</strong></span> <span class='ocrx_word' id='word_1_168' title='bbox 3577 1051 3762 1104; x_wconf 87' lang='lat' dir='ltr'><strong>carnis</strong></span> 
     </span>
    </p>
   </div>
   <div class='ocr_carea' id='block_1_25' title="bbox 2173 1141 3761 1218">
    <p class='ocr_par' dir='ltr' id='par_1_25' title="bbox 2173 1141 3761 1218">
     <span class='ocr_line' id='line_1_25' title="bbox 2173 1141 3761 1218; baseline -0.004 -16"><span class='ocrx_word' id='word_1_169' title='bbox 2173 1148 2473 1218; x_wconf 90' lang='lat' dir='ltr'><strong>perturbari</strong></span> <span class='ocrx_word' id='word_1_170' title='bbox 2489 1154 2727 1200; x_wconf 84' lang='lat' dir='ltr'><strong>nostrum</strong></span> <span class='ocrx_word' id='word_1_171' title='bbox 2745 1146 2992 1215; x_wconf 88' lang='lat' dir='ltr'><strong>spiritum</strong></span> <span class='ocrx_word' id='word_1_172' title='bbox 3007 1147 3273 1210; x_wconf 88' lang='lat' dir='ltr'><strong>videri-t,et</strong></span> <span class='ocrx_word' id='word_1_173' title='bbox 3289 1144 3613 1198; x_wconf 84' lang='lat' dir='ltr'><strong>nescientem</strong></span> <span class='ocrx_word' id='word_1_174' title='bbox 3633 1141 3761 1211; x_wconf 89' lang='lat' dir='ltr'><strong>quid</strong></span> 
     </span>
    </p>
   </div>
   <div class='ocr_carea' id='block_1_26' title="bbox 2176 1236 3763 1307">
    <p class='ocr_par' dir='ltr' id='par_1_26' title="bbox 2176 1236 3763 1307">
     <span class='ocr_line' id='line_1_26' title="bbox 2176 1236 3763 1307; baseline -0.002 -17"><span class='ocrx_word' id='word_1_175' title='bbox 2176 1252 2332 1292; x_wconf 91' lang='lat' dir='ltr'><strong>orare</strong></span> <span class='ocrx_word' id='word_1_176' title='bbox 2356 1239 2549 1292; x_wconf 84' lang='lat' dir='ltr'><strong>debeat</strong></span> <span class='ocrx_word' id='word_1_177' title='bbox 2569 1239 2863 1292; x_wconf 86' lang='lat' dir='ltr'><strong>secundum</strong></span> <span class='ocrx_word' id='word_1_178' title='bbox 2883 1239 3023 1307; x_wconf 88' lang='lat' dir='ltr'><strong>quod</strong></span> <span class='ocrx_word' id='word_1_179' title='bbox 3053 1247 3286 1305; x_wconf 88' lang='lat' dir='ltr'><strong>oportet,</strong></span> <span class='ocrx_word' id='word_1_180' title='bbox 3306 1239 3416 1306; x_wconf 87' lang='lat' dir='ltr'><strong>ipse</strong></span> <span class='ocrx_word' id='word_1_181' title='bbox 3437 1236 3763 1304; x_wconf 88' lang='lat' dir='ltr'><strong>velutmagi-</strong></span> 
     </span>
    </p>
   </div>
   <div class='ocr_carea' id='block_1_27' title="bbox 2173 1326 3762 1398">
    <p class='ocr_par' dir='ltr' id='par_1_27' title="bbox 2173 1326 3762 1398">
     <span class='ocr_line' id='line_1_27' title="bbox 2173 1326 3762 1398; baseline -0.001 -17"><span class='ocrx_word' id='word_1_182' title='bbox 2173 1337 2288 1382; x_wconf 92' lang='lat' dir='ltr'><strong>ster</strong></span> <span class='ocrx_word' id='word_1_183' title='bbox 2319 1329 2619 1382; x_wconf 87' lang='lat' dir='ltr'><strong>orationem</strong></span> <span class='ocrx_word' id='word_1_184' title='bbox 2664 1329 2985 1398; x_wconf 63' lang='lat' dir='ltr'><strong>praemittit,</strong></span> <span class='ocrx_word' id='word_1_185' title='bbox 3011 1343 3172 1396; x_wconf 83' lang='lat' dir='ltr'><strong>quam</strong></span> <span class='ocrx_word' id='word_1_186' title='bbox 3218 1338 3402 1381; x_wconf 90' lang='lat' dir='ltr'><strong>noster</strong></span> <span class='ocrx_word' id='word_1_187' title='bbox 3431 1326 3682 1393; x_wconf 79' lang='lat' dir='ltr'><strong>spiritus,</strong></span> <span class='ocrx_word' id='word_1_188' title='bbox 3712 1326 3762 1380; x_wconf 87' lang='lat' dir='ltr'><strong>si</strong></span> 
     </span>
    </p>
   </div>
   <div class='ocr_carea' id='block_1_28' title="bbox 2176 1415 3759 1491">
    <p class='ocr_par' dir='ltr' id='par_1_28' title="bbox 2176 1415 3759 1491">
     <span class='ocr_line' id='line_1_28' title="bbox 2176 1415 3759 1491; baseline 0.001 -20"><span class='ocrx_word' id='word_1_189' title='bbox 2176 1415 2357 1474; x_wconf 88' lang='lat' dir='ltr'><strong>tamen</strong></span> <span class='ocrx_word' id='word_1_190' title='bbox 2412 1421 2710 1491; x_wconf 91' lang='lat' dir='ltr'><strong>discipulus</strong></span> <span class='ocrx_word' id='word_1_191' title='bbox 2764 1435 2886 1476; x_wconf 91' lang='lat' dir='ltr'><strong>esse</strong></span> <span class='ocrx_word' id='word_1_192' title='bbox 2932 1421 3109 1474; x_wconf 80' lang='lat' dir='ltr'><strong>sancti</strong></span> <span class='ocrx_word' id='word_1_193' title='bbox 3168 1418 3408 1487; x_wconf 86' lang='lat' dir='ltr'><strong>Spiritus</strong></span> <span class='ocrx_word' id='word_1_194' title='bbox 3460 1419 3759 1482; x_wconf 86' lang='lat' dir='ltr'><strong>desiderat,</strong></span> 
     </span>
    </p>
   </div>
   <div class='ocr_carea' id='block_1_29' title="bbox 2171 1511 3764 1584">
    <p class='ocr_par' dir='ltr' id='par_1_29' title="bbox 2171 1511 3764 1584">
     <span class='ocr_line' id='line_1_29' title="bbox 2171 1511 3764 1584; baseline -0.001 -19"><span class='ocrx_word' id='word_1_195' title='bbox 2171 1523 2539 1583; x_wconf 79' lang='lat' dir='ltr'><strong>prosequatur</strong></span> <span class='ocrx_word' id='word_1_196' title='bbox 2587 1530 2601 1567; x_wconf 92' lang='lat'><strong>:</strong></span> <span class='ocrx_word' id='word_1_197' title='bbox 2663 1515 2781 1584; x_wconf 87' lang='lat' dir='ltr'><strong>ipse</strong></span> <span class='ocrx_word' id='word_1_198' title='bbox 2816 1514 3060 1584; x_wconf 73' lang='lat' dir='ltr'><strong>gemitus</strong></span> <span class='ocrx_word' id='word_1_199' title='bbox 3113 1513 3292 1575; x_wconf 58' lang='lat' dir='ltr'><strong>offert,</strong></span> <span class='ocrx_word' id='word_1_200' title='bbox 3348 1511 3546 1581; x_wconf 85' lang='lat' dir='ltr'><strong>quibus</strong></span> <span class='ocrx_word' id='word_1_201' title='bbox 3578 1521 3764 1565; x_wconf 85' lang='lat' dir='ltr'><strong>noster</strong></span> 
     </span>
    </p>
   </div>
   <div class='ocr_carea' id='block_1_30' title="bbox 2174 1601 3761 1676">
    <p class='ocr_par' dir='ltr' id='par_1_30' title="bbox 2174 1601 3761 1676">
     <span class='ocr_line' id='line_1_30' title="bbox 2174 1601 3761 1676; baseline -0.002 -18"><span class='ocrx_word' id='word_1_202' title='bbox 2174 1607 2400 1676; x_wconf 82' lang='lat' dir='ltr'><strong>spiritus</strong></span> <span class='ocrx_word' id='word_1_203' title='bbox 2445 1607 2620 1660; x_wconf 87' lang='lat' dir='ltr'><strong>discat</strong></span> <span class='ocrx_word' id='word_1_204' title='bbox 2683 1607 3077 1675; x_wconf 78' lang='lat' dir='ltr'><strong>ingemiscere,</strong></span> <span class='ocrx_word' id='word_1_205' title='bbox 3133 1615 3190 1657; x_wconf 93' lang='lat' dir='ltr'><strong>ut</strong></span> <span class='ocrx_word' id='word_1_206' title='bbox 3256 1603 3574 1672; x_wconf 89' lang='lat' dir='ltr'><strong>repropitiet</strong></span> <span class='ocrx_word' id='word_1_207' title='bbox 3657 1601 3761 1656; x_wconf 90' lang='lat' dir='ltr'><strong>sibi</strong></span> 
     </span>
    </p>
   </div>
   <div class='ocr_carea' id='block_1_31' title="bbox 2177 1691 3762 1764">
    <p class='ocr_par' dir='ltr' id='par_1_31' title="bbox 2177 1691 3762 1764">
     <span class='ocr_line' id='line_1_31' title="bbox 2177 1691 3762 1764; baseline -0.004 -12"><span class='ocrx_word' id='word_1_208' title='bbox 2177 1698 2366 1752; x_wconf 88' lang='lat' dir='ltr'><strong>Deum.</strong></span> <span class='ocrx_word' id='word_1_209' title='bbox 2412 1717 2430 1749; x_wconf 76' lang='grc' dir='ltr'><strong>ι</strong></span> <span class='ocrx_word' id='word_1_210' title='bbox 2465 1696 2765 1752; x_wconf 77' lang='lat' dir='ltr'><strong>Confirmat</strong></span> <span class='ocrx_word' id='word_1_211' title='bbox 2807 1698 2948 1752; x_wconf 89' lang='lat' dir='ltr'><strong>hanc</strong></span> <span class='ocrx_word' id='word_1_212' title='bbox 2985 1697 3384 1764; x_wconf 75' lang='lat' dir='ltr'><strong>expositionem</strong></span> <span class='ocrx_word' id='word_1_213' title='bbox 3433 1693 3565 1748; x_wconf 92' lang='lat' dir='ltr'><strong>illud</strong></span> <span class='ocrx_word' id='word_1_214' title='bbox 3609 1691 3762 1746; x_wconf 85' lang='lat' dir='ltr'><strong>Pauli</strong></span> 
     </span>
    </p>
   </div>
   <div class='ocr_carea' id='block_1_32' title="bbox 2173 1785 3764 1856">
    <p class='ocr_par' dir='ltr' id='par_1_32' title="bbox 2173 1785 3764 1856">
     <span class='ocr_line' id='line_1_32' title="bbox 2173 1785 3764 1856; baseline -0.004 -10"><span class='ocrx_word' id='word_1_215' title='bbox 2173 1790 2349 1846; x_wconf 82' lang='lat' dir='ltr'><strong>Galat.</strong></span> <span class='ocrx_word' id='word_1_216' title='bbox 2385 1805 2460 1852; x_wconf 74' lang='lat' dir='ltr'><strong>tv,</strong></span> <span class='ocrx_word' id='word_1_217' title='bbox 2492 1790 2525 1844; x_wconf 86' lang='lat'><strong>6</strong></span> <span class='ocrx_word' id='word_1_218' title='bbox 2553 1807 2566 1842; x_wconf 94' lang='lat'><strong>:</strong></span> <span class='ocrx_word' id='word_1_219' title='bbox 2607 1810 2625 1840; x_wconf 70' lang='lat' dir='ltr'><strong>r</strong></span> <span class='ocrx_word' id='word_1_220' title='bbox 2658 1789 2920 1856; x_wconf 86' lang='lat' dir='ltr'><strong>Quoniam</strong></span> <span class='ocrx_word' id='word_1_221' title='bbox 2952 1799 3130 1842; x_wconf 90' lang='lat' dir='ltr'><strong>autem</strong></span> <span class='ocrx_word' id='word_1_222' title='bbox 3155 1789 3286 1842; x_wconf 88' lang='lat' dir='ltr'><strong>estis</strong></span> <span class='ocrx_word' id='word_1_223' title='bbox 3310 1786 3428 1850; x_wconf 84' lang='lat' dir='ltr'><strong>filii,</strong></span> <span class='ocrx_word' id='word_1_224' title='bbox 3452 1785 3599 1841; x_wconf 74' lang='lat' dir='ltr'><strong>misit</strong></span> <span class='ocrx_word' id='word_1_225' title='bbox 3623 1785 3764 1839; x_wconf 87' lang='lat' dir='ltr'><strong>Deus</strong></span> 
     </span>
    </p>
   </div>
   <div class='ocr_carea' id='block_1_33' title="bbox 490 1867 3762 1951">
    <p class='ocr_par' dir='ltr' id='par_1_33' title="bbox 490 1867 3762 1951">
     <span class='ocr_line' id='line_1_33' title="bbox 490 1867 3762 1951; baseline -0.001 -17"><span class='ocrx_word' id='word_1_226' title='bbox 490 1883 607 1934; x_wconf 88' lang='lat' dir='ltr'><strong>mil.</strong></span> <span class='ocrx_word' id='word_1_227' title='bbox 636 1881 664 1932; x_wconf 87' lang='lat'><strong>7</strong></span> <span class='ocrx_word' id='word_1_228' title='bbox 697 1882 751 1933; x_wconf 88' lang='lat' dir='ltr'><strong>in</strong></span> <span class='ocrx_word' id='word_1_229' title='bbox 783 1879 1022 1946; x_wconf 77' lang='lat' dir='ltr'><strong>Leritic.,</strong></span> <span class='ocrx_word' id='word_1_230' title='bbox 1051 1895 1202 1932; x_wconf 90' lang='lat' dir='ltr'><strong>num.</strong></span> <span class='ocrx_word' id='word_1_231' title='bbox 1244 1878 1301 1942; x_wconf 93' lang='lat'><strong>2,</strong></span> <span class='ocrx_word' id='word_1_232' title='bbox 1338 1880 1615 1933; x_wconf 83' lang='lat' dir='ltr'><strong>Christum</strong></span> <span class='ocrx_word' id='word_1_233' title='bbox 1650 1880 1851 1933; x_wconf 81' lang='lat' dir='ltr'><strong>dixerit</strong></span> <span class='ocrx_word' id='word_1_234' title='bbox 1902 1883 2067 1934; x_wconf 90' lang='lat' dir='ltr'><strong>etiam</strong></span> <span class='ocrx_word' id='word_1_235' title='bbox 2102 1867 2144 1922; x_wconf 73' lang='grc' dir='ltr'><strong>Β</strong></span> <span class='ocrx_word' id='word_1_236' title='bbox 2177 1883 2440 1951; x_wconf 87' lang='lat' dir='ltr'><strong>Spiritum</strong></span> <span class='ocrx_word' id='word_1_237' title='bbox 2462 1881 2587 1934; x_wconf 88' lang='lat' dir='ltr'><strong>Filii</strong></span> <span class='ocrx_word' id='word_1_238' title='bbox 2613 1882 2695 1935; x_wconf 89' lang='lat' dir='ltr'><strong>sui</strong></span> <span class='ocrx_word' id='word_1_239' title='bbox 2727 1881 2780 1935; x_wconf 93' lang='lat' dir='ltr'><strong>in</strong></span> <span class='ocrx_word' id='word_1_240' title='bbox 2805 1881 2968 1934; x_wconf 90' lang='lat' dir='ltr'><strong>corda</strong></span> <span class='ocrx_word' id='word_1_241' title='bbox 2996 1889 3196 1944; x_wconf 87' lang='lat' dir='ltr'><strong>vestra,</strong></span> <span class='ocrx_word' id='word_1_242' title='bbox 3221 1877 3762 1941; x_wconf 85' lang='lat' dir='ltr'><strong>clamantem,Abba,</strong></span> 
     </span>
    </p>
   </div>
   <div class='ocr_carea' id='block_1_34' title="bbox 491 1969 2068 2041">
    <p class='ocr_par' dir='ltr' id='par_1_34' title="bbox 491 1969 2068 2041">
     <span class='ocr_line' id='line_1_34' title="bbox 491 1969 2068 2041; baseline -0.002 -15"><span class='ocrx_word' id='word_1_243' title='bbox 491 1988 633 2026; x_wconf 91' lang='lat' dir='ltr'><strong>nunc</strong></span> <span class='ocrx_word' id='word_1_244' title='bbox 659 1972 840 2041; x_wconf 81' lang='lat' dir='ltr'><strong>lugere</strong></span> <span class='ocrx_word' id='word_1_245' title='bbox 871 1980 1090 2038; x_wconf 88' lang='lat' dir='ltr'><strong>peccata</strong></span> <span class='ocrx_word' id='word_1_246' title='bbox 1128 1977 1351 2034; x_wconf 77' lang='lat' dir='ltr'><strong>nostra;</strong></span> <span class='ocrx_word' id='word_1_247' title='bbox 1383 1969 1662 2023; x_wconf 83' lang='lat' dir='ltr'><strong>Christum</strong></span> <span class='ocrx_word' id='word_1_248' title='bbox 1705 1970 1904 2040; x_wconf 89' lang='lat' dir='ltr'><strong>quippe</strong></span> <span class='ocrx_word' id='word_1_249' title='bbox 1942 1972 2068 2024; x_wconf 88' lang='lat' dir='ltr'><strong>dum</strong></span> 
     </span>
    </p>
   </div>
   <div class='ocr_carea' id='block_1_35' title="bbox 492 2059 2071 2128">
    <p class='ocr_par' dir='ltr' id='par_1_35' title="bbox 492 2059 2071 2128">
     <span class='ocr_line' id='line_1_35' title="bbox 492 2059 2071 2128; baseline -0.001 -13"><span class='ocrx_word' id='word_1_250' title='bbox 492 2067 723 2126; x_wconf 88' lang='lat' dir='ltr'><strong>viveret,</strong></span> <span class='ocrx_word' id='word_1_251' title='bbox 782 2061 1047 2128; x_wconf 89' lang='lat' dir='ltr'><strong>ejusmodi</strong></span> <span class='ocrx_word' id='word_1_252' title='bbox 1103 2059 1482 2114; x_wconf 72' lang='lat' dir='ltr'><strong>affectionibus</strong></span> <span class='ocrx_word' id='word_1_253' title='bbox 1532 2060 1698 2116; x_wconf 87' lang='lat' dir='ltr'><strong>fuisse</strong></span> <span class='ocrx_word' id='word_1_254' title='bbox 1749 2062 2071 2126; x_wconf 79' lang='lat' dir='ltr'><strong>obnoxium,</strong></span> 
     </span>
    </p>
   </div>
   <div class='ocr_carea' id='block_1_36' title="bbox 490 2151 2074 2226">
    <p class='ocr_par' dir='ltr' id='par_1_36' title="bbox 490 2151 2074 2226">
     <span class='ocr_line' id='line_1_36' title="bbox 490 2151 2074 2226; baseline -0.003 -15"><span class='ocrx_word' id='word_1_255' title='bbox 490 2160 585 2211; x_wconf 88' lang='lat' dir='ltr'><strong>sed</strong></span> <span class='ocrx_word' id='word_1_256' title='bbox 620 2166 899 2226; x_wconf 73' lang='lat' dir='ltr'><strong>postquam</strong></span> <span class='ocrx_word' id='word_1_257' title='bbox 931 2154 1070 2208; x_wconf 71' lang='lat' dir='ltr'><strong>cmlo</strong></span> <span class='ocrx_word' id='word_1_258' title='bbox 1097 2152 1381 2215; x_wconf 87' lang='lat' dir='ltr'><strong>successit,</strong></span> <span class='ocrx_word' id='word_1_259' title='bbox 1406 2151 1518 2218; x_wconf 84' lang='lat' dir='ltr'><strong>jam</strong></span> <span class='ocrx_word' id='word_1_260' title='bbox 1550 2168 1655 2206; x_wconf 86' lang='lat' dir='ltr'><strong>non</strong></span> <span class='ocrx_word' id='word_1_261' title='bbox 1678 2153 1864 2208; x_wconf 89' lang='lat' dir='ltr'><strong>dolore</strong></span> <span class='ocrx_word' id='word_1_262' title='bbox 1893 2155 2033 2224; x_wconf 82' lang='lat' dir='ltr'><strong>tangi</strong></span> <span class='ocrx_word' id='word_1_263' title='bbox 2059 2171 2074 2217; x_wconf 86' lang='lat'><strong>;</strong></span> 
     </span>
    </p>
   </div>
   <div class='ocr_carea' id='block_1_37' title="bbox 490 2245 2080 2319">
    <p class='ocr_par' dir='ltr' id='par_1_37' title="bbox 490 2245 2080 2319">
     <span class='ocr_line' id='line_1_37' title="bbox 490 2245 2080 2319; baseline 0 -19"><span class='ocrx_word' id='word_1_264' title='bbox 490 2249 853 2319; x_wconf 70' lang='lat' dir='ltr'><strong>gaudentibus</strong></span> <span class='ocrx_word' id='word_1_265' title='bbox 881 2246 1098 2315; x_wconf 89' lang='lat' dir='ltr'><strong>quidem</strong></span> <span class='ocrx_word' id='word_1_266' title='bbox 1131 2246 1440 2313; x_wconf 81' lang='lat' dir='ltr'><strong>adgauderc</strong></span> <span class='ocrx_word' id='word_1_267' title='bbox 1461 2288 1475 2310; x_wconf 91' lang='lat'><strong>,</strong></span> <span class='ocrx_word' id='word_1_268' title='bbox 1508 2245 1602 2299; x_wconf 84' lang='lat' dir='ltr'><strong>sed</strong></span> <span class='ocrx_word' id='word_1_269' title='bbox 1639 2261 1763 2300; x_wconf 91' lang='lat' dir='ltr'><strong>cum</strong></span> <span class='ocrx_word' id='word_1_270' title='bbox 1801 2247 2080 2303; x_wconf 64' lang='lat' dir='ltr'><strong>merenti-</strong></span> 
     </span>
    </p>
   </div>
   <div class='ocr_carea' id='block_1_38' title="bbox 491 2335 2076 2406">
    <p class='ocr_par' dir='ltr' id='par_1_38' title="bbox 491 2335 2076 2406">
     <span class='ocr_line' id='line_1_38' title="bbox 491 2335 2076 2406; baseline -0.002 -13"><span class='ocrx_word' id='word_1_271' title='bbox 491 2340 594 2394; x_wconf 91' lang='lat' dir='ltr'><strong>bus</strong></span> <span class='ocrx_word' id='word_1_272' title='bbox 621 2355 728 2392; x_wconf 89' lang='lat' dir='ltr'><strong>nun</strong></span> <span class='ocrx_word' id='word_1_273' title='bbox 765 2351 1026 2402; x_wconf 75' lang='lat' dir='ltr'><strong>interere;</strong></span> <span class='ocrx_word' id='word_1_274' title='bbox 1059 2336 1319 2404; x_wconf 71' lang='lat' dir='ltr'><strong>[quamvis</strong></span> <span class='ocrx_word' id='word_1_275' title='bbox 1364 2335 1724 2391; x_wconf 79' lang='lat' dir='ltr'><strong>eliicaciorem</strong></span> <span class='ocrx_word' id='word_1_276' title='bbox 1768 2352 1866 2406; x_wconf 92' lang='lat' dir='ltr'><strong>pro</strong></span> <span class='ocrx_word' id='word_1_277' title='bbox 1905 2337 2076 2391; x_wconf 82' lang='lat' dir='ltr'><strong>delin-</strong></span> 
     </span>
    </p>
   </div>
   <div class='ocr_carea' id='block_1_39' title="bbox 492 2425 2075 2498">
    <p class='ocr_par' dir='ltr' id='par_1_39' title="bbox 492 2425 2075 2498">
     <span class='ocr_line' id='line_1_39' title="bbox 492 2425 2075 2498; baseline 0.004 -19"><span class='ocrx_word' id='word_1_278' title='bbox 492 2430 783 2498; x_wconf 89' lang='lat' dir='ltr'><strong>quentibus</strong></span> <span class='ocrx_word' id='word_1_279' title='bbox 818 2427 1015 2482; x_wconf 90' lang='lat' dir='ltr'><strong>habeat</strong></span> <span class='ocrx_word' id='word_1_280' title='bbox 1039 2425 1316 2493; x_wconf 77' lang='lat' dir='ltr'><strong>affectum,</strong></span> <span class='ocrx_word' id='word_1_281' title='bbox 1348 2443 1508 2496; x_wconf 90' lang='lat' dir='ltr'><strong>quam</strong></span> <span class='ocrx_word' id='word_1_282' title='bbox 1547 2429 1636 2498; x_wconf 91' lang='lat' dir='ltr'><strong>qui</strong></span> <span class='ocrx_word' id='word_1_283' title='bbox 1692 2444 1789 2496; x_wconf 94' lang='lat' dir='ltr'><strong>pro</strong></span> <span class='ocrx_word' id='word_1_284' title='bbox 1818 2427 2075 2486; x_wconf 86' lang='lat' dir='ltr'><strong>flentibus</strong></span> 
     </span>
    </p>
   </div>
   <div class='ocr_carea' id='block_1_40' title="bbox 491 2520 2075 2591">
    <p class='ocr_par' dir='ltr' id='par_1_40' title="bbox 491 2520 2075 2591">
     <span class='ocr_line' id='line_1_40' title="bbox 491 2520 2075 2591; baseline 0.002 -18"><span class='ocrx_word' id='word_1_285' title='bbox 491 2520 640 2584; x_wconf 87' lang='lat' dir='ltr'><strong>flent,</strong></span> <span class='ocrx_word' id='word_1_286' title='bbox 681 2530 772 2574; x_wconf 90' lang='lat' dir='ltr'><strong>aut</strong></span> <span class='ocrx_word' id='word_1_287' title='bbox 797 2520 1034 2574; x_wconf 90' lang='lat' dir='ltr'><strong>animam</strong></span> <span class='ocrx_word' id='word_1_288' title='bbox 1066 2533 1275 2588; x_wconf 89' lang='lat' dir='ltr'><strong>ponunt</strong></span> <span class='ocrx_word' id='word_1_289' title='bbox 1306 2537 1318 2572; x_wconf 94' lang='lat'>:</span> <span class='ocrx_word' id='word_1_290' title='bbox 1356 2522 1608 2591; x_wconf 85' lang='lat' dir='ltr'><strong>idemque</strong></span> <span class='ocrx_word' id='word_1_291' title='bbox 1648 2522 1714 2577; x_wconf 88' lang='lat' dir='ltr'><strong>de</strong></span> <span class='ocrx_word' id='word_1_292' title='bbox 1741 2522 1921 2578; x_wconf 82' lang='lat' dir='ltr'><strong>Beatis</strong></span> <span class='ocrx_word' id='word_1_293' title='bbox 1953 2538 2075 2577; x_wconf 79' lang='lat' dir='ltr'><strong>esse</strong></span> 
     </span>
    </p>
   </div>
   <div class='ocr_carea' id='block_1_41' title="bbox 491 2608 2072 2682">
    <p class='ocr_par' dir='ltr' id='par_1_41' title="bbox 491 2608 2072 2682">
     <span class='ocr_line' id='line_1_41' title="bbox 491 2608 2072 2682; baseline 0.004 -23"><span class='ocrx_word' id='word_1_294' title='bbox 491 2609 858 2662; x_wconf 87' lang='lat' dir='ltr'><strong>sentiendum.</strong></span> <span class='ocrx_word' id='word_1_295' title='bbox 887 2608 1196 2676; x_wconf 80' lang='lat' dir='ltr'><strong>Respondet</strong></span> <span class='ocrx_word' id='word_1_296' title='bbox 1219 2609 1602 2665; x_wconf 84' lang='lat' dir='ltr'><strong>Cenebrardus</strong></span> <span class='ocrx_word' id='word_1_297' title='bbox 1631 2609 1848 2665; x_wconf 87' lang='lat' dir='ltr'><strong>Collect.</strong></span> <span class='ocrx_word' id='word_1_298' title='bbox 1877 2627 1994 2682; x_wconf 89' lang='lat' dir='ltr'><strong>cap.</strong></span> <span class='ocrx_word' id='word_1_299' title='bbox 2016 2612 2072 2678; x_wconf 86' lang='lat'><strong>6,</strong></span> 
     </span>
    </p>
   </div>
   <div class='ocr_carea' id='block_1_42' title="bbox 492 2699 2072 2770">
    <p class='ocr_par' dir='ltr' id='par_1_42' title="bbox 492 2699 2072 2770">
     <span class='ocr_line' id='line_1_42' title="bbox 492 2699 2072 2770; baseline 0.003 -17"><span class='ocrx_word' id='word_1_300' title='bbox 492 2700 582 2769; x_wconf 91' lang='lat' dir='ltr'><strong>pio</strong></span> <span class='ocrx_word' id='word_1_301' title='bbox 618 2715 780 2754; x_wconf 90' lang='lat' dir='ltr'><strong>sensu</strong></span> <span class='ocrx_word' id='word_1_302' title='bbox 809 2701 860 2754; x_wconf 91' lang='lat' dir='ltr'><strong>id</strong></span> <span class='ocrx_word' id='word_1_303' title='bbox 898 2702 967 2755; x_wconf 90' lang='lat' dir='ltr'><strong>ab</strong></span> <span class='ocrx_word' id='word_1_304' title='bbox 995 2699 1232 2770; x_wconf 85' lang='lat' dir='ltr'><strong>Origene</strong></span> <span class='ocrx_word' id='word_1_305' title='bbox 1260 2703 1462 2757; x_wconf 90' lang='lat' dir='ltr'><strong>dictum</strong></span> <span class='ocrx_word' id='word_1_306' title='bbox 1495 2702 1698 2757; x_wconf 80' lang='lat' dir='ltr'><strong>frustra</strong></span> <span class='ocrx_word' id='word_1_307' title='bbox 1734 2718 1763 2755; x_wconf 88' lang='lat' dir='ltr'><strong>a</strong></span> <span class='ocrx_word' id='word_1_308' title='bbox 1796 2702 2072 2758; x_wconf 86' lang='lat' dir='ltr'><strong>Bernardo</strong></span> 
     </span>
    </p>
   </div>
   <div class='ocr_carea' id='block_1_43' title="bbox 492 2791 2076 2862">
    <p class='ocr_par' dir='ltr' id='par_1_43' title="bbox 492 2791 2076 2862">
     <span class='ocr_line' id='line_1_43' title="bbox 492 2791 2076 2862; baseline 0.001 -15"><span class='ocrx_word' id='word_1_309' title='bbox 492 2792 845 2862; x_wconf 89' lang='lat' dir='ltr'><strong>reprehendi,</strong></span> <span class='ocrx_word' id='word_1_310' title='bbox 876 2807 999 2846; x_wconf 92' lang='lat' dir='ltr'><strong>cum</strong></span> <span class='ocrx_word' id='word_1_311' title='bbox 1029 2792 1226 2847; x_wconf 87' lang='lat' dir='ltr'><strong>Paulus</strong></span> <span class='ocrx_word' id='word_1_312' title='bbox 1281 2793 1393 2861; x_wconf 82' lang='lat' dir='ltr'><strong>ipse</strong></span> <span class='ocrx_word' id='word_1_313' title='bbox 1424 2791 1582 2847; x_wconf 78' lang='lat' dir='ltr'><strong>Rom.</strong></span> <span class='ocrx_word' id='word_1_314' title='bbox 1629 2808 1746 2857; x_wconf 84' lang='lat' dir='ltr'><strong>vtn,</strong></span> <span class='ocrx_word' id='word_1_315' title='bbox 1788 2792 1879 2855; x_wconf 83' lang='lat'><strong>26,</strong></span> <span class='ocrx_word' id='word_1_316' title='bbox 1922 2794 2076 2849; x_wconf 79' lang='lat' dir='ltr'><strong>dixe-</strong></span> 
     </span>
    </p>
   </div>
   <div class='ocr_carea' id='block_1_44' title="bbox 496 2883 2076 2955">
    <p class='ocr_par' dir='ltr' id='par_1_44' title="bbox 496 2883 2076 2955">
     <span class='ocr_line' id='line_1_44' title="bbox 496 2883 2076 2955; baseline 0.003 -18"><span class='ocrx_word' id='word_1_317' title='bbox 496 2885 566 2937; x_wconf 90' lang='lat' dir='ltr'><strong>rit</strong></span> <span class='ocrx_word' id='word_1_318' title='bbox 597 2903 618 2936; x_wconf 83' lang='grc'><em>‹</em></span> <span class='ocrx_word' id='word_1_319' title='bbox 652 2883 914 2952; x_wconf 90' lang='lat' dir='ltr'><strong>Spiritum</strong></span> <span class='ocrx_word' id='word_1_320' title='bbox 965 2884 1239 2954; x_wconf 88' lang='lat' dir='ltr'><strong>postulare</strong></span> <span class='ocrx_word' id='word_1_321' title='bbox 1298 2901 1394 2954; x_wconf 89' lang='lat' dir='ltr'><strong>pro</strong></span> <span class='ocrx_word' id='word_1_322' title='bbox 1448 2885 1606 2940; x_wconf 89' lang='lat' dir='ltr'><strong>nobis</strong></span> <span class='ocrx_word' id='word_1_323' title='bbox 1655 2886 1949 2955; x_wconf 83' lang='lat' dir='ltr'><strong>gemitibus</strong></span> <span class='ocrx_word' id='word_1_324' title='bbox 1995 2887 2076 2940; x_wconf 83' lang='lat' dir='ltr'><strong>in-</strong></span> 
     </span>
    </p>
   </div>
   <div class='ocr_carea' id='block_1_45' title="bbox 495 2973 2077 3045">
    <p class='ocr_par' dir='ltr' id='par_1_45' title="bbox 495 2973 2077 3045">
     <span class='ocr_line' id='line_1_45' title="bbox 495 2973 2077 3045; baseline 0.002 -17"><span class='ocrx_word' id='word_1_325' title='bbox 495 2975 912 3028; x_wconf 87' lang='lat' dir='ltr'><strong>cnarrabilihus.</strong></span> <span class='ocrx_word' id='word_1_326' title='bbox 953 2993 973 3026; x_wconf 74' lang='grc' dir='ltr'><strong>ι</strong></span> <span class='ocrx_word' id='word_1_327' title='bbox 1013 2974 1127 3045; x_wconf 80' lang='lat'><strong>(25)</strong></span> <span class='ocrx_word' id='word_1_328' title='bbox 1173 2976 1243 3028; x_wconf 88' lang='lat' dir='ltr'><strong>At</strong></span> <span class='ocrx_word' id='word_1_329' title='bbox 1279 2989 1469 3044; x_wconf 89' lang='lat' dir='ltr'><strong>parum</strong></span> <span class='ocrx_word' id='word_1_330' title='bbox 1515 2974 1646 3028; x_wconf 91' lang='lat' dir='ltr'><strong>mihi</strong></span> <span class='ocrx_word' id='word_1_331' title='bbox 1675 2973 1935 3044; x_wconf 88' lang='lat' dir='ltr'><strong>probatur</strong></span> <span class='ocrx_word' id='word_1_332' title='bbox 1963 2976 2077 3031; x_wconf 83' lang='lat' dir='ltr'><strong>haec</strong></span> 
     </span>
    </p>
   </div>
   <div class='ocr_carea' id='block_1_46' title="bbox 2180 1969 3767 2046">
    <p class='ocr_par' dir='ltr' id='par_1_46' title="bbox 2180 1969 3767 2046">
     <span class='ocr_line' id='line_1_46' title="bbox 2180 1969 3767 2046; baseline -0.005 -16"><span class='ocrx_word' id='word_1_333' title='bbox 2180 1987 2369 2046; x_wconf 83' lang='lat' dir='ltr'><strong>pater;</strong></span> <span class='ocrx_word' id='word_1_334' title='bbox 2401 1995 2420 2027; x_wconf 70' lang='grc' dir='ltr'><strong>ι</strong></span> <span class='ocrx_word' id='word_1_335' title='bbox 2457 1987 2510 2030; x_wconf 92' lang='lat' dir='ltr'><strong>et</strong></span> <span class='ocrx_word' id='word_1_336' title='bbox 2541 1975 2686 2029; x_wconf 89' lang='lat' dir='ltr'><strong>aliud</strong></span> <span class='ocrx_word' id='word_1_337' title='bbox 2716 1973 2894 2028; x_wconf 86' lang='lat' dir='ltr'><strong>simile</strong></span> <span class='ocrx_word' id='word_1_338' title='bbox 2910 1973 3070 2026; x_wconf 75' lang='lat' dir='ltr'><strong>Rom.</strong></span> <span class='ocrx_word' id='word_1_339' title='bbox 3101 1987 3220 2038; x_wconf 79' lang='grc' dir='ltr'>νιιι,</span> <span class='ocrx_word' id='word_1_340' title='bbox 3251 1971 3338 2026; x_wconf 79' lang='grc'><strong>15.</strong></span> <span class='ocrx_word' id='word_1_341' title='bbox 3379 1969 3559 2025; x_wconf 75' lang='lat' dir='ltr'><strong>Nihilo</strong></span> <span class='ocrx_word' id='word_1_342' title='bbox 3591 1969 3767 2040; x_wconf 86' lang='lat' dir='ltr'><strong>magis</strong></span> 
     </span>
    </p>
   </div>
   <div class='ocr_carea' id='block_1_47' title="bbox 2181 2062 3765 2131">
    <p class='ocr_par' dir='ltr' id='par_1_47' title="bbox 2181 2062 3765 2131">
     <span class='ocr_line' id='line_1_47' title="bbox 2181 2062 3765 2131; baseline -0.004 -8"><span class='ocrx_word' id='word_1_343' title='bbox 2181 2069 2389 2124; x_wconf 83' lang='lat' dir='ltr'><strong>arridet</strong></span> <span class='ocrx_word' id='word_1_344' title='bbox 2442 2066 2581 2121; x_wconf 76' lang='lat' dir='ltr'><strong>Sixti</strong></span> <span class='ocrx_word' id='word_1_345' title='bbox 2633 2065 2896 2120; x_wconf 82' lang='lat' dir='ltr'><strong>Senensis</strong></span> <span class='ocrx_word' id='word_1_346' title='bbox 2957 2064 3236 2119; x_wconf 77' lang='lat' dir='ltr'><strong>excusatio</strong></span> <span class='ocrx_word' id='word_1_347' title='bbox 3291 2063 3442 2131; x_wconf 86' lang='lat'><strong>(26),</strong></span> <span class='ocrx_word' id='word_1_348' title='bbox 3505 2062 3765 2130; x_wconf 83' lang='lat' dir='ltr'><strong>Origenis</strong></span> 
     </span>
    </p>
   </div>
   <div class='ocr_carea' id='block_1_48' title="bbox 2182 2153 3763 2228">
    <p class='ocr_par' dir='ltr' id='par_1_48' title="bbox 2182 2153 3763 2228">
     <span class='ocr_line' id='line_1_48' title="bbox 2182 2153 3763 2228; baseline -0.004 -16"><span class='ocrx_word' id='word_1_349' title='bbox 2182 2161 2350 2214; x_wconf 87' lang='lat' dir='ltr'><strong>verba</strong></span> <span class='ocrx_word' id='word_1_350' title='bbox 2387 2160 2457 2212; x_wconf 90' lang='lat' dir='ltr'><strong>ita</strong></span> <span class='ocrx_word' id='word_1_351' title='bbox 2484 2156 2826 2228; x_wconf 85' lang='lat' dir='ltr'><strong>accipientis,</strong></span> <span class='ocrx_word' id='word_1_352' title='bbox 2853 2167 3080 2210; x_wconf 81' lang='lat' dir='ltr'><strong>eatenus</strong></span> <span class='ocrx_word' id='word_1_353' title='bbox 3109 2154 3389 2210; x_wconf 89' lang='lat' dir='ltr'><strong>Christum</strong></span> <span class='ocrx_word' id='word_1_354' title='bbox 3419 2153 3763 2222; x_wconf 83' lang='lat' dir='ltr'><strong>lugerepec-</strong></span> 
     </span>
    </p>
   </div>
   <div class='ocr_carea' id='block_1_49' title="bbox 2180 2243 3762 2317">
    <p class='ocr_par' dir='ltr' id='par_1_49' title="bbox 2180 2243 3762 2317">
     <span class='ocr_line' id='line_1_49' title="bbox 2180 2243 3762 2317; baseline -0.004 -10"><span class='ocrx_word' id='word_1_355' title='bbox 2180 2260 2303 2307; x_wconf 84' lang='lat' dir='ltr'><strong>cata</strong></span> <span class='ocrx_word' id='word_1_356' title='bbox 2358 2259 2543 2303; x_wconf 89' lang='lat' dir='ltr'><strong>nostra</strong></span> <span class='ocrx_word' id='word_1_357' title='bbox 2570 2288 2585 2314; x_wconf 91' lang='lat'><strong>,</strong></span> <span class='ocrx_word' id='word_1_358' title='bbox 2632 2255 2906 2317; x_wconf 85' lang='lat' dir='ltr'><strong>quatenus</strong></span> <span class='ocrx_word' id='word_1_359' title='bbox 2957 2263 2975 2297; x_wconf 86' lang='grc' dir='ltr'><strong>ι</strong></span> <span class='ocrx_word' id='word_1_360' title='bbox 3012 2245 3065 2298; x_wconf 93' lang='lat' dir='ltr'><strong>in</strong></span> <span class='ocrx_word' id='word_1_361' title='bbox 3105 2245 3363 2299; x_wconf 85' lang='lat' dir='ltr'><strong>membris</strong></span> <span class='ocrx_word' id='word_1_362' title='bbox 3393 2243 3508 2298; x_wconf 89' lang='lat' dir='ltr'><strong>suis</strong></span> <span class='ocrx_word' id='word_1_363' title='bbox 3536 2254 3762 2312; x_wconf 74' lang='lat' dir='ltr'><strong>peccata</strong></span> 
     </span>
    </p>
   </div>
   <div class='ocr_carea' id='block_1_50' title="bbox 2185 2332 3760 2407">
    <p class='ocr_par' dir='ltr' id='par_1_50' title="bbox 2185 2332 3760 2407">
     <span class='ocr_line' id='line_1_50' title="bbox 2185 2332 3760 2407; baseline -0.004 -12"><span class='ocrx_word' id='word_1_364' title='bbox 2185 2349 2369 2395; x_wconf 90' lang='lat' dir='ltr'><strong>nostra</strong></span> <span class='ocrx_word' id='word_1_365' title='bbox 2405 2338 2581 2407; x_wconf 88' lang='lat' dir='ltr'><strong>luget,</strong></span> <span class='ocrx_word' id='word_1_366' title='bbox 2614 2337 2740 2390; x_wconf 89' lang='lat' dir='ltr'><strong>dum</strong></span> <span class='ocrx_word' id='word_1_367' title='bbox 2771 2333 2971 2390; x_wconf 89' lang='lat' dir='ltr'><strong>electis</strong></span> <span class='ocrx_word' id='word_1_368' title='bbox 3011 2335 3125 2387; x_wconf 92' lang='lat' dir='ltr'><strong>suis</strong></span> <span class='ocrx_word' id='word_1_369' title='bbox 3173 2332 3358 2388; x_wconf 88' lang='lat' dir='ltr'><strong>fletum</strong></span> <span class='ocrx_word' id='word_1_370' title='bbox 3406 2340 3461 2387; x_wconf 90' lang='lat' dir='ltr'><strong>et</strong></span> <span class='ocrx_word' id='word_1_371' title='bbox 3504 2348 3760 2402; x_wconf 80' lang='lat' dir='ltr'><strong>compas-</strong></span> 
     </span>
    </p>
   </div>
   <div class='ocr_carea' id='block_1_51' title="bbox 2183 2423 3761 2494">
    <p class='ocr_par' dir='ltr' id='par_1_51' title="bbox 2183 2423 3761 2494">
     <span class='ocr_line' id='line_1_51' title="bbox 2183 2423 3761 2494; baseline -0.006 -7"><span class='ocrx_word' id='word_1_372' title='bbox 2183 2433 2395 2487; x_wconf 87' lang='lat' dir='ltr'><strong>sioucm</strong></span> <span class='ocrx_word' id='word_1_373' title='bbox 2436 2429 2624 2483; x_wconf 70' lang='lat' dir='ltr'><strong>alienae</strong></span> <span class='ocrx_word' id='word_1_374' title='bbox 2663 2425 2965 2494; x_wconf 88' lang='lat' dir='ltr'><strong>iniquitatis</strong></span> <span class='ocrx_word' id='word_1_375' title='bbox 3004 2424 3260 2479; x_wconf 88' lang='lat' dir='ltr'><strong>infumlit.</strong></span> <span class='ocrx_word' id='word_1_376' title='bbox 3297 2442 3318 2476; x_wconf 71' lang='grc' dir='ltr'><strong>ι</strong></span> <span class='ocrx_word' id='word_1_377' title='bbox 3359 2424 3440 2477; x_wconf 83' lang='lat' dir='ltr'><strong>Ad</strong></span> <span class='ocrx_word' id='word_1_378' title='bbox 3461 2423 3761 2490; x_wconf 83' lang='lat' dir='ltr'><strong>Christum,</strong></span> 
     </span>
    </p>
   </div>
   <div class='ocr_carea' id='block_1_52' title="bbox 2181 2516 3766 2586">
    <p class='ocr_par' dir='ltr' id='par_1_52' title="bbox 2181 2516 3766 2586">
     <span class='ocr_line' id='line_1_52' title="bbox 2181 2516 3766 2586; baseline -0.007 -9"><span class='ocrx_word' id='word_1_379' title='bbox 2181 2522 2386 2578; x_wconf 87' lang='lat' dir='ltr'><strong>nonad</strong></span> <span class='ocrx_word' id='word_1_380' title='bbox 2416 2519 2618 2576; x_wconf 90' lang='lat' dir='ltr'><strong>Christi</strong></span> <span class='ocrx_word' id='word_1_381' title='bbox 2661 2519 2901 2572; x_wconf 86' lang='lat' dir='ltr'><strong>membra</strong></span> <span class='ocrx_word' id='word_1_382' title='bbox 2951 2516 3224 2586; x_wconf 79' lang='lat' dir='ltr'><strong>pertinere</strong></span> <span class='ocrx_word' id='word_1_383' title='bbox 3268 2517 3592 2571; x_wconf 85' lang='lat' dir='ltr'><strong>sententiam</strong></span> <span class='ocrx_word' id='word_1_384' title='bbox 3634 2517 3766 2573; x_wconf 80' lang='lat' dir='ltr'><strong>Ori-</strong></span> 
     </span>
    </p>
   </div>
   <div class='ocr_carea' id='block_1_53' title="bbox 2181 2609 3763 2686">
    <p class='ocr_par' dir='ltr' id='par_1_53' title="bbox 2181 2609 3763 2686">
     <span class='ocr_line' id='line_1_53' title="bbox 2181 2609 3763 2686; baseline -0.003 -17"><span class='ocrx_word' id='word_1_385' title='bbox 2181 2616 2334 2686; x_wconf 90' lang='lat' dir='ltr'><strong>genis</strong></span> <span class='ocrx_word' id='word_1_386' title='bbox 2366 2614 2484 2668; x_wconf 67' lang='lat' dir='ltr'><strong>haec</strong></span> <span class='ocrx_word' id='word_1_387' title='bbox 2512 2613 2685 2682; x_wconf 89' lang='lat' dir='ltr'><strong>ipsius</strong></span> <span class='ocrx_word' id='word_1_388' title='bbox 2712 2613 2880 2665; x_wconf 88' lang='lat' dir='ltr'><strong>verba</strong></span> <span class='ocrx_word' id='word_1_389' title='bbox 2907 2610 3198 2664; x_wconf 84' lang='lat' dir='ltr'><strong>ostendunt</strong></span> <span class='ocrx_word' id='word_1_390' title='bbox 3233 2610 3384 2664; x_wconf 92' lang='lat' dir='ltr'><strong>hom.</strong></span> <span class='ocrx_word' id='word_1_391' title='bbox 3429 2610 3459 2664; x_wconf 89' lang='lat'><strong>7</strong></span> <span class='ocrx_word' id='word_1_392' title='bbox 3488 2611 3542 2664; x_wconf 90' lang='lat' dir='ltr'><strong>in</strong></span> <span class='ocrx_word' id='word_1_393' title='bbox 3572 2609 3763 2670; x_wconf 85' lang='lat' dir='ltr'><strong>Levit..</strong></span> 
     </span>
    </p>
   </div>
   <div class='ocr_carea' id='block_1_54' title="bbox 2184 2699 3765 2772">
    <p class='ocr_par' dir='ltr' id='par_1_54' title="bbox 2184 2699 3765 2772">
     <span class='ocr_line' id='line_1_54' title="bbox 2184 2699 3765 2772; baseline -0.004 -12"><span class='ocrx_word' id='word_1_394' title='bbox 2184 2720 2336 2760; x_wconf 91' lang='lat' dir='ltr'><strong>num.</strong></span> <span class='ocrx_word' id='word_1_395' title='bbox 2368 2703 2423 2767; x_wconf 87' lang='lat'><strong>2,</strong></span> <span class='ocrx_word' id='word_1_396' title='bbox 2456 2719 2577 2772; x_wconf 85' lang='lat' dir='ltr'><strong>pag.</strong></span> <span class='ocrx_word' id='word_1_397' title='bbox 2607 2702 2710 2755; x_wconf 77' lang='lat' dir='ltr'><strong>22l</strong></span> <span class='ocrx_word' id='word_1_398' title='bbox 2750 2718 2764 2755; x_wconf 89' lang='lat'><strong>:</strong></span> <span class='ocrx_word' id='word_1_399' title='bbox 2809 2719 2828 2752; x_wconf 81' lang='grc' dir='ltr'><strong>ι</strong></span> <span class='ocrx_word' id='word_1_400' title='bbox 2896 2700 3151 2756; x_wconf 82' lang='lat' dir='ltr'><strong>Salvator</strong></span> <span class='ocrx_word' id='word_1_401' title='bbox 3189 2715 3340 2755; x_wconf 83' lang='lat' dir='ltr'><strong>tuens</strong></span> <span class='ocrx_word' id='word_1_402' title='bbox 3391 2699 3540 2770; x_wconf 81' lang='lat' dir='ltr'><strong>luget</strong></span> <span class='ocrx_word' id='word_1_403' title='bbox 3598 2700 3765 2754; x_wconf 76' lang='lat' dir='ltr'><strong>etiam</strong></span> 
     </span>
    </p>
   </div>
   <div class='ocr_carea' id='block_1_55' title="bbox 2183 2791 3766 2865">
    <p class='ocr_par' dir='ltr' id='par_1_55' title="bbox 2183 2791 3766 2865">
     <span class='ocr_line' id='line_1_55' title="bbox 2183 2791 3766 2865; baseline -0.002 -16"><span class='ocrx_word' id='word_1_404' title='bbox 2183 2810 2328 2849; x_wconf 86' lang='lat' dir='ltr'><strong>nunc</strong></span> <span class='ocrx_word' id='word_1_405' title='bbox 2358 2806 2580 2865; x_wconf 89' lang='lat' dir='ltr'><strong>peccata</strong></span> <span class='ocrx_word' id='word_1_406' title='bbox 2605 2807 2742 2848; x_wconf 90' lang='lat' dir='ltr'><strong>mea.</strong></span> <span class='ocrx_word' id='word_1_407' title='bbox 2767 2791 3024 2849; x_wconf 85' lang='lat' dir='ltr'><strong>Salvator</strong></span> <span class='ocrx_word' id='word_1_408' title='bbox 3060 2808 3212 2848; x_wconf 89' lang='lat' dir='ltr'><strong>meus</strong></span> <span class='ocrx_word' id='word_1_409' title='bbox 3239 2792 3411 2847; x_wconf 58' lang='lat' dir='ltr'><strong>laetari</strong></span> <span class='ocrx_word' id='word_1_410' title='bbox 3436 2808 3538 2847; x_wconf 92' lang='lat' dir='ltr'><strong>non</strong></span> <span class='ocrx_word' id='word_1_411' title='bbox 3563 2803 3766 2863; x_wconf 86' lang='lat' dir='ltr'><strong>potest,</strong></span> 
     </span>
    </p>
   </div>
   <div class='ocr_carea' id='block_1_56' title="bbox 2184 2884 3762 2958">
    <p class='ocr_par' dir='ltr' id='par_1_56' title="bbox 2184 2884 3762 2958">
     <span class='ocr_line' id='line_1_56' title="bbox 2184 2884 3762 2958; baseline -0.002 -15"><span class='ocrx_word' id='word_1_412' title='bbox 2184 2888 2356 2943; x_wconf 90' lang='lat' dir='ltr'><strong>donec</strong></span> <span class='ocrx_word' id='word_1_413' title='bbox 2384 2902 2484 2958; x_wconf 84' lang='lat' dir='ltr'><strong>ego</strong></span> <span class='ocrx_word' id='word_1_414' title='bbox 2519 2888 2573 2940; x_wconf 93' lang='lat' dir='ltr'><strong>in</strong></span> <span class='ocrx_word' id='word_1_415' title='bbox 2607 2887 2894 2956; x_wconf 87' lang='lat' dir='ltr'><strong>iniquitate</strong></span> <span class='ocrx_word' id='word_1_416' title='bbox 2935 2901 3250 2955; x_wconf 83' lang='lat' dir='ltr'><strong>permaneo.</strong></span> <span class='ocrx_word' id='word_1_417' title='bbox 3303 2884 3484 2951; x_wconf 87' lang='lat' dir='ltr'><strong>Quare</strong></span> <span class='ocrx_word' id='word_1_418' title='bbox 3519 2901 3625 2940; x_wconf 90' lang='lat' dir='ltr'><strong>non</strong></span> <span class='ocrx_word' id='word_1_419' title='bbox 3662 2899 3762 2954; x_wconf 85' lang='lat' dir='ltr'><strong>po-</strong></span> 
     </span>
    </p>
   </div>
   <div class='ocr_carea' id='block_1_57' title="bbox 2186 2977 3764 3049">
    <p class='ocr_par' dir='ltr' id='par_1_57' title="bbox 2186 2977 3764 3049">
     <span class='ocr_line' id='line_1_57' title="bbox 2186 2977 3764 3049; baseline -0.001 -17"><span class='ocrx_word' id='word_1_420' title='bbox 2186 2979 2337 3035; x_wconf 80' lang='lat' dir='ltr'><strong>test?</strong></span> <span class='ocrx_word' id='word_1_421' title='bbox 2368 2979 2508 3046; x_wconf 87' lang='lat' dir='ltr'><strong>Quia</strong></span> <span class='ocrx_word' id='word_1_422' title='bbox 2542 2980 2656 3049; x_wconf 89' lang='lat' dir='ltr'><strong>ipse</strong></span> <span class='ocrx_word' id='word_1_423' title='bbox 2692 2988 2778 3033; x_wconf 88' lang='lat' dir='ltr'><strong>est</strong></span> <span class='ocrx_word' id='word_1_424' title='bbox 2804 2980 3102 3034; x_wconf 85' lang='lat' dir='ltr'><strong>advocatus</strong></span> <span class='ocrx_word' id='word_1_425' title='bbox 3143 2992 3244 3049; x_wconf 88' lang='lat' dir='ltr'><strong>pro</strong></span> <span class='ocrx_word' id='word_1_426' title='bbox 3280 2977 3517 3046; x_wconf 88' lang='lat' dir='ltr'><strong>peccatis</strong></span> <span class='ocrx_word' id='word_1_427' title='bbox 3561 2978 3764 3032; x_wconf 89' lang='lat' dir='ltr'><strong>nostris</strong></span> 
     </span>
    </p>
   </div>
   <div class='ocr_carea' id='block_1_58' title="bbox 570 3168 3769 3250">
    <p class='ocr_par' dir='ltr' id='par_1_58' title="bbox 570 3168 3769 3250">
     <span class='ocr_line' id='line_1_58' title="bbox 570 3168 3769 3250; baseline 0.001 -25"><span class='ocrx_word' id='word_1_428' title='bbox 570 3168 688 3250; x_wconf 51' lang='lat'><strong>(25)</strong></span> <span class='ocrx_word' id='word_1_429' title='bbox 721 3169 784 3250; x_wconf 74' lang='grc' dir='ltr'>ᾼι</span> <span class='ocrx_word' id='word_1_430' title='bbox 811 3186 998 3233; x_wconf 87' lang='lat' dir='ltr'><strong>parum</strong></span> <span class='ocrx_word' id='word_1_431' title='bbox 1033 3170 1163 3222; x_wconf 77' lang='lat' dir='ltr'><strong>mihi</strong></span> <span class='ocrx_word' id='word_1_432' title='bbox 1198 3169 1888 3250; x_wconf 19' lang='lat' dir='ltr'><strong>probatur/trechrrsponsio</strong></span> <span class='ocrx_word' id='word_1_433' title='bbox 1909 3181 2074 3250; x_wconf 56' lang='lat' dir='ltr'><strong>,“etc.</strong></span> <span class='ocrx_word' id='word_1_434' title='bbox 2105 3193 2146 3250; x_wconf 70' lang='grc' dir='ltr'><strong>ρ</strong></span> <span class='ocrx_word' id='word_1_435' title='bbox 2182 3174 2387 3241; x_wconf 81' lang='lat' dir='ltr'><strong>angelis</strong></span> <span class='ocrx_word' id='word_1_436' title='bbox 2425 3174 2652 3250; x_wconf 76' lang='lat' dir='ltr'><strong>gignunt</strong></span> <span class='ocrx_word' id='word_1_437' title='bbox 2688 3189 2704 3226; x_wconf 88' lang='lat'><strong>:</strong></span> <span class='ocrx_word' id='word_1_438' title='bbox 2740 3174 2813 3227; x_wconf 90' lang='lat' dir='ltr'><strong>ita</strong></span> <span class='ocrx_word' id='word_1_439' title='bbox 2861 3187 3058 3250; x_wconf 70' lang='lat' dir='ltr'><strong>vereor</strong></span> <span class='ocrx_word' id='word_1_440' title='bbox 3113 3188 3181 3228; x_wconf 93' lang='lat' dir='ltr'><strong>ne</strong></span> <span class='ocrx_word' id='word_1_441' title='bbox 3237 3171 3377 3250; x_wconf 78' lang='lat' dir='ltr'><strong>mala</strong></span> <span class='ocrx_word' id='word_1_442' title='bbox 3418 3172 3769 3250; x_wconf 77' lang='lat' dir='ltr'><strong>conversatio</strong></span> 
     </span>
    </p>
   </div>
   <div class='ocr_carea' id='block_1_59' title="bbox 498 3240 2072 3309">
    <p class='ocr_par' dir='ltr' id='par_1_59' title="bbox 498 3240 2072 3309">
     <span class='ocr_line' id='line_1_59' title="bbox 498 3240 2072 3309; baseline -0.001 -14"><span class='ocrx_word' id='word_1_443' title='bbox 498 3241 615 3308; x_wconf 86' lang='lat' dir='ltr'><strong>Ipse</strong></span> <span class='ocrx_word' id='word_1_444' title='bbox 651 3241 919 3309; x_wconf 80' lang='lat' dir='ltr'><strong>Origenes</strong></span> <span class='ocrx_word' id='word_1_445' title='bbox 971 3252 1204 3309; x_wconf 80' lang='lat' dir='ltr'><strong>mentem</strong></span> <span class='ocrx_word' id='word_1_446' title='bbox 1248 3256 1402 3294; x_wconf 89' lang='lat' dir='ltr'><strong>suam</strong></span> <span class='ocrx_word' id='word_1_447' title='bbox 1445 3241 1620 3308; x_wconf 86' lang='lat' dir='ltr'><strong>aperit</strong></span> <span class='ocrx_word' id='word_1_448' title='bbox 1665 3240 1853 3294; x_wconf 86' lang='lat' dir='ltr'><strong>homil.</strong></span> <span class='ocrx_word' id='word_1_449' title='bbox 1906 3242 1980 3295; x_wconf 78' lang='lat'><strong>2&#39;5</strong></span> <span class='ocrx_word' id='word_1_450' title='bbox 2021 3245 2072 3294; x_wconf 86' lang='lat' dir='ltr'><strong>in</strong></span> 
     </span>
    </p>
   </div>
   <div class='ocr_carea' id='block_1_60' title="bbox 501 3308 2072 3378">
    <p class='ocr_par' dir='ltr' id='par_1_60' title="bbox 501 3308 2072 3378">
     <span class='ocr_line' id='line_1_60' title="bbox 501 3308 2072 3378; baseline 0 -14"><span class='ocrx_word' id='word_1_451' title='bbox 501 3308 786 3371; x_wconf 82' lang='lat' dir='ltr'><strong>Numeros,</strong></span> <span class='ocrx_word' id='word_1_452' title='bbox 818 3326 973 3363; x_wconf 76' lang='lat' dir='ltr'><strong>utrm.</strong></span> <span class='ocrx_word' id='word_1_453' title='bbox 1001 3308 1056 3371; x_wconf 87' lang='lat'><strong>2,</strong></span> <span class='ocrx_word' id='word_1_454' title='bbox 1085 3325 1205 3378; x_wconf 85' lang='lat' dir='ltr'><strong>pag.</strong></span> <span class='ocrx_word' id='word_1_455' title='bbox 1233 3310 1362 3371; x_wconf 75' lang='lat'><strong>357,</strong></span> <span class='ocrx_word' id='word_1_456' title='bbox 1407 3312 1497 3364; x_wconf 80' lang='lat' dir='ltr'><strong>ubi</strong></span> <span class='ocrx_word' id='word_1_457' title='bbox 1519 3313 1588 3361; x_wconf 85' lang='lat' dir='ltr'><strong>ait</strong></span> <span class='ocrx_word' id='word_1_458' title='bbox 1620 3313 2072 3378; x_wconf 82' lang='lat' dir='ltr'><strong>quemadmodum</strong></span> 
     </span>
    </p>
   </div>
   <div class='ocr_carea' id='block_1_61' title="bbox 497 3379 2073 3447">
    <p class='ocr_par' dir='ltr' id='par_1_61' title="bbox 497 3379 2073 3447">
     <span class='ocr_line' id='line_1_61' title="bbox 497 3379 2073 3447; baseline 0.001 -15"><span class='ocrx_word' id='word_1_459' title='bbox 497 3381 624 3432; x_wconf 88' lang='lat' dir='ltr'><strong>boni</strong></span> <span class='ocrx_word' id='word_1_460' title='bbox 664 3389 818 3433; x_wconf 84' lang='lat' dir='ltr'><strong>actus</strong></span> <span class='ocrx_word' id='word_1_461' title='bbox 864 3382 1059 3442; x_wconf 88' lang='lat' dir='ltr'><strong>nostri,</strong></span> <span class='ocrx_word' id='word_1_462' title='bbox 1089 3387 1144 3432; x_wconf 85' lang='lat' dir='ltr'><strong>et</strong></span> <span class='ocrx_word' id='word_1_463' title='bbox 1184 3380 1440 3432; x_wconf 82' lang='lat' dir='ltr'><strong>virtutum</strong></span> <span class='ocrx_word' id='word_1_464' title='bbox 1482 3379 1756 3447; x_wconf 77' lang='lat' dir='ltr'><strong>prolectus</strong></span> <span class='ocrx_word' id='word_1_465' title='bbox 1783 3421 1796 3442; x_wconf 89' lang='lat'><strong>,</strong></span> <span class='ocrx_word' id='word_1_466' title='bbox 1833 3382 2073 3434; x_wconf 69' lang='lat' dir='ltr'><strong>laetitiam</strong></span> 
     </span>
    </p>
   </div>
   <div class='ocr_carea' id='block_1_62' title="bbox 500 3449 2074 3516">
    <p class='ocr_par' dir='ltr' id='par_1_62' title="bbox 500 3449 2074 3516">
     <span class='ocr_line' id='line_1_62' title="bbox 500 3449 2074 3516; baseline 0.001 -13"><span class='ocrx_word' id='word_1_467' title='bbox 500 3450 963 3516; x_wconf 88' lang='lat' dir='ltr'><strong>festivitatemque</strong></span> <span class='ocrx_word' id='word_1_468' title='bbox 1011 3449 1120 3503; x_wconf 90' lang='lat' dir='ltr'><strong>Deo</strong></span> <span class='ocrx_word' id='word_1_469' title='bbox 1165 3449 1352 3512; x_wconf 86' lang='lat' dir='ltr'><strong>Patri,</strong></span> <span class='ocrx_word' id='word_1_470' title='bbox 1414 3450 1643 3502; x_wconf 85' lang='lat' dir='ltr'><strong>Domino</strong></span> <span class='ocrx_word' id='word_1_471' title='bbox 1707 3465 1895 3503; x_wconf 86' lang='lat' dir='ltr'><strong>nostro</strong></span> <span class='ocrx_word' id='word_1_472' title='bbox 1946 3450 2074 3506; x_wconf 83' lang='lat' dir='ltr'><strong>Jesu</strong></span> 
     </span>
    </p>
   </div>
   <div class='ocr_carea' id='block_1_63' title="bbox 497 3518 2074 3588">
    <p class='ocr_par' dir='ltr' id='par_1_63' title="bbox 497 3518 2074 3588">
     <span class='ocr_line' id='line_1_63' title="bbox 497 3518 2074 3588; baseline 0.001 -15"><span class='ocrx_word' id='word_1_473' title='bbox 497 3519 722 3574; x_wconf 89' lang='lat' dir='ltr'><strong>Christo</strong></span> <span class='ocrx_word' id='word_1_474' title='bbox 757 3527 812 3571; x_wconf 92' lang='lat' dir='ltr'><strong>et</strong></span> <span class='ocrx_word' id='word_1_475' title='bbox 854 3519 1080 3588; x_wconf 84' lang='lat' dir='ltr'><strong>Spiritui</strong></span> <span class='ocrx_word' id='word_1_476' title='bbox 1134 3528 1347 3581; x_wconf 84' lang='lat' dir='ltr'><strong>sancto,</strong></span> <span class='ocrx_word' id='word_1_477' title='bbox 1376 3518 1661 3587; x_wconf 82' lang='lat' dir='ltr'><strong>etangclis</strong></span> <span class='ocrx_word' id='word_1_478' title='bbox 1712 3521 1959 3586; x_wconf 87' lang='lat' dir='ltr'><strong>pariunt,</strong></span> <span class='ocrx_word' id='word_1_479' title='bbox 2005 3525 2074 3574; x_wconf 89' lang='lat' dir='ltr'><strong>ita</strong></span> 
     </span>
    </p>
   </div>
   <div class='ocr_carea' id='block_1_64' title="bbox 503 3589 2074 3654">
    <p class='ocr_par' dir='ltr' id='par_1_64' title="bbox 503 3589 2074 3654">
     <span class='ocr_line' id='line_1_64' title="bbox 503 3589 2074 3654; baseline 0.003 -12"><span class='ocrx_word' id='word_1_480' title='bbox 503 3589 700 3642; x_wconf 87' lang='lat' dir='ltr'><strong>malam</strong></span> <span class='ocrx_word' id='word_1_481' title='bbox 748 3589 1218 3643; x_wconf 81' lang='lat' dir='ltr'><strong>conversationem</strong></span> <span class='ocrx_word' id='word_1_482' title='bbox 1255 3603 1500 3641; x_wconf 89' lang='lat' dir='ltr'><strong>nostram</strong></span> <span class='ocrx_word' id='word_1_483' title='bbox 1540 3604 1642 3642; x_wconf 93' lang='lat' dir='ltr'><strong>non</strong></span> <span class='ocrx_word' id='word_1_484' title='bbox 1679 3589 1852 3642; x_wconf 89' lang='lat' dir='ltr'><strong>solum</strong></span> <span class='ocrx_word' id='word_1_485' title='bbox 1893 3593 2074 3654; x_wconf 85' lang='lat' dir='ltr'><strong>terris,</strong></span> 
     </span>
    </p>
   </div>
   <div class='ocr_carea' id='block_1_65' title="bbox 501 3658 2077 3730">
    <p class='ocr_par' dir='ltr' id='par_1_65' title="bbox 501 3658 2077 3730">
     <span class='ocr_line' id='line_1_65' title="bbox 501 3658 2077 3730; baseline 0.001 -17"><span class='ocrx_word' id='word_1_486' title='bbox 501 3663 595 3713; x_wconf 84' lang='lat' dir='ltr'><strong>sed</strong></span> <span class='ocrx_word' id='word_1_487' title='bbox 641 3669 696 3712; x_wconf 89' lang='lat' dir='ltr'><strong>et</strong></span> <span class='ocrx_word' id='word_1_488' title='bbox 725 3659 894 3718; x_wconf 73' lang='grc' dir='ltr'>εωιο,</span> <span class='ocrx_word' id='word_1_489' title='bbox 923 3669 980 3730; x_wconf 87' lang='lat' dir='ltr'><strong>et</strong></span> <span class='ocrx_word' id='word_1_490' title='bbox 1019 3658 1116 3725; x_wconf 81' lang='lat' dir='ltr'><strong>ipsi</strong></span> <span class='ocrx_word' id='word_1_491' title='bbox 1163 3659 1272 3712; x_wconf 89' lang='lat' dir='ltr'><strong>Deo</strong></span> <span class='ocrx_word' id='word_1_492' title='bbox 1311 3659 1724 3730; x_wconf 80' lang='lat' dir='ltr'><strong>lamentationes</strong></span> <span class='ocrx_word' id='word_1_493' title='bbox 1761 3662 2077 3730; x_wconf 89' lang='lat' dir='ltr'><strong>luctumque</strong></span> 
     </span>
    </p>
   </div>
   <div class='ocr_carea' id='block_1_66' title="bbox 501 3728 2079 3797">
    <p class='ocr_par' dir='ltr' id='par_1_66' title="bbox 501 3728 2079 3797">
     <span class='ocr_line' id='line_1_66' title="bbox 501 3728 2079 3797; baseline 0.001 -14"><span class='ocrx_word' id='word_1_494' title='bbox 501 3730 792 3792; x_wconf 87' lang='lat' dir='ltr'><strong>inducere;</strong></span> <span class='ocrx_word' id='word_1_495' title='bbox 837 3729 931 3782; x_wconf 86' lang='lat' dir='ltr'><strong>sed</strong></span> <span class='ocrx_word' id='word_1_496' title='bbox 967 3729 1079 3780; x_wconf 75' lang='lat' dir='ltr'><strong>ltzec</strong></span> <span class='ocrx_word' id='word_1_497' title='bbox 1113 3730 1292 3782; x_wconf 85' lang='lat' dir='ltr'><strong>omnia</strong></span> <span class='ocrx_word' id='word_1_498' title='bbox 1321 3728 1594 3796; x_wconf 90' lang='lat' dir='ltr'><strong>inquibus</strong></span> <span class='ocrx_word' id='word_1_499' title='bbox 1639 3729 1720 3782; x_wconf 87' lang='lat' dir='ltr'><strong>vel</strong></span> <span class='ocrx_word' id='word_1_500' title='bbox 1754 3730 1957 3797; x_wconf 79' lang='lat' dir='ltr'><strong>lugere,</strong></span> <span class='ocrx_word' id='word_1_501' title='bbox 1990 3728 2079 3785; x_wconf 74' lang='lat' dir='ltr'><strong>vel</strong></span> 
     </span>
    </p>
   </div>
   <div class='ocr_carea' id='block_1_67' title="bbox 503 3798 2077 3865">
    <p class='ocr_par' dir='ltr' id='par_1_67' title="bbox 503 3798 2077 3865">
     <span class='ocr_line' id='line_1_67' title="bbox 503 3798 2077 3865; baseline 0.001 -13"><span class='ocrx_word' id='word_1_502' title='bbox 503 3801 766 3865; x_wconf 75' lang='lat' dir='ltr'><strong>gaudere,</strong></span> <span class='ocrx_word' id='word_1_503' title='bbox 804 3798 888 3851; x_wconf 87' lang='lat' dir='ltr'><strong>vel</strong></span> <span class='ocrx_word' id='word_1_504' title='bbox 931 3798 1132 3860; x_wconf 87' lang='lat' dir='ltr'><strong>odisse,</strong></span> <span class='ocrx_word' id='word_1_505' title='bbox 1170 3799 1251 3851; x_wconf 90' lang='lat' dir='ltr'><strong>vel</strong></span> <span class='ocrx_word' id='word_1_506' title='bbox 1285 3798 1452 3851; x_wconf 73' lang='lat' dir='ltr'><strong>laetari</strong></span> <span class='ocrx_word' id='word_1_507' title='bbox 1503 3799 1702 3853; x_wconf 91' lang='lat' dir='ltr'><strong>dicitur</strong></span> <span class='ocrx_word' id='word_1_508' title='bbox 1741 3799 1920 3863; x_wconf 88' lang='lat' dir='ltr'><strong>Deus,</strong></span> <span class='ocrx_word' id='word_1_509' title='bbox 1963 3811 2077 3854; x_wconf 82' lang='lat' dir='ltr'><strong>tro-</strong></span> 
     </span>
    </p>
   </div>
   <div class='ocr_carea' id='block_1_68' title="bbox 502 3867 2074 3940">
    <p class='ocr_par' dir='ltr' id='par_1_68' title="bbox 502 3867 2074 3940">
     <span class='ocr_line' id='line_1_68' title="bbox 502 3867 2074 3940; baseline 0.002 -19"><span class='ocrx_word' id='word_1_510' title='bbox 502 3873 623 3938; x_wconf 89' lang='lat' dir='ltr'><strong>pico</strong></span> <span class='ocrx_word' id='word_1_511' title='bbox 669 3878 725 3923; x_wconf 91' lang='lat' dir='ltr'><strong>et</strong></span> <span class='ocrx_word' id='word_1_512' title='bbox 754 3869 1008 3940; x_wconf 80' lang='lat' dir='ltr'><strong>humano</strong></span> <span class='ocrx_word' id='word_1_513' title='bbox 1041 3883 1188 3922; x_wconf 90' lang='lat' dir='ltr'><strong>more</strong></span> <span class='ocrx_word' id='word_1_514' title='bbox 1221 3867 1534 3940; x_wconf 81' lang='lat' dir='ltr'><strong>accipienda</strong></span> <span class='ocrx_word' id='word_1_515' title='bbox 1559 3884 1682 3924; x_wconf 89' lang='lat' dir='ltr'><strong>esse</strong></span> <span class='ocrx_word' id='word_1_516' title='bbox 1724 3885 1755 3923; x_wconf 87' lang='lat' dir='ltr'><strong>a</strong></span> <span class='ocrx_word' id='word_1_517' title='bbox 1785 3869 2074 3940; x_wconf 83' lang='lat' dir='ltr'><strong>Scriptura</strong></span> 
     </span>
    </p>
   </div>
   <div class='ocr_carea' id='block_1_69' title="bbox 501 3937 2078 4008">
    <p class='ocr_par' dir='ltr' id='par_1_69' title="bbox 501 3937 2078 4008">
     <span class='ocr_line' id='line_1_69' title="bbox 501 3937 2078 4008; baseline 0.003 -18"><span class='ocrx_word' id='word_1_518' title='bbox 501 3937 610 3993; x_wconf 88' lang='lat' dir='ltr'><strong>dici</strong></span> <span class='ocrx_word' id='word_1_519' title='bbox 655 3955 670 3992; x_wconf 89' lang='lat'><strong>:</strong></span> <span class='ocrx_word' id='word_1_520' title='bbox 719 3937 947 3992; x_wconf 87' lang='lat' dir='ltr'><strong>alienam</strong></span> <span class='ocrx_word' id='word_1_521' title='bbox 992 3940 1193 4008; x_wconf 87' lang='lat' dir='ltr'><strong>quippe</strong></span> <span class='ocrx_word' id='word_1_522' title='bbox 1240 3955 1362 3993; x_wconf 87' lang='lat' dir='ltr'><strong>esse</strong></span> <span class='ocrx_word' id='word_1_523' title='bbox 1420 3937 1658 3992; x_wconf 85' lang='lat' dir='ltr'><strong>divinam</strong></span> <span class='ocrx_word' id='word_1_524' title='bbox 1708 3937 1958 3992; x_wconf 83' lang='lat' dir='ltr'><strong>naturain</strong></span> <span class='ocrx_word' id='word_1_525' title='bbox 2010 3942 2078 3994; x_wconf 87' lang='lat' dir='ltr'><strong>ab</strong></span> 
     </span>
    </p>
   </div>
   <div class='ocr_carea' id='block_1_70' title="bbox 500 4009 2079 4078">
    <p class='ocr_par' dir='ltr' id='par_1_70' title="bbox 500 4009 2079 4078">
     <span class='ocr_line' id='line_1_70' title="bbox 500 4009 2079 4078; baseline 0.001 -16"><span class='ocrx_word' id='word_1_526' title='bbox 500 4009 650 4062; x_wconf 89' lang='lat' dir='ltr'><strong>oumi</strong></span> <span class='ocrx_word' id='word_1_527' title='bbox 701 4009 970 4078; x_wconf 84' lang='lat' dir='ltr'><strong>passionis</strong></span> <span class='ocrx_word' id='word_1_528' title='bbox 1003 4019 1071 4078; x_wconf 88' lang='lat' dir='ltr'><strong>et</strong></span> <span class='ocrx_word' id='word_1_529' title='bbox 1117 4010 1536 4077; x_wconf 87' lang='lat' dir='ltr'><strong>permutationis</strong></span> <span class='ocrx_word' id='word_1_530' title='bbox 1587 4009 1826 4072; x_wconf 73' lang='lat' dir='ltr'><strong>affectu,</strong></span> <span class='ocrx_word' id='word_1_531' title='bbox 1882 4013 1932 4062; x_wconf 92' lang='lat' dir='ltr'><strong>in</strong></span> <span class='ocrx_word' id='word_1_532' title='bbox 1991 4012 2079 4064; x_wconf 93' lang='lat' dir='ltr'><strong>illo</strong></span> 
     </span>
    </p>
   </div>
   <div class='ocr_carea' id='block_1_71' title="bbox 503 4077 2080 4147">
    <p class='ocr_par' dir='ltr' id='par_1_71' title="bbox 503 4077 2080 4147">
     <span class='ocr_line' id='line_1_71' title="bbox 503 4077 2080 4147; baseline 0.002 -16"><span class='ocrx_word' id='word_1_533' title='bbox 503 4077 718 4147; x_wconf 83' lang='lat' dir='ltr'><strong>semper</strong></span> <span class='ocrx_word' id='word_1_534' title='bbox 761 4077 1111 4132; x_wconf 85' lang='lat' dir='ltr'><strong>beatitudinis</strong></span> <span class='ocrx_word' id='word_1_535' title='bbox 1155 4081 1309 4146; x_wconf 88' lang='lat' dir='ltr'><strong>apice</strong></span> <span class='ocrx_word' id='word_1_536' title='bbox 1339 4079 1669 4132; x_wconf 88' lang='lat' dir='ltr'><strong>immobilem</strong></span> <span class='ocrx_word' id='word_1_537' title='bbox 1711 4090 1768 4132; x_wconf 86' lang='lat' dir='ltr'><strong>et</strong></span> <span class='ocrx_word' id='word_1_538' title='bbox 1798 4081 2080 4134; x_wconf 86' lang='lat' dir='ltr'><strong>inconcus-</strong></span> 
     </span>
    </p>
   </div>
   <div class='ocr_carea' id='block_1_72' title="bbox 504 4147 2080 4218">
    <p class='ocr_par' dir='ltr' id='par_1_72' title="bbox 504 4147 2080 4218">
     <span class='ocr_line' id='line_1_72' title="bbox 504 4147 2080 4218; baseline 0.002 -17"><span class='ocrx_word' id='word_1_539' title='bbox 504 4167 619 4202; x_wconf 78' lang='lat' dir='ltr'><strong>sam</strong></span> <span class='ocrx_word' id='word_1_540' title='bbox 649 4151 1052 4218; x_wconf 82' lang='lat' dir='ltr'><strong>perdurantem.</strong></span> <span class='ocrx_word' id='word_1_541' title='bbox 1095 4165 1112 4197; x_wconf 88' lang='grc' dir='ltr'><strong>ι</strong></span> <span class='ocrx_word' id='word_1_542' title='bbox 1146 4147 1319 4200; x_wconf 85' lang='lat' dir='ltr'><strong>liabet</strong></span> <span class='ocrx_word' id='word_1_543' title='bbox 1356 4164 1508 4218; x_wconf 81' lang='lat' dir='ltr'><strong>ergo,</strong></span> <span class='ocrx_word' id='word_1_544' title='bbox 1548 4150 1741 4216; x_wconf 87' lang='lat' dir='ltr'><strong>inquit,</strong></span> <span class='ocrx_word' id='word_1_545' title='bbox 1783 4151 1922 4203; x_wconf 88' lang='lat' dir='ltr'><strong>Deus</strong></span> <span class='ocrx_word' id='word_1_546' title='bbox 1964 4152 2080 4204; x_wconf 84' lang='lat' dir='ltr'><strong>dies</strong></span> 
     </span>
    </p>
   </div>
   <div class='ocr_carea' id='block_1_73' title="bbox 505 4216 2081 4286">
    <p class='ocr_par' dir='ltr' id='par_1_73' title="bbox 505 4216 2081 4286">
     <span class='ocr_line' id='line_1_73' title="bbox 505 4216 2081 4286; baseline 0.001 -15"><span class='ocrx_word' id='word_1_547' title='bbox 505 4218 674 4272; x_wconf 85' lang='lat' dir='ltr'><strong>festos</strong></span> <span class='ocrx_word' id='word_1_548' title='bbox 708 4219 875 4271; x_wconf 81' lang='lat' dir='ltr'><strong>suos?</strong></span> <span class='ocrx_word' id='word_1_549' title='bbox 918 4216 1109 4270; x_wconf 77' lang='lat' dir='ltr'><strong>Habet.</strong></span> <span class='ocrx_word' id='word_1_550' title='bbox 1139 4219 1237 4272; x_wconf 88' lang='lat' dir='ltr'><strong>Est</strong></span> <span class='ocrx_word' id='word_1_551' title='bbox 1271 4216 1641 4286; x_wconf 41' lang='lat' dir='ltr'><strong>enitn&#39;magna</strong></span> <span class='ocrx_word' id='word_1_552' title='bbox 1677 4220 1947 4273; x_wconf 79' lang='lat' dir='ltr'><strong>festivitas</strong></span> <span class='ocrx_word' id='word_1_553' title='bbox 1979 4221 2081 4273; x_wconf 90' lang='lat' dir='ltr'><strong>hu-</strong></span> 
     </span>
    </p>
   </div>
   <div class='ocr_carea' id='block_1_74' title="bbox 506 4289 2080 4358">
    <p class='ocr_par' dir='ltr' id='par_1_74' title="bbox 506 4289 2080 4358">
     <span class='ocr_line' id='line_1_74' title="bbox 506 4289 2080 4358; baseline 0.002 -17"><span class='ocrx_word' id='word_1_554' title='bbox 506 4306 664 4341; x_wconf 86' lang='lat' dir='ltr'><strong>mana</strong></span> <span class='ocrx_word' id='word_1_555' title='bbox 699 4289 866 4342; x_wconf 84' lang='lat' dir='ltr'><strong>salus.</strong></span> <span class='ocrx_word' id='word_1_556' title='bbox 910 4289 1024 4357; x_wconf 73' lang='lat' dir='ltr'><strong>Ego</strong></span> <span class='ocrx_word' id='word_1_557' title='bbox 1059 4301 1188 4356; x_wconf 87' lang='lat' dir='ltr'><strong>puto</strong></span> <span class='ocrx_word' id='word_1_558' title='bbox 1219 4289 1361 4356; x_wconf 88' lang='lat' dir='ltr'><strong>quod</strong></span> <span class='ocrx_word' id='word_1_559' title='bbox 1406 4303 1504 4357; x_wconf 86' lang='lat' dir='ltr'><strong>per</strong></span> <span class='ocrx_word' id='word_1_560' title='bbox 1535 4290 1780 4355; x_wconf 82' lang='lat' dir='ltr'><strong>singulos</strong></span> <span class='ocrx_word' id='word_1_561' title='bbox 1836 4306 2080 4358; x_wconf 84' lang='lat' dir='ltr'><strong>quosque</strong></span> 
     </span>
    </p>
   </div>
   <div class='ocr_carea' id='block_1_75' title="bbox 505 4359 2078 4428">
    <p class='ocr_par' dir='ltr' id='par_1_75' title="bbox 505 4359 2078 4428">
     <span class='ocr_line' id='line_1_75' title="bbox 505 4359 2078 4428; baseline 0.001 -18"><span class='ocrx_word' id='word_1_562' title='bbox 505 4359 875 4420; x_wconf 87' lang='lat' dir='ltr'><strong>credentium,</strong></span> <span class='ocrx_word' id='word_1_563' title='bbox 942 4374 1037 4426; x_wconf 86' lang='lat' dir='ltr'><strong>per</strong></span> <span class='ocrx_word' id='word_1_564' title='bbox 1095 4359 1336 4428; x_wconf 87' lang='lat' dir='ltr'><strong>singulos</strong></span> <span class='ocrx_word' id='word_1_565' title='bbox 1386 4361 1476 4426; x_wconf 90' lang='lat' dir='ltr'><strong>qui</strong></span> <span class='ocrx_word' id='word_1_566' title='bbox 1557 4370 1953 4428; x_wconf 83' lang='lat' dir='ltr'><strong>convertuntur</strong></span> <span class='ocrx_word' id='word_1_567' title='bbox 2013 4364 2078 4413; x_wconf 89' lang='lat' dir='ltr'><strong>ad</strong></span> 
     </span>
    </p>
   </div>
   <div class='ocr_carea' id='block_1_76' title="bbox 509 4427 2081 4496">
    <p class='ocr_par' dir='ltr' id='par_1_76' title="bbox 509 4427 2081 4496">
     <span class='ocr_line' id='line_1_76' title="bbox 509 4427 2081 4496; baseline 0.001 -15"><span class='ocrx_word' id='word_1_568' title='bbox 509 4429 714 4492; x_wconf 89' lang='lat' dir='ltr'><strong>Deum,</strong></span> <span class='ocrx_word' id='word_1_569' title='bbox 765 4429 855 4494; x_wconf 91' lang='lat' dir='ltr'><strong>qui</strong></span> <span class='ocrx_word' id='word_1_570' title='bbox 901 4427 1204 4496; x_wconf 70' lang='lat' dir='ltr'><strong>proficiunt</strong></span> <span class='ocrx_word' id='word_1_571' title='bbox 1251 4430 1301 4480; x_wconf 90' lang='lat' dir='ltr'><strong>in</strong></span> <span class='ocrx_word' id='word_1_572' title='bbox 1358 4431 1498 4490; x_wconf 88' lang='lat' dir='ltr'><strong>fide,</strong></span> <span class='ocrx_word' id='word_1_573' title='bbox 1551 4427 1823 4482; x_wconf 84' lang='lat' dir='ltr'><strong>festivitas</strong></span> <span class='ocrx_word' id='word_1_574' title='bbox 1873 4430 2081 4482; x_wconf 86' lang='lat' dir='ltr'><strong>oriatur</strong></span> 
     </span>
    </p>
   </div>
   <div class='ocr_carea' id='block_1_77' title="bbox 508 4497 2076 4567">
    <p class='ocr_par' dir='ltr' id='par_1_77' title="bbox 508 4497 2076 4567">
     <span class='ocr_line' id='line_1_77' title="bbox 508 4497 2076 4567; baseline 0.001 -16"><span class='ocrx_word' id='word_1_575' title='bbox 508 4499 742 4551; x_wconf 77' lang='lat' dir='ltr'><strong>Domini.</strong></span> <span class='ocrx_word' id='word_1_576' title='bbox 790 4497 1073 4563; x_wconf 82' lang='lat' dir='ltr'><strong>Quomodo</strong></span> <span class='ocrx_word' id='word_1_577' title='bbox 1125 4508 1284 4566; x_wconf 90' lang='lat' dir='ltr'><strong>putas</strong></span> <span class='ocrx_word' id='word_1_578' title='bbox 1315 4497 1552 4551; x_wconf 61' lang='lat' dir='ltr'><strong>laetificat</strong></span> <span class='ocrx_word' id='word_1_579' title='bbox 1597 4515 1761 4561; x_wconf 90' lang='lat' dir='ltr'><strong>cum,</strong></span> <span class='ocrx_word' id='word_1_580' title='bbox 1818 4513 1942 4552; x_wconf 91' lang='lat' dir='ltr'><strong>cum</strong></span> <span class='ocrx_word' id='word_1_581' title='bbox 1985 4500 2076 4567; x_wconf 92' lang='lat' dir='ltr'><strong>qui</strong></span> 
     </span>
    </p>
   </div>
   <div class='ocr_carea' id='block_1_78' title="bbox 508 4567 2075 4636">
    <p class='ocr_par' dir='ltr' id='par_1_78' title="bbox 508 4567 2075 4636">
     <span class='ocr_line' id='line_1_78' title="bbox 508 4567 2075 4636; baseline 0.003 -18"><span class='ocrx_word' id='word_1_582' title='bbox 508 4569 684 4622; x_wconf 81' lang='lat' dir='ltr'><strong>luerat</strong></span> <span class='ocrx_word' id='word_1_583' title='bbox 711 4568 1040 4635; x_wconf 84' lang='lat' dir='ltr'><strong>impudicus,</strong></span> <span class='ocrx_word' id='word_1_584' title='bbox 1081 4569 1140 4621; x_wconf 89' lang='lat' dir='ltr'><strong>lit</strong></span> <span class='ocrx_word' id='word_1_585' title='bbox 1172 4579 1377 4629; x_wconf 87' lang='lat' dir='ltr'><strong>castus,</strong></span> <span class='ocrx_word' id='word_1_586' title='bbox 1409 4578 1461 4621; x_wconf 90' lang='lat' dir='ltr'><strong>et</strong></span> <span class='ocrx_word' id='word_1_587' title='bbox 1499 4570 1590 4636; x_wconf 93' lang='lat' dir='ltr'><strong>qui</strong></span> <span class='ocrx_word' id='word_1_588' title='bbox 1621 4568 1798 4623; x_wconf 87' lang='lat' dir='ltr'><strong>fuerat</strong></span> <span class='ocrx_word' id='word_1_589' title='bbox 1823 4567 2075 4636; x_wconf 88' lang='lat' dir='ltr'><strong>injustus,</strong></span> 
     </span>
    </p>
   </div>
   <div class='ocr_carea' id='block_1_79' title="bbox 503 4637 2078 4707">
    <p class='ocr_par' dir='ltr' id='par_1_79' title="bbox 503 4637 2078 4707">
     <span class='ocr_line' id='line_1_79' title="bbox 503 4637 2078 4707; baseline 0.001 -17"><span class='ocrx_word' id='word_1_590' title='bbox 503 4637 773 4706; x_wconf 84' lang='lat' dir='ltr'><strong>justitiam</strong></span> <span class='ocrx_word' id='word_1_591' title='bbox 813 4638 966 4702; x_wconf 80' lang='lat' dir='ltr'><strong>colit,</strong></span> <span class='ocrx_word' id='word_1_592' title='bbox 990 4647 1045 4690; x_wconf 89' lang='lat' dir='ltr'><strong>et</strong></span> <span class='ocrx_word' id='word_1_593' title='bbox 1083 4641 1174 4704; x_wconf 87' lang='lat' dir='ltr'><strong>qui</strong></span> <span class='ocrx_word' id='word_1_594' title='bbox 1202 4637 1378 4691; x_wconf 86' lang='lat' dir='ltr'><strong>fuerat</strong></span> <span class='ocrx_word' id='word_1_595' title='bbox 1409 4638 1626 4707; x_wconf 87' lang='lat' dir='ltr'><strong>impnts,</strong></span> <span class='ocrx_word' id='word_1_596' title='bbox 1659 4637 1890 4693; x_wconf 75' lang='lat' dir='ltr'><strong>efﬁcitur</strong></span> <span class='ocrx_word' id='word_1_597' title='bbox 1916 4640 2078 4707; x_wconf 88' lang='lat' dir='ltr'><strong>pius?</strong></span> 
     </span>
    </p>
   </div>
   <div class='ocr_carea' id='block_1_80' title="bbox 510 4707 2077 4776">
    <p class='ocr_par' dir='ltr' id='par_1_80' title="bbox 510 4707 2077 4776">
     <span class='ocr_line' id='line_1_80' title="bbox 510 4707 2077 4776; baseline 0 -14"><span class='ocrx_word' id='word_1_598' title='bbox 510 4713 630 4762; x_wconf 76' lang='lat' dir='ltr'><strong>ista:</strong></span> <span class='ocrx_word' id='word_1_599' title='bbox 664 4722 853 4761; x_wconf 90' lang='lat' dir='ltr'><strong>omnes</strong></span> <span class='ocrx_word' id='word_1_600' title='bbox 907 4707 1238 4773; x_wconf 83' lang='lat' dir='ltr'><strong>singulorum</strong></span> <span class='ocrx_word' id='word_1_601' title='bbox 1279 4721 1616 4776; x_wconf 87' lang='lat' dir='ltr'><strong>quorumque</strong></span> <span class='ocrx_word' id='word_1_602' title='bbox 1663 4711 2077 4774; x_wconf 85' lang='lat' dir='ltr'><strong>conversiones,</strong></span> 
     </span>
    </p>
   </div>
   <div class='ocr_carea' id='block_1_81' title="bbox 509 4776 2077 4846">
    <p class='ocr_par' dir='ltr' id='par_1_81' title="bbox 509 4776 2077 4846">
     <span class='ocr_line' id='line_1_81' title="bbox 509 4776 2077 4846; baseline -0.001 -13"><span class='ocrx_word' id='word_1_603' title='bbox 509 4779 832 4833; x_wconf 80' lang='lat' dir='ltr'><strong>festivitates</strong></span> <span class='ocrx_word' id='word_1_604' title='bbox 869 4786 1131 4846; x_wconf 88' lang='lat' dir='ltr'><strong>generant</strong></span> <span class='ocrx_word' id='word_1_605' title='bbox 1155 4776 1281 4830; x_wconf 91' lang='lat' dir='ltr'><strong>Deo.</strong></span> <span class='ocrx_word' id='word_1_606' title='bbox 1328 4778 1436 4830; x_wconf 80' lang='lat' dir='ltr'><strong>Nec</strong></span> <span class='ocrx_word' id='word_1_607' title='bbox 1470 4779 1690 4832; x_wconf 87' lang='lat' dir='ltr'><strong>dubium</strong></span> <span class='ocrx_word' id='word_1_608' title='bbox 1714 4787 1892 4831; x_wconf 88' lang='lat' dir='ltr'><strong>autem</strong></span> <span class='ocrx_word' id='word_1_609' title='bbox 1945 4779 2077 4846; x_wconf 91' lang='lat' dir='ltr'><strong>quin</strong></span> 
     </span>
    </p>
   </div>
   <div class='ocr_carea' id='block_1_82' title="bbox 509 4846 2081 4916">
    <p class='ocr_par' dir='ltr' id='par_1_82' title="bbox 509 4846 2081 4916">
     <span class='ocr_line' id='line_1_82' title="bbox 509 4846 2081 4916; baseline -0.004 -12"><span class='ocrx_word' id='word_1_610' title='bbox 509 4859 566 4904; x_wconf 89' lang='lat' dir='ltr'><strong>et</strong></span> <span class='ocrx_word' id='word_1_611' title='bbox 594 4846 856 4901; x_wconf 88' lang='lat' dir='ltr'><strong>Dominus</strong></span> <span class='ocrx_word' id='word_1_612' title='bbox 896 4857 1082 4900; x_wconf 90' lang='lat' dir='ltr'><strong>noster</strong></span> <span class='ocrx_word' id='word_1_613' title='bbox 1106 4846 1267 4900; x_wconf 77' lang='lat' dir='ltr'><strong>Jesus</strong></span> <span class='ocrx_word' id='word_1_614' title='bbox 1309 4847 1596 4911; x_wconf 88' lang='lat' dir='ltr'><strong>Christus,</strong></span> <span class='ocrx_word' id='word_1_615' title='bbox 1627 4849 1721 4916; x_wconf 92' lang='lat' dir='ltr'><strong>qui</strong></span> <span class='ocrx_word' id='word_1_616' title='bbox 1767 4863 1865 4915; x_wconf 91' lang='lat' dir='ltr'><strong>pro</strong></span> <span class='ocrx_word' id='word_1_617' title='bbox 1905 4851 2081 4901; x_wconf 89' lang='lat' dir='ltr'><strong>salute</strong></span> 
     </span>
    </p>
   </div>
   <div class='ocr_carea' id='block_1_83' title="bbox 511 4916 2081 4987">
    <p class='ocr_par' dir='ltr' id='par_1_83' title="bbox 511 4916 2081 4987">
     <span class='ocr_line' id='line_1_83' title="bbox 511 4916 2081 4987; baseline -0.002 -14"><span class='ocrx_word' id='word_1_618' title='bbox 511 4931 694 4974; x_wconf 87' lang='lat' dir='ltr'><strong>nostra</strong></span> <span class='ocrx_word' id='word_1_619' title='bbox 733 4916 899 4970; x_wconf 89' lang='lat' dir='ltr'><strong>etiam</strong></span> <span class='ocrx_word' id='word_1_620' title='bbox 946 4918 1268 4986; x_wconf 87' lang='lat' dir='ltr'><strong>sanguinem</strong></span> <span class='ocrx_word' id='word_1_621' title='bbox 1313 4932 1466 4970; x_wconf 90' lang='lat' dir='ltr'><strong>suum</strong></span> <span class='ocrx_word' id='word_1_622' title='bbox 1511 4917 1668 4981; x_wconf 83' lang='lat' dir='ltr'><strong>fudit,</strong></span> <span class='ocrx_word' id='word_1_623' title='bbox 1715 4928 1839 4987; x_wconf 90' lang='lat' dir='ltr'><strong>agat</strong></span> <span class='ocrx_word' id='word_1_624' title='bbox 1877 4916 2081 4972; x_wconf 87' lang='lat' dir='ltr'><strong>festivi-</strong></span> 
     </span>
    </p>
   </div>
   <div class='ocr_carea' id='block_1_84' title="bbox 513 4989 2082 5058">
    <p class='ocr_par' dir='ltr' id='par_1_84' title="bbox 513 4989 2082 5058">
     <span class='ocr_line' id='line_1_84' title="bbox 513 4989 2082 5058; baseline 0 -16"><span class='ocrx_word' id='word_1_625' title='bbox 513 4999 678 5042; x_wconf 88' lang='lat' dir='ltr'><strong>tatem</strong></span> <span class='ocrx_word' id='word_1_626' title='bbox 723 4989 1050 5058; x_wconf 84' lang='lat' dir='ltr'><strong>maximam,</strong></span> <span class='ocrx_word' id='word_1_627' title='bbox 1080 5002 1216 5058; x_wconf 85' lang='lat' dir='ltr'><strong>cum</strong></span> <span class='ocrx_word' id='word_1_628' title='bbox 1269 5002 1448 5055; x_wconf 59' lang='lat' dir='ltr'><strong>operae</strong></span> <span class='ocrx_word' id='word_1_629' title='bbox 1495 4990 1728 5058; x_wconf 87' lang='lat' dir='ltr'><strong>pretium</strong></span> <span class='ocrx_word' id='word_1_630' title='bbox 1778 4989 1921 5058; x_wconf 87' lang='lat' dir='ltr'><strong>videt</strong></span> <span class='ocrx_word' id='word_1_631' title='bbox 1961 5003 2082 5042; x_wconf 85' lang='lat' dir='ltr'><strong>esse</strong></span> 
     </span>
    </p>
   </div>
   <div class='ocr_carea' id='block_1_85' title="bbox 513 5056 2082 5128">
    <p class='ocr_par' dir='ltr' id='par_1_85' title="bbox 513 5056 2082 5128">
     <span class='ocr_line' id='line_1_85' title="bbox 513 5056 2082 5128; baseline 0.001 -18"><span class='ocrx_word' id='word_1_632' title='bbox 513 5059 657 5128; x_wconf 67' lang='lat' dir='ltr'><strong>quod</strong></span> <span class='ocrx_word' id='word_1_633' title='bbox 699 5073 758 5111; x_wconf 89' lang='lat' dir='ltr'><strong>se</strong></span> <span class='ocrx_word' id='word_1_634' title='bbox 812 5057 1152 5128; x_wconf 86' lang='lat' dir='ltr'><strong>humiliavit,</strong></span> <span class='ocrx_word' id='word_1_635' title='bbox 1209 5068 1262 5110; x_wconf 91' lang='lat' dir='ltr'><strong>et</strong></span> <span class='ocrx_word' id='word_1_636' title='bbox 1302 5056 1528 5128; x_wconf 84' lang='lat' dir='ltr'><strong>formarit</strong></span> <span class='ocrx_word' id='word_1_637' title='bbox 1581 5060 1720 5112; x_wconf 88' lang='lat' dir='ltr'><strong>servi</strong></span> <span class='ocrx_word' id='word_1_638' title='bbox 1780 5056 2082 5128; x_wconf 88' lang='lat' dir='ltr'><strong>suscipiens</strong></span> 
     </span>
    </p>
   </div>
   <div class='ocr_carea' id='block_1_86' title="bbox 517 5126 2078 5197">
    <p class='ocr_par' dir='ltr' id='par_1_86' title="bbox 517 5126 2078 5197">
     <span class='ocr_line' id='line_1_86' title="bbox 517 5126 2078 5197; baseline -0.001 -17"><span class='ocrx_word' id='word_1_639' title='bbox 517 5126 693 5182; x_wconf 69' lang='lat' dir='ltr'><strong>tactus</strong></span> <span class='ocrx_word' id='word_1_640' title='bbox 731 5137 817 5180; x_wconf 89' lang='lat' dir='ltr'><strong>est</strong></span> <span class='ocrx_word' id='word_1_641' title='bbox 847 5126 1107 5180; x_wconf 87' lang='lat' dir='ltr'><strong>obediens</strong></span> <span class='ocrx_word' id='word_1_642' title='bbox 1145 5141 1315 5195; x_wconf 87' lang='lat' dir='ltr'><strong>usque</strong></span> <span class='ocrx_word' id='word_1_643' title='bbox 1342 5127 1408 5180; x_wconf 88' lang='lat' dir='ltr'><strong>ad</strong></span> <span class='ocrx_word' id='word_1_644' title='bbox 1472 5139 1721 5180; x_wconf 91' lang='lat' dir='ltr'><strong>mortem.</strong></span> <span class='ocrx_word' id='word_1_645' title='bbox 1768 5127 1895 5197; x_wconf 86' lang='lat' dir='ltr'><strong>Agit</strong></span> <span class='ocrx_word' id='word_1_646' title='bbox 1943 5129 2078 5182; x_wconf 81' lang='lat' dir='ltr'><strong>festa</strong></span> 
     </span>
    </p>
   </div>
   <div class='ocr_carea' id='block_1_87' title="bbox 515 5197 2081 5268">
    <p class='ocr_par' dir='ltr' id='par_1_87' title="bbox 515 5197 2081 5268">
     <span class='ocr_line' id='line_1_87' title="bbox 515 5197 2081 5268; baseline 0 -18"><span class='ocrx_word' id='word_1_647' title='bbox 515 5201 720 5266; x_wconf 89' lang='lat' dir='ltr'><strong>pariter</strong></span> <span class='ocrx_word' id='word_1_648' title='bbox 741 5207 794 5250; x_wconf 88' lang='lat' dir='ltr'><strong>et</strong></span> <span class='ocrx_word' id='word_1_649' title='bbox 821 5197 1056 5267; x_wconf 87' lang='lat' dir='ltr'><strong>Spiritus</strong></span> <span class='ocrx_word' id='word_1_650' title='bbox 1081 5209 1338 5264; x_wconf 82' lang='lat' dir='ltr'><strong>sanctus,</strong></span> <span class='ocrx_word' id='word_1_651' title='bbox 1381 5197 1470 5252; x_wconf 91' lang='lat' dir='ltr'><strong>ubi</strong></span> <span class='ocrx_word' id='word_1_652' title='bbox 1506 5199 1660 5268; x_wconf 87' lang='lat' dir='ltr'><strong>plura</strong></span> <span class='ocrx_word' id='word_1_653' title='bbox 1699 5199 1800 5252; x_wconf 90' lang='lat' dir='ltr'><strong>sibi</strong></span> <span class='ocrx_word' id='word_1_654' title='bbox 1848 5198 1991 5252; x_wconf 88' lang='lat' dir='ltr'><strong>videt</strong></span> <span class='ocrx_word' id='word_1_655' title='bbox 2028 5199 2081 5250; x_wconf 92' lang='lat' dir='ltr'><strong>in</strong></span> 
     </span>
    </p>
   </div>
   <div class='ocr_carea' id='block_1_88' title="bbox 517 5270 2079 5337">
    <p class='ocr_par' dir='ltr' id='par_1_88' title="bbox 517 5270 2079 5337">
     <span class='ocr_line' id='line_1_88' title="bbox 517 5270 2079 5337; baseline 0.001 -17"><span class='ocrx_word' id='word_1_656' title='bbox 517 5273 584 5321; x_wconf 80' lang='lat' dir='ltr'><strong>iis</strong></span> <span class='ocrx_word' id='word_1_657' title='bbox 621 5271 710 5337; x_wconf 92' lang='lat' dir='ltr'><strong>qui</strong></span> <span class='ocrx_word' id='word_1_658' title='bbox 751 5278 1142 5321; x_wconf 87' lang='lat' dir='ltr'><strong>convertuntur</strong></span> <span class='ocrx_word' id='word_1_659' title='bbox 1177 5271 1242 5320; x_wconf 89' lang='lat' dir='ltr'><strong>ad</strong></span> <span class='ocrx_word' id='word_1_660' title='bbox 1277 5270 1478 5332; x_wconf 90' lang='lat' dir='ltr'><strong>Deum,</strong></span> <span class='ocrx_word' id='word_1_661' title='bbox 1521 5270 1721 5337; x_wconf 90' lang='lat' dir='ltr'><strong>templa</strong></span> <span class='ocrx_word' id='word_1_662' title='bbox 1758 5279 2079 5336; x_wconf 79' lang='lat' dir='ltr'><strong>przeparata.</strong></span> 
     </span>
    </p>
   </div>
   <div class='ocr_carea' id='block_1_89' title="bbox 518 5338 2083 5406">
    <p class='ocr_par' dir='ltr' id='par_1_89' title="bbox 518 5338 2083 5406">
     <span class='ocr_line' id='line_1_89' title="bbox 518 5338 2083 5406; baseline 0 -16"><span class='ocrx_word' id='word_1_663' title='bbox 518 5338 649 5390; x_wconf 69' lang='lat' dir='ltr'><strong>Nam</strong></span> <span class='ocrx_word' id='word_1_664' title='bbox 675 5347 732 5391; x_wconf 93' lang='lat' dir='ltr'><strong>et</strong></span> <span class='ocrx_word' id='word_1_665' title='bbox 761 5341 825 5390; x_wconf 89' lang='lat' dir='ltr'><strong>de</strong></span> <span class='ocrx_word' id='word_1_666' title='bbox 854 5339 1064 5405; x_wconf 79' lang='lat' dir='ltr'><strong>angelis</strong></span> <span class='ocrx_word' id='word_1_667' title='bbox 1109 5340 1238 5405; x_wconf 78' lang='lat' dir='ltr'><strong>quid</strong></span> <span class='ocrx_word' id='word_1_668' title='bbox 1270 5340 1484 5402; x_wconf 89' lang='lat' dir='ltr'><strong>dicam,</strong></span> <span class='ocrx_word' id='word_1_669' title='bbox 1509 5339 1575 5391; x_wconf 87' lang='lat' dir='ltr'><strong>ad</strong></span> <span class='ocrx_word' id='word_1_670' title='bbox 1612 5353 1840 5406; x_wconf 87' lang='lat' dir='ltr'><strong>quorum</strong></span> <span class='ocrx_word' id='word_1_671' title='bbox 1876 5339 2083 5392; x_wconf 86' lang='lat' dir='ltr'><strong>festivi-</strong></span> 
     </span>
    </p>
   </div>
   <div class='ocr_carea' id='block_1_90' title="bbox 517 5408 2085 5478">
    <p class='ocr_par' dir='ltr' id='par_1_90' title="bbox 517 5408 2085 5478">
     <span class='ocr_line' id='line_1_90' title="bbox 517 5408 2085 5478; baseline 0 -17"><span class='ocrx_word' id='word_1_672' title='bbox 517 5417 683 5462; x_wconf 86' lang='lat' dir='ltr'><strong>tatem</strong></span> <span class='ocrx_word' id='word_1_673' title='bbox 727 5408 1022 5478; x_wconf 73' lang='lat' dir='ltr'><strong>laetantium</strong></span> <span class='ocrx_word' id='word_1_674' title='bbox 1050 5408 1302 5461; x_wconf 83' lang='lat' dir='ltr'><strong>dicuntur</strong></span> <span class='ocrx_word' id='word_1_675' title='bbox 1326 5412 1583 5462; x_wconf 87' lang='lat' dir='ltr'><strong>accedere</strong></span> <span class='ocrx_word' id='word_1_676' title='bbox 1609 5424 1818 5471; x_wconf 87' lang='lat' dir='ltr'><strong>onmes,</strong></span> <span class='ocrx_word' id='word_1_677' title='bbox 1843 5409 1936 5478; x_wconf 92' lang='lat' dir='ltr'><strong>qui</strong></span> <span class='ocrx_word' id='word_1_678' title='bbox 1953 5423 2085 5463; x_wconf 89' lang='lat' dir='ltr'><strong>con-</strong></span> 
     </span>
    </p>
   </div>
   <div class='ocr_carea' id='block_1_91' title="bbox 519 5477 2082 5546">
    <p class='ocr_par' dir='ltr' id='par_1_91' title="bbox 519 5477 2082 5546">
     <span class='ocr_line' id='line_1_91' title="bbox 519 5477 2082 5546; baseline -0.001 -14"><span class='ocrx_word' id='word_1_679' title='bbox 519 5490 810 5532; x_wconf 79' lang='lat' dir='ltr'><strong>vertuntur</strong></span> <span class='ocrx_word' id='word_1_680' title='bbox 835 5480 902 5531; x_wconf 87' lang='lat' dir='ltr'><strong>ad</strong></span> <span class='ocrx_word' id='word_1_681' title='bbox 949 5477 1270 5531; x_wconf 76' lang='lat' dir='ltr'><strong>Dominum?</strong></span> <span class='ocrx_word' id='word_1_682' title='bbox 1300 5480 1406 5532; x_wconf 80' lang='lat' dir='ltr'><strong>Aut</strong></span> <span class='ocrx_word' id='word_1_683' title='bbox 1456 5494 1560 5532; x_wconf 92' lang='lat' dir='ltr'><strong>non</strong></span> <span class='ocrx_word' id='word_1_684' title='bbox 1614 5485 1698 5532; x_wconf 81' lang='lat' dir='ltr'><strong>est</strong></span> <span class='ocrx_word' id='word_1_685' title='bbox 1741 5477 2082 5546; x_wconf 24' lang='lat' dir='ltr'><strong>illis’magna</strong></span> 
     </span>
    </p>
   </div>
   <div class='ocr_carea' id='block_1_92' title="bbox 519 5547 2086 5617">
    <p class='ocr_par' dir='ltr' id='par_1_92' title="bbox 519 5547 2086 5617">
     <span class='ocr_line' id='line_1_92' title="bbox 519 5547 2086 5617; baseline -0.002 -15"><span class='ocrx_word' id='word_1_686' title='bbox 519 5547 809 5611; x_wconf 78' lang='lat' dir='ltr'><strong>feativitas,</strong></span> <span class='ocrx_word' id='word_1_687' title='bbox 842 5563 964 5600; x_wconf 91' lang='lat' dir='ltr'><strong>cum</strong></span> <span class='ocrx_word' id='word_1_688' title='bbox 997 5548 1246 5601; x_wconf 69' lang='lat' dir='ltr'><strong>laetantur</strong></span> <span class='ocrx_word' id='word_1_689' title='bbox 1287 5551 1338 5601; x_wconf 93' lang='lat' dir='ltr'><strong>in</strong></span> <span class='ocrx_word' id='word_1_690' title='bbox 1381 5550 1518 5603; x_wconf 75' lang='lat' dir='ltr'><strong>ctelu</strong></span> <span class='ocrx_word' id='word_1_691' title='bbox 1547 5564 1708 5617; x_wconf 84' lang='lat' dir='ltr'><strong>super</strong></span> <span class='ocrx_word' id='word_1_692' title='bbox 1746 5565 1854 5602; x_wconf 92' lang='lat' dir='ltr'><strong>uno</strong></span> <span class='ocrx_word' id='word_1_693' title='bbox 1893 5563 2086 5617; x_wconf 83' lang='lat' dir='ltr'><strong>pecca-</strong></span> 
     </span>
    </p>
   </div>
   <div class='ocr_carea' id='block_1_93' title="bbox 523 5618 2085 5696">
    <p class='ocr_par' dir='ltr' id='par_1_93' title="bbox 523 5618 2085 5696">
     <span class='ocr_line' id='line_1_93' title="bbox 523 5618 2085 5696; baseline -0.001 -26"><span class='ocrx_word' id='word_1_694' title='bbox 523 5631 638 5672; x_wconf 86' lang='lat' dir='ltr'><strong>tore</strong></span> <span class='ocrx_word' id='word_1_695' title='bbox 666 5618 1039 5696; x_wconf 71' lang='lat' dir='ltr'><strong>ptenttentiam</strong></span> <span class='ocrx_word' id='word_1_696' title='bbox 1065 5629 1294 5696; x_wconf 77' lang='lat' dir='ltr'><strong>agente,</strong></span> <span class='ocrx_word' id='word_1_697' title='bbox 1331 5623 1500 5696; x_wconf 81' lang='lat' dir='ltr'><strong>magis</strong></span> <span class='ocrx_word' id='word_1_698' title='bbox 1528 5618 1688 5688; x_wconf 78' lang='lat' dir='ltr'><strong>qnam</strong></span> <span class='ocrx_word' id='word_1_699' title='bbox 1733 5633 2085 5696; x_wconf 66' lang='lat' dir='ltr'><strong>supernonao</strong></span> 
     </span>
    </p>
   </div>
   <div class='ocr_carea' id='block_1_94' title="bbox 521 5689 2084 5758">
    <p class='ocr_par' dir='ltr' id='par_1_94' title="bbox 521 5689 2084 5758">
     <span class='ocr_line' id='line_1_94' title="bbox 521 5689 2084 5758; baseline 0.001 -19"><span class='ocrx_word' id='word_1_700' title='bbox 521 5700 670 5758; x_wconf 77' lang='lat' dir='ltr'><strong>ginta</strong></span> <span class='ocrx_word' id='word_1_701' title='bbox 711 5689 1142 5758; x_wconf 67' lang='lat' dir='ltr'><strong>ttovettrjustis,</strong></span> <span class='ocrx_word' id='word_1_702' title='bbox 1179 5691 1269 5757; x_wconf 90' lang='lat' dir='ltr'><strong>qui</strong></span> <span class='ocrx_word' id='word_1_703' title='bbox 1313 5704 1418 5742; x_wconf 89' lang='lat' dir='ltr'><strong>non</strong></span> <span class='ocrx_word' id='word_1_704' title='bbox 1477 5692 1714 5754; x_wconf 79' lang='lat' dir='ltr'><strong>indigent</strong></span> <span class='ocrx_word' id='word_1_705' title='bbox 1763 5689 2084 5757; x_wconf 77' lang='lat' dir='ltr'><strong>pcenitentia</strong></span> 
     </span>
    </p>
   </div>
   <div class='ocr_carea' id='block_1_95' title="bbox 522 5756 2086 5829">
    <p class='ocr_par' dir='ltr' id='par_1_95' title="bbox 522 5756 2086 5829">
     <span class='ocr_line' id='line_1_95' title="bbox 522 5756 2086 5829; baseline 0 -20"><span class='ocrx_word' id='word_1_706' title='bbox 522 5756 677 5829; x_wconf 74' lang='lat' dir='ltr'><strong>(Luc.</strong></span> <span class='ocrx_word' id='word_1_707' title='bbox 706 5771 796 5820; x_wconf 76' lang='lat' dir='ltr'><strong>xv,</strong></span> <span class='ocrx_word' id='word_1_708' title='bbox 834 5757 887 5826; x_wconf 86' lang='lat'><strong>7)</strong></span> <span class='ocrx_word' id='word_1_709' title='bbox 1089 5756 1387 5829; x_wconf 25' lang='lat' dir='ltr'><strong>Sed’sicut</strong></span> <span class='ocrx_word' id='word_1_710' title='bbox 1427 5759 1553 5829; x_wconf 89' lang='lat' dir='ltr'><strong>boui</strong></span> <span class='ocrx_word' id='word_1_711' title='bbox 1589 5769 1740 5812; x_wconf 89' lang='lat' dir='ltr'><strong>actus</strong></span> <span class='ocrx_word' id='word_1_712' title='bbox 1771 5756 1955 5812; x_wconf 88' lang='lat' dir='ltr'><strong>nostri</strong></span> <span class='ocrx_word' id='word_1_713' title='bbox 1983 5796 1998 5821; x_wconf 92' lang='lat'><strong>,</strong></span> <span class='ocrx_word' id='word_1_714' title='bbox 2031 5768 2086 5810; x_wconf 88' lang='lat' dir='ltr'><strong>et</strong></span> 
     </span>
    </p>
   </div>
   <div class='ocr_carea' id='block_1_96' title="bbox 525 5825 2084 5898">
    <p class='ocr_par' dir='ltr' id='par_1_96' title="bbox 525 5825 2084 5898">
     <span class='ocr_line' id='line_1_96' title="bbox 525 5825 2084 5898; baseline -0.001 -16"><span class='ocrx_word' id='word_1_715' title='bbox 525 5825 782 5884; x_wconf 73' lang='lat' dir='ltr'><strong>virtutum</strong></span> <span class='ocrx_word' id='word_1_716' title='bbox 810 5825 1105 5897; x_wconf 82' lang='lat' dir='ltr'><strong>profectus,</strong></span> <span class='ocrx_word' id='word_1_717' title='bbox 1137 5828 1375 5883; x_wconf 67' lang='lat' dir='ltr'><strong>laetitiam</strong></span> <span class='ocrx_word' id='word_1_718' title='bbox 1411 5828 1869 5898; x_wconf 83' lang='lat' dir='ltr'><strong>festivitatcmque</strong></span> <span class='ocrx_word' id='word_1_719' title='bbox 1897 5829 2003 5882; x_wconf 85' lang='lat' dir='ltr'><strong>Deo</strong></span> <span class='ocrx_word' id='word_1_720' title='bbox 2031 5837 2084 5881; x_wconf 85' lang='lat' dir='ltr'><strong>et</strong></span> 
     </span>
    </p>
   </div>
   <div class='ocr_carea' id='block_1_97' title="bbox 2182 3242 3768 3308">
    <p class='ocr_par' dir='ltr' id='par_1_97' title="bbox 2182 3242 3768 3308">
     <span class='ocr_line' id='line_1_97' title="bbox 2182 3242 3768 3308; baseline -0.001 -11"><span class='ocrx_word' id='word_1_721' title='bbox 2182 3256 2364 3298; x_wconf 90' lang='lat' dir='ltr'><strong>nostra</strong></span> <span class='ocrx_word' id='word_1_722' title='bbox 2408 3242 2512 3297; x_wconf 76' lang='lat' dir='ltr'><strong>non</strong></span> <span class='ocrx_word' id='word_1_723' title='bbox 2546 3243 2718 3298; x_wconf 90' lang='lat' dir='ltr'><strong>solum</strong></span> <span class='ocrx_word' id='word_1_724' title='bbox 2748 3243 2925 3308; x_wconf 91' lang='lat' dir='ltr'><strong>terris,</strong></span> <span class='ocrx_word' id='word_1_725' title='bbox 2959 3245 3052 3298; x_wconf 87' lang='lat' dir='ltr'><strong>sed</strong></span> <span class='ocrx_word' id='word_1_726' title='bbox 3099 3253 3151 3296; x_wconf 89' lang='lat' dir='ltr'><strong>et</strong></span> <span class='ocrx_word' id='word_1_727' title='bbox 3183 3243 3320 3298; x_wconf 64' lang='lat' dir='ltr'><strong>caelo</strong></span> <span class='ocrx_word' id='word_1_728' title='bbox 3355 3242 3768 3296; x_wconf 87' lang='lat' dir='ltr'><strong>lamentationes</strong></span> 
     </span>
    </p>
   </div>
   <div class='ocr_carea' id='block_1_98' title="bbox 2179 3311 3764 3381">
    <p class='ocr_par' dir='ltr' id='par_1_98' title="bbox 2179 3311 3764 3381">
     <span class='ocr_line' id='line_1_98' title="bbox 2179 3311 3764 3381; baseline -0.002 -14"><span class='ocrx_word' id='word_1_729' title='bbox 2179 3316 2402 3368; x_wconf 88' lang='lat' dir='ltr'><strong>inducat</strong></span> <span class='ocrx_word' id='word_1_730' title='bbox 2427 3325 2481 3366; x_wconf 89' lang='lat' dir='ltr'><strong>et</strong></span> <span class='ocrx_word' id='word_1_731' title='bbox 2509 3313 2707 3378; x_wconf 89' lang='lat' dir='ltr'><strong>luctus,</strong></span> <span class='ocrx_word' id='word_1_732' title='bbox 2734 3323 2787 3367; x_wconf 88' lang='lat' dir='ltr'><strong>et</strong></span> <span class='ocrx_word' id='word_1_733' title='bbox 2815 3314 3064 3367; x_wconf 85' lang='lat' dir='ltr'><strong>fortassis</strong></span> <span class='ocrx_word' id='word_1_734' title='bbox 3094 3313 3258 3366; x_wconf 90' lang='lat' dir='ltr'><strong>etiam</strong></span> <span class='ocrx_word' id='word_1_735' title='bbox 3287 3311 3391 3381; x_wconf 89' lang='lat' dir='ltr'><strong>ipsi</strong></span> <span class='ocrx_word' id='word_1_736' title='bbox 3421 3313 3530 3366; x_wconf 89' lang='lat' dir='ltr'><strong>Deo</strong></span> <span class='ocrx_word' id='word_1_737' title='bbox 3557 3312 3764 3366; x_wconf 89' lang='lat' dir='ltr'><strong>luctum</strong></span> 
     </span>
    </p>
   </div>
   <div class='ocr_carea' id='block_1_99' title="bbox 2180 3382 3759 3452">
    <p class='ocr_par' dir='ltr' id='par_1_99' title="bbox 2180 3382 3759 3452">
     <span class='ocr_line' id='line_1_99' title="bbox 2180 3382 3759 3452; baseline -0.001 -15"><span class='ocrx_word' id='word_1_738' title='bbox 2180 3386 2449 3437; x_wconf 89' lang='lat' dir='ltr'><strong>incutiant</strong></span> <span class='ocrx_word' id='word_1_739' title='bbox 2481 3384 2718 3437; x_wconf 86' lang='lat' dir='ltr'><strong>hurnana</strong></span> <span class='ocrx_word' id='word_1_740' title='bbox 2750 3393 2993 3452; x_wconf 85' lang='lat' dir='ltr'><strong>peccata.</strong></span> <span class='ocrx_word' id='word_1_741' title='bbox 3023 3384 3131 3435; x_wconf 82' lang='lat' dir='ltr'><strong>Aut</strong></span> <span class='ocrx_word' id='word_1_742' title='bbox 3157 3398 3265 3435; x_wconf 87' lang='lat' dir='ltr'><strong>non</strong></span> <span class='ocrx_word' id='word_1_743' title='bbox 3304 3384 3538 3450; x_wconf 80' lang='lat' dir='ltr'><strong>lugentis</strong></span> <span class='ocrx_word' id='word_1_744' title='bbox 3563 3391 3647 3437; x_wconf 87' lang='lat' dir='ltr'><strong>est</strong></span> <span class='ocrx_word' id='word_1_745' title='bbox 3670 3382 3759 3436; x_wconf 91' lang='lat' dir='ltr'><strong>illa</strong></span> 
     </span>
    </p>
   </div>
   <div class='ocr_carea' id='block_1_100' title="bbox 2177 3451 3766 3519">
    <p class='ocr_par' dir='ltr' id='par_1_100' title="bbox 2177 3451 3766 3519">
     <span class='ocr_line' id='line_1_100' title="bbox 2177 3451 3766 3519; baseline 0 -13"><span class='ocrx_word' id='word_1_746' title='bbox 2177 3469 2279 3508; x_wconf 71' lang='lat' dir='ltr'><strong>vos</strong></span> <span class='ocrx_word' id='word_1_747' title='bbox 2329 3469 2450 3507; x_wconf 88' lang='lat' dir='ltr'><strong>cum</strong></span> <span class='ocrx_word' id='word_1_748' title='bbox 2496 3454 2697 3506; x_wconf 88' lang='lat' dir='ltr'><strong>dicitur</strong></span> <span class='ocrx_word' id='word_1_749' title='bbox 2733 3451 2759 3506; x_wconf 19' lang='lat'><strong>:7</strong></span> <span class='ocrx_word' id='word_1_750' title='bbox 2799 3451 3024 3506; x_wconf 72' lang='lat' dir='ltr'><strong>Pmnitet</strong></span> <span class='ocrx_word' id='word_1_751' title='bbox 3071 3469 3190 3518; x_wconf 88' lang='lat' dir='ltr'><strong>me,</strong></span> <span class='ocrx_word' id='word_1_752' title='bbox 3230 3453 3319 3519; x_wconf 89' lang='lat' dir='ltr'><strong>qui</strong></span> <span class='ocrx_word' id='word_1_753' title='bbox 3353 3451 3453 3516; x_wconf 77' lang='lat' dir='ltr'><strong>[cci</strong></span> <span class='ocrx_word' id='word_1_754' title='bbox 3501 3453 3766 3507; x_wconf 82' lang='lat' dir='ltr'><strong>hominem</strong></span> 
     </span>
    </p>
   </div>
   <div class='ocr_carea' id='block_1_101' title="bbox 2178 3522 3767 3593">
    <p class='ocr_par' dir='ltr' id='par_1_101' title="bbox 2178 3522 3767 3593">
     <span class='ocr_line' id='line_1_101' title="bbox 2178 3522 3767 3593; baseline -0.001 -16"><span class='ocrx_word' id='word_1_755' title='bbox 2178 3540 2335 3588; x_wconf 87' lang='lat' dir='ltr'><strong>super</strong></span> <span class='ocrx_word' id='word_1_756' title='bbox 2377 3534 2571 3577; x_wconf 87' lang='lat' dir='ltr'><strong>terram</strong></span> <span class='ocrx_word' id='word_1_757' title='bbox 2613 3522 2766 3592; x_wconf 79' lang='lat' dir='ltr'><strong>(Gen.</strong></span> <span class='ocrx_word' id='word_1_758' title='bbox 2801 3539 2870 3586; x_wconf 87' lang='grc' dir='ltr'><strong>νι,</strong></span> <span class='ocrx_word' id='word_1_759' title='bbox 2919 3523 3012 3593; x_wconf 80' lang='lat'><strong>6)?</strong></span> <span class='ocrx_word' id='word_1_760' title='bbox 3069 3523 3179 3593; x_wconf 87' lang='lat' dir='ltr'><strong>Sed</strong></span> <span class='ocrx_word' id='word_1_761' title='bbox 3221 3533 3277 3576; x_wconf 91' lang='lat' dir='ltr'><strong>et</strong></span> <span class='ocrx_word' id='word_1_762' title='bbox 3325 3522 3412 3575; x_wconf 88' lang='lat' dir='ltr'><strong>illa</strong></span> <span class='ocrx_word' id='word_1_763' title='bbox 3456 3523 3666 3593; x_wconf 85' lang='lat' dir='ltr'><strong>Domini</strong></span> <span class='ocrx_word' id='word_1_764' title='bbox 3711 3531 3767 3578; x_wconf 85' lang='lat' dir='ltr'><strong>et</strong></span> 
     </span>
    </p>
   </div>
   <div class='ocr_carea' id='block_1_102' title="bbox 2181 3590 3764 3660">
    <p class='ocr_par' dir='ltr' id='par_1_102' title="bbox 2181 3590 3764 3660">
     <span class='ocr_line' id='line_1_102' title="bbox 2181 3590 3764 3660; baseline -0.002 -14"><span class='ocrx_word' id='word_1_765' title='bbox 2181 3593 2478 3648; x_wconf 88' lang='lat' dir='ltr'><strong>Salvatoris</strong></span> <span class='ocrx_word' id='word_1_766' title='bbox 2510 3590 2679 3647; x_wconf 85' lang='lat' dir='ltr'><strong>nostri</strong></span> <span class='ocrx_word' id='word_1_767' title='bbox 2704 3596 2754 3647; x_wconf 86' lang='lat' dir='ltr'><strong>in</strong></span> <span class='ocrx_word' id='word_1_768' title='bbox 2782 3590 3077 3660; x_wconf 76' lang='lat' dir='ltr'><strong>Evangelia</strong></span> <span class='ocrx_word' id='word_1_769' title='bbox 3096 3633 3110 3654; x_wconf 93' lang='lat'><strong>,</strong></span> <span class='ocrx_word' id='word_1_770' title='bbox 3131 3591 3220 3644; x_wconf 94' lang='lat' dir='ltr'><strong>ubi</strong></span> <span class='ocrx_word' id='word_1_771' title='bbox 3247 3594 3414 3645; x_wconf 80' lang='lat' dir='ltr'><strong>dicit:</strong></span> <span class='ocrx_word' id='word_1_772' title='bbox 3439 3590 3764 3655; x_wconf 83' lang='lat' dir='ltr'><strong>Jerusalem,</strong></span> 
     </span>
    </p>
   </div>
   <div class='ocr_carea' id='block_1_103' title="bbox 2177 3662 3762 3731">
    <p class='ocr_par' dir='ltr' id='par_1_103' title="bbox 2177 3662 3762 3731">
     <span class='ocr_line' id='line_1_103' title="bbox 2177 3662 3762 3731; baseline -0.003 -12"><span class='ocrx_word' id='word_1_773' title='bbox 2177 3663 2498 3724; x_wconf 76' lang='lat' dir='ltr'><strong>Jerusalem,</strong></span> <span class='ocrx_word' id='word_1_774' title='bbox 2531 3679 2648 3730; x_wconf 65' lang='lat' dir='ltr'><strong>quae</strong></span> <span class='ocrx_word' id='word_1_775' title='bbox 2673 3665 2880 3729; x_wconf 77' lang='lat' dir='ltr'><strong>lapides</strong></span> <span class='ocrx_word' id='word_1_776' title='bbox 2907 3667 3187 3731; x_wconf 79' lang='lat' dir='ltr'><strong>pmphetns</strong></span> <span class='ocrx_word' id='word_1_777' title='bbox 3212 3673 3256 3714; x_wconf 81' lang='lat' dir='ltr'><strong>et</strong></span> <span class='ocrx_word' id='word_1_778' title='bbox 3292 3662 3487 3714; x_wconf 75' lang='lat' dir='ltr'><strong>occidis</strong></span> <span class='ocrx_word' id='word_1_779' title='bbox 3520 3678 3606 3714; x_wconf 83' lang='lat' dir='ltr'><strong>eos</strong></span> <span class='ocrx_word' id='word_1_780' title='bbox 3634 3665 3762 3714; x_wconf 83' lang='lat' dir='ltr'><strong>mis-</strong></span> 
     </span>
    </p>
   </div>
   <div class='ocr_carea' id='block_1_104' title="bbox 2181 3731 3764 3803">
    <p class='ocr_par' dir='ltr' id='par_1_104' title="bbox 2181 3731 3764 3803">
     <span class='ocr_line' id='line_1_104' title="bbox 2181 3731 3764 3803; baseline -0.003 -16"><span class='ocrx_word' id='word_1_781' title='bbox 2181 3752 2268 3788; x_wconf 87' lang='lat' dir='ltr'><strong>sos</strong></span> <span class='ocrx_word' id='word_1_782' title='bbox 2305 3733 2374 3786; x_wconf 85' lang='lat' dir='ltr'><strong>ad</strong></span> <span class='ocrx_word' id='word_1_783' title='bbox 2409 3745 2477 3797; x_wconf 86' lang='lat' dir='ltr'><strong>te,</strong></span> <span class='ocrx_word' id='word_1_784' title='bbox 2499 3735 2701 3803; x_wconf 81' lang='lat' dir='ltr'><strong>quoties</strong></span> <span class='ocrx_word' id='word_1_785' title='bbox 2727 3734 2866 3787; x_wconf 80' lang='lat' dir='ltr'><strong>volui</strong></span> <span class='ocrx_word' id='word_1_786' title='bbox 2901 3749 3214 3801; x_wconf 76' lang='lat' dir='ltr'><strong>congregare</strong></span> <span class='ocrx_word' id='word_1_787' title='bbox 3248 3731 3388 3800; x_wconf 76' lang='lat' dir='ltr'><strong>filios</strong></span> <span class='ocrx_word' id='word_1_788' title='bbox 3418 3743 3558 3795; x_wconf 84' lang='lat' dir='ltr'><strong>tuos,</strong></span> <span class='ocrx_word' id='word_1_789' title='bbox 3580 3747 3764 3803; x_wconf 77' lang='lat' dir='ltr'><strong>quern-</strong></span> 
     </span>
    </p>
   </div>
   <div class='ocr_carea' id='block_1_105' title="bbox 2179 3802 3760 3871">
    <p class='ocr_par' dir='ltr' id='par_1_105' title="bbox 2179 3802 3760 3871">
     <span class='ocr_line' id='line_1_105' title="bbox 2179 3802 3760 3871; baseline -0.001 -15"><span class='ocrx_word' id='word_1_790' title='bbox 2179 3807 2462 3856; x_wconf 76' lang='lat' dir='ltr'><strong>arlmodum</strong></span> <span class='ocrx_word' id='word_1_791' title='bbox 2515 3802 2724 3871; x_wconf 83' lang='lat' dir='ltr'><strong>gallina</strong></span> <span class='ocrx_word' id='word_1_792' title='bbox 2795 3812 3070 3871; x_wconf 84' lang='lat' dir='ltr'><strong>congregat</strong></span> <span class='ocrx_word' id='word_1_793' title='bbox 3121 3803 3294 3866; x_wconf 79' lang='lat' dir='ltr'><strong>pullos</strong></span> <span class='ocrx_word' id='word_1_794' title='bbox 3343 3817 3466 3854; x_wconf 82' lang='lat' dir='ltr'><strong>suos</strong></span> <span class='ocrx_word' id='word_1_795' title='bbox 3522 3806 3616 3854; x_wconf 83' lang='lat' dir='ltr'><strong>sub</strong></span> <span class='ocrx_word' id='word_1_796' title='bbox 3659 3802 3760 3871; x_wconf 81' lang='lat' dir='ltr'><strong>alis</strong></span> 
     </span>
    </p>
   </div>
   <div class='ocr_carea' id='block_1_106' title="bbox 2179 3870 3766 3942">
    <p class='ocr_par' dir='ltr' id='par_1_106' title="bbox 2179 3870 3766 3942">
     <span class='ocr_line' id='line_1_106' title="bbox 2179 3870 3766 3942; baseline -0.001 -16"><span class='ocrx_word' id='word_1_797' title='bbox 2179 3874 2311 3934; x_wconf 82' lang='lat' dir='ltr'><strong>suis,</strong></span> <span class='ocrx_word' id='word_1_798' title='bbox 2337 3887 2383 3928; x_wconf 83' lang='lat' dir='ltr'><strong>et</strong></span> <span class='ocrx_word' id='word_1_799' title='bbox 2421 3870 2636 3926; x_wconf 76' lang='lat' dir='ltr'><strong>noluisti</strong></span> <span class='ocrx_word' id='word_1_800' title='bbox 2659 3873 2682 3925; x_wconf 87' lang='lat'><strong>?</strong></span> <span class='ocrx_word' id='word_1_801' title='bbox 2709 3872 2926 3942; x_wconf 79' lang='lat' dir='ltr'><strong>(Matth.</strong></span> <span class='ocrx_word' id='word_1_802' title='bbox 2960 3870 3117 3936; x_wconf 62' lang='lat' dir='ltr'><strong>XXIII,</strong></span> <span class='ocrx_word' id='word_1_803' title='bbox 3142 3871 3255 3936; x_wconf 81' lang='lat'><strong>&#39;57.)</strong></span> <span class='ocrx_word' id='word_1_804' title='bbox 3285 3871 3390 3924; x_wconf 89' lang='lat' dir='ltr'><strong>Sed</strong></span> <span class='ocrx_word' id='word_1_805' title='bbox 3424 3880 3482 3924; x_wconf 93' lang='lat' dir='ltr'><strong>et</strong></span> <span class='ocrx_word' id='word_1_806' title='bbox 3527 3871 3615 3942; x_wconf 83' lang='lat' dir='ltr'><strong>illa</strong></span> <span class='ocrx_word' id='word_1_807' title='bbox 3660 3870 3766 3942; x_wconf 87' lang='lat' dir='ltr'><strong>hu-</strong></span> 
     </span>
    </p>
   </div>
   <div class='ocr_carea' id='block_1_107' title="bbox 2183 3941 3768 4012">
    <p class='ocr_par' dir='ltr' id='par_1_107' title="bbox 2183 3941 3768 4012">
     <span class='ocr_line' id='line_1_107' title="bbox 2183 3941 3768 4012; baseline 0 -18"><span class='ocrx_word' id='word_1_808' title='bbox 2183 3959 2401 3996; x_wconf 86' lang='lat' dir='ltr'><strong>manum</strong></span> <span class='ocrx_word' id='word_1_809' title='bbox 2429 3959 2599 4012; x_wconf 85' lang='lat' dir='ltr'><strong>genus</strong></span> <span class='ocrx_word' id='word_1_810' title='bbox 2631 3941 2976 3996; x_wconf 88' lang='lat' dir='ltr'><strong>lamentantis</strong></span> <span class='ocrx_word' id='word_1_811' title='bbox 3000 3943 3106 4012; x_wconf 71' lang='lat' dir='ltr'><strong>Dei</strong></span> <span class='ocrx_word' id='word_1_812' title='bbox 3140 3957 3240 3995; x_wconf 77' lang='lat' dir='ltr'><strong>vox</strong></span> <span class='ocrx_word' id='word_1_813' title='bbox 3273 3951 3376 4012; x_wconf 89' lang='lat' dir='ltr'><strong>est,</strong></span> <span class='ocrx_word' id='word_1_814' title='bbox 3411 3956 3514 4012; x_wconf 77' lang='lat' dir='ltr'><strong>qua</strong></span> <span class='ocrx_word' id='word_1_815' title='bbox 3564 3941 3768 3994; x_wconf 86' lang='lat' dir='ltr'><strong>dicitur</strong></span> 
     </span>
    </p>
   </div>
   <div class='ocr_carea' id='block_1_108' title="bbox 2181 4010 3764 4082">
    <p class='ocr_par' dir='ltr' id='par_1_108' title="bbox 2181 4010 3764 4082">
     <span class='ocr_line' id='line_1_108' title="bbox 2181 4010 3764 4082; baseline -0.002 -16"><span class='ocrx_word' id='word_1_816' title='bbox 2181 4028 2277 4080; x_wconf 84' lang='lat' dir='ltr'><strong>per</strong></span> <span class='ocrx_word' id='word_1_817' title='bbox 2315 4010 2633 4082; x_wconf 73' lang='lat' dir='ltr'><strong>prophetam</strong></span> <span class='ocrx_word' id='word_1_818' title='bbox 2663 4030 2676 4064; x_wconf 91' lang='lat'>:</span> <span class='ocrx_word' id='word_1_819' title='bbox 2718 4012 2836 4066; x_wconf 81' lang='lat' dir='ltr'><strong>Heu</strong></span> <span class='ocrx_word' id='word_1_820' title='bbox 2864 4029 2942 4065; x_wconf 84' lang='lat' dir='ltr'><strong>me</strong></span> <span class='ocrx_word' id='word_1_821' title='bbox 2965 4010 3156 4081; x_wconf 81' lang='lat' dir='ltr'><strong>(Mich.</strong></span> <span class='ocrx_word' id='word_1_822' title='bbox 3189 4027 3283 4073; x_wconf 87' lang='lat' dir='ltr'><strong>vn,</strong></span> <span class='ocrx_word' id='word_1_823' title='bbox 3321 4011 3374 4074; x_wconf 88' lang='lat' dir='ltr'><strong>l,</strong></span> <span class='ocrx_word' id='word_1_824' title='bbox 3405 4010 3485 4080; x_wconf 90' lang='lat'><strong>2),</strong></span> <span class='ocrx_word' id='word_1_825' title='bbox 3516 4011 3764 4080; x_wconf 85' lang='lat' dir='ltr'><strong>quoniam</strong></span> 
     </span>
    </p>
   </div>
   <div class='ocr_carea' id='block_1_109' title="bbox 2181 4082 3762 4152">
    <p class='ocr_par' dir='ltr' id='par_1_109' title="bbox 2181 4082 3762 4152">
     <span class='ocr_line' id='line_1_109' title="bbox 2181 4082 3762 4152; baseline 0.001 -21"><span class='ocrx_word' id='word_1_826' title='bbox 2181 4083 2354 4151; x_wconf 76' lang='lat' dir='ltr'><strong>factus</strong></span> <span class='ocrx_word' id='word_1_827' title='bbox 2377 4101 2492 4136; x_wconf 80' lang='lat' dir='ltr'><strong>sunt</strong></span> <span class='ocrx_word' id='word_1_828' title='bbox 2531 4084 2665 4136; x_wconf 77' lang='lat' dir='ltr'><strong>sicut</strong></span> <span class='ocrx_word' id='word_1_829' title='bbox 2699 4084 2791 4152; x_wconf 85' lang='lat' dir='ltr'><strong>qui</strong></span> <span class='ocrx_word' id='word_1_830' title='bbox 2817 4093 3097 4150; x_wconf 82' lang='lat' dir='ltr'><strong>congregat</strong></span> <span class='ocrx_word' id='word_1_831' title='bbox 3121 4082 3376 4149; x_wconf 84' lang='lat' dir='ltr'><strong>stipulam</strong></span> <span class='ocrx_word' id='word_1_832' title='bbox 3399 4083 3453 4134; x_wconf 86' lang='lat' dir='ltr'><strong>in</strong></span> <span class='ocrx_word' id='word_1_833' title='bbox 3488 4097 3653 4134; x_wconf 80' lang='lat' dir='ltr'><strong>messe</strong></span> <span class='ocrx_word' id='word_1_834' title='bbox 3673 4119 3689 4143; x_wconf 82' lang='lat'><strong>,</strong></span> <span class='ocrx_word' id='word_1_835' title='bbox 3712 4091 3762 4133; x_wconf 87' lang='lat' dir='ltr'><strong>et</strong></span> 
     </span>
    </p>
   </div>
   <div class='ocr_carea' id='block_1_110' title="bbox 2179 4153 3765 4220">
    <p class='ocr_par' dir='ltr' id='par_1_110' title="bbox 2179 4153 3765 4220">
     <span class='ocr_line' id='line_1_110' title="bbox 2179 4153 3765 4220; baseline -0.003 -14"><span class='ocrx_word' id='word_1_836' title='bbox 2179 4153 2312 4206; x_wconf 78' lang='lat' dir='ltr'><strong>sicut</strong></span> <span class='ocrx_word' id='word_1_837' title='bbox 2338 4169 2579 4205; x_wconf 79' lang='lat' dir='ltr'><strong>racemus</strong></span> <span class='ocrx_word' id='word_1_838' title='bbox 2606 4156 2659 4205; x_wconf 88' lang='lat' dir='ltr'><strong>in</strong></span> <span class='ocrx_word' id='word_1_839' title='bbox 2687 4154 2970 4215; x_wconf 79' lang='lat' dir='ltr'><strong>vindemia,</strong></span> <span class='ocrx_word' id='word_1_840' title='bbox 3008 4153 3272 4220; x_wconf 81' lang='lat' dir='ltr'><strong>quianon</strong></span> <span class='ocrx_word' id='word_1_841' title='bbox 3295 4161 3366 4203; x_wconf 85' lang='lat' dir='ltr'><strong>est</strong></span> <span class='ocrx_word' id='word_1_842' title='bbox 3408 4153 3577 4215; x_wconf 72' lang='lat' dir='ltr'><strong>spica,</strong></span> <span class='ocrx_word' id='word_1_843' title='bbox 3601 4165 3765 4220; x_wconf 79' lang='lat' dir='ltr'><strong>neque</strong></span> 
     </span>
    </p>
   </div>
   <div class='ocr_carea' id='block_1_111' title="bbox 2182 4219 3765 4290">
    <p class='ocr_par' dir='ltr' id='par_1_111' title="bbox 2182 4219 3765 4290">
     <span class='ocr_line' id='line_1_111' title="bbox 2182 4219 3765 4290; baseline -0.002 -16"><span class='ocrx_word' id='word_1_844' title='bbox 2182 4225 2358 4276; x_wconf 84' lang='lat' dir='ltr'><strong>botrus</strong></span> <span class='ocrx_word' id='word_1_845' title='bbox 2382 4225 2449 4275; x_wconf 80' lang='lat' dir='ltr'><strong>ad</strong></span> <span class='ocrx_word' id='word_1_846' title='bbox 2480 4223 2680 4276; x_wconf 83' lang='lat' dir='ltr'><strong>edenda</strong></span> <span class='ocrx_word' id='word_1_847' title='bbox 2702 4219 3087 4290; x_wconf 86' lang='lat' dir='ltr'><strong>primogenita!</strong></span> <span class='ocrx_word' id='word_1_848' title='bbox 3127 4219 3227 4273; x_wconf 81' lang='lat' dir='ltr'><strong>Hei</strong></span> <span class='ocrx_word' id='word_1_849' title='bbox 3252 4221 3377 4272; x_wconf 84' lang='lat' dir='ltr'><strong>mihi</strong></span> <span class='ocrx_word' id='word_1_850' title='bbox 3403 4225 3581 4273; x_wconf 81' lang='lat' dir='ltr'><strong>anima</strong></span> <span class='ocrx_word' id='word_1_851' title='bbox 3614 4219 3765 4273; x_wconf 76' lang='lat' dir='ltr'><strong>mea!</strong></span> 
     </span>
    </p>
   </div>
   <div class='ocr_carea' id='block_1_112' title="bbox 2179 4290 3765 4362">
    <p class='ocr_par' dir='ltr' id='par_1_112' title="bbox 2179 4290 3765 4362">
     <span class='ocr_line' id='line_1_112' title="bbox 2179 4290 3765 4362; baseline 0.001 -21"><span class='ocrx_word' id='word_1_852' title='bbox 2179 4296 2432 4362; x_wconf 81' lang='lat' dir='ltr'><strong>quoniam</strong></span> <span class='ocrx_word' id='word_1_853' title='bbox 2467 4294 2620 4360; x_wconf 87' lang='lat' dir='ltr'><strong>periit</strong></span> <span class='ocrx_word' id='word_1_854' title='bbox 2659 4303 2916 4362; x_wconf 78' lang='lat' dir='ltr'><strong>revertens</strong></span> <span class='ocrx_word' id='word_1_855' title='bbox 2949 4308 2980 4342; x_wconf 75' lang='grc' dir='ltr'><strong>ιι</strong></span> <span class='ocrx_word' id='word_1_856' title='bbox 3016 4303 3178 4352; x_wconf 86' lang='lat' dir='ltr'><strong>terra,</strong></span> <span class='ocrx_word' id='word_1_857' title='bbox 3223 4303 3270 4362; x_wconf 83' lang='lat' dir='ltr'><strong>et</strong></span> <span class='ocrx_word' id='word_1_858' title='bbox 3299 4292 3388 4360; x_wconf 89' lang='lat' dir='ltr'><strong>qui</strong></span> <span class='ocrx_word' id='word_1_859' title='bbox 3431 4293 3665 4357; x_wconf 85' lang='lat' dir='ltr'><strong>corrigat</strong></span> <span class='ocrx_word' id='word_1_860' title='bbox 3705 4290 3765 4342; x_wconf 77' lang='lat' dir='ltr'><strong>in</strong></span> 
     </span>
    </p>
   </div>
   <div class='ocr_carea' id='block_1_113' title="bbox 2182 4361 3766 4427">
    <p class='ocr_par' dir='ltr' id='par_1_113' title="bbox 2182 4361 3766 4427">
     <span class='ocr_line' id='line_1_113' title="bbox 2182 4361 3766 4427; baseline 0 -14"><span class='ocrx_word' id='word_1_861' title='bbox 2182 4363 2484 4416; x_wconf 77' lang='lat' dir='ltr'><strong>hominibus</strong></span> <span class='ocrx_word' id='word_1_862' title='bbox 2518 4377 2621 4414; x_wconf 84' lang='lat' dir='ltr'><strong>non</strong></span> <span class='ocrx_word' id='word_1_863' title='bbox 2668 4372 2765 4415; x_wconf 81' lang='lat' dir='ltr'><strong>est.</strong></span> <span class='ocrx_word' id='word_1_864' title='bbox 2803 4361 3020 4414; x_wconf 80' lang='lat' dir='ltr'><strong>Dmuini</strong></span> <span class='ocrx_word' id='word_1_865' title='bbox 3068 4372 3195 4414; x_wconf 82' lang='lat' dir='ltr'><strong>sunt</strong></span> <span class='ocrx_word' id='word_1_866' title='bbox 3238 4361 3355 4414; x_wconf 66' lang='lat' dir='ltr'><strong>ista:</strong></span> <span class='ocrx_word' id='word_1_867' title='bbox 3398 4375 3559 4414; x_wconf 86' lang='lat' dir='ltr'><strong>voces</strong></span> <span class='ocrx_word' id='word_1_868' title='bbox 3593 4375 3766 4427; x_wconf 67' lang='lat' dir='ltr'><strong>genus</strong></span> 
     </span>
    </p>
   </div>
   <div class='ocr_carea' id='block_1_114' title="bbox 2185 4430 3765 4500">
    <p class='ocr_par' dir='ltr' id='par_1_114' title="bbox 2185 4430 3765 4500">
     <span class='ocr_line' id='line_1_114' title="bbox 2185 4430 3765 4500; baseline -0.001 -16"><span class='ocrx_word' id='word_1_869' title='bbox 2185 4433 2481 4485; x_wconf 89' lang='lat' dir='ltr'><strong>humanum</strong></span> <span class='ocrx_word' id='word_1_870' title='bbox 2540 4433 2886 4500; x_wconf 85' lang='lat' dir='ltr'><strong>lugentis</strong></span> <span class='ocrx_word' id='word_1_871' title='bbox 2923 4430 3146 4484; x_wconf 85' lang='lat' dir='ltr'><strong>Certum</strong></span> <span class='ocrx_word' id='word_1_872' title='bbox 3195 4441 3280 4484; x_wconf 92' lang='lat' dir='ltr'><strong>est</strong></span> <span class='ocrx_word' id='word_1_873' title='bbox 3332 4431 3475 4498; x_wconf 92' lang='lat' dir='ltr'><strong>quod</strong></span> <span class='ocrx_word' id='word_1_874' title='bbox 3520 4433 3612 4483; x_wconf 88' lang='lat' dir='ltr'><strong>ubi</strong></span> <span class='ocrx_word' id='word_1_875' title='bbox 3667 4445 3765 4498; x_wconf 89' lang='lat' dir='ltr'><strong>pro</strong></span> 
     </span>
    </p>
   </div>
   <div class='ocr_carea' id='block_1_115' title="bbox 2111 4500 3760 4592">
    <p class='ocr_par' dir='ltr' id='par_1_115' title="bbox 2111 4500 3760 4592">
     <span class='ocr_line' id='line_1_115' title="bbox 2111 4500 3760 4592; baseline -0.002 -37"><span class='ocrx_word' id='word_1_876' title='bbox 2111 4537 2154 4592; x_wconf 77' lang='lat' dir='ltr'><strong>D</strong></span> <span class='ocrx_word' id='word_1_877' title='bbox 2186 4503 2342 4582; x_wconf 83' lang='lat' dir='ltr'><strong>bonis</strong></span> <span class='ocrx_word' id='word_1_878' title='bbox 2366 4501 2557 4592; x_wconf 73' lang='lat' dir='ltr'><strong>gaudia</strong></span> <span class='ocrx_word' id='word_1_879' title='bbox 2583 4512 2839 4568; x_wconf 79' lang='lat' dir='ltr'><strong>aguntur,</strong></span> <span class='ocrx_word' id='word_1_880' title='bbox 2863 4500 2935 4554; x_wconf 91' lang='lat' dir='ltr'><strong>ibi</strong></span> <span class='ocrx_word' id='word_1_881' title='bbox 2966 4515 3062 4569; x_wconf 90' lang='lat' dir='ltr'><strong>pro</strong></span> <span class='ocrx_word' id='word_1_882' title='bbox 3086 4502 3375 4554; x_wconf 78' lang='lat' dir='ltr'><strong>contrariis</strong></span> <span class='ocrx_word' id='word_1_883' title='bbox 3399 4500 3760 4592; x_wconf 57' lang='lat' dir='ltr'><strong>lamepteturf</strong></span> 
     </span>
    </p>
   </div>
   <div class='ocr_carea' id='block_1_116' title="bbox 2185 4571 3766 4641">
    <p class='ocr_par' dir='ltr' id='par_1_116' title="bbox 2185 4571 3766 4641">
     <span class='ocr_line' id='line_1_116' title="bbox 2185 4571 3766 4641; baseline -0.003 -17"><span class='ocrx_word' id='word_1_884' title='bbox 2185 4574 2228 4624; x_wconf 93' lang='lat' dir='ltr'><strong>si</strong></span> <span class='ocrx_word' id='word_1_885' title='bbox 2257 4587 2385 4640; x_wconf 86' lang='lat' dir='ltr'><strong>ergo</strong></span> <span class='ocrx_word' id='word_1_886' title='bbox 2411 4573 2647 4641; x_wconf 89' lang='lat' dir='ltr'><strong>gaudent</strong></span> <span class='ocrx_word' id='word_1_887' title='bbox 2675 4584 3080 4641; x_wconf 17' lang='lat' dir='ltr'><strong>proiconverso,</strong></span> <span class='ocrx_word' id='word_1_888' title='bbox 3116 4585 3340 4641; x_wconf 85' lang='lat' dir='ltr'><strong>necesse</strong></span> <span class='ocrx_word' id='word_1_889' title='bbox 3361 4580 3447 4624; x_wconf 92' lang='lat' dir='ltr'><strong>est</strong></span> <span class='ocrx_word' id='word_1_890' title='bbox 3469 4581 3526 4623; x_wconf 93' lang='lat' dir='ltr'><strong>ut</strong></span> <span class='ocrx_word' id='word_1_891' title='bbox 3547 4571 3766 4641; x_wconf 77' lang='lat' dir='ltr'><strong>lugeant</strong></span> 
     </span>
    </p>
   </div>
   <div class='ocr_carea' id='block_1_117' title="bbox 2183 4639 3766 4710">
    <p class='ocr_par' dir='ltr' id='par_1_117' title="bbox 2183 4639 3766 4710">
     <span class='ocr_line' id='line_1_117' title="bbox 2183 4639 3766 4710; baseline -0.002 -15"><span class='ocrx_word' id='word_1_892' title='bbox 2183 4657 2280 4709; x_wconf 91' lang='lat' dir='ltr'><strong>pro</strong></span> <span class='ocrx_word' id='word_1_893' title='bbox 2308 4639 2633 4710; x_wconf 58' lang='lat' dir='ltr'><strong>peccante”</strong></span> <span class='ocrx_word' id='word_1_894' title='bbox 2747 4640 2873 4695; x_wconf 66' lang='lat' dir='ltr'><strong>llaec</strong></span> <span class='ocrx_word' id='word_1_895' title='bbox 2901 4651 3077 4694; x_wconf 89' lang='lat' dir='ltr'><strong>autem</strong></span> <span class='ocrx_word' id='word_1_896' title='bbox 3118 4640 3302 4694; x_wconf 90' lang='lat' dir='ltr'><strong>omnia</strong></span> <span class='ocrx_word' id='word_1_897' title='bbox 3343 4641 3396 4694; x_wconf 92' lang='lat' dir='ltr'><strong>in</strong></span> <span class='ocrx_word' id='word_1_898' title='bbox 3440 4641 3641 4708; x_wconf 88' lang='lat' dir='ltr'><strong>quibus</strong></span> <span class='ocrx_word' id='word_1_899' title='bbox 3678 4639 3766 4693; x_wconf 91' lang='lat' dir='ltr'><strong>vel</strong></span> 
     </span>
    </p>
   </div>
   <div class='ocr_carea' id='block_1_118' title="bbox 2182 4710 3764 4782">
    <p class='ocr_par' dir='ltr' id='par_1_118' title="bbox 2182 4710 3764 4782">
     <span class='ocr_line' id='line_1_118' title="bbox 2182 4710 3764 4782; baseline -0.001 -18"><span class='ocrx_word' id='word_1_900' title='bbox 2182 4713 2367 4780; x_wconf 88' lang='lat' dir='ltr'><strong>lugere</strong></span> <span class='ocrx_word' id='word_1_901' title='bbox 2387 4751 2403 4774; x_wconf 86' lang='lat'><strong>,</strong></span> <span class='ocrx_word' id='word_1_902' title='bbox 2435 4711 2519 4765; x_wconf 87' lang='lat' dir='ltr'><strong>vel</strong></span> <span class='ocrx_word' id='word_1_903' title='bbox 2553 4711 2788 4782; x_wconf 89' lang='lat' dir='ltr'><strong>gaudere</strong></span> <span class='ocrx_word' id='word_1_904' title='bbox 2810 4750 2826 4774; x_wconf 94' lang='lat'><strong>,</strong></span> <span class='ocrx_word' id='word_1_905' title='bbox 2858 4711 2940 4764; x_wconf 88' lang='lat' dir='ltr'><strong>vel</strong></span> <span class='ocrx_word' id='word_1_906' title='bbox 2979 4713 3198 4776; x_wconf 83' lang='lat' dir='ltr'><strong>odisse,</strong></span> <span class='ocrx_word' id='word_1_907' title='bbox 3238 4710 3329 4782; x_wconf 85' lang='lat' dir='ltr'><strong>vel</strong></span> <span class='ocrx_word' id='word_1_908' title='bbox 3351 4710 3524 4782; x_wconf 62' lang='lat' dir='ltr'><strong>testari</strong></span> <span class='ocrx_word' id='word_1_909' title='bbox 3563 4710 3764 4764; x_wconf 89' lang='lat' dir='ltr'><strong>dicitur</strong></span> 
     </span>
    </p>
   </div>
   <div class='ocr_carea' id='block_1_119' title="bbox 2182 4781 3762 4850">
    <p class='ocr_par' dir='ltr' id='par_1_119' title="bbox 2182 4781 3762 4850">
     <span class='ocr_line' id='line_1_119' title="bbox 2182 4781 3762 4850; baseline -0.001 -16"><span class='ocrx_word' id='word_1_910' title='bbox 2182 4783 2345 4843; x_wconf 87' lang='lat' dir='ltr'><strong>Deus,</strong></span> <span class='ocrx_word' id='word_1_911' title='bbox 2383 4782 2594 4850; x_wconf 89' lang='lat' dir='ltr'><strong>tropico</strong></span> <span class='ocrx_word' id='word_1_912' title='bbox 2648 4791 2703 4834; x_wconf 91' lang='lat' dir='ltr'><strong>et</strong></span> <span class='ocrx_word' id='word_1_913' title='bbox 2751 4781 2988 4833; x_wconf 88' lang='lat' dir='ltr'><strong>humano</strong></span> <span class='ocrx_word' id='word_1_914' title='bbox 3023 4793 3174 4834; x_wconf 90' lang='lat' dir='ltr'><strong>more</strong></span> <span class='ocrx_word' id='word_1_915' title='bbox 3221 4781 3531 4849; x_wconf 86' lang='lat' dir='ltr'><strong>accipienda</strong></span> <span class='ocrx_word' id='word_1_916' title='bbox 3573 4789 3700 4832; x_wconf 89' lang='lat' dir='ltr'><strong>sunt</strong></span> <span class='ocrx_word' id='word_1_917' title='bbox 3733 4794 3762 4850; x_wconf 85' lang='lat' dir='ltr'><strong>a</strong></span> 
     </span>
    </p>
   </div>
   <div class='ocr_carea' id='block_1_120' title="bbox 2181 4849 3764 4920">
    <p class='ocr_par' dir='ltr' id='par_1_120' title="bbox 2181 4849 3764 4920">
     <span class='ocr_line' id='line_1_120' title="bbox 2181 4849 3764 4920; baseline -0.001 -16"><span class='ocrx_word' id='word_1_918' title='bbox 2181 4849 2629 4920; x_wconf 18' lang='lat' dir='ltr'><strong>Seripturaidici.</strong></span> <span class='ocrx_word' id='word_1_919' title='bbox 2674 4850 2862 4905; x_wconf 80' lang='lat' dir='ltr'><strong>Aliena</strong></span> <span class='ocrx_word' id='word_1_920' title='bbox 2918 4865 3083 4918; x_wconf 88' lang='lat' dir='ltr'><strong>porro</strong></span> <span class='ocrx_word' id='word_1_921' title='bbox 3125 4857 3207 4904; x_wconf 88' lang='lat' dir='ltr'><strong>est</strong></span> <span class='ocrx_word' id='word_1_922' title='bbox 3229 4849 3408 4920; x_wconf 82' lang='lat' dir='ltr'><strong>divina</strong></span> <span class='ocrx_word' id='word_1_923' title='bbox 3451 4857 3647 4920; x_wconf 88' lang='lat' dir='ltr'><strong>natura</strong></span> <span class='ocrx_word' id='word_1_924' title='bbox 3675 4849 3764 4920; x_wconf 58' lang='lat' dir='ltr'><strong>ab</strong></span> 
     </span>
    </p>
   </div>
   <div class='ocr_carea' id='block_1_121' title="bbox 2183 4918 3765 4989">
    <p class='ocr_par' dir='ltr' id='par_1_121' title="bbox 2183 4918 3765 4989">
     <span class='ocr_line' id='line_1_121' title="bbox 2183 4918 3765 4989; baseline -0.001 -15"><span class='ocrx_word' id='word_1_925' title='bbox 2183 4918 2330 4974; x_wconf 79' lang='lat' dir='ltr'><strong>omni</strong></span> <span class='ocrx_word' id='word_1_926' title='bbox 2393 4923 2659 4989; x_wconf 86' lang='lat' dir='ltr'><strong>passionis</strong></span> <span class='ocrx_word' id='word_1_927' title='bbox 2712 4931 2768 4974; x_wconf 89' lang='lat' dir='ltr'><strong>et</strong></span> <span class='ocrx_word' id='word_1_928' title='bbox 2823 4920 3242 4989; x_wconf 86' lang='lat' dir='ltr'><strong>permutationis</strong></span> <span class='ocrx_word' id='word_1_929' title='bbox 3291 4918 3529 4981; x_wconf 72' lang='lat' dir='ltr'><strong>affectu,</strong></span> <span class='ocrx_word' id='word_1_930' title='bbox 3567 4919 3620 4971; x_wconf 93' lang='lat' dir='ltr'><strong>in</strong></span> <span class='ocrx_word' id='word_1_931' title='bbox 3673 4918 3765 4972; x_wconf 88' lang='lat' dir='ltr'><strong>illo</strong></span> 
     </span>
    </p>
   </div>
   <div class='ocr_carea' id='block_1_122' title="bbox 2182 4989 3763 5061">
    <p class='ocr_par' dir='ltr' id='par_1_122' title="bbox 2182 4989 3763 5061">
     <span class='ocr_line' id='line_1_122' title="bbox 2182 4989 3763 5061; baseline -0.002 -17"><span class='ocrx_word' id='word_1_932' title='bbox 2182 5005 2397 5061; x_wconf 88' lang='lat' dir='ltr'><strong>semper</strong></span> <span class='ocrx_word' id='word_1_933' title='bbox 2428 4990 2780 5046; x_wconf 84' lang='lat' dir='ltr'><strong>beatitudinis</strong></span> <span class='ocrx_word' id='word_1_934' title='bbox 2823 4990 2978 5061; x_wconf 78' lang='lat' dir='ltr'><strong>apice</strong></span> <span class='ocrx_word' id='word_1_935' title='bbox 3022 4989 3314 5061; x_wconf 75' lang='lat' dir='ltr'><strong>immobilis</strong></span> <span class='ocrx_word' id='word_1_936' title='bbox 3351 5000 3405 5042; x_wconf 87' lang='lat' dir='ltr'><strong>et</strong></span> <span class='ocrx_word' id='word_1_937' title='bbox 3443 4989 3763 5042; x_wconf 85' lang='lat' dir='ltr'><strong>inconcussa</strong></span> 
     </span>
    </p>
   </div>
   <div class='ocr_carea' id='block_1_123' title="bbox 2184 5058 3764 5130">
    <p class='ocr_par' dir='ltr' id='par_1_123' title="bbox 2184 5058 3764 5130">
     <span class='ocr_line' id='line_1_123' title="bbox 2184 5058 3764 5130; baseline -0.003 -17"><span class='ocrx_word' id='word_1_938' title='bbox 2184 5058 2502 5130; x_wconf 83' lang='lat' dir='ltr'><strong>perdurans.</strong></span> <span class='ocrx_word' id='word_1_939' title='bbox 2533 5079 2551 5111; x_wconf 77' lang='grc' dir='ltr'><strong>ι</strong></span> <span class='ocrx_word' id='word_1_940' title='bbox 2587 5061 2642 5113; x_wconf 89' lang='lat' dir='ltr'><strong>Id</strong></span> <span class='ocrx_word' id='word_1_941' title='bbox 2670 5061 2769 5114; x_wconf 88' lang='lat' dir='ltr'><strong>sibi</strong></span> <span class='ocrx_word' id='word_1_942' title='bbox 2805 5063 2918 5112; x_wconf 86' lang='lat' dir='ltr'><strong>vult</strong></span> <span class='ocrx_word' id='word_1_943' title='bbox 2946 5058 3215 5130; x_wconf 84' lang='lat' dir='ltr'><strong>Origenes</strong></span> <span class='ocrx_word' id='word_1_944' title='bbox 3252 5058 3533 5113; x_wconf 84' lang='lat' dir='ltr'><strong>Christum</strong></span> <span class='ocrx_word' id='word_1_945' title='bbox 3567 5061 3764 5110; x_wconf 87' lang='lat' dir='ltr'><strong>etiam-</strong></span> 
     </span>
    </p>
   </div>
   <div class='ocr_carea' id='block_1_124' title="bbox 2186 5130 3764 5199">
    <p class='ocr_par' dir='ltr' id='par_1_124' title="bbox 2186 5130 3764 5199">
     <span class='ocr_line' id='line_1_124' title="bbox 2186 5130 3764 5199; baseline -0.001 -17"><span class='ocrx_word' id='word_1_946' title='bbox 2186 5147 2315 5199; x_wconf 90' lang='lat' dir='ltr'><strong>num</strong></span> <span class='ocrx_word' id='word_1_947' title='bbox 2359 5131 2544 5199; x_wconf 87' lang='lat' dir='ltr'><strong>lugere</strong></span> <span class='ocrx_word' id='word_1_948' title='bbox 2577 5141 2799 5198; x_wconf 85' lang='lat' dir='ltr'><strong>peccata</strong></span> <span class='ocrx_word' id='word_1_949' title='bbox 2853 5143 3068 5193; x_wconf 79' lang='lat' dir='ltr'><strong>nosua,</strong></span> <span class='ocrx_word' id='word_1_950' title='bbox 3117 5131 3573 5199; x_wconf 84' lang='lat' dir='ltr'><strong>quemadmodum</strong></span> <span class='ocrx_word' id='word_1_951' title='bbox 3620 5130 3764 5199; x_wconf 85' lang='lat' dir='ltr'><strong>luget</strong></span> 
     </span>
    </p>
   </div>
   <div class='ocr_carea' id='block_1_125' title="bbox 2184 5198 3761 5269">
    <p class='ocr_par' dir='ltr' id='par_1_125' title="bbox 2184 5198 3761 5269">
     <span class='ocr_line' id='line_1_125' title="bbox 2184 5198 3761 5269; baseline -0.002 -16"><span class='ocrx_word' id='word_1_952' title='bbox 2184 5198 2367 5266; x_wconf 84' lang='lat' dir='ltr'><strong>Pater,</strong></span> <span class='ocrx_word' id='word_1_953' title='bbox 2397 5198 2542 5269; x_wconf 84' lang='lat' dir='ltr'><strong>luget</strong></span> <span class='ocrx_word' id='word_1_954' title='bbox 2572 5210 2628 5254; x_wconf 91' lang='lat' dir='ltr'><strong>et</strong></span> <span class='ocrx_word' id='word_1_955' title='bbox 2652 5201 2891 5268; x_wconf 84' lang='lat' dir='ltr'><strong>Spiritus</strong></span> <span class='ocrx_word' id='word_1_956' title='bbox 2925 5198 3149 5254; x_wconf 86' lang='lat' dir='ltr'><strong>sanctus</strong></span> <span class='ocrx_word' id='word_1_957' title='bbox 3187 5211 3204 5250; x_wconf 89' lang='lat'><strong>:</strong></span> <span class='ocrx_word' id='word_1_958' title='bbox 3243 5213 3411 5266; x_wconf 87' lang='lat' dir='ltr'><strong>porro</strong></span> <span class='ocrx_word' id='word_1_959' title='bbox 3445 5198 3629 5265; x_wconf 87' lang='lat' dir='ltr'><strong>lugere</strong></span> <span class='ocrx_word' id='word_1_960' title='bbox 3656 5198 3761 5250; x_wconf 74' lang='lat' dir='ltr'><strong>Pa-</strong></span> 
     </span>
    </p>
   </div>
   <div class='ocr_carea' id='block_1_126' title="bbox 2188 5269 3759 5338">
    <p class='ocr_par' dir='ltr' id='par_1_126' title="bbox 2188 5269 3759 5338">
     <span class='ocr_line' id='line_1_126' title="bbox 2188 5269 3759 5338; baseline -0.003 -15"><span class='ocrx_word' id='word_1_961' title='bbox 2188 5283 2323 5324; x_wconf 90' lang='lat' dir='ltr'><strong>trem</strong></span> <span class='ocrx_word' id='word_1_962' title='bbox 2354 5280 2408 5323; x_wconf 87' lang='lat' dir='ltr'><strong>et</strong></span> <span class='ocrx_word' id='word_1_963' title='bbox 2438 5270 2702 5338; x_wconf 73' lang='lat' dir='ltr'><strong>Spiritum</strong></span> <span class='ocrx_word' id='word_1_964' title='bbox 2731 5278 2979 5324; x_wconf 83' lang='lat' dir='ltr'><strong>sanctum</strong></span> <span class='ocrx_word' id='word_1_965' title='bbox 3002 5273 3209 5336; x_wconf 87' lang='lat' dir='ltr'><strong>tropico</strong></span> <span class='ocrx_word' id='word_1_966' title='bbox 3233 5269 3574 5322; x_wconf 88' lang='lat' dir='ltr'><strong>solummodo</strong></span> <span class='ocrx_word' id='word_1_967' title='bbox 3607 5281 3759 5338; x_wconf 79' lang='lat' dir='ltr'><strong>niore</strong></span> 
     </span>
    </p>
   </div>
   <div class='ocr_carea' id='block_1_127' title="bbox 2187 5337 3763 5409">
    <p class='ocr_par' dir='ltr' id='par_1_127' title="bbox 2187 5337 3763 5409">
     <span class='ocr_line' id='line_1_127' title="bbox 2187 5337 3763 5409; baseline -0.003 -16"><span class='ocrx_word' id='word_1_968' title='bbox 2187 5341 2275 5393; x_wconf 92' lang='lat' dir='ltr'><strong>hic</strong></span> <span class='ocrx_word' id='word_1_969' title='bbox 2319 5343 2602 5407; x_wconf 89' lang='lat' dir='ltr'><strong>profitetur</strong></span> <span class='ocrx_word' id='word_1_970' title='bbox 2651 5355 2666 5392; x_wconf 89' lang='lat'><strong>:</strong></span> <span class='ocrx_word' id='word_1_971' title='bbox 2714 5356 2819 5392; x_wconf 91' lang='lat' dir='ltr'><strong>non</strong></span> <span class='ocrx_word' id='word_1_972' title='bbox 2871 5355 3001 5409; x_wconf 85' lang='lat' dir='ltr'><strong>ergo</strong></span> <span class='ocrx_word' id='word_1_973' title='bbox 3042 5340 3318 5393; x_wconf 86' lang='lat' dir='ltr'><strong>Christum</strong></span> <span class='ocrx_word' id='word_1_974' title='bbox 3374 5337 3763 5409; x_wconf 7' lang='lat' dir='ltr'><strong>progpeccatis</strong></span> 
     </span>
    </p>
   </div>
   <div class='ocr_carea' id='block_1_128' title="bbox 2184 5407 3762 5477">
    <p class='ocr_par' dir='ltr' id='par_1_128' title="bbox 2184 5407 3762 5477">
     <span class='ocr_line' id='line_1_128' title="bbox 2184 5407 3762 5477; baseline -0.002 -15"><span class='ocrx_word' id='word_1_975' title='bbox 2184 5425 2313 5462; x_wconf 88' lang='lat' dir='ltr'><strong>vero</strong></span> <span class='ocrx_word' id='word_1_976' title='bbox 2343 5409 2548 5465; x_wconf 78' lang='lat' dir='ltr'><strong>doloris</strong></span> <span class='ocrx_word' id='word_1_977' title='bbox 2572 5424 2733 5463; x_wconf 89' lang='lat' dir='ltr'><strong>sensu</strong></span> <span class='ocrx_word' id='word_1_978' title='bbox 2761 5407 3062 5463; x_wconf 85' lang='lat' dir='ltr'><strong>etiamnum</strong></span> <span class='ocrx_word' id='word_1_979' title='bbox 3094 5409 3328 5477; x_wconf 89' lang='lat' dir='ltr'><strong>torqueri</strong></span> <span class='ocrx_word' id='word_1_980' title='bbox 3356 5448 3372 5472; x_wconf 94' lang='lat'><strong>,</strong></span> <span class='ocrx_word' id='word_1_981' title='bbox 3411 5407 3507 5462; x_wconf 89' lang='lat' dir='ltr'><strong>sed</strong></span> <span class='ocrx_word' id='word_1_982' title='bbox 3547 5409 3762 5477; x_wconf 75' lang='lat' dir='ltr'><strong>trepico</strong></span> 
     </span>
    </p>
   </div>
   <div class='ocr_carea' id='block_1_129' title="bbox 2186 5476 3763 5548">
    <p class='ocr_par' dir='ltr' id='par_1_129' title="bbox 2186 5476 3763 5548">
     <span class='ocr_line' id='line_1_129' title="bbox 2186 5476 3763 5548; baseline -0.003 -16"><span class='ocrx_word' id='word_1_983' title='bbox 2186 5494 2337 5533; x_wconf 88' lang='lat' dir='ltr'><strong>more</strong></span> <span class='ocrx_word' id='word_1_984' title='bbox 2397 5481 2579 5548; x_wconf 84' lang='lat' dir='ltr'><strong>lugere</strong></span> <span class='ocrx_word' id='word_1_985' title='bbox 2632 5480 2797 5533; x_wconf 90' lang='lat' dir='ltr'><strong>voluit</strong></span> <span class='ocrx_word' id='word_1_986' title='bbox 2854 5480 3046 5534; x_wconf 89' lang='lat' dir='ltr'><strong>eodem</strong></span> <span class='ocrx_word' id='word_1_987' title='bbox 3081 5476 3244 5532; x_wconf 84' lang='lat' dir='ltr'><strong>modo</strong></span> <span class='ocrx_word' id='word_1_988' title='bbox 3315 5494 3424 5546; x_wconf 93' lang='lat' dir='ltr'><strong>quo</strong></span> <span class='ocrx_word' id='word_1_989' title='bbox 3453 5476 3763 5548; x_wconf 10' lang='lat' dir='ltr'><strong>aitiPaulus</strong></span> 
     </span>
    </p>
   </div>
   <div class='ocr_carea' id='block_1_130' title="bbox 2192 5547 3763 5620">
    <p class='ocr_par' dir='ltr' id='par_1_130' title="bbox 2192 5547 3763 5620">
     <span class='ocr_line' id='line_1_130' title="bbox 2192 5547 3763 5620; baseline -0.002 -20"><span class='ocrx_word' id='word_1_990' title='bbox 2192 5568 2209 5600; x_wconf 88' lang='grc' dir='ltr'><strong>ι</strong></span> <span class='ocrx_word' id='word_1_991' title='bbox 2245 5547 2507 5618; x_wconf 82' lang='lat' dir='ltr'><strong>Spiritum</strong></span> <span class='ocrx_word' id='word_1_992' title='bbox 2537 5550 2813 5620; x_wconf 84' lang='lat' dir='ltr'><strong>postulare</strong></span> <span class='ocrx_word' id='word_1_993' title='bbox 2857 5563 2955 5619; x_wconf 91' lang='lat' dir='ltr'><strong>pro</strong></span> <span class='ocrx_word' id='word_1_994' title='bbox 3012 5550 3164 5603; x_wconf 87' lang='lat' dir='ltr'><strong>nobis</strong></span> <span class='ocrx_word' id='word_1_995' title='bbox 3209 5547 3763 5620; x_wconf 79' lang='lat' dir='ltr'><strong>gemitibusineuar—</strong></span> 
     </span>
    </p>
   </div>
   <div class='ocr_carea' id='block_1_131' title="bbox 2188 5618 3752 5688">
    <p class='ocr_par' dir='ltr' id='par_1_131' title="bbox 2188 5618 3752 5688">
     <span class='ocr_line' id='line_1_131' title="bbox 2188 5618 3752 5688; baseline -0.001 -16"><span class='ocrx_word' id='word_1_996' title='bbox 2188 5621 2481 5684; x_wconf 86' lang='lat' dir='ltr'><strong>rabdibus;</strong></span> <span class='ocrx_word' id='word_1_997' title='bbox 2530 5618 2549 5672; x_wconf 66' lang='grc' dir='ltr'><em>ὁ</em></span> <span class='ocrx_word' id='word_1_998' title='bbox 2591 5635 2654 5673; x_wconf 89' lang='lat' dir='ltr'><strong>ac</strong></span> <span class='ocrx_word' id='word_1_999' title='bbox 2695 5618 2917 5688; x_wconf 85' lang='lat' dir='ltr'><strong>proinde</strong></span> <span class='ocrx_word' id='word_1_1000' title='bbox 2965 5620 3164 5672; x_wconf 83' lang='lat' dir='ltr'><strong>frustra</strong></span> <span class='ocrx_word' id='word_1_1001' title='bbox 3204 5635 3236 5672; x_wconf 73' lang='grc' dir='ltr'><strong>ιι</strong></span> <span class='ocrx_word' id='word_1_1002' title='bbox 3281 5618 3556 5674; x_wconf 79' lang='lat' dir='ltr'><strong>Bernardo</strong></span> <span class='ocrx_word' id='word_1_1003' title='bbox 3599 5629 3752 5671; x_wconf 68' lang='lat' dir='ltr'><strong>accuo</strong></span> 
     </span>
    </p>
   </div>
   <div class='ocr_carea' id='block_1_132' title="bbox 2187 5688 3156 5744">
    <p class='ocr_par' dir='ltr' id='par_1_132' title="bbox 2187 5688 3156 5744">
     <span class='ocr_line' id='line_1_132' title="bbox 2187 5688 3156 5744; baseline -0.001 0"><span class='ocrx_word' id='word_1_1004' title='bbox 2187 5702 2360 5744; x_wconf 86' lang='lat' dir='ltr'><strong>satum</strong></span> <span class='ocrx_word' id='word_1_1005' title='bbox 2397 5705 2518 5743; x_wconf 90' lang='lat' dir='ltr'><strong>eum</strong></span> <span class='ocrx_word' id='word_1_1006' title='bbox 2545 5688 2710 5744; x_wconf 87' lang='lat' dir='ltr'><strong>fuisse</strong></span> <span class='ocrx_word' id='word_1_1007' title='bbox 2749 5690 3022 5743; x_wconf 86' lang='lat' dir='ltr'><strong>fatendum</strong></span> <span class='ocrx_word' id='word_1_1008' title='bbox 3053 5703 3156 5743; x_wconf 75' lang='lat' dir='ltr'><strong>esx.</strong></span> 
     </span>
    </p>
   </div>
   <div class='ocr_carea' id='block_1_133' title="bbox 2259 5758 3284 5830">
    <p class='ocr_par' dir='ltr' id='par_1_133' title="bbox 2259 5758 3284 5830">
     <span class='ocr_line' id='line_1_133' title="bbox 2259 5758 3284 5830; baseline -0.002 -17"><span class='ocrx_word' id='word_1_1009' title='bbox 2259 5762 2371 5830; x_wconf 74' lang='lat'><strong>(26)</strong></span> <span class='ocrx_word' id='word_1_1010' title='bbox 2406 5759 2545 5815; x_wconf 78' lang='lat' dir='ltr'><strong>Sixt.</strong></span> <span class='ocrx_word' id='word_1_1011' title='bbox 2579 5763 2707 5816; x_wconf 83' lang='lat' dir='ltr'><strong>Sen.</strong></span> <span class='ocrx_word' id='word_1_1012' title='bbox 2738 5761 2832 5817; x_wconf 93' lang='lat' dir='ltr'><strong>lib.</strong></span> <span class='ocrx_word' id='word_1_1013' title='bbox 2869 5775 2896 5812; x_wconf 87' lang='lat' dir='ltr'><strong>v</strong></span> <span class='ocrx_word' id='word_1_1014' title='bbox 2926 5758 3284 5814; x_wconf 64' lang='lat' dir='ltr'><strong>Bibliothecw.</strong></span> 
     </span>
    </p>
   </div>
  </div>
