4160 6470
465 446 572 501 85’?

1286 441 1861 498 ORIGENIANORUM
1902 442 2027 498 LIB.
2066 442 2131 507 11,
2173 442 2326 499 CAP.
2372 443 2435 509 ll,
2479 444 2757 511 QU/EST.
2793 445 2885 499 1⁷1.

3631 455 3735 511 838

466 569 607 637 apud
637 567 1045 631 Patrem,sicu't
1072 565 1308 620 Joannes
1361 575 1659 637 symmysta
1706 565 1876 634 ipsius
1924 580 2047 632 pro-
2079 570 2125 627 Α
2155 566 2443 619 manifesta
2495 566 2813 619 alterutrins
2864 567 3138 622 hmreseos
3187 568 3412 639 vestigia
3465 586 3733 641 nusquam

468 661 682 714 nuntiat
713 661 899 714 dicens
946 676 959 711 :
1008 659 1144 725 Quia
1183 658 1279 711 etsi
1317 658 1433 726 quis
1475 658 1792 723 peccaverit,
1827 658 2043 710 aduoca-

466 762 576 806 tum
605 752 854 806 habemus
883 753 1024 821 apud
1059 750 1274 805 Patrem
1311 749 1495 803 Jesum
1519 748 1790 803 Christum
1810 750 2041 818 justum,

457 854 513 898 et
574 847 681 910 ipse
737 854 813 898 est
862 844 1223 911 repropitintio
1273 858 1367 910 pro
1396 842 1622 909 peccatis
1668 847 1861 896 nostris
1899 842 1965 895 ⁸⁸.
2021 860 2039 893 ι

463 936 597 1002 Quae
625 952 728 989 non
752 937 911 990 aliter
937 951 1066 989 sane
1093 950 1253 1004 quam
1285 935 1350 987 de
1383 934 1604 988 Christo
1629 946 1854 1004 possunt
1882 934 2044 988 intel-

467 1030 581 1096 ligi.
612 1027 811 1083 Merito
839 1043 968 1098 ergo
996 1030 1085 1083 hic
1114 1038 1428 1083 accusatum
1468 1044 1497 1083 a
1539 1029 1815 1084 Bernardo
1855 1029 2045 1097 Orige-

465 1135 586 1173 nem
622 1120 848 1173 candide
880 1118 1018 1173 fatea
1031 1134 1170 1176 mur.

539 1210 706 1265 XXX.
734 1213 1032 1267 Videndum
1065 1228 1207 1266 nunc
1234 1221 1317 1268 est
1339 1228 1406 1267 an
1440 1213 1642 1267 Christi
1672 1228 1895 1283 regnum
1920 1220 2045 1282 post

458 1304 927 1358 resurreCtionem
957 1304 1257 1359 desiturum
1286 1305 1541 1358 senserit.
1586 1304 1640 1358 Id
1673 1306 1888 1374 quidem
1934 1306 2046 1359 cri-

462 1396 596 1451 mini
661 1396 754 1449 dat
814 1394 927 1463 ‘ipsi
1004 1393 1337 1465 TheOphilus
1418 1394 1819 1448 Alexandrinus
1890 1397 2041 1463 epist.

465 1486 663 1541 Pasch.
713 1486 771 1551 2,
828 1488 922 1541 dat
966 1496 1030 1540 et
1082 1487 1419 1557 Epiphanius
1482 1487 1534 1539 in
1591 1486 2044 1555 Anacephalwosi.

461 1579 797 1649 Augustinus
840 1582 894 1632 in
947 1578 1089 1633 libro
1128 1590 1315 1633 contra
1358 1578 1802 1633 Priscilh‘anistas
1839 1588 1884 1631 et
1921 1577 2046 1632 Ori-

462 1676 693 1744 genistas
720 1673 949 1742 idipsum
972 1713 986 1736 ,
1020 1682 1080 1726 ut
1122 1673 1191 1726 ab
1221 1671 1550 1741 Origenistis
1599 1680 1895 1733 assertum,
1945 1671 2046 1723 im-

457 1778 665 1840 pugnat
697 1784 815 1838 cap.
857 1768 908 1822 7.
947 1769 1103 1835 Quod
1132 1784 1255 1823 cum
1300 1769 1352 1821 in
1381 1767 1800 1821 Commonitorio
1842 1766 2043 1830 Orosii,

462 1862 549 1916 cui
593 1864 693 1916 hoc
734 1861 914 1915 libello
970 1860 1259 1931 respondet
1310 1860 1676 1928 Augustinus,
1716 1858 1856 1913 inter
1890 1858 2046 1912 ‘alias

2156 660 2349 726 reperi.
2390 657 2575 728 Itaque
2602 659 2684 713 vel
2717 675 2782 712 ex
2816 660 2987 729 ipsius
3018 660 3180 715 dictis
3215 661 3321 715 tale
3362 663 3567 732 aliquid
3599 682 3736 720 con-

2153 751 2302 818 sequi
2335 751 2689 804 crediderunt
2719 751 2834 816 eius
2866 752 3189 811 adversarii.
3233 752 3318 805 vel
3357 753 3408 806 in
3447 756 3511 807 iis
3549 768 3739 810 exsta-

2154 843 2246 897 bat
2270 843 2525 911 operibus
2552 858 2672 911 qua:
2720 853 2990 897 vetustate
3023 844 3226 896 abolita
3263 854 3408 897 sunt.
3462 845 3737 911 Qut-mad-

2155 934 2368 986 modum
2411 944 2594 988 autem
2634 934 2813 989 nullus
2846 935 3081 1003 suppetit
3114 935 3363 1005 Origenis
3386 935 3562 1001 locus,
3592 938 3735 994 unde

2152 1027 2489 1081 accusationi
2553 1027 2681 1081 huic
2725 1027 2855 1081 ﬁdes
2908 1028 3022 1081 ﬁeri
3080 1030 3285 1095 possit;
3320 1029 3393 1082 ita
3452 1032 3539 1085 vix
3592 1032 3734 1087 ullus

2151 1126 2363 1180 exstat,
2394 1119 2537 1172 unde
2573 1118 2730 1172 facile
2767 1118 2898 1172 dilui
2942 1119 3031 1172 illa
3074 1121 3263 1189 possit.
3298 1121 3568 1176 Nonnulla
3614 1124 3737 1192 qui-

2153 1208 2272 1261 dem
2305 1210 2482 1279 coegit
2528 1208 2843 1274 llalloxins,
2887 1210 2978 1264 sed
3036 1210 3248 1264 intirma
3294 1222 3347 1265 et
3376 1213 3547 1278 levia,
3583 1222 3638 1267 ct
3665 1216 3734 1269 ad

2153 1314 2265 1353 rem
2292 1314 2483 1367 parum
2515 1301 2783 1369 apposita,
2816 1301 2991 1369 qualis
3023 1311 3107 1355 est
3132 1304 3392 1357 solemnis
3422 1303 3509 1357 illa
3555 1304 3732 1358 homi-

2152 1390 2346 1444 liarum
2370 1391 2620 1461 Origenis
2646 1391 2893 1445 clausula
2929 1406 2945 1444 :
2985 1411 3004 1443 ι
3049 1393 3279 1447 Domino
3314 1394 3441 1448 Jesn
3488 1394 3733 1463 Christo,

2152 1483 2237 1535 cui
2265 1493 2348 1537 est
2374 1483 2542 1553 gloria
2565 1494 2621 1537 et
2651 1484 2939 1552 imperium
2987 1486 3038 1539 in
3087 1487 3281 1540 saecula
3321 1488 3667 1541 saeculorum.
3709 1507 3729 1540 ι

2154 1573 2462 1643 Scripserat
2492 1577 2635 1629 enim
2666 1575 2855 1630 Graece
2895 1574 3157 1645 Origenes
3195 1596 3207 1630 :
3244 1580 3338 1641 Εἰς
3370 1579 3495 1643 τοὺς
3530 1578 3736 1643 αἰῶνας

2151 1663 2261 1717 τῶν
2287 1662 2527 1718 αἰώνων·
2556 1674 2611 1718 at
2638 1666 2859 1721 vocibus
2901 1667 3007 1719 illis
3038 1684 3142 1721 non
3173 1684 3332 1721 unam
3373 1684 3493 1723 esse
3526 1670 3702 1740 signiti
3725 1702 3738 1710 -

2152 1755 2421 1809 cationem
2444 1795 2457 1814 ,
2491 1770 2586 1809 nec
2619 1771 2835 1825 semper
2872 1758 3235 1810 a=tcrnitatem
3288 1759 3395 1813 line
3453 1770 3730 1815 carentem

2153 1851 2330 1905 notari
2362 1851 2501 1906 infra
2536 1852 2911 1920 probabimus.

463 1954 725 2008 adversus
742 1953 1080 2022 Origenistas
1097 1952 1513 2007 criminationes
1536 1952 1695 2006 hodie
1723 1960 2045 2014 nonexstet,
2081 1947 2123 2001 B
2224 1945 2304 1999 Ac
2339 1943 2669 2013 Theophilus
2705 1946 2925 2013 quidem
2963 1945 3179 2001 nescire
3224 1961 3283 2000 se
3313 1946 3446 2001 dicit
3478 1947 3623 2002 unde
3651 1946 3736 2001 in-

464 2044 645 2113 aliqua
674 2043 754 2097 sui
784 2052 942 2111 parte
985 2043 1268 2096 multatum
1309 2058 1430 2098 esse
1475 2042 1826 2111 coniecerim.
1872 2042 2044 2098 Justi-

460 2134 660 2189 uiantis
689 2147 904 2204 quoque
939 2134 990 2187 in
1056 2134 1285 2204 epistola
1336 2138 1403 2189 ad
1460 2136 1709 2204 quintam
1750 2136 2043 2205 synodum,

461 2239 625 2296 qnam
658 2225 1166 2290 reiertCedrenns,
1212 2226 1518 2281 futurarum
1571 2242 1753 2282 rerum
1802 2228 2043 2281 omnium

461 2316 1254 2388 ἀποκατάστασινῦνὶκειιὶδιὶε
1296 2318 1593 2389 objiciens,
1646 2318 1901 2372 arbitrari
1952 2333 2047 2373 eos

462 2412 563 2473 ait.
595 2410 707 2465 fore
741 2420 799 2463 ut
827 2410 974 2478 impii
1014 2409 1243 2479 quilibet
1285 2425 1409 2465 cum
1468 2410 1577 2463 Deo
1621 2408 2043 2478 coniungantur,

461 2503 650 2558 eodem
681 2504 838 2557 modo
868 2517 977 2571 quo
1026 2503 1126 2571 ipsi
1168 2500 1515 2571 coniungitur
1546 2500 1834 2566 Christus,
1874 2502 1946 2555 ita
1986 2510 2046 2555 ut

461 2596 615 2661 prius
643 2593 912 2661 coniuncti
946 2602 1128 2655 erant,
1173 2592 1261 2655 Ὠς
1297 2592 1569 2663 μηδεμίαν
1610 2588 1748 2645 εἶναι
1782 2591 2045 2664 διαφορὰν

462 2681 542 2753 τῷ
592 2681 810 2755 Χριστῷ
854 2682 989 2754 πρὸς
1022 2681 1089 2735 τὰ
1125 2682 1288 2734 λοιπὰ
1325 2682 1520 2751 λογικὰ
1564 2682 1874 2747 παντελῶς,
1919 2682 2044 2737 οὔτε

463 2776 531 2846 τῇ
567 2775 742 2846 οὐσίᾳ,
768 2772 890 2826 οὔτε
912 2776 977 2845 τῇ
1010 2772 1241 2842 γνώσει,
1270 2772 1393 2827 οὔτε
1427 2776 1492 2845 τῇ
1528 2773 1789 2845 δυνάμει,
1826 2772 1949 2827 οὔτε
1974 2776 2043 2846 τῇ

463 2866 735 2937 ἐνεργείᾳ.
768 2885 786 2916 ι
822 2867 971 2921 Adeo
1000 2875 1060 2921 ut
1083 2866 1227 2920 nulla
1261 2880 1319 2920 re
1348 2865 1561 2920 ditl‘erat
1588 2866 1839 2921 Christus
1880 2882 1908 2920 a
1952 2882 2041 2923 re-

462 2955 625 3024 liquis
656 2956 864 3010 ratione
911 2956 1185 3024 praeditis,
1239 2970 1416 3025 neque
1470 2956 1818 3024 substantia,
1871 2970 2045 3028 neque

463 3048 812 3117 cognitione,
866 3062 1043 3118 neque
1103 3048 1346 3115 virtute,
1399 3063 1574 3117 neque
1638 3049 1978 3119 operatione.
2016 3069 2036 3102 ι

462 3136 680 3191 iactant
706 3138 808 3192 hoc
837 3137 977 3192 idem
1012 3139 1274 3195 adversus
1300 3139 1593 3208 Origenem
1623 3150 1677 3195 et
1704 3139 2044 3212 Origenistas

464 3229 809 3298 Sophronias
844 3230 1372 3303 Hierosolymitauus
1400 3233 1690 3304 episcopus
1716 3234 1769 3287 in
1809 3233 2041 3303 epistola

464 3323 533 3377 ad
566 3322 813 3395 Sergium
858 3326 1223 3394 patriarcham
1258 3325 1921 3394 Constantinopolitanum
1944 3364 1960 3389 ,
1988 3334 2043 3379 et

464 3430 770 3486 anonymus
820 3417 909 3470 ille
966 3416 1142 3471 Photii
1192 3420 1314 3473 cod.
1355 3433 1521 3481 cxvu,
1564 3429 1620 3472 et
1654 3416 1892 3472 Joannes
1940 3416 2045 3470 Da-

461 3521 751 3562 mascenus
779 3507 830 3561 in
859 3507 954 3563 lib.
991 3508 1064 3563 De
1096 3510 1283 3566 horres.
1310 3550 1325 3574 ,
1359 3521 1413 3564 et
1454 3509 1697 3565 Zonaras
1738 3510 1831 3565 lib.
1863 3525 1901 3564 ιι
1942 3509 2044 3564 Hi-

462 3608 621 3663 star.,
648 3609 703 3654 et
740 3598 916 3653 Guido
937 3599 1257 3666 Carmelita,
1286 3602 1337 3655 in
1370 3601 1574 3655 ﬂwresi
1593 3600 2043 3671 Origcuistarum.

533 3692 680 3746 idem
739 3691 842 3745 fuit
892 3704 1018 3761 post
1078 3692 1368 3760 Origenem
1446 3692 1685 3746 Marcelli
1746 3693 2042 3763 Ancyrani,

462 3782 690 3852 eiusque
715 3783 965 3852 discipuli
1015 3782 1231 3837 Photini
1276 3799 1460 3847 error;
1508 3785 1595 3852 qui
1639 3793 1697 3837 ut
1740 3785 2045 3839 humanita-

465 3883 573 3929 tem
610 3874 854 3927 relictum
885 3889 912 3926 a
938 3874 1156 3929 Christo
1184 3889 1245 3927 ac
1272 3874 1575 3943 depositum
1605 3874 1697 3939 iri,
1724 3890 1787 3929 ac
1816 3891 2045 3944 regnum

462 3964 698 4033 proinde
729 3965 873 4035 quod
908 3964 974 4017 ad
1009 3965 1285 4019 Christum
1331 3981 1438 4035 qua
1475 3964 1636 4018 homo
1675 3974 1758 4019 est
1788 3966 2042 4033 pertinet,

463 4055 846 4109 dimittendum
887 4056 956 4111 ab
1007 4071 1072 4110 eo
1120 4056 1465 4121 sentiebant;
1511 4056 1584 4110 ita
1623 4055 1885 4126 Origeni,
1929 4064 2050 4127 post

465 4148 783 4201 attributam
830 4148 1146 4203 deserendae
1182 4148 1315 4203 olim
1353 4163 1383 4201 a
1420 4147 1643 4205 Christo
1685 4148 1871 4203 carnis
1925 4163 2050 4203 sen-

463 4238 715 4303 tentiam,
745 4246 805 4292 ut
835 4254 1001 4309 supra
1032 4241 1290 4305 diximus,
1321 4255 1464 4295 nunc
1501 4240 1672 4295 altera
1706 4255 1922 4309 quoque
1970 4238 2043 4292 illi

465 4332 825 4396 consectaria,
852 4332 1139 4401 abiiciendi
1192 4332 1485 4401 aliquando
1530 4332 1598 4387 ab
1637 4335 1825 4388 eodem
1872 4333 2044 4401 regni,

465 4422 783 4478 ascribitur.
851 4422 1174 4492 Quanquam
1218 4422 1465 4477 nonnihil
1513 4424 1800 4492 utriusque
1840 4422 2047 4478 discre-

464 4522 562 4583 pat
619 4528 816 4580 causa;
872 4529 996 4568 nam
1047 4516 1193 4586 regia
1247 4522 1517 4585 potestate
1570 4515 1893 4570 humanitati
1935 4531 2046 4570 sua:

468 4606 754 4677 coniuncta
792 4617 1014 4663 exutum
1061 4608 1126 4662 iri
1179 4607 1460 4663 Christum
1503 4608 1773 4663 sentiebat
1810 4607 2041 4663 Marcel-

466 4696 582 4764 lus;
611 4700 898 4770 Origenem
930 4714 1060 4755 vero
1107 4714 1370 4769 regnum,
1422 4713 1532 4769 quo
1582 4707 1849 4768 tanquam
1903 4699 2045 4754 Deus

467 4792 716 4861 pOtitur,
769 4792 1146 4846 abdicaturum
1194 4806 1318 4846 eum
1378 4790 1660 4846 censuisse
1715 4789 2047 4860 Theophilus

466 4884 716 4947 credidit,
746 4884 1200 4951 quemadmodum
1225 4899 1291 4939 ex
1312 4881 1430 4951 eius
1451 4882 1825 4938 coniutatione
1856 4883 2042 4952 liquet,

465 4972 519 5025 in
551 4987 655 5042 qua
685 4971 864 5027 Patris
885 4981 939 5027 et
967 4973 1087 5027 Filii
1124 4976 1386 5029 unitatem
1413 4974 1629 5043 probat.
1650 4972 1763 5040 Qua
1793 4988 2043 5042 quaenam

466 5065 709 5119 atrocior
743 5066 1022 5119 accusatio
1057 5065 1261 5120 intendi
1292 5064 1502 5135 potest?
1527 5064 1584 5119 Si
1616 5076 1837 5135 putasse
1866 5066 2040 5120 dixis-

465 5166 550 5210 set
576 5157 866 5226 Origenem
899 5159 1050 5227 regio
1078 5158 1381 5223 dominatu,
1412 5172 1521 5228 quo
1551 5156 1753 5212 Christi
1790 5158 2045 5211 humani-

468 5260 552 5302 tas
588 5250 810 5317 praadita
838 5261 954 5313 est,
983 5250 1255 5319 privatum
1308 5251 1375 5304 iri
1407 5258 1531 5320 post
1581 5252 2042 5305 resurrectionem

466 5339 783 5406 Christum;
829 5342 1105 5410 aliquibus
1146 5340 1382 5398 fortasse
1442 5344 1775 5414 argumentis
1820 5357 2045 5397 accusa-

469 5433 674 5487 tionem
749 5448 905 5487 suam
965 5445 1236 5503 utcunque
1288 5437 1694 5501 conﬁrmasset;
1745 5450 1840 5499 eo,
1890 5444 2043 5505 puta,

467 5524 611 5590 quod
656 5537 723 5577 ex
770 5525 942 5578 atiicta
995 5524 1215 5595 Origeni
1248 5529 1521 5581 sententia
1568 5528 1799 5597 depositi
1846 5528 1899 5581 in
1930 5527 2045 5582 sole

470 5622 679 5676 Christi
714 5620 961 5688 corporis
988 5630 1043 5675 et
1069 5621 1422 5675 humanitatis
1455 5624 1560 5691 peti
1589 5630 1822 5691 poterat.

542 5712 742 5769 Verum
776 5708 1296 5781 inOrigenianarum
1330 5711 1764 5768 lucubrationum
1796 5712 2042 5784 reliquiis

541 5892 589 5928 ⁸⁵
619 5893 638 5948 ι
669 5892 825 5950 Joan.
861 5907 922 5962 ιι,
962 5893 1013 5959 l,
1041 5893 1092 5949 Ξ.

2149 2036 2360 2088 saniam
2412 2037 2675 2106 eiusmodi
2715 2035 2978 2107 Origenes
3020 2037 3292 2093 hauserit.
3322 2038 3435 2108 Ego
3484 2054 3617 2094 vero
3669 2041 3735 2095 li-

2147 2128 2314 2197 quido
2356 2126 2543 2195 iurare
2587 2143 2807 2197 possum
2860 2129 2975 2183 haec
3013 2129 3257 2198 Apostoli
3303 2145 3425 2199 qum
3478 2132 3734 2201 leguntur

2148 2218 2318 2272 lCor.
2351 2235 2440 2283 xv,
2464 2219 2533 2272 24
2579 2228 2635 2273 et
2688 2235 2829 2289 seq.,
2886 2237 3166 2291 perperam
3212 2234 3469 2291 accepta,
3507 2238 3732 2278 causam

2147 2310 2368 2379 Origeni
2406 2313 2607 2367 erroris
2640 2313 2798 2381 huius
2838 2314 3072 2381 dedisse,
3108 2315 3152 2368 si
3189 2317 3349 2369 modo
3376 2317 3424 2370 ei
3462 2316 3731 2381 aditmsit;

2148 2420 2273 2459 nam
2305 2414 2359 2457 et
2397 2406 2448 2459 in
2475 2407 2723 2461 eamdem
2772 2408 2895 2461 imle
2945 2410 3272 2462 sententiam
3326 2409 3546 2478 impulsi
3601 2419 3736 2463 sunt

2146 2497 2466 2563 Marcellus,
2521 2508 2572 2553 et
2610 2499 2887 2569 popularis
2924 2498 3041 2567 eius
3068 2500 3368 2564 Photinus;
3401 2512 3459 2556 et
3501 2501 3731 2557 alterius

2146 2605 2363 2661 quoque
2395 2590 2734 2663 conlingendi
2774 2593 3044 2663 dogmatis
3090 2594 3159 2648 ab
3188 2594 3446 2649 Ecclesiae
3492 2595 3732 2649 decretis

2146 2680 2337 2733 absoni
2393 2694 2615 2735 causam
2690 2681 2813 2734 inde
2877 2680 3140 2752 Origenes
3172 2682 3423 2751 arripuit,
3453 2688 3513 2735 ut
3556 2681 3609 2734 in
3648 2695 3734 2735 se-

2146 2773 2439 2843 quentibus
2468 2774 2902 2829 observabimus.
2930 2774 3126 2829 Vernm
3157 2775 3357 2829 frustra
3393 2774 3446 2827 id
3486 2772 3653 2841 quaeri
3699 2787 3731 2827 a

2147 2863 2341 2927 nobis,
2395 2874 2449 2917 et
2502 2863 2639 2918 labis
2682 2864 2842 2933 huius
2890 2876 3170 2934 expertem
3208 2864 3385 2919 fuisse
3438 2861 3730 2931 Origenem

2145 2953 2417 3023 conjicere
2460 2970 2744 3025 possumus
2777 2970 2844 3011 ex
2892 2956 3078 3027 Cyrilli
3115 2954 3591 3026 llierosolymitani
3636 2968 3732 3007 ca-

2148 3047 2352 3102 techesi
2391 3062 2493 3110 xv,
2522 3047 2615 3117 qui
2647 3046 2896 3102 haeresim
2937 3049 3082 3102 illam
3126 3049 3177 3102 in
3214 3047 3474 3102 Marcello
3507 3056 3562 3100 et
3590 3041 3735 3101 Pho-

2150 3140 2262 3193 tino
2302 3139 2572 3195 uicisceus
2602 3154 2791 3195 recens
2828 3141 2978 3195 illam
3015 3152 3264 3196 exortam
3295 3141 3447 3204 dicit,
3475 3140 3731 3213 πρτσφά-

2146 3249 2253 3295 τως
2291 3232 2645 3300 ἀναφυεῖσαν,
2675 3232 2819 3302 quod
2866 3233 3053 3302 utique
3090 3247 3194 3287 non
3240 3232 3503 3297 dixisset,
3550 3236 3594 3288 si
3619 3233 3731 3301 iam

2071 3304 2114 3363 ο
2150 3324 2276 3377 inde
2336 3323 2532 3378 fuisset
2587 3325 2656 3378 ab
2707 3324 2961 3393 Origenis
3023 3323 3362 3393 temporibus
3408 3335 3731 3395 propagata.

2149 3415 2434 3486 Reliquam
2465 3418 2729 3471 adversus
2778 3416 2830 3471 id
2877 3428 3244 3471 commentum
3284 3417 3569 3485 TheOpbili
3618 3417 3733 3471 dis-

2148 3507 2497 3562 sertationem
2524 3506 2904 3576 praetermitto,
2930 3522 3050 3576 quae
3074 3508 3379 3562 maledictis
3401 3518 3609 3562 tantum
3632 3524 3733 3575 pu-

2150 3606 2305 3664 gnat,
2322 3612 2421 3652 nec
2436 3598 2726 3667 quidquam
2743 3598 3103 3665 profertseria
3124 3602 3472 3668 responsione
3488 3597 3732 3669 dignum.

2707 3688 3036 3755 QUAESTIO
3076 3688 3163 3743 1V.

2569 3798 2635 3836 DE
2664 3796 2836 3835 ΒΕΑΤΔ
2868 3797 3035 3835 HARIA
3065 3797 3306 3837 VIRGINB.

2148 3870 2190 3927 1.
2219 3875 2409 3929 Utrum
2438 3872 2705 3928 Christum
2730 3886 2774 3925 et
2802 3874 3007 3925 beatam
3047 3873 3275 3926 Mariam
3313 3871 3573 3942 Virginem
3602 3889 3735 3941 pur-

2219 3945 2431 4015 gatione
2452 3955 2565 4015 post
2604 3957 2815 4015 partum
2839 3959 2965 4015 Opus
3000 3944 3241 3996 habuisse
3262 3942 3529 4015 Origenes
3556 3946 3737 3997 existi-

2219 4011 2458 4067 maverit.
2506 4011 2570 4065 ll.
2622 4012 2813 4065 Utrum
2857 4014 3149 4067 claustrum
3213 4014 3531 4082 virginitatis
3568 4016 3735 4082 beate

2224 4084 2416 4137 Mariw
2454 4086 2507 4136 in
2532 4097 2689 4149 portu
2713 4095 3000 4136 reseratum
3022 4084 3264 4151 opinatus
3296 4081 3390 4135 sit.
3418 4083 3504 4136 ΙΙΙ.
3541 4081 3734 4137 Utrum

2220 4154 2426 4207 beatam
2448 4151 2682 4205 Mariam
2706 4153 2932 4216 peccatis
2975 4151 3259 4207 obnoxiam
3281 4156 3567 4221 putaverit.

2217 4243 2261 4300 Ι.
2284 4241 2597 4308 Geminam,
2626 4256 2799 4312 eoque
2833 4241 3065 4311 amplius
3084 4278 3103 4307 ,
3132 4243 3288 4295 unica
3323 4241 3540 4296 homilia
3560 4284 3574 4306 ,
3607 4258 3729 4311 quae

2150 4348 2378 4400 numero
2421 4334 2630 4387 decima
2679 4341 2873 4402 quarta
2920 4340 3007 4386 est
3051 4332 3105 4385 in
3145 4330 3377 4401 Lucam,
3435 4336 3735 4404 reprehen-

2148 4426 2312 4480 dendi
2361 4426 2444 4479 sui
2489 4438 2709 4479 causam
2761 4424 2911 4478 dedit
2972 4422 3237 4493 Origenes
3281 4442 3295 4478 :
3330 4429 3566 4494 priorem
3609 4445 3732 4483 cum

2148 4519 2425 4574 Christqu
2464 4519 2705 4572 asseruit
2742 4526 2798 4573 et
2828 4517 3053 4571 Mariam
3084 4518 3410 4586 purgatione
3449 4530 3574 4588 post
3611 4537 3735 4589 par.

2153 4619 2264 4663 tum
2284 4622 2424 4678 opus
2457 4606 2745 4673 habuisse;
2776 4606 3040 4672 alteram,
3091 4621 3216 4660 cum
3264 4617 3512 4676 apertum
3564 4609 3737 4664 fuisse

2151 4702 2453 4756 claustrum
2490 4699 2817 4769 virginitatis
2852 4699 3028 4753 beatae
3050 4696 3233 4753 Maria:
3261 4700 3314 4752 in
3345 4709 3500 4769 partu
3524 4700 3731 4756 docuit.

2151 4793 2455 4862 Utrumque
2480 4806 2578 4846 suo
2602 4791 2794 4846 ordine
2819 4790 3232 4857 ventilabimus;
3263 4800 3319 4845 et
3341 4807 3485 4846 nunc
3513 4792 3731 4861 quidem

2148 4885 2217 4939 de
2244 4884 2444 4954 priore.
2482 4880 2767 4953 Origenes,
2824 4881 2988 4936 Lucte
3033 4892 3195 4951 caput
3246 4897 3284 4936 ιι
3336 4883 3728 4952 interpretans,

2148 4977 2202 5031 in
2244 4977 2361 5031 hate
2416 4976 2580 5030 verba
2622 4990 2815 5029 versus
2852 4973 2924 5027 22
2963 4992 2976 5025 :
3011 4974 3119 5028 Kal
3179 4973 3278 5028 ὅτε
3323 4974 3733 5043 ἐπλήσθησαν

2147 5074 2204 5124 αἱ
2233 5068 2445 5137 ἡμέραι
2472 5068 2579 5121 τοῦ
2622 5066 2994 5137 καθαρισμοῦ
3023 5064 3224 5119 αὐτῶν
3243 5106 3257 5129 ,
3294 5066 3446 5120 κατὰ
3487 5064 3595 5119 τὸν
3632 5067 3733 5119 νό-

2143 5179 2266 5232 μον
2284 5161 2604 5226 Μωῢσέως,
2629 5160 2707 5215 sic
2732 5168 2952 5228 perorat
2975 5174 2989 5209 :
3022 5177 3042 5209 ι
3070 5157 3299 5228 Propter
3330 5158 3728 5228 purgationem,

2148 5253 2347 5323 inquit,
2384 5267 2594 5308 eorum.
2621 5252 2887 5318 Quorum,
2930 5250 3159 5305 eorum?
3201 5249 3259 5304 Si
3334 5250 3597 5318 scriptum
3638 5262 3729 5303 es-

2146 5356 2231 5401 set
2274 5354 2498 5416 propter
2530 5344 2914 5415 purgationem
2946 5341 3100 5413 eius,
3138 5344 3189 5397 id
3233 5353 3353 5404 est.
3397 5341 3579 5396 Maria:
3611 5357 3732 5410 qum

2146 5447 2465 5508 pepererat,
2498 5434 2637 5489 nihil
2689 5434 3010 5504 qumstionis
3054 5434 3315 5501 oriretur,
3362 5445 3420 5489 et
3470 5434 3732 5487 audacter

2148 5530 2454 5584 diceremus
2484 5524 2736 5590 Mariam,
2767 5540 2888 5595 quae
2913 5526 3079 5581 homo
3100 5536 3245 5592 erat,
3281 5528 3606 5595 purgatione
3643 5526 3730 5580 iu-

2145 5621 2388 5691 diguisse
2434 5630 2557 5688 post
2602 5628 2843 5687 partum.
2897 5616 3053 5672 Nunc
3099 5633 3231 5673 vero
3266 5619 3317 5672 in
3356 5633 3422 5673 eo
3452 5618 3595 5688 quod
3629 5618 3728 5682 ait,

2144 5713 2263 5770 dies
2284 5710 2625 5785 purgationis
2654 5725 2845 5769 eorum
2870 5750 2885 5779 ,
2921 5726 3029 5768 non
3057 5710 3274 5770 videtur
3314 5727 3479 5768 unum
3524 5711 3727 5782 signiti-
