4160 6424
434 391 540 446 839

1712 398 1772 453 P.
1810 397 2127 456 DANIELIS
2166 400 2399 458 HUETII

3595 417 3700 474 850

396 579 402 586 Ι
437 527 602 574 care,
633 511 728 565 sed
775 511 1006 565 alterum
1033 550 1048 575 ,
1084 527 1181 566 seu
1228 513 1432 584 plures.
1472 535 1493 568 ι
1540 517 1768 587 Legerat
1806 533 2022 587 nempe,
2054 525 2097 580 Α
2129 521 2284 591 piunt
2307 531 2362 577 et
2419 524 2670 594 pariunt;
2704 541 2823 596 quae
2851 543 2980 583 vero
3009 529 3216 584 semine
3240 530 3552 599 neutiquam
3579 545 3700 586 sns-

396 610 401 615 '
437 604 516 655 nti
552 618 694 656 nunc
723 617 940 672 quoque
979 603 1199 673 legitur,
1245 604 1354 658 τοῦ
1384 608 1756 676 καθαρισμοῦ
1784 607 2012 662 αὐτῶν·

437 711 600 764 quam
643 696 930 749 lectionem
971 697 1454 764 interpretationes
1493 700 1752 770 Syriaca,
1802 700 2018 756 Aithio—

435 788 578 856 pica,
613 797 670 842 et
698 786 939 848 Persica,
967 798 1021 842 et
1058 787 1254 843 Patres
1285 790 1510 858 aliquot,
1544 806 1610 845 ac
1638 792 1855 846 codices
1877 793 2015 846 bene

437 879 591 932 multi
638 889 881 933 tuentur.
932 879 1068 946 Alii,
1125 897 1303 950 neque
1358 884 1514 950 pauci
1566 883 1768 937 habent
1802 883 2012 949 αὐτοῦ,

435 973 530 1023 sed
558 971 839 1040 legendum
889 975 1109 1027 omnino
1145 975 1372 1042 αὐτῆς,
1413 975 1568 1043 juxta
1616 976 1895 1045 Vulgatam
1961 987 2016 1032 et

434 1063 724 1116 Arabicam
787 1063 1296 1132 interpretationem
1364 1067 1687 1136 Erpenianaa
1736 1069 2011 1124 editionis.

437 1153 538 1207 Uni
568 1155 836 1223 siquidem
877 1171 1159 1224 puerpera:
1213 1159 1594 1225 purgationem
1647 1158 1815 1213 fuisse
1854 1159 2012 1214 adhi-

433 1247 624 1310 bitam,
663 1263 768 1300 non
807 1248 970 1300 etiam
1004 1248 1196 1302 infanti
1217 1259 1432 1303 constat
1463 1265 1527 1304 ex
1572 1248 1745 1305 Levit.
1790 1267 1851 1306 ιι.
1889 1253 2018 1306 Cor-

433 1349 590 1408 rupta
623 1340 805 1408 itaque
828 1340 976 1394 vocis
1006 1340 1150 1394 illius
1176 1339 1368 1408 αὐτῆς
1394 1341 1560 1396 lectio
1579 1341 1798 1411 Origeni
1833 1344 2012 1398 fucum

433 1429 584 1493 fecit,
613 1439 671 1485 et
716 1431 995 1484 Christum
1038 1432 1223 1485 itidem
1275 1444 1332 1485 ut
1369 1433 1595 1487 Mariam
1635 1436 2014 1505 purificatione

432 1538 568 1591 opus
594 1523 852 1578 habuisse
882 1525 1171 1592 persuasit.
1219 1525 1438 1580 Christo
1469 1527 1654 1596 itaque
1690 1539 1746 1581 nt
1791 1530 2014 1598 reliquis

434 1615 754 1670 hominibus
814 1616 1120 1686 applicabat
1181 1618 1388 1672 dictum
1449 1619 1573 1674 Jobi
1609 1661 1623 1686 ,
1680 1639 1698 1672 ι
1734 1619 2013 1676 Neminem

430 1724 551 1763 esse
587 1709 851 1763 mundum
899 1725 927 1762 a
977 1711 1190 1764 sorde:
1228 1727 1293 1764 ne
1328 1713 1372 1766 si
1418 1713 1584 1767 unius
1635 1713 1852 1781 quidem
1907 1714 2011 1767 diei

431 1802 600 1856 fuerit
628 1803 737 1855 vita
775 1799 892 1866 ejus
933 1801 1000 1855 ³⁸.
1050 1821 1067 1853 ι
1111 1801 1312 1856 Sordes
1354 1813 1537 1858 autem
1584 1819 1614 1856 a
1663 1814 1887 1872 peccato
1926 1805 2014 1858 hic

2122 625 2278 683 cepto
2302 618 2532 685 peperit,
2571 632 2690 672 eam
2714 634 2843 673 vero
2879 621 3210 674 immundam
3233 635 3337 676 non
3380 637 3526 676 esse.
3549 621 3698 688 Quo-

2123 720 2242 758 rum
2273 720 2336 760 ea
2364 722 2621 775 germana
2644 721 2791 774 sunt,
2815 726 2935 779 qua:
2959 721 3351 779 repraesentant
3383 712 3602 766 Catena:
3631 727 3698 766 ex

2121 795 2355 865 Origene
2376 800 2430 850 in
2450 797 2613 856 Levii.
2632 816 2771 866 χιιι,
2793 802 2828 856 2
2851 822 2863 856 :
2889 803 3029 874 Γυνὴ
3049 803 3170 873 ἥτις
3193 802 3578 875 σπερματισθῇ
3604 805 3701 857 καὶ

2119 887 2268 941 τέκοι
2294 890 2459 961 ἄρσεν
2477 908 2492 924 ·
2537 893 2831 964 παρέλκειν
2860 895 3002 962 δόξει
3041 897 3101 948 τό
3121 914 3135 928 ·
3164 897 3260 950 ἐὰν
3292 896 3697 967 σπερματοσθῇ,

2121 982 2558 1052 προτασσόμενον
2592 984 2686 1037 τοῦ
2709 1001 2720 1013 ·
2767 988 2859 1039 καὶ
2886 988 3020 1059 τέκῃ
3051 988 3214 1057 ἄρσεν
3234 1006 3246 1019 ·
3285 987 3401 1041 ἀλλ’
3435 988 3698 1058 ἐφίστημι

2125 1073 2333 1142 μήποτε
2364 1075 2452 1128 ἵνα
2481 1078 2837 1147 προφητικῶς
2862 1080 2895 1148 ἡ
2923 1080 3110 1149 Μαρία
3145 1080 3246 1132 οὐκ
3271 1081 3335 1132 ἐκ
3358 1079 3450 1132 τοῦ
3500 1083 3700 1150 ἑσπερ-

2124 1163 2379 1231 ματίσθαι
2404 1165 2637 1218 τεκοῦσα
2663 1167 2827 1238 ἄρσεν
2861 1167 2934 1238 μὴ
2961 1168 3190 1238 νομισθῇ
3229 1167 3536 1237 ἀκάθαρτος
3559 1164 3699 1220 εἶναι

2119 1257 2582 1326 γεγεννηκυίατὸν
2599 1259 2846 1330 Σωτῆρα,
2884 1258 3096 1330 εἴρηται
3143 1260 3263 1312 ὅλον
3287 1258 3464 1314 τοῦτο.
3517 1259 3701 1312 Adda-

2122 1361 2240 1399 mus
2271 1347 2505 1416 denique
2531 1348 2794 1418 insignem
2822 1351 2997 1404 locum
3023 1365 3084 1403 ex
3112 1349 3298 1404 homil.
3328 1351 3397 1404 12
3423 1351 3480 1404 in
3506 1349 3697 1416 Levit.,

2121 1452 2271 1490 nmn.
2303 1439 2358 1502 4,
2392 1454 2499 1507 quo
2528 1441 2898 1508 generationis
2927 1441 3131 1497 Christi
3162 1453 3217 1497 et
3257 1443 3546 1512 virginalis
3581 1443 3700 1498 Ma-

2123 1529 2216 1583 rire
2263 1530 2512 1599 corporis
2557 1532 2851 1586 mundities
2893 1533 3250 1587 disertissime
3317 1533 3694 1603 praedicatur:

2125 1638 2144 1670 ι
2183 1621 2374 1674 Omnis
2409 1621 2500 1688 qui
2557 1621 2861 1692 ingreditur
2888 1622 3033 1678 hunc
3067 1625 3325 1678 mundum
3378 1625 3430 1678 in
3460 1625 3695 1694 quadam

2119 1713 2580 1768 contaminatione
2607 1712 2747 1768 θαίςί
2780 1714 3003 1768 dicitur.
3035 1713 3270 1784 Propter
3293 1717 3437 1785 quod
3468 1725 3526 1770 et
3547 1717 3699 1774 Scri-

2120 1813 2276 1872 ptura
2305 1804 2437 1858 dicit
2461 1819 2476 1856 :
2516 1801 2685 1858 Nemo
2711 1804 2938 1859 mundus
2973 1822 3005 1858 α
3031 1807 3205 1871 sorde,
3231 1822 3293 1859 ne
3317 1807 3362 1860 si
3391 1808 3549 1860 unius
3587 1808 3695 1861 diei

430 1893 699 1958 distinxit,
747 1904 908 1962 atque
948 1893 1270 1948 sordescere
1314 1896 1552 1948 animam
1601 1895 1848 1966 putavit,
1891 1911 2014 1950 cum
2047 1886 2088 1940 Β
2117 1896 2276 1964 fuerit
2312 1896 2415 1948 vita
2441 1895 2554 1964 ejus
2584 1896 2654 1951 ⁸³.
2686 1895 2799 1950 Hoc
2834 1897 2950 1966 ipso
2969 1911 3099 1967 ergo
3135 1899 3276 1968 quod
3307 1898 3359 1951 in
3388 1897 3550 1951 vulva
3572 1914 3692 1952 ma-

433 1986 662 2040 mortale
693 1986 840 2040 subit
865 2001 1067 2056 corpus
1124 2001 1154 2040 e
1197 1986 1288 2040 vili
1341 1997 1396 2041 et
1436 1989 1654 2043 sordida
1698 1998 2012 2045 concretum

431 2079 697 2142 materia;
745 2092 813 2133 ac
860 2093 981 2132 sese
1012 2078 1242 2147 proinde
1288 2079 1606 2148 inquinasse
1649 2081 1853 2135 Christi
1899 2081 2017 2134 aui-

431 2185 572 2221 mam
614 2183 736 2222 cum
764 2185 965 2239 corpus
995 2170 1050 2224 in
1099 2170 1382 2224 muliebris
1413 2173 1556 2226 uteri
1582 2174 1848 2244 angustiis
1887 2173 2018 2227 deli-

432 2269 649 2316 tescens
698 2262 799 2316 sibi
845 2262 1118 2331 adjunxit.
1156 2258 1247 2317 Sic
1295 2262 1384 2317 ille
1417 2264 1468 2316 in
1508 2267 1696 2319 eadem
1737 2265 1957 2319 homilia
1996 2283 2011 2319 :

434 2370 453 2402 ι
494 2351 648 2406 Unde
683 2360 739 2404 et
771 2350 1029 2406 Salvator
1074 2351 1316 2421 loquitur
1366 2367 1380 2404 :
1428 2350 1542 2422 Ego
1581 2369 1696 2406 sum
1727 2354 1935 2419 vermis,
1967 2365 2014 2408 et

429 2460 535 2496 non
581 2443 772 2507 homo,
815 2444 1156 2512 approbriunt
1210 2443 1517 2511 hominum,
1556 2455 1606 2499 et
1643 2446 1868 2516 objectio
1904 2447 2015 2515 ple-

429 2536 506 2587 bis
532 2535 600 2589 ".
657 2533 888 2589 Videbat
930 2535 982 2588 in
1037 2535 1231 2588 matris
1275 2545 1431 2589 utero
1464 2537 1865 2590 immunditiam
1890 2553 2011 2592 cor.-

429 2641 646 2695 porum,
674 2627 980 2682 visceribus
1015 2627 1135 2697 ejus
1164 2627 1290 2680 hinc
1323 2625 1447 2682 inde
1479 2627 1714 2683 vallatus
1736 2669 1752 2696 ,
1784 2636 2014 2686 terrena:

425 2719 576 2774 {meis
601 2721 909 2790 patiebatur
929 2723 1240 2790 angustias:
1273 2722 1417 2776 unde
1443 2721 1711 2776 assimilat
1741 2737 1800 2777 se
1835 2723 2008 2778 vermi

425 2822 484 2868 et
507 2813 637 2866 dicit
670 2829 684 2864 :
724 2810 835 2878 Ego
865 2828 980 2865 sum
1016 2814 1224 2877 vermis,
1275 2823 1322 2865 et
1357 2828 1460 2866 non
1496 2811 1672 2865 homo.
1703 2831 1723 2864 ι

496 2904 568 2958 At
605 2901 974 2958 Tertullianus
1002 2903 1138 2959 libro
1165 2903 1244 2958 De
1285 2920 1441 2958 carne
1472 2903 1690 2970 Christi,
1721 2919 1840 2974 cap.
1870 2903 1928 2970 4,
1955 2914 2012 2960 et

424 2993 521 3048 lib.
560 3009 617 3048 ιιι
648 3002 832 3047 contra
866 2991 1150 3059 Marciam,
1188 3007 1310 3062 cap.
1347 2993 1435 3058 Η,
1471 2993 1537 3048 de
1567 2992 1780 3048 Domini
1836 2993 2007 3048 nostri

424 3086 809 3155 corporatione
844 3101 1032 3155 agens,
1067 3085 1250 3155 pejora
1281 3085 1448 3140 etiam
1509 3085 1856 3152 deblatterat,
1884 3101 2009 3141 nam

424 3187 624 3248 praeter
650 3195 668 3228 ι
688 3192 786 3248 spu
796 3177 980 3232 rcitias
999 3175 1312 3246 genitalium
1334 3176 1386 3230 in
1413 3185 1569 3230 utero
1590 3176 2006 3242 elementorum,

424 3270 674 3325 humoris
699 3279 756 3323 et
791 3268 1094 3338 sanguinis,
1133 3267 1280 3324 foeda
1331 3270 1558 3339 coagula
1594 3270 1774 3324 carnis
1807 3285 1874 3324 ex
1909 3285 2008 3326 eo-

424 3362 547 3415 dem
579 3373 738 3414 cmno
764 3359 972 3413 alenda:
998 3374 1094 3428 per
1129 3373 1324 3413 novem
1350 3374 1602 3426 menses;
1649 3370 1838 3429 partus
1867 3376 2006 3430 quo-

422 3467 532 3523 que
565 3453 840 3505 immunda
879 3459 933 3504 ct
983 3451 1233 3520 pudenda
1286 3461 1586 3515 tormenta,
1619 3462 1668 3508 et
1714 3453 1881 3522 ipsius
1910 3468 2006 3507 ex-

426 3545 551 3598 inde
581 3542 854 3612 puerperii
888 3557 1131 3611 spurcos,
1164 3543 1378 3608 anxios,
1423 3544 1666 3599 ludicros
1695 3545 1874 3599 exitus
1899 3544 2005 3597 fin-

423 3636 524 3703 git.
563 3653 580 3685 ι
608 3633 738 3700 Quae
765 3635 832 3686 ab
873 3633 1152 3686 llmreticis
1188 3632 1400 3701 objecta
1425 3636 1736 3703 neutiquam
1770 3635 1884 3705 ipse
1911 3637 2010 3689 dif.

431 3720 704 3785 fitebatnr,
732 3722 826 3774 sed
871 3721 980 3774 Deo
1000 3720 1219 3789 indigna
1241 3736 1362 3776 esse
1386 3724 1640 3792 negabat,
1659 3733 1848 3779 contra
1871 3723 2008 3780 Illar-

428 3811 683 3864 cionitas.

497 3925 758 3979 Sanctam
782 3939 914 3978 vero
941 3923 1216 3995 Virginem
1240 3941 1365 3982 cum
1401 3942 1554 3983 more
1584 3927 1814 3981 aliarum
1850 3929 2006 3983 femi-

423 4030 619 4070 narum
657 4029 754 4085 per
784 4016 956 4069 vulvae
1010 4017 1403 4071 reserationem
1456 4016 1731 4072 Christum
1785 4020 2004 4073 enixam

423 4123 544 4163 esse
577 4111 678 4163 sibi
703 4108 966 4178 Origenes
1000 4107 1241 4171 finxerit,
1277 4117 1338 4162 ut
1387 4122 1511 4163 mox
1561 4109 1960 4178 disputabimus
1986 4150 2002 4176 ,

424 4202 576 4254 credi
612 4217 832 4271 quoque
878 4209 1064 4268 posset
1097 4200 1370 4270 profusam
1405 4203 1473 4255 ab
1512 4216 1596 4265 ea,
1632 4201 1819 4256 itidem
1850 4212 1910 4256 ut
1937 4204 2006 4257 ab

424 4293 570 4356 aliis,
602 4303 789 4362 partus
846 4292 1130 4346 colluviem
1180 4293 1552 4357 existimasse,
1584 4295 1730 4348 unde
1781 4295 2006 4351 minimo

426 4386 627 4438 mirum
658 4384 795 4438 foret
818 4384 1150 4452 purgandum
1180 4399 1397 4453 quoque
1448 4385 1616 4440 fuisse
1637 4385 1811 4454 ipsum
1849 4401 2004 4442 asse-

425 4489 645 4529 verasse
671 4492 686 4541 ;
719 4475 814 4529 sed
841 4475 1066 4530 omnino
1097 4475 1263 4541 istud,
1295 4475 1398 4530 nisi
1434 4491 1520 4531 me
1557 4491 1677 4530 mea
1705 4476 1898 4531 fefellit
1923 4478 2004 4533 di-

2121 1990 2219 2042 tris
2252 1997 2336 2042 est
2367 1989 2599 2056 positus,
2632 1997 2685 2042 et
2719 1989 2863 2056 quod
2896 1989 3178 2043 materiam
3213 1989 3459 2057 corporis
3482 1989 3550 2043 ab
3579 1990 3695 2043 ori-

2116 2078 2239 2147 gine
2265 2078 2474 2147 paterni
2529 2078 2754 2132 seminis
2809 2078 2993 2141 sumit,
3038 2079 3092 2133 in
3121 2088 3277 2148 patre
3320 2088 3376 2132 et
3421 2079 3474 2132 in
3519 2091 3694 2135 matre

2116 2167 2524 2222 contaminatus
2544 2168 2654 2222 dici
2681 2177 2876 2237 potest.
2907 2170 3016 2223 Aut
3045 2172 3245 2234 nescis,
3269 2171 3395 2239 quia
3423 2186 3545 2226 cum
3563 2186 3696 2241 qua-

2117 2259 2370 2328 draginta
2405 2260 2613 2314 dierum
2654 2261 2832 2314 factus
2861 2260 3025 2315 fuerit
3049 2276 3184 2331 puer
3208 2262 3503 2326 masculus,
3528 2263 3692 2318 oﬁ‘er-

2119 2359 2206 2402 tur
2238 2350 2305 2403 ad
2336 2350 2531 2416 altare,
2569 2359 2631 2404 ut
2666 2350 2738 2405 ibi
2771 2351 3114 2420 puriﬁcetur,
3164 2362 3421 2423 tanquam
3452 2355 3543 2424 qui
3571 2355 3691 2424 pol-

2116 2439 2260 2497 lutus
2294 2441 2462 2496 fuerit
2487 2441 2540 2494 in
2576 2441 2688 2511 ipsa
2714 2443 3092 2512 conceptione,
3119 2443 3206 2498 vel
3266 2446 3476 2514 paterni
3523 2447 3690 2502 semi-

2115 2534 2225 2600 nis,
2265 2534 2350 2588 vel
2387 2534 2526 2588 uteri
2551 2533 2824 2588 materni?
2847 2533 3038 2590 Omnis
3064 2550 3194 2605 ergo
3216 2536 3380 2590 homo
3429 2537 3483 2591 in
3535 2549 3690 2608 patre

2114 2625 2242 2680 etin
2270 2633 2446 2679 matre
2475 2623 2712 2692 pollutus
2739 2632 2860 2689 est;
2907 2623 3056 2679 solus
3088 2639 3216 2680 vero
3238 2623 3395 2680 Jesus
3423 2625 3687 2681 Dominus

2114 2731 2268 2772 meus
2302 2716 2354 2770 in
2390 2716 2531 2770 hanc
2559 2715 2967 2784 generationem
3001 2716 3234 2770 mundus
3267 2716 3544 2788 ingressus
3577 2729 3689 2784 est,

2114 2807 2168 2862 in
2192 2816 2368 2862 matre
2388 2821 2496 2862 non
2514 2815 2600 2860 est
2625 2806 2893 2876 pollutus.
2913 2806 3190 2878 Ingressus
3215 2817 3300 2862 est
3321 2811 3466 2864 enim
3489 2825 3688 2880 corpus

2114 2898 2628 2952 incontaminatum.
2683 2897 2804 2967 Ipse
2835 2898 2982 2952 enim
3012 2909 3130 2954 erat
3151 2900 3242 2970 qui
3270 2911 3327 2954 et
3355 2901 3556 2955 dudum
3589 2917 3690 2972 per

2114 2988 2460 3044 Salomonem
2481 2989 2731 3044 dixerat:
2760 2987 2933 3059 Magis
2961 2999 3132 3043 autem
3164 3007 3280 3044 cum
3307 3007 3469 3046 essem
3491 2992 3682 3058 bonus,

2112 3081 2226 3134 veni
2258 3080 2326 3134 ad
2355 3095 2546 3148 corpus
2573 3079 3033 3148 incoinquinatum
3063 3080 3128 3134 θ’.
3151 3079 3267 3135 Non
3289 3091 3372 3136 est
3401 3098 3532 3154 ergo
3560 3099 3688 3138 con-

2114 3170 2409 3224 taminatus
2449 3170 2502 3224 in
2539 3180 2736 3234 matre,
2771 3168 2864 3224 sed
2897 3184 2965 3224 ne
3007 3170 3060 3224 in
3094 3180 3244 3240 patre
3265 3173 3511 3242 quidem.
3535 3173 3685 3230 Nihil

2110 3261 2255 3314 enim
2285 3257 2483 3329 Joseph
2515 3262 2566 3313 in
2589 3259 2940 3330 generatione
2963 3261 3078 3330 ejus
3095 3271 3294 3332 prieter
3317 3262 3683 3322 ministerium

2109 3350 2362 3420 priestitit
2391 3361 2443 3406 et
2471 3348 2744 3405 aﬂ‘ectum.
2781 3369 2802 3404 ι

2181 3441 2272 3495 Sic
2301 3450 2480 3494 autem
2512 3441 2578 3494 de
2606 3455 2766 3496 sacro
2807 3438 2989 3495 Mariae
3037 3443 3324 3511 puerperio
3374 3448 3543 3501 sentit
3589 3463 3686 3504 ca-

2111 3534 2311 3589 tholica
2340 3533 2606 3597 Ecclesia,
2635 3534 2982 3602 antiquorum
3020 3531 3244 3590 Patru-n
3275 3537 3544 3607 dogmatis
3576 3541 3684 3595 im-

2109 3624 2234 3678 buta
2272 3625 2374 3679 etsi
2408 3635 2588 3678 uterus
2645 3627 2708 3679 de
2743 3627 2828 3678 die
2857 3626 2913 3678 in
2950 3627 3060 3680 dies
3090 3628 3417 3684 insolescere:
3469 3629 3689 3703 (placet

2107 3716 2250 3770 enim
2281 3715 2593 3769 Tertulliani
2628 3717 2792 3770 verba
2821 3717 2912 3770 lib.
2936 3716 3010 3771 De
3039 3733 3197 3770 carne
3225 3717 3450 3788 Christi,
3475 3737 3598 3792 cap.
3628 3723 3685 3787 4,

2109 3809 2391 3878 repudiata
2435 3809 2562 3863 licet
2601 3809 2774 3879 ipsius
2819 3812 3106 3877 sententia,
3159 3812 3428 3885 retinere)
3477 3831 3686 3885 gravem

2107 3911 2309 3966 tamen,
2347 3906 2585 3968 anxium,
2615 3905 2870 3957 incertum
2901 3904 3206 3957 libidinibus
3229 3905 3436 3974 fastidii
3467 3916 3515 3960 et
3544 3907 3685 3977 gula:

2107 3996 2420 4063 neutiquam
2444 3995 2643 4060 fuisse;
2669 3993 2816 4051 foras
2841 4009 2970 4049 vero
2998 3995 3259 4064 infantem
3296 4013 3402 4051 non
3425 4014 3543 4054 cum
3568 3999 3684 4053 suis

2106 4087 2487 4157 impedimentis
2519 4088 2797 4158 profusum
2829 4096 2880 4142 et
2917 4089 3134 4141 oblitum
3159 4127 3172 4152 ,
3221 4091 3682 4158 quemadmodum

2105 4184 2228 4238 aliis
2255 4183 2508 4239 omnibus
2542 4183 2826 4254 puerperis
2872 4181 3010 4236 solet
3044 4185 3384 4253 contingere,
3418 4186 3510 4239 sed
3564 4186 3686 4241 abs-

2105 4292 2210 4347 que
2239 4277 2360 4331 ullis
2391 4275 2814 4346 inquinamentis
2829 4283 2882 4329 et
2895 4274 3145 4329 sordibus
3168 4277 3454 4344 prodiisse.
3477 4276 3684 4344 Quant-

2105 4372 2291 4423 obrem
2345 4382 2552 4422 canone
2572 4367 2638 4423 79
2682 4366 2871 4437 synodi
2898 4367 3219 4436 quinisexla:
3237 4367 3532 4437 abrogatur
3553 4384 3682 4424 con-

2104 4460 2336 4516 suetudo
2356 4474 2385 4513 a
2410 4457 2683 4514 nonnullis
2704 4457 2981 4513 observari
3005 4458 3162 4514 solita
3189 4457 3295 4512 illis
3319 4461 3679 4529 temporibus,

427 4565 672 4635 ligentia,
697 4566 752 4618 in
784 4563 1020 4635 Origene
1049 4580 1368 4635 expressum
1397 4582 1503 4622 non
1537 4577 1643 4622 est.
1673 4567 1766 4622 Sui
1793 4583 1925 4639 ergo
1948 4571 1997 4626 ei

2113 4552 2342 4607 similam
2372 4550 2644 4620 coquendi
2673 4560 2796 4619 post
2821 4550 2964 4603 diem
3009 4549 3314 4604 nativitatis
3362 4550 3588 4615 Christi,
3629 4561 3683 4606 et

427 4654 706 4709 sufﬁciunt
728 4669 970 4721 errores,
999 4670 1098 4709 nec
1121 4655 1284 4710 alieni
1319 4666 1524 4713 temere
1551 4657 1677 4713 huic
1713 4657 2001 4730 aﬂlngendi

424 4755 570 4800 sunt.
608 4745 758 4800 Hanc
785 4746 963 4816 ponus
990 4747 1129 4802 Sixti
1165 4749 1424 4804 Senensis
1444 4749 1846 4805 adnotationem
1873 4753 2000 4817 156,

423 4850 547 4906 quae
573 4835 667 4890 lib.
700 4851 750 4889 vi
781 4834 1035 4890 Biblioth.
1070 4837 1278 4892 intexta
1312 4846 1418 4904 est,
1444 4839 1830 4894 admittamus:
1867 4858 1886 4891 ι
1921 4838 2005 4894 lu-

427 4927 621 4997 telligit
653 4927 886 4981 fortasse
911 4927 1196 4997 Origenes,
1223 4943 1331 4982 non
1361 4928 1428 4982 de
1458 4929 1779 4999 purgatione
1803 4931 1870 4984 ab
1905 4930 2008 4984 im-

424 5019 708 5074 munditiis
745 5028 803 5073 et
827 5019 1082 5075 sordibus
1109 5029 1321 5088 partus,
1352 5019 1550 5088 quibus
1602 5020 1733 5074 nulli
1774 5020 1997 5076 dubium

424 5119 510 5162 est
536 5107 758 5162 Mariam
793 5125 898 5163 non
932 5110 1101 5164 fuisse
1121 5111 1435 5177 obnoxiam,
1481 5111 1575 5165 sed
1597 5112 1664 5166 de
1698 5111 1896 5168 ritibus
1946 5124 2001 5168 et

425 5198 790 5261 caeremoniis,
827 5199 1025 5268 quibus
1054 5195 1272 5270 Moyses
1300 5215 1599 5270 puerperas
1635 5201 1858 5256 lustrari
1882 5202 2001 5271 jus-

423 5299 609 5342 serat:
643 5289 740 5343 has
765 5304 987 5344 necesse
1014 5299 1134 5344 erat
1177 5292 1380 5346 servari
1431 5307 1461 5345 a
1502 5301 1677 5348 matre
1706 5293 1872 5359 illius,
1906 5297 1996 5363 qui

425 5377 600 5448 legem
651 5380 972 5449 impleturus
1015 5391 1261 5446 venerat,
1311 5397 1417 5436 non
1446 5381 1844 5437 destructurus.
1881 5403 1899 5436 ι
1931 5383 2001 5438 ιι.

427 5471 518 5525 Iud
556 5485 623 5526 ex
673 5486 740 5527 eo
776 5474 1152 5539 confirmatur,
1190 5475 1334 5543 quod
1383 5475 1571 5530 homil.
1622 5474 1657 5530 8
1715 5476 1769 5529 in
1807 5474 1996 5542 Lerit.,

428 5579 576 5616 num.
606 5563 664 5629 2,
689 5565 878 5620 scribit
901 5565 1162 5635 Origenes
1191 5581 1286 5620 eas
1313 5566 1485 5620 solum
1524 5567 1781 5622 mulieres
1813 5568 1866 5621 in
1904 5583 1997 5636 pa-

427 5655 622 5711 riendo
655 5671 776 5713 esse
808 5657 1136 5723 immundas,
1168 5673 1288 5727 qua
1312 5660 1522 5714 semine
1553 5659 1788 5715 admisso
1814 5659 2000 5714 conci-

495 5855 541 5890 "
569 5854 688 5912 Job.
715 5871 827 5922 xiv,
857 5855 909 5910 ι.
978 5856 1031 5916 ,⁸⁷
1059 5855 1202 5912 Psal.
1232 5871 1342 5912 xxi.
1365 5857 1419 5912 7.
1498 5857 1542 5890 "
1573 5855 1695 5915 Job.
1725 5874 1831 5926 xiv,
1855 5856 1910 5927 4,
1938 5857 1987 5912 5.

2104 4659 2224 4700 eam
2256 4643 2356 4698 sibi
2403 4643 2634 4697 invicem
2686 4640 3069 4710 impertiendi,
3121 4658 3140 4692 ι
3197 4641 3420 4695 honoris
3469 4641 3677 4696 scilicet

2105 4747 2368 4808 pratextu
2387 4737 2803 4792 secundinarum
2824 4733 3118 4802 impolluta;
3139 4733 3375 4803 Virginis
3400 4737 3624 4789 matris:
3653 4754 3672 4788 ι

2106 4829 2371 4882 rationem
2405 4828 2582 4882 reddit
2608 4826 2864 4896 synodus,
2901 4839 3024 4880 esse
3046 4824 3244 4894 quippe
3276 4824 3564 4895 ἀλόχευτον
3585 4827 3677 4881 τὸν

2105 4922 2170 4974 ὲκ
2200 4921 2299 4991 τῆς
2329 4917 2594 4989 παρθένου
2651 4917 2793 4970 θεῖον
2823 4915 3004 4980 τόκον,
3052 4916 3127 4980 ὡς
3166 4919 3261 4970 καὶ
3297 4919 3555 4990 ἁσπόρως
3587 4937 3683 4973 συ·-

2109 5013 2328 5066 στάντα.
2364 5030 2385 5063 ι
2434 5008 2758 5064 Secundinis
2807 5017 3084 5063 carentem
3140 5006 3380 5078 Virginis
3435 5011 3682 5063 divinum

2108 5112 2343 5172 partum,
2381 5100 2557 5169 utqui
2595 5098 2804 5154 semine
2843 5097 3104 5153 caruerit.
3142 5116 3164 5151 ι

2177 5190 2243 5246 ll.
2267 5192 2386 5245 Alia
2419 5205 2636 5261 quoque
2659 5204 2724 5244 ac
2745 5189 2967 5258 gravior
2996 5189 3304 5245 criminatio
3330 5203 3394 5244 ex
3425 5190 3512 5245 his
3533 5193 3681 5261 ejus-

2105 5287 2225 5338 dem
2262 5282 2496 5338 homiliie
2522 5282 2588 5336 ﬂ
2616 5283 2671 5336 in
2707 5281 2902 5335 Lucam
2938 5281 3118 5336 verbis
3144 5283 3322 5335 oritur
3369 5300 3383 5336 :
3423 5296 3445 5333 ι
3483 5282 3686 5349 Quem-

2108 5389 2322 5445 cunque
2349 5375 2414 5428 de
2437 5383 2594 5428 utero
2643 5371 2875 5427 eﬂ‘usum
2924 5387 3130 5426 marem
3188 5373 3414 5436 dixeris,
3467 5389 3573 5428 non
3602 5376 3684 5430 sic

2108 5467 2280 5536 aperit
2319 5465 2532 5520 vulvam
2567 5464 2912 5529 matrissuae,
2942 5472 3001 5518 ut
3035 5463 3294 5519 Dominus
3324 5463 3516 5532 Jesus;
3551 5468 3678 5535 quia

2105 5561 2346 5616 omnium
2378 5559 2658 5614 mulierum
2695 5573 2799 5612 non
2833 5565 3023 5627 partus
3052 5556 3297 5624 infantis,
3324 5559 3543 5613 sedviri
3567 5560 3680 5612 coi-

2108 5669 2196 5712 tus
2225 5653 2440 5710 vulvam
2470 5661 2697 5710 rescrat.
2721 5650 2908 5709 Matris
2942 5667 3072 5709 vero
3101 5651 3313 5708 Domini
3343 5667 3407 5708 eo
3439 5661 3683 5724 tempore

2065 5858 2108 5890 ’θ
2139 5857 2264 5928 Sap.
2293 5870 2410 5922 vm,
2440 5853 2531 5909 9.0.
