4160 6410
424 339 520 395 8H

1235 335 1803 397 ORIGENIANORUM
1841 335 1972 392 LIB.
2012 335 2079 402 ll,
2114 333 2266 390 CAP.
2307 333 2372 401 ll,
2414 334 2692 401 QUIEST.
2733 335 2824 390 IV.

3564 339 3669 394 842

423 454 582 511 vulva
604 464 843 512 reserata
884 464 987 522 est,
1015 471 1121 527 quo
1154 466 1208 513 et
1261 467 1452 528 partus
1476 458 1676 524 editus,
1709 456 1833 527 quia
1868 471 1994 511 san-
2024 455 2071 514 Α
2098 452 2351 509 Basilium
2392 465 2447 509 et
2474 454 2608 511 alios
2644 463 2925 525 praeterea,
2956 454 3051 523 qui
3096 453 3162 508 de
3195 453 3453 525 virginea:
3500 455 3670 511 vulvae

422 554 571 600 ctum
602 553 843 609 uterum,
888 555 944 601 et
969 548 1116 601 omni
1150 546 1465 617 dignatione
1498 549 1866 604 venerationis
1898 564 1990 603 ve-

420 637 720 691 nerandum
746 647 872 693 ante
890 639 1229 695 nativitatem
1250 639 1455 695 Christi
1484 640 1757 695 masculus
1771 641 1994 697 omnino

421 744 527 784 non
578 731 779 802 tetigit.
818 750 838 783 ι
889 730 994 785 Per
1045 733 1436 787 reserationem
1491 733 1662 788 vulva:
1714 733 1991 788 Christum

416 821 623 876 editum
647 830 851 877 censet.
876 822 981 876 I’ar
995 831 1077 879 est
1096 824 1417 879 Tertulliani
1450 824 1741 895 cespitatio
1770 825 1823 878 in
1853 824 1992 879 libro

417 910 497 968 De
520 929 681 967 carne
696 912 914 978 Christi,
948 929 1068 983 cap.
1090 914 1181 982 23;
1210 915 1282 970 ibi
1309 915 1506 986 quippe
1525 917 1739 971 beatam
1764 915 1991 970 Mariam

418 1002 746 1073 virginitatis
778 1004 944 1060 decus
972 1005 1318 1074 (integritatis
1340 1021 1531 1075 nempe
1555 1005 1837 1075 cujusdam
1865 1020 1992 1061 cor-

418 1096 588 1165 poris,
611 1111 730 1166 quae
748 1096 1050 1167 virginibus
1075 1099 1256 1153 inesse
1281 1098 1436 1165 solet,
1460 1107 1513 1153 et
1536 1099 1711 1168 primo
1739 1098 1839 1153 viri
1862 1113 1993 1153 con-

419 1203 609 1259 gressu
637 1188 905 1243 obteritur
936 1203 1000 1244 ac
1027 1190 1284 1261 violatur)
1310 1201 1551 1246 reserata
1576 1190 1626 1244 in
1651 1199 1812 1259 partu
1830 1189 1991 1244 vulva

417 1279 664 1334 amisisse
701 1279 878 1335 docet.
913 1279 1042 1336 Post
1097 1283 1202 1337 alia
1234 1297 1364 1339 vero
1413 1283 1495 1338 sic
1524 1283 1781 1338 disserit:
1822 1286 1986 1337 Omne

414 1370 769 1425 masculinum
803 1372 1111 1439 adaperiens
1157 1373 1388 1440 vulvam,
1435 1384 1677 1429 sanctum
1714 1375 1995 1429 vocabitur

417 1461 710 1519 Domino‘.
747 1483 764 1516 ι
796 1465 928 1532 Quis
971 1480 1094 1522 vere
1145 1477 1390 1533 sanctus,
1441 1481 1603 1536 quam
1642 1467 1731 1522 Dei
1777 1467 1991 1523 Filius?

415 1554 547 1622 Quis
593 1558 810 1626 pronrie
841 1557 1056 1612 vulvam
1095 1557 1399 1627 adaperuit,
1436 1574 1599 1628 quam
1626 1561 1716 1630 qui
1748 1560 1989 1615 clausam

418 1645 709 1712 patefecit?
748 1645 1017 1701 Caeterum
1064 1649 1317 1703 omnibus
1375 1648 1575 1718 nuptiae
1624 1648 1987 1718 patefaciunt.

416 1734 602 1807 Itaque
632 1736 805 1807 magis
833 1737 1104 1807 patefacta
1135 1747 1240 1805 est,
1274 1738 1398 1808 quia
1421 1738 1596 1809 magis
1631 1748 1751 1794 erat
1781 1739 1986 1794 clausa.

416 1805 619 1899 Utique
649 1805 968 1900 ma'gis'non
1007 1831 1160 1902 virgo
1194 1805 1423 1888 dicenda
1451 1805 1539 1887 est
1580 1846 1741 1901 quam
1791 1832 1942 1901 virgo
1969 1874 1983 1898 ,
2021 1805 2064 1861 Β

414 1922 557 1977 saltu
583 1923 817 1989 quodam
847 1933 1017 1977 mater
1046 1932 1336 1993 antequam
1364 1932 1553 1993 nupta.
1590 1921 1657 1975 Et
1681 1920 1813 1991 quid
1843 1921 1984 1975 ultra

415 2012 481 2066 de
513 2012 613 2065 hoc
640 2002 1045 2066 retractandum
1073 2012 1194 2067 est?
1219 2027 1342 2066 cum
1382 2012 1487 2067 hac
1512 2014 1722 2066 ratione
1755 2011 1987 2081 Aposto-

416 2101 498 2156 lns
528 2116 633 2157 non
660 2117 726 2157 ex
757 2102 995 2173 Virgine,
1042 2104 1137 2158 sed
1185 2118 1253 2159 ex
1288 2103 1517 2159 muliere
1555 2103 1758 2159 editum
1789 2102 1983 2157 Filium

415 2192 509 2248 Dei
546 2193 954 2260 pronuntiavit,
994 2194 1213 2263 agnovit
1251 2193 1523 2264 adapertae
1570 2193 1742 2248 vulvae
1774 2194 1989 2264 nuptia—

417 2283 519 2338 lem
544 2285 877 2353 passionem.
916 2303 933 2336 ι
977 2285 1231 2341 Eamdem
1284 2288 1625 2356 postmodum
1678 2286 1986 2356 opinionem

414 2376 792 2445 amplexusest
810 2375 1129 2433 Iovinianus
1157 2377 1466 2441 hatreticus,
1495 2386 1551 2432 et
1584 2392 1701 2432 eam
1725 2377 1991 2447 hodieque

417 2478 637 2523 tuentur
701 2469 1020 2525 heterodoxi
1067 2479 1360 2536 nostrates,
1410 2479 1625 2525 uterum
1684 2470 1987 2541 virgineum

411 2560 629 2616 Christo
651 2562 953 2615 transeunti
1008 2569 1309 2617 reseratum
1363 2561 1605 2631 quidem,
1642 2570 1833 2631 patens
1885 2562 1990 2615 iter

414 2654 710 2723 praebuisse
723 2653 995 2720 docentes,
1017 2653 1111 2709 sed
1129 2670 1249 2710 mox
1267 2653 1501 2711 divulsas
1532 2663 1713 2724 partes
1738 2652 1832 2708 Dci
1858 2662 1988 2707 nutu

414 2745 669 2815 pristinas
695 2745 983 2821 repetiisse
996 2745 1171 2811 sedes,
1191 2754 1245 2800 et
1268 2745 1320 2798 in
1342 2760 1507 2800 unum
1533 2745 1819 2800 coaluisse.
1880 2743 1990 2801 Nec

416 2833 646 2887 multum
686 2834 811 2889 hinc
844 2834 1051 2889 abludit
1079 2835 1360 2891 Durandus
1397 2849 1429 2889 a
1459 2834 1665 2890 Sancto
1694 2836 1983 2901 Porciano,

414 2926 728 2983 inviolatum
754 2927 969 2998 quidem
993 2943 1372 2998 perseverasse
1404 2930 1732 3000 virginitatis
1753 2930 1988 3001 sigillum

417 3020 698 3084 deﬁniens,
726 3022 818 3077 sed
845 3020 1205 3093 amplificatos
1230 3032 1440 3079 meatus
1471 3025 1612 3078 viam
1641 3023 1983 3095 patefecisse.

485 3110 825 3183 Jrigeniana:
878 3115 1158 3169 sententia:
1207 3117 1479 3170 contraria
1511 3115 1879 3171 decernuntur
1934 3114 1985 3169 in

417 3204 587 3273 prima
623 3206 968 3260 homiliarum
1024 3208 1078 3262 iu
1109 3208 1376 3273 diversos,
1400 3222 1520 3278 qua:
1560 3218 1838 3263 auctorem
1880 3222 1987 3262 non

414 3295 618 3350 habere
646 3294 937 3368 Origenem
965 3299 1049 3355 vel
1100 3299 1225 3354 hinc
1282 3306 1465 3368 potest
1519 3296 1848 3354 existimari.
1896 3296 1988 3352 Sic

414 3389 499 3446 illa
539 3411 551 3446 :
589 3409 608 3443 ι
639 3392 1097 3459 Quemadmodum
1131 3391 1335 3447 Danieli
1368 3393 1510 3446 intra
1548 3391 1727 3447 lacum
1768 3390 1984 3445 leonum

414 3487 624 3541 incluso
652 3488 698 3551 ’,
727 3486 981 3543 claustris
1004 3502 1111 3542 non
1140 3487 1341 3557 apertis
1370 3485 1591 3540 allatum
1623 3492 1707 3540 est
1733 3483 1782 3539 ei
1822 3497 1990 3552 pran-

412 3579 561 3634 dium
593 3581 659 3634 ab
688 3578 970 3646 Habacuc;
1014 3579 1089 3634 ita
1135 3587 1189 3632 et
1225 3584 1338 3634 haec
1376 3578 1538 3650 Virgo
1572 3586 1758 3632 sancta
1801 3574 1993 3644 genuit

410 3668 718 3735 Dominum,
742 3673 834 3727 sed
864 3672 1063 3727 intacta
1090 3670 1387 3741 permansit
1413 3687 1427 3733 ;
1462 3678 1633 3723 mater
1664 3667 1857 3723 eII'eCta
1881 3675 1987 3730 est,

411 3762 508 3819 sed
543 3762 906 3833 virginitatem
933 3779 1035 3818 non
1061 3762 1275 3827 amisit;
1310 3761 1499 3832 genuit
1524 3758 1808 3823 infantem,
1839 3768 1909 3821 et,
1934 3768 1992 3814 ut

411 3854 613 3909 dictum
667 3863 779 3921 est,
831 3855 983 3925 virgo
1025 3855 1343 3924 permansit.
1392 3851 1561 3919 Virgo
1613 3864 1746 3919 ergo
1802 3848 1990 3920 genuit

411 3954 468 4001 et
516 3945 667 4016 virgo
717 3945 1064 4015 permansit:
1102 3954 1279 3999 mater
1314 3942 1440 3998 Filii
1470 3942 1610 3996 facta
1640 3950 1725 3994 est
1753 3978 1769 4005 ,
1804 3948 1860 3993 et
1901 3953 1991 3994 ca-

412 4040 611 4096 stitatis
663 4038 894 4109 sigillum
951 4053 1057 4093 non
1118 4036 1371 4108 perdidit.
1424 4053 1443 4086 ι
1498 4034 1675 4103 Atque
1724 4030 1852 4087 illud
1908 4040 1992 4087 est

358 4162 379 4183 .
409 4131 628 4201 optima:
684 4129 925 4195 Patrum,
984 4140 1095 4183 tum
1126 4126 1464 4191 Graecorum,
1499 4134 1611 4179 tum
1665 4123 1989 4178 Latinorum

412 4222 602 4293 partis,
636 4231 691 4276 et
715 4220 969 4290 Ephesini
993 4228 1253 4290 praeterea
1284 4217 1503 4274 concilii
1546 4215 1990 4285 decretum,per—

411 4322 575 4381 petuo
600 4311 856 4366 Ecclesiae
881 4309 1164 4365 catholicae
1215 4321 1492 4363 consensu
1530 4304 1941 4375 comprobatum
1973 4343 1989 4368 ,

410 4413 466 4459 ct
489 4405 594 4460 hoc
632 4402 932 4458 Ezechielis
957 4401 1237 4472 prophetas
1270 4397 1494 4454 oraculo
1528 4395 1941 4451 corroboratum
1972 4411 1987 4448 :

2095 545 2373 614 apertione
2403 546 2655 601 similiter
2681 547 2974 602 disserunt.
3001 545 3106 600 Sed
3133 560 3197 600 ea
3215 547 3463 602 onmibus
3492 547 3557 602 iis
3576 563 3672 602 ex-

2094 636 2270 705 ceptio
2292 637 2592 693 adhibenda
2624 648 2728 706 est,
2787 653 2891 709 qua
2940 638 3005 692 ad
3041 638 3357 695 solvendum
3396 639 3669 696 Ambrosii

2096 728 2271 784 locum
2305 744 2435 784 usus
2454 738 2537 785 est
2555 728 2795 784 Thomas
2816 743 2869 799 p.
2903 745 2983 795 tu,
3003 744 3062 799 q.
3091 726 3183 793 28,
3214 745 3264 784 a.
3288 732 3346 795 2,
3377 732 3448 785 ita
3475 747 3670 801 nempe

2095 819 2302 876 locutos
2330 820 2516 877 Patres
2554 821 2695 885 illos,
2738 837 2862 876 cum
2897 821 3025 875 illud
3057 821 3401 893 evangelista}
3422 838 3665 891 expone-

2095 923 2215 967 rent
2243 930 2256 967 :
2297 930 2315 965 ι
2348 912 2519 969 Omne
2548 913 2904 968 masculinum
2935 913 3258 983 adaperiens
3280 916 3514 979 vulvam,
3542 932 3669 971 sano

2093 1011 2251 1060 ctum‘
2271 1004 2497 1061 Domino
2513 1006 2833 1061 vocabitur‘
2859 1024 2875 1073 ;
2908 1023 2927 1059 ι
2955 1007 3095 1077 quod
3120 1006 3333 1075 quidem
3358 1023 3425 1062 ex
3451 1008 3664 1078 vulgata

2093 1095 2345 1167 loquendi
2368 1098 2761 1154 consuetudine
2792 1108 3111 1170 usurpatum
3147 1110 3248 1165 est,
3268 1114 3375 1154 non
3403 1099 3469 1154 ad
3498 1101 3670 1172 signi-

2094 1187 2364 1245 ﬁcandam
2395 1190 2626 1261 virginei
2656 1191 2879 1246 claustri
2923 1191 3284 1261 apertionem,
3336 1194 3431 1247 sed
3460 1195 3663 1248 exitum

2094 1280 2358 1336 duntaxat
2390 1281 2556 1351 prolis
2582 1282 2649 1337 de
2672 1292 2846 1337 utero.
2879 1281 3100 1339 Thema:
3127 1284 3537 1353 responsionem
3570 1285 3666 1339 de-

2097 1371 2324 1428 fendtmt
2373 1373 2465 1428 alii
2518 1373 2788 1429 Ambrosii
2839 1384 2895 1430 et
2942 1374 3255 1446 Hieronymi
3300 1374 3430 1438 loci,
3468 1375 3668 1445 quibus

2097 1464 2366 1534 irruptum
2392 1480 2777 1536 perseverasse
2827 1466 2881 1521 in
2914 1466 3200 1537 puerperio
3233 1466 3565 1536 virginitatis
3592 1467 3669 1522 si-

2094 1554 2279 1624 gillum
2310 1555 2598 1611 manifeste
2632 1556 2875 1624 tradunt,
2911 1558 3089 1628 qualis
3122 1557 3211 1612 ille
3237 1566 3320 1612 est
3343 1557 3668 1613 Ambrosiie

2096 1646 2235 1701 libro
2260 1646 2335 1701 De
2363 1646 2692 1702 institutione
2714 1649 2955 1719 virginis,
2991 1663 3111 1719 cap.
3151 1649 3219 1703 7:
3251 1666 3271 1701 ‹
3310 1648 3470 1704 Porta
3502 1650 3668 1720 igitur

2095 1736 2287 1802 Maria,
2309 1753 2404 1809 per
2431 1753 2592 1808 quam
2612 1739 2864 1796 Chrisms
2888 1740 3114 1795 intravit
3137 1741 3190 1795 in
3218 1740 3363 1796 hunc
3386 1742 3667 1811 mundum,

2096 1830 2317 1898 quando
2350 1829 2601 1898 virginali
2653 1830 2810 1887 fusus
2844 1839 2930 1886 est
2962 1841 3145 1901 partu,
3178 1841 3232 1887 et
3262 1832 3521 1903 genitalia
3550 1834 3666 1887 vir-

2095 1921 2344 1991 ginitatis
2380 1921 2616 1976 claustra
2662 1938 2769 1976 non
2827 1921 3010 1977 solvit.
3041 1920 3245 1978 Mansit
3285 1923 3667 1979 intemeratum

2095 2023 2306 2084 septum
2333 2013 2580 2084 pudoris,
2620 2023 2675 2069 et
2707 2015 2964 2070 inviolata
3017 2015 3354 2083 integritatis
3405 2016 3670 2071 duravere

2097 2104 2399 2174 signacula,
2459 2120 2582 2159 cum
2617 2105 2794 2160 exiret
2840 2120 2909 2160 ex
2943 2103 3202 2174 Virgine;
3255 2123 3275 2156 ι
3312 2113 3366 2159 et
3413 2103 3501 2158 ille
3555 2106 3671 2173 ipse

2096 2194 2410 2267 Hieronymi
2434 2211 2464 2251 e
2498 2196 2593 2252 lib.
2642 2213 2679 2252 tt
2712 2207 2893 2252 contra
2938 2195 3241 2266 Petagian.,
3266 2212 3426 2267 quem
3477 2194 3659 2268 Orige-

2095 2287 2263 2341 niano
2294 2287 2528 2342 similem
2559 2303 2682 2344 esse
2706 2288 2822 2343 vult
2849 2287 3256 2355 Genebrardus,
3288 2289 3491 2358 quique
3529 2290 3581 2344 ei
3602 2304 3669 2345 ex

2096 2377 2362 2433 diametro
2380 2380 2660 2451 oppositus
2681 2392 2787 2435 est.
2822 2381 2899 2434 En
2945 2380 3136 2434 illum:
3171 2397 3192 2432 t
3230 2379 3391 2435 Solus
3417 2379 3670 2436 Christus

2096 2467 2314 2523 clausas
2346 2480 2535 2538 portas
2564 2470 2736 2526 vulvae
2762 2471 3043 2543 virginalis
3074 2473 3307 2540 aperuit,
3336 2487 3456 2542 qua:
3488 2481 3669 2527 tamen

2096 2557 2293 2614 clausa:
2318 2559 2526 2630 jugiter
2566 2567 3005 2629 permanserunt.
3038 2578 3059 2613 ι
3101 2559 3298 2616 Utilius
3342 2575 3474 2629 ergo
3514 2574 3669 2614 suam

2096 2646 2321 2716 Origeni
2355 2648 2673 2704 excusando
2704 2659 2961 2705 navasset
3006 2665 3227 2719 operam
3264 2648 3667 2707 Genebrardus.

2097 2738 2145 2794 si
2171 2738 2398 2794 dixisset
2445 2742 2513 2796 de
2553 2739 2741 2809 Maria:
2792 2740 3106 2810 virginitate
3152 2741 3569 2813 haudquaquam
3603 2743 3671 2797 ab

2096 2830 2328 2902 Origene
2351 2830 2520 2888 fuisse
2541 2834 2867 2900 detractum,
2898 2834 3111 2889 etiamsi
3143 2833 3447 2904 perfractas
3481 2834 3535 2888 in
3568 2848 3670 2913 pa-

2097 2925 2291 2981 riendo
2322 2925 2660 2997 virginitatis
2722 2926 2871 2982 fores
2914 2925 3209 2982 crediderit
3269 2925 3448 2997 (quod
3495 2925 3668 2993 ipsum

2096 3025 2277 3073 tamen
2307 3018 2375 3073 ab
2404 3017 2650 3074 Ecclesia
2689 3019 3179 3090 reprobatumest);
3217 3032 3323 3072 non
3359 3017 3413 3071 in
3447 3016 3671 3087 integri.

2098 3118 2206 3164 tate
2232 3110 2430 3180 quippe
2445 3111 2648 3176 carnis,
2676 3114 2767 3167 sed
2784 3112 2836 3166 in
2850 3111 3122 3167 constanti
3157 3110 3449 3167 voluntatis
3475 3124 3670 3180 propo-

2096 3199 2200 3254 sito
2231 3200 2600 3272 virginitatem
2626 3202 2967 3257 consistere:
3017 3217 3144 3256 nam
3178 3220 3196 3254 ε
3230 3200 3516 3271 lntegritas
3545 3217 3669 3258 cor-

2094 3293 2302 3362 poralis
2334 3294 2561 3349 membri
2589 3308 2684 3363 per
2711 3292 2963 3349 accidens
2988 3308 3047 3349 se
3074 3293 3239 3348 habet
3273 3294 3341 3348 ad
3380 3292 3667 3376 virginita.

2098 3398 2228 3449 tem,
2266 3386 2319 3440 in
2339 3394 2598 3455 quantum
2622 3384 2829 3441 scilicet
2858 3400 2955 3455 per
2988 3384 3090 3440 hoc
3120 3385 3261 3453 quod
3288 3399 3356 3440 ex
3391 3386 3671 3456 proposito

2093 3479 2401 3537 voluntatis
2429 3478 2669 3534 abstinet
2697 3479 2818 3548 quis
2838 3494 2868 3533 a
2902 3478 3262 3533 delectatione
3291 3492 3544 3544 venerea,
3579 3494 3668 3533 reo

2093 3579 2276 3628 manet
2301 3568 2584 3638 integritas
2616 3568 2668 3621 in
2696 3568 2939 3623 membro
2963 3582 3243 3637 corporeo.
3283 3565 3440 3623 Unde
3467 3567 3510 3621 si
3538 3583 3671 3622 con-

2093 3662 2265 3733 tingat
2293 3661 2439 3732 quod
2473 3674 2567 3731 per
2590 3661 2756 3715 alium
2794 3662 3011 3716 modum
3047 3659 3230 3729 aliquo
3276 3674 3408 3714 casu
3441 3659 3667 3714 membri

2093 3752 2380 3822 integritas
2409 3759 2818 3822 corrumpatur,
2857 3765 2964 3806 non
3001 3750 3175 3820 magis
3209 3748 3530 3821 prtejudicat
3556 3750 3670 3803 vir-

2091 3845 2328 3917 ginitati,
2360 3860 2522 3915 quam
2558 3845 2602 3899 si
2652 3852 3033 3913 corrumpatur
3084 3859 3279 3899 manus
3328 3852 3422 3898 aut
3476 3858 3592 3913 pes.
3642 3864 3662 3897 ›

2092 3937 2271 3993 Verba
2299 3944 2426 3991 sunt
2450 3934 2508 3990 S.
2547 3933 2767 3990 Thomas
2809 3933 2928 3999 2-2,
2959 3949 3014 4002 q.
3048 3934 3172 3998 l52,
3219 3950 3268 3988 a.
3302 3934 3329 3989 1
3362 3952 3375 3988 :
3410 3952 3427 3985 ι
3460 3933 3667 3989 Notan-

2092 4028 2220 4082 dum
2254 4040 2409 4092 sane,
2441 4043 2461 4076 ι
2502 4024 2684 4093 inquit
2716 4023 2924 4095 Eligius
2958 4014 3336 4079 Noviomcnsis
3365 4024 3553 4079 homil.
3606 4025 3663 4090 2,

2098 4138 2117 4173 ε
2154 4120 2295 4187 quod
2327 4118 2529 4173 dicitur
2562 4136 2574 4171 :
2610 4115 2781 4172 Omne
2806 4116 3161 4171 masculinum
3209 4116 3524 4185 adaperiam
3554 4118 3667 4172 rul-

2091 4228 2232 4277 vam,
2271 4210 2398 4280 quia
2434 4210 2520 4265 his
2546 4209 2729 4265 verbis
2755 4208 3089 4278 evangelista
3137 4222 3344 4263 morem
3393 4216 3667 4263 consueta:

2093 4302 2393 4359 nativitatis
2430 4301 2722 4371 expressit.
2783 4301 2847 4355 Et
2886 4314 2997 4355 non
3046 4301 3126 4355 sic
3184 4299 3413 4370 intelligi
3454 4301 3662 4367 voluit,

2094 4398 2237 4453 sicut
2264 4394 2464 4449 latrant
2501 4393 2767 4457 haeretici,
2825 4392 2969 4461 quod
3007 4391 3261 4446 Christus
3295 4400 3511 4464 uterum
3551 4407 3667 4445 ma-

415 4513 438 4550 σ
475 4497 541 4551 Et
563 4496 698 4551 dixit
732 4494 994 4551 Dominus
1019 4494 1088 4547 ad
1121 4506 1242 4547 me:
1266 4489 1429 4547 Porta
1459 4490 1579 4544 haec
1603 4487 1787 4542 clausa
1837 4486 1941 4541 erit
1969 4502 1984 4540 :
2018 4525 2062 4582 Β
2097 4489 2197 4545 tris
2249 4488 2521 4543 nascendo
2553 4484 2868 4555 virginitate
2916 4483 3254 4551 privaverit;
3311 4498 3433 4538 cum
3467 4483 3669 4537 mulier

412 4603 516 4646 non
538 4588 831 4659 aperietur,
868 4596 922 4641 et
952 4601 1059 4640 non
1093 4583 1344 4639 transibit
1391 4596 1491 4651 per
1518 4594 1677 4634 eam:
1725 4576 1981 4647 quoniam

412 4681 672 4736 Dominus
712 4681 850 4734 Deus
872 4679 1038 4734 Israel
1070 4677 1347 4746 ingressus
1371 4684 1456 4729 est
1485 4687 1581 4743 per
1602 4685 1748 4735 eam,
1775 4669 1987 4738 eritque

410 4773 591 4829 clausa
632 4771 857 4842 principi
891 4771 932 4825 ³.
969 4790 988 4823 ι
1017 4769 1134 4835 Quo
1163 4768 1427 4822 illibatam
1449 4773 1504 4819 et
1538 4764 1589 4818 in
1620 4768 1885 4831 conceptu
1931 4766 1986 4814 et

410 4864 465 4920 in
496 4875 651 4936 partu
708 4863 891 4920 Maria:
946 4862 1313 4933 virginitatem
1367 4857 1639 4920 futuram,
1671 4851 1986 4921 Christique

409 4971 607 5026 corpus
644 4956 843 5012 clausis
885 4956 1024 5010 uteri
1086 4950 1355 5023 repagulis
1391 4951 1586 5005 eodem
1642 4945 1803 5000 modo
1837 4942 1983 4998 foras

408 5049 770 5118 proditurum,
798 5062 906 5117 quo
927 5046 994 5099 ad
1025 5043 1319 5112 discipulos
1345 5038 1618 5095 obseratis
1650 5036 1859 5091 foribus
1888 5048 1982 5104 pe-

410 5140 663 5205 netravit,
692 5137 1041 5209 prmnuntiari
1076 5133 1348 5189 alIirtnant
1390 5130 1579 5186 Patres
1608 5129 1876 5200 plerique.

480 5229 681 5285 Verum
713 5229 965 5299 Origenis
1009 5223 1419 5295 reprehensioni
1468 5220 1756 5277 intercedit
1806 5217 1984 5274 Gene-

408 5324 640 5380 brardus
670 5320 886 5376 Collect.
922 5333 1044 5388 cap.
1074 5318 1132 5381 6,
1157 5327 1214 5371 et
1243 5314 1518 5371 Ambrosii
1558 5328 1626 5368 ac
1667 5309 1982 5382 Hieronymi

408 5414 787 5470 auctoritatem
826 5422 882 5467 et
911 5409 1216 5480 exemplum
1246 5407 1533 5478 praetexit,
1572 5418 1805 5475 quorum
1838 5411 1985 5456 uter-

407 5521 515 5577 que
544 5505 842 5561 claustrum
883 5500 1215 5572 virginitatis
1241 5516 1271 5553 a
1302 5498 1523 5555 Christo
1557 5496 1610 5551 in
1636 5506 1792 5565 partu
1819 5509 1983 5564 aper-

409 5610 521 5655 tum
565 5598 735 5653 fuisse
785 5596 938 5651 dicit.
989 5593 1298 5662 Adinngere
1330 5599 1541 5654 poterat
1595 5587 1977 5650 Athanasium,

473 5759 487 5789 ‘
520 5755 655 5812 Luc.
680 5754 850 5822 11,23.
926 5754 946 5784 ²
966 5751 1101 5807 Dan.
1126 5767 1241 5816 XIV,
1270 5749 1358 5804 56.

724 5850 999 5912 PATROL.
1029 5847 1150 5907 (in.
1175 5846 1379 5909 XVII.

2093 4594 2197 4633 non
2232 4589 2364 4633 tunc
2393 4575 2763 4646 virginitatem
2794 4572 3032 4636 amittat,
3086 4570 3303 4640 quando
3348 4571 3511 4641 parit,
3570 4571 3665 4624 sed

2092 4670 2307 4737 quando
2329 4683 2451 4723 cum
2485 4668 2602 4720 viro
2632 4663 2859 4720 dormit.
2904 4681 2924 4715 ι
2966 4661 3081 4717 Iluc
3115 4663 3329 4717 confert
3382 4662 3525 4731 quod
3556 4670 3668 4716 tra-

2090 4768 2203 4815 ctat
2234 4775 2362 4814 xxvt
2391 4760 2446 4813 in
2481 4757 2699 4821 Matth.,
2740 4771 2894 4810 num.
2933 4754 3027 4820 25,
3071 4769 3196 4823 pag.
3231 4754 3357 4816 846,
3389 4771 3455 4809 ex
3494 4756 3664 4809 tradi-

2092 4850 2237 4905 tione
2264 4850 2497 4919 quadam
2543 4847 2741 4903 litteris
2778 4846 3061 4900 mandavit
3093 4844 3359 4915 Origenes
3390 4846 3459 4899 de
3485 4855 3661 4900 morte

2090 4939 2366 4995 Zachariae
2390 4939 2596 4994 idcirco
2620 4937 2791 5004 illata,
2822 4937 2947 5007 quia
2980 4935 3185 5003 Mariae,
3214 4945 3499 5006 postquam
3535 4935 3663 4989 Ser-

2088 5048 2331 5091 vatorem
2364 5034 2527 5089 enixa
2555 5042 2662 5098 est,
2689 5032 2743 5086 in
2777 5033 3010 5101 quodam
3055 5031 3243 5101 templi
3286 5030 3407 5085 loco
3439 5029 3664 5098 virgini-

2086 5128 2192 5183 bus
2222 5126 2496 5183 destinato
2549 5125 2853 5180 consistere
2912 5122 3275 5192 permisisset,
3320 5131 3376 5177 et
3428 5121 3663 5177 dixisset

2094 5235 2113 5270 ι
2144 5217 2558 5288 prohibentibus
2587 5230 2733 5283 eam,
2779 5215 3036 5285 quoniam
3067 5213 3232 5284 digna
3261 5220 3342 5269 est
3387 5212 3658 5282 virginum

2086 5310 2228 5377 loco,
2256 5326 2378 5364 cum
2400 5309 2470 5364 sit
2492 5310 2666 5379 virgo.
2698 5326 2718 5360 ι

2158 5400 2246 5456 ιιι.
2275 5400 2497 5457 Beatam
2533 5400 2810 5470 Virginem
2839 5397 3046 5453 nullum
3085 5412 3323 5467 unquam
3364 5397 3419 5451 in
3450 5410 3510 5451 se
3526 5410 3660 5450 con-

2087 5493 2299 5560 cepisse
2316 5501 2621 5560 peccatum,
2649 5490 2808 5545 hodie
2835 5490 3088 5545 Ecclesiae
3116 5499 3292 5543 ratum
3308 5497 3415 5553 est,
3438 5497 3496 5542 et
3537 5484 3662 5541 Tri~

2087 5582 2293 5638 dentini
2317 5582 2533 5637 concilii
2562 5582 2836 5637 ﬁrmatum
2870 5580 3194 5636 auctoritate
3223 5579 3522 5635 decretum.
3540 5574 3661 5647 Quo

1440 5750 1459 5781 ³
1489 5749 1684 5805 Ezech.
1725 5761 1869 5811 κων,
1894 5746 1952 5799 2.
2029 5744 2047 5778 ‘
2077 5742 2210 5800 Luc.
2238 5754 2298 5804 tt,
2322 5738 2413 5795 23.

3301 5823 3379 5883 27
