4160 6396
547 300 654 356 845

1813 301 1870 354 Ρ.
1918 297 2232 353 DANIELIS
2271 297 2508 354 HUETII

3700 297 3807 353 844

545 418 1002 490 acquiescendum
1032 420 1210 489 potius
1247 429 1353 487 est,
1381 434 1542 490 quam
1578 429 1824 476 veterum
1854 420 2037 483 dictis,
2067 420 2110 473 si
2146 424 2190 478 Α
2219 435 2466 488 quaenam
2500 421 2644 476 enim
2679 421 2944 476 adversus
3010 428 3121 473 tam
3176 429 3422 489 apertam
3477 419 3804 473 sententiam

545 513 636 580 qui
663 525 821 564 secus
843 510 1046 564 sentire
1079 511 1175 566 visi
1209 521 1356 566 sunt.
1385 512 1533 567 Inter
1571 513 1691 566 illos
1747 513 2118 566 munerandus

528 601 831 672 Origenes,
866 603 957 670 qni
989 601 1088 671 legi
1113 604 1320 669 peccati
1356 603 1585 657 Mariam
1637 604 1842 658 Christi
1892 613 2119 656 matrem

521 707 647 749 anon
679 693 965 747 obnoxiam
1030 681 1199 748 fuisse
1235 694 1419 753 modo,
1473 696 1567 747 sed
1618 703 1672 748 et
1717 695 1962 762 paruisse
1985 705 2118 760 pro-

516 784 810 838 .nuntiavit
840 783 924 838 his
949 784 1128 838 verbis
1153 802 1167 838 :
1206 802 1222 835 ι
1259 783 1434 850 Quid?
1461 782 1722 839 Putamus
1749 782 1893 853 quod
1948 795 2117 835 scan-

537 876 793 932 dalizatis
820 876 1081 946 apostolis
1133 883 1303 930 Mater
1341 875 1553 929 Domini
1592 890 1621 928 a
1658 873 1917 930 seandalo
1953 873 2118 930 fuerit

510 968 840 1024 immunis?
871 969 928 1024 Si
979 968 1294 1025 scandalum
1357 969 1408 1022 in
1462 966 1673 1022 Domini
1710 969 1964 1040 passione
2010 983 2116 1023 non

538 1077 700 1133 passa
735 1073 840 1128 est,
900 1076 1005 1117 non
1051 1069 1135 1116 est
1188 1069 1435 1114 mortuus
1489 1059 1648 1116 Iesus
1711 1075 1810 1130 pro
1876 1061 2118 1131 peccatis

533 1153 676 1222 ejus.
701 1153 758 1209 Si
794 1161 972 1208 autem
1009 1171 1186 1208 omnes
1234 1161 1605 1224 peccauerunt,
1641 1161 1690 1205 et
1742 1164 1890 1223 egent
1941 1152 2116 1224 gloria

533 1245 962 1314 Deirjustiﬁcali
992 1246 1168 1314 gratia
1190 1245 1328 1314 ejus,
1355 1256 1404 1299 et
1427 1243 1678 1314 redempti
1708 1244 1754 1310 ',
1810 1245 2002 1313 utique
2057 1256 2114 1300 et

532 1337 820 1394 Ilariaillo
844 1349 1088 1407 tempore
1119 1337 1490 1393 scandalizata
1514 1346 1622 1392 est.
1644 1337 1711 1391 Et
1735 1337 1839 1390 hoc
1861 1345 1946 1390 est
1969 1340 2114 1406 quod

531 1447 675 1487 nunc
700 1430 920 1486 Simeon
945 1432 1253 1500 prephetat,
1284 1431 1472 1486 dicens
1502 1447 1516 1484 :
1549 1430 1614 1484 Et
1640 1440 1785 1484 luam
1807 1431 1972 1498 ipsius
1993 1430 2113 1484 ani-

485 1561 488 1564 .
530 1539 674 1577 mam
698 1523 745 1586 ⁸,
768 1537 888 1592 qua:
917 1522 1027 1577 scis
1057 1525 1266 1592 absque
1298 1522 1416 1577 viro
1444 1523 1720 1592 peperisse
1746 1531 1799 1576 te
1822 1522 2108 1591 virginem,

529 1630 652 1685 qua:
671 1614 873 1668 audisti
909 1629 944 1668 a
969 1613 1263 1670 Gabriele:
1299 1615 1532 1685 Spiritus
1577 1628 1792 1671 sanctus
1820 1617 1988 1672 veniet
2022 1634 2112 1672 su-

527 1723 619 1772 per
644 1717 714 1771 te,
731 1717 778 1760 et
801 1707 964 1760 virtus
992 1705 1252 1762 Altissinti
1280 1708 1610 1762 obumbrabit
1641 1708 1732 1761 tibi
1755 1709 1796 1773 ",
1827 1719 2109 1778 pertrans-

2225 514 2401 570 valeat
2425 515 2715 585 exceptio?
2747 515 2878 568 Nam
2906 516 2983 568 ait
3012 531 3032 564 ι
3078 513 3180 568 hoc
3219 513 3272 566 in
3324 512 3446 566 loco
3481 511 3803 581 apparuisse

2223 607 2659 664 incredulitatem
2705 622 2918 668 eorum,
2949 625 2968 658 ι
3007 621 3128 661 cum
3175 605 3500 674 praedicaret
3547 604 3805 659 Christus

2221 714 2446 770 regnum
2475 701 2592 764 Dei,
2629 709 2685 755 et
2705 699 2985 755 extraneis
3025 699 3077 752 in
3121 697 3270 751 illum
3305 696 3500 753 deﬁxis
3549 698 3804 753 abessent

2221 790 2480 860 proximi.
2506 791 2669 859 Atqui
2705 791 2971 861 virginem
3008 789 3146 843 dixit
3171 803 3280 843 non
3315 803 3473 859 seque
3506 788 3805 844 adhaesisse

2219 880 2439 937 Christo
2465 897 2531 936 ac
2577 880 2845 936 Martham
2875 891 2931 936 et
2962 878 3210 934 Mariam.
3265 878 3540 950 Virginem
3593 881 3761 952 igitur
3781 922 3798 944 ,

2219 974 2404 1030 itidem
2445 983 2504 1028 ut
2526 973 2739 1028 Domini
2768 972 2983 1037 fratres,
3019 971 3420 1027 incredulitatls
3441 972 3643 1042 arguit.
3677 972 3804 1029 Ori-

2218 1079 2410 1135 genem
2437 1079 2654 1135 quoque
2675 1075 2865 1118 contra
2897 1063 3224 1118 Rhenanum
3257 1064 3402 1118 idem
3441 1063 3540 1133 ipsi
3591 1065 3799 1120 crimen

2216 1155 2562 1225 objicientem
2611 1153 2901 1209 defendere
2961 1160 3119 1220 parat
3154 1151 3424 1205 Pamelius
3470 1151 3575 1206 hoc
3633 1167 3801 1221 argu-

2219 1255 2422 1310 mento,
2447 1242 2590 1314 quod
2617 1243 2834 1298 beatam
2857 1241 3137 1312 Virginem
3173 1239 3578 1295 imtnaculatam
3610 1243 3796 1312 appel-

2217 1338 2307 1392 let.
2331 1337 2681 1392 Commodius
2709 1335 2884 1390 locum
2909 1348 2976 1388 ex
2999 1333 3188 1389 homil.
3215 1333 3287 1388 20
3307 1334 3361 1386 in
3398 1333 3526 1388 Luc.
3550 1336 3798 1404 proxime

2214 1428 2510 1482 adductum
2556 1440 2831 1498 exponere
2875 1425 3071 1495 satagit
3101 1424 3292 1478 Sixtns
3331 1424 3592 1480 Senensis
3630 1425 3726 1482 lib.
3763 1440 3796 1479 ν

2212 1518 2491 1585 Biblioth.,
2509 1521 2692 1574 adnot.
2715 1517 2852 1573 “0:
2879 1535 2898 1568 ι
2925 1516 3084 1582 Puto,
3108 1516 3300 1586 inquit,
3323 1516 3608 1586 Origencm
3635 1532 3797 1572 voca-

2215 1612 2342 1666 bulo
2378 1611 2550 1680 plenae
2594 1611 2718 1677 fidei
2771 1609 3104 1665 intellexisse
3157 1607 3372 1677 plenam
3421 1609 3789 1680 cognitionem

2213 1705 2457 1758 omnium
2507 1703 2894 1774 mysteriorum
2953 1699 3256 1756 divinitatis
3319 1710 3374 1756 et
3431 1700 3792 1754 humanitatis

529 1799 632 1854 ibit
687 1799 1026 1855 lnlidelitatis
1061 1800 1300 1870 gladius,
1336 1809 1390 1856 et
1441 1775 2107 1872 ambiguitatisimucrone
2139 1775 2181 1830 Β
2209 1794 2439 1859 Christi,
2468 1809 2633 1862 quam
2662 1793 2830 1846 Maria
2859 1790 3024 1862 Virgo
3057 1791 3292 1846 nondum
3320 1806 3386 1846 eo
3410 1799 3657 1862 tempore
3687 1793 3790 1846 ha-

527 1890 765 1948 ferieris.
812 1911 832 1944 ι
870 1890 1065 1947 Iacent
1115 1893 1204 1946 illa
1265 1893 1319 1946 in
1380 1893 1570 1948 homil.
1605 1894 1668 1947 l7
1709 1895 1764 1948 in
1793 1892 1948 1958 Luc.,
1987 1909 2107 1962 qua:

525 1983 806 2051 αὐτολεξεὶ
838 1984 1226 2054 propemodum
1256 1985 1309 2038 in
1350 1985 1764 2054 epistolatn.5l.7
1797 1985 1978 2040 retulit
2005 1985 2106 2038 Ba—

524 2075 718 2143 silius;
749 2076 936 2145 gladio
961 2076 1105 2130 enim
1155 2076 1248 2130 illo
1294 2076 1684 2131 dubitationem
1742 2076 2031 2144 quamdam
2074 2089 2102 2128 a

527 2168 784 2223 Simeone
819 2178 1057 2224 notatam
1089 2184 1209 2225 esse
1247 2171 1456 2238 scribit,
1484 2185 1614 2240 .qure
1645 2169 1832 2224 Mariae
1865 2169 2104 2224 animam

524 2259 580 2314 in
603 2271 808 2331 partes,
855 2271 1085 2318 mortem
1106 2263 1368 2333 ...patiente
1386 2263 1631 2329 Christo,
1666 2263 1904 2317 divisura
1937 2271 2057 2317 erat
2083 2303 2100 2328 ,

519 2352 676 2420 juxta
699 2351 903 2406 Christi
937 2353 1218 2407 oraculum
1248 2369 1262 2407 :
1299 2372 1318 2406 ‹
1348 2353 1551 2408 Omnes
1594 2350 2101 2408 scandalizabimini

523 2441 578 2496 in
619 2457 704 2496 me
729 2442 790 2496 δε
827 2443 1125 2514 ralioquin
1161 2444 1378 2499 adeam
1407 2440 1832 2498 mortisChristi
1865 2440 2100 2495 fructum

522 2546 631 2586 non
660 2531 828 2587 fuisse
855 2543 1264 2601 perventurum.
1291 2533 1492 2587 Eodem
1521 2531 1687 2586 verba
1714 2529 1986 2584 Simeonis
2009 2530 2103 2583 de-

524 2631 777 2693 torquent
808 2624 963 2679 Titus
991 2625 1315 2691 Bostrenus,
1355 2623 1770 2693 Amphilochius
1793 2631 1934 2678 orat.
1959 2622 1993 2676 5
2027 2621 2101 2675 De

521 2731 740 2770 occursu
759 2714 994 2783 Domini,
1022 2717 1444 2782 Chrysostomus
1473 2717 1527 2770 in
1584 2716 1724 2784 psal.
1763 2729 1888 2778 xttt,
1919 2713 2100 2786 Cyril-

518 2805 605 2861 Ius
637 2807 692 2861 in
722 2805 883 2861 Joan.
913 2851 928 2873 ,
958 2819 1146 2864 auctor
1202 2808 1325 2864 libri
1364 2807 1729 2874 Quwstionum
1793 2804 1994 2861 Veteris
2048 2815 2101 2859 et

519 2895 660 2951 Novi
687 2895 1026 2961 Testamenti,
1062 2899 1366 2970 Augustino
1400 2899 1643 2968 ascripti,
1695 2905 1890 2966 quaest.
1926 2897 1995 2952 73
2044 2905 2100 2952 et

519 2984 952 3058 Tbeophylactus
979 2991 1036 3043 in
1057 2989 1185 3044 Luc.
1219 2989 1531 3056 it.Qnorum
1557 2988 1796 3043 nonnulli
1827 2987 2097 3058 Virginem

520 3091 648 3152 post
675 3081 1085 3140 ﬂuctuationem
1128 3083 1274 3136 illam
1303 3081 1480 3136 animo
1519 3081 1896 3135 conlirmatam
1927 3077 2096 3132 fuisse
2124 3121 2166 3180 ο

519 3177 726 3244 dicunt,
751 3177 1009 3234 Basilium
1037 3177 1198 3248 hujus
1235 3187 1514 3234 auctorem
1538 3175 1822 3232 sententia:
1855 3173 2100 3245 pressius

506 3273 800 3328 (asseclati.

562 3382 848 3456 "Origenes
880 3385 1066 3440 itidem
1097 3383 1282 3440 homil.
1317 3383 1389 3439 20
1416 3383 1473 3438 in
1507 3381 1638 3438 Luc.
1681 3381 1860 3436 dubia:
1901 3391 1957 3436 et
2010 3381 2096 3436 in-

513 3487 682 3533 certae
715 3477 836 3532 lidei
874 3476 1100 3531 Mariam
1158 3477 1232 3530 ita
1283 3484 1507 3530 accusat
1542 3493 1556 3526 :
1593 3493 1612 3526 ε
1653 3472 1828 3529 Simul
1879 3483 1933 3528 et
1966 3473 2096 3528 illud

521 3569 806 3632 attendite,
835 3567 979 3637 quod
1026 3567 1266 3638 quandiu
1320 3567 1374 3621 in
1417 3566 1759 3636 possessione
1793 3564 1970 3619 Patris
2010 3565 2096 3619 sui

519 3661 622 3717 fuit
650 3661 878 3732 (Iesus),
912 3675 1125 3716 sursum
1156 3667 1300 3724 erat,
1332 3661 1458 3728 quia
1506 3659 1735 3714 necdum
1785 3659 1996 3730 plenam
2028 3659 2096 3712 li-

518 3753 641 3807 dem
667 3750 865 3823 Ioseph
899 3761 956 3806 et
974 3749 1166 3806 Maria
1207 3750 1507 3815 habebant,
1559 3760 1846 3822 propterea
1879 3765 2095 3806 sursum

515 3861 641 3903 cum
671 3861 736 3902 eo
789 3859 1014 3901 manere
1069 3860 1173 3900 non
1237 3854 1567 3916 poterant”
1605 3844 1668 3900 Et
1706 3844 1870 3915 paulo
1924 3852 2092 3914 post:

521 3956 543 3990 ι
576 3936 740 3991 Maria
776 3945 958 3990 autem
1013 3935 1378 3990 conservabat
1425 3936 1612 3990 omnia
1673 3937 1839 3990 verba
1890 3934 2005 3988 haec
2038 3933 2092 3986 in

514 4029 679 4084 corde
707 4044 807 4082 suo
831 4028 875 4079 ⁸.
907 4026 1033 4082 Plus
1079 4025 1279 4094 aliquid
1301 4039 1478 4095 quam
1509 4025 1575 4080 de
1596 4024 1829 4080 momine
1852 4025 2095 4092 suspica-

517 4120 700 4175 batur.
733 4139 752 4172 ι
783 4119 1044 4172 Eamdenr
1076 4117 1288 4186 exiguae
1314 4116 1435 4171 lidei
1462 4115 1674 4184 culpam
1720 4114 1903 4169 Mariae
1932 4112 2093 4168 aliin-

515 4210 594 4281 git
620 4209 988 4265 Tertullianus
1018 4209 1114 4264 lib.
1143 4207 1222 4264 'De
1255 4224 1412 4262 carne
1435 4204 1658 4272 Christi,
1689 4222 1810 4274 cap.
1837 4207 1900 4260 7:
1940 4223 1958 4256 ι
1985 4202 2092 4258 Sed

514 4317 637 4374 quae
666 4304 807 4356 ratio
862 4301 1130 4370 responsi,
1189 4298 1387 4370 inquit,
1437 4309 1666 4352 matrem
1692 4309 1744 4352 et
1769 4299 1968 4352 fratres
2023 4295 2091 4350 ad

516 4407 754 4464 praesens
777 4391 1042 4461 negantis,
1076 4392 1249 4445 discat
1267 4390 1430 4444 etiam
1454 4388 1690 4460 Apelles.
1725 4387 1952 4442 Fratres
1983 4386 2089 4442 Do-

519 4483 651 4537 mini
679 4497 784 4536 non
814 4482 1161 4536 crediderunt
1195 4480 1248 4534 in
1283 4479 1461 4539 illum.
1497 4480 1637 4534 sicut
1668 4489 1724 4532 et
1767 4479 1820 4532 itt
1850 4475 2096 4546 Evangc-
2130 4483 2173 4538 ι)

503 4573 591 4628 dio
624 4584 751 4627 ante
790 4569 1120 4624 Marcionctn
1170 4569 1320 4624 edito
1370 4568 1699 4622 continetur.
1733 4566 1904 4619 Mater
1941 4579 2097 4632 aeque

505 4679 625 4721 non
686 4665 1096 4718 demonstratur
1149 4660 1439 4714 adhaesisse
1482 4657 1588 4727 illi,
1627 4673 1750 4713 cum
1784 4655 1995 4711 Martha
2041 4665 2096 4711 et

515 4755 684 4812 Maria
715 4755 817 4810 alia
843 4756 896 4809 in
918 4753 1250 4809 commercio
1277 4751 1394 4820 ejus
1421 4751 1853 4820 lrequententur.
1873 4748 1987 4803 Hoc
2009 4749 2097 4803 de-

516 4846 906 4918 niquein'loco
946 4853 1169 4914 apparet
1230 4842 1584 4898 incredulitas
1632 4857 1845 4905 eorum,
1877 4857 2000 4895 cum
2051 4840 2095 4896 is

517 4937 913 4994 doceret-viam
948 4938 1091 4998 vitm,
1141 4951 1263 4990 cum
1301 4935 1394 4990 Dei
1448 4950 1676 5005 regnum
1726 4933 2094 5004 praedicaret,

515 5047 637 5086 cum
665 5029 1019 5102 languoribus
1052 5039 1106 5084 et
1137 5029 1286 5083 vitiis
1317 5028 1596 5083 medendis
1627 5037 1969 5097 operaretur,
1995 5041 2094 5079 ex-

516 5121 722 5180 traneis
760 5119 950 5176 deﬁxis
983 5118 1036 5173 iu
1072 5118 1224 5172 illum
1256 5127 1362 5173 tam
1401 5118 1636 5188 proximi
1659 5117 1957 5174 aberant.»
1987 5115 2094 5170 Sed

515 5229 744 5271 causam
774 5228 872 5284 pro
895 5212 1120 5268 eodicit
1151 5211 1456 5279 Pamelius,
1497 5220 1552 5266 et
1593 5221 1760 5266 totam
1799 5209 2097 5271 increduli-

515 5305 646 5360 tatis
676 5315 860 5360 notam
903 5304 956 5358 in
987 5302 1184 5358 fratres
1215 5301 1510 5369 transfert;
1538 5312 1591 5358 et
1623 5299 1848 5355 Matrem
1870 5300 2096 5356 Christo

517 5408 622 5455 non
671 5392 966 5448 adhaesisse
990 5401 1218 5446 eatenus
1259 5400 1466 5446 tantum
1519 5391 1626 5446 dici
1652 5390 1786 5456 vult,
1823 5403 2094 5460 quatenus

503 5503 622 5542 .non
656 5465 912 5542 omnibus
945 5485 1149 5542 Christi
1183 5486 1539 5541 concionibus
1581 5484 1849 5541 interluit.
1879 5484 2089 5538 Lauda-

498 5576 646 5632 .bilis
662 5575 904 5645 quidem,
938 5576 1034 5630 sed
1062 5575 1264 5631 irritus
1281 5587 1367 5632 est
1389 5575 1628 5630 .Pamelii
1666 5583 1936 5630 conatus:
1989 5588 2084 5632 ec-

528 5741 536 5747 ’
572 5742 604 5774 ⁸
636 5738 797 5799 Rom.
831 5753 918 5808 ut,
941 5739 1034 5811 25,
1064 5740 1158 5796 24.

2210 1889 2406 1953 bebat;
2440 1885 2690 1954 quamvis
2728 1899 2792 1940 ea
2822 1884 3027 1949 omnia,
3053 1899 3174 1955 quae
3198 1893 3309 1937 tum
3343 1885 3410 1938 de
3433 1882 3654 1939 Christo
3689 1899 3789 1940 no-

2207 1987 2381 2042 verat,
2429 1977 2738 2033 certissima
2791 1985 2846 2030 et
2877 1976 3200 2030 inconcussa
3241 1976 3343 2029 lide
3383 1984 3618 2030 teneret.
3653 1995 3672 2029 s
3705 1977 3786 2031 Ad

2207 2071 2444 2140 priorem
2481 2083 2611 2122 vero
2641 2082 2707 2122 ex
2742 2066 2932 2121 homil.
2980 2066 3039 2120 I7
3089 2067 3401 2122 diluendum
3448 2067 3626 2122 locum
3657 2083 3790 2123 con-

2205 2161 2405 2218 ducere
2430 2170 2644 2231 poterat
2676 2160 2900 2214 Thoma:
2939 2158 3164 2225 solutio,
3191 2159 3584 2214 dubitationem
3615 2160 3783 2224 illam,

2205 2253 2610 2306 admirationem
2642 2260 2699 2305 ct
2726 2251 3105 2304 discussionem
3138 2251 3582 2320 interpretantis,
3605 2252 3648 2305 si
3676 2267 3781 2306 non

2205 2343 2442 2413 rcjicnla:
2474 2343 2577 2397 illae
2614 2342 2856 2395 scandali
2881 2351 2935 2395 et
2965 2339 3302 2404 inﬁdelitatis
3348 2342 3496 2394 vocis
3531 2358 3787 2396 occurre-

2204 2445 2346 2488 rent.
2373 2434 2541 2489 Porro
2577 2437 2780 2490 absona
2820 2435 2954 2500 lucc,
2973 2444 3028 2489 et
3050 2436 3118 2488 ab
3144 2433 3396 2490 Ecclesiae
3419 2435 3635 2504 placitis
3667 2437 3779 2491 dis-

2203 2541 2433 2596 crepans
2471 2538 2719 2582 veterum
2775 2525 2982 2596 aliquot
3017 2526 3084 2581 de
3114 2526 3280 2580 Maria
3322 2528 3615 2588 sententia,
3648 2528 3786 2580 alia}

2201 2633 2307 2688 que
2332 2619 2602 2689 ejusmodi
2637 2619 2931 2685 nonnullzc,
2959 2635 3093 2688 quas
3139 2622 3398 2676 brevitati
3430 2623 3785 2677 consulentes

2202 2713 2694 2780 praetermittimus,
2752 2727 2974 2766 causam
3023 2713 3294 2769 dederunt
3344 2713 3674 2770 Lutlteranis
3727 2724 3784 2770 et

2199 2803 2538 2870 Calvinistis,
2583 2819 2681 2857 cur
2722 2803 2934 2857 beatam
2972 2802 3202 2858 Mariam
3259 2804 3591 2876 reliquorum
3627 2821 3782 2863 more

2201 2895 2485 2950 hominum
2525 2909 2785 2950 oeccasse
2813 2895 3146 2948 sciscerent.

2766 3007 3092 3074 QUIESTIO
3146 3007 3212 3065 V.

2817 3118 2887 3156 DE
2923 3117 3167 3158 ANGBLIS.

2207 3190 2251 3248 I.
2300 3188 2559 3265 Via:_ce_rti
2583 3192 2881 3265 quidquam
2899 3195 3140 3264 Origenis
3164 3204 3319 3249 (elate
3338 3195 3404 3248 de
3430 3194 3632 3265 angelis
3661 3195 3778 3264 fue-

2267 3271 2365 3315 .rat
2391 3262 2690 3335 deﬁnitum.
2742 3264 2804 3319 ll.
2850 3262 3123 3327 Quatritur
3170 3282 3273 3335 quo
3305 3262 3535 3335 tempore
3569 3262 3782 3334 angelos

2266 3343 2314 3386 et
2356 3334 2578 3406 rationis
2606 3343 2863 3400 rompotes
2893 3345 3108 3406 naturas
3135 3334 3365 3406 reliquas
3389 3334 3422 3388 ὰ
3451 3336 3557 3388 Deo
3591 3339 3784 3406 condi-

2280 3413 2380 3464 tas,
2413 3415 2458 3456 et
2482 3405 2534 3454 in
2569 3412 2836 3468 peccatum
2882 3405 3126 3472 delapsas
3157 3403 3304 3459 ratus
3341 3407 3427 3458 sit.
3461 3406 3548 3459 III.
3587 3403 3778 3459 Utrum

2272 3475 2485 3540 angelos
2524 3485 2829 3540 corporatos
2862 3491 2972 3527 esse
2991 3478 3277 3529 censuerit.
3303 3475 3391 3530 IV.
3426 3475 3538 3530 Sibi
3571 3478 3779 3530 videtur

2275 3543 2562 3611 aliquando
2586 3559 2686 3596 non
2735 3553 2995 3598 constare.
3042 3545 3102 3600 V.
3141 3546 3246 3600 Sed
3286 3549 3640 3600 conciliantur
3664 3549 3781 3601 dis~

2277 3615 2551 3666 cordantes
2609 3613 2729 3665 loci.
2777 3613 2859 3667 Vl.
2893 3612 3079 3667 Utrum
3106 3617 3336 3668 animum
3359 3617 3464 3669 illis
3493 3617 3678 3679 inesse,
3707 3635 3776 3670 an

2275 3685 2415 3746 ipsos
2455 3699 2564 3736 esse
2597 3685 2800 3736 animas
2829 3683 3042 3738 dixerit.
3073 3685 3179 3738 VII.
3211 3687 3529 3754 Angelorum
3566 3690 3702 3739 inter
3725 3698 3776 3740 et

2273 3757 2571 3826 daemonum
2603 3769 2842 3826 corpora
2894 3757 3176 3810 discrimen
3229 3759 3448 3826 aliquod
3505 3759 3775 3812 tenuitatis

2275 3824 2565 3877 constituit.
2603 3820 2732 3876 VIII.
2788 3823 3184 3880 Consentientes
3216 3820 3370 3880 habet
3419 3825 3609 3880 Patres
3649 3829 3777 3882 bene

2267 3895 2478 3965 multos.
2507 3892 2601 3965 IX.
2642 3890 2978 3962 Origeninna:
2998 3898 3269 3949 sententia:
3296 3897 3453 3950 radix
3492 3899 3774 3965 investiga-

2277 3977 2384 4018 tur.
2420 3963 2486 4018 X.
2519 3961 2707 4016 Utrum
2744 3961 2920 4035 aquas
2953 3981 3067 4033 qna’
3115 3982 3275 4030 supra
3323 3977 3368 4018 et
3420 3968 3562 4035 infra
3590 3961 3778 4035 ﬁrma-

2271 4044 2504 4088 mentum
2546 4043 2690 4095 sunt,
2728 4034 2937 4100 angelos
2961 4050 3071 4088 esse
3097 4037 3384 4089 arbitratus
3421 4034 3509 4089 sit.
3537 4034 3626 4091 Xl.
3666 4039 3775 4091 Ec~

2269 4111 2392 4175 quid
2421 4108 2485 4155 (le
2515 4101 2818 4175 angelorum
2845 4103 3349 4175 libertate,meritis,
3373 4109 3572 4175 gratia,
3601 4125 3775 4162 remu-

2274 4173 2547 4228 neratione
2576 4190 2636 4224 ac
2674 4173 2838 4237 pmnis
2886 4175 3152 4227 statuerit.
3185 4173 3297 4228 XII.
3328 4173 3550 4230 Patrum
3586 4181 3776 4231 mullo-

2268 4261 2385 4296 rum
2417 4243 2664 4297 adversus
2695 4243 2828 4295 hanc
2850 4243 3011 4308 ipsius
3032 4245 3323 4299 doctrinam
3363 4251 3612 4302 convicia.
3635 4248 3770 4304 XIII.

2270 4313 2460 4368 Utrum
2491 4314 2715 4380 priorem
2747 4315 3030 4366 crediderit
3061 4316 3333 4368 hominum
3362 4333 3432 4369 an
3471 4321 3770 4373 dmmonunt

2273 4394 2540 4446 naturam,
2581 4381 2904 4456 exploratur.
2937 4381 3076 4438 XIV.
3110 4384 3193 4438 Ea:
3222 4387 3347 4451 ipsis
3370 4386 3620 4456 Origenis
3657 4405 3765 4442 ber~

2275 4456 2351 4508 bis
2389 4454 2658 4525 sententia
2705 4451 3036 4525 illi_t_ts_super
3082 4456 3386 4525 angelorum
3421 4451 3658 4512 libertate
3706 4475 3770 4513 ac

2268 4524 2465 4577 meritis
2491 4522 2745 4594 aperitur.
2911 4521 3006 4594 plu
3029 4521 3171 4594 iqua'
3189 4536 3365 4580 tamen
3405 4529 3608 4580 videtur
3645 4545 3772 4582 non-

2270 4591 2538 4668 nunquam
2555 4591 2975 4668 titubareLXVl.‘
2997 4591 3186 4668 causa:
3212 4597 3334 4649 huic
3358 4596 3543 4651 Patres
3566 4600 3768 4668 aliquot

2273 4664 2658 4735 suﬂrngantur.
2687 4661 2850 4735 XVII.
2881 4663 3095 4731 Origeni
3141 4664 3316 4734 favent
3350 4668 3460 4721 alia
3505 4661 3767 4735 quwdam.

2273 4731 2459 4788 XVIII.
2487 4731 2672 4808 Utrum
2702 4734 2914 4808 angelos
2948 4731 3346 4808 ab__liominib~us
3401 4731 3599 4808 erudiri
3645 4757 3768 4808 per-

2273 4821 2487 4859 suasum
2514 4802 2791 4875 habuerit.
2825 4802 3328 4875 XIX_._7l:_'prenditur
3371 4807 3483 4875 ejus
3514 4802 3769 4862 sententia

2271 4876 2335 4950 de
2372 4872 3055 4950 angelis'judica‘ndis._XX.
3081 4873 3247 4944 Cujus
3271 4872 3614 4944 fundamenta
3647 4896 3772 4950 ape-

2209 4967 2212 4970 ’
2275 4941 2506 4997 rinntur.
2558 4941 2873 5012 XXIaEaim
2911 4943 3113 5012 [rustra
3154 4941 3406 5001 excusare
3442 4941 3767 5005 conntnr'S.

2275 5013 2522 5087 Thomas.
2581 5011 2738 5087 XXII.
2791 5011 2917 5087 Quo
2956 5023 3182 5087 tempore
3229 5030 3461 5070 extrema
3512 5021 3768 5087 supplicia

2271 5082 2593 5137 dwmonilms
2615 5081 2688 5132 vel
2727 5081 2930 5202 itglicta
2962 5085 3038 5136 vel
3065 5086 3349 5154 infligenda
3382 5081 3633 5156 Origenes
3658 5106 3767 5143 cre-

2271 5154 2486 5202 diderit.
2527 5149 2710 5202 XXIII.
2811 5153 2977 5202 riaeni
3027 5160 3390 5202 assentiuntur
3434 5157 3618 5202 Pun-es
3658 5162 3767 5202 ηιρ.

2269 5149 2977 5226 diderit.__X‘_X_llI._'Origeni
3027 5149 3390 5209 asseniiuntur
3429 5149 3618 5210 Plures
3657 5162 3768 5226 ple-

2268 5227 2433 5293 rique.
2466 5220 2652 5296 XXIV.
2685 5218 2882 5296 Utrum
2933 5222 3204 5278 hominum
3245 5227 3528 5296 sanctitate
3575 5218 3767 5296 ﬂoren-

2266 5291 2398 5348 tium
2431 5295 2633 5345 animus
2673 5291 2888 5359 angelos
2918 5308 3031 5346 esse
3068 5297 3308 5349 senserit.
3331 5295 3495 5352 XXV.
3523 5291 3770 5352 Nonnul-

2271 5361 2931 5437 lorumcrintinationibus
2968 5365 3240 5437 opinionis
3272 5367 3433 5436 hujus
3478 5385 3639 5421 causa
3665 5371 3770 5437 [uit

2273 5434 2549 5487 obnoxius.
2586 5429 2775 5504 XXVI.
2833 5429 3122 5486 Ventilatur
3159 5438 3274 5504 ejus
3303 5429 3558 5491 sententia
3595 5429 3751 5494 de'tu

2273 5504 2526 5575 talaribus
2565 5500 3195 5575 nngeli_s_;___ac_primuni
3246 5511 3499 5575 gentium,
3553 5506 3768 5566 XXVII.

2271 5572 2654 5637 Ecclesiarum,
2733 5570 2972 5628 XXVIII.
3035 5570 3331 5632 Hominum
3415 5570 3768 5651 singulorum,

1282 5740 1414 5799 Luc.
1449 5755 1515 5807 tt,
1539 5741 1628 5797 55.
1706 5742 1725 5775 ⁷
1754 5740 1887 5799 Luc.
1917 5756 1954 5811 ι,
1983 5739 2074 5797 55.
2152 5739 2174 5773 ⁸
2200 5735 2366 5798 Marc.
2398 5758 2510 5813 ειν,
2534 5742 2622 5800 27.
2702 5746 2724 5780 ⁸
2759 5745 2888 5802 Luc.
2916 5758 2977 5812 tt,
3003 5741 3092 5800 5i.
