4160 6394
344 457 450 514 845

1166 450 1748 511 ORIGENIANORUM
1790 450 1919 504 LIB.
1961 449 2027 516 II,
2070 448 2223 504 CAP.
2271 449 2334 514 11,
2375 449 2656 517 QUtEST.
2701 450 2765 507 ν.

3507 454 3537 510 Ε
3555 451 3616 510 ΞΒ

419 582 608 640 XXIX.
645 582 711 637 Et
753 599 924 636 rerum
959 582 1138 635 anima
1171 584 1483 636 carentium.
1515 578 1684 633 XXX.
1727 577 1920 634 Utrum
1953 578 1999 633 Α
2033 574 2314 626 conditum
2344 614 2359 638 ,
2406 582 2464 627 ut
2515 583 2724 629 natura:
2781 573 2885 629 illa:
2926 574 3223 632 rationales
3275 577 3327 629 in
3363 590 3485 632 eum
3515 591 3617 650 pro

418 658 702 726 unicuique
759 654 896 726 genti
941 663 986 726 et
1016 653 1216 726 homini
1258 653 1471 726 angelos
1522 653 1689 714 duos,
1735 651 1927 705 bonum

419 721 859 784 unnm.”malum
912 721 1136 775 alterum
1171 723 1330 776 simul
1367 725 1612 776 assistere
1643 727 1925 789 putaverit.

421 796 612 851 XXXI.
645 793 793 847 Fons
817 793 1259 862 Origenianarum
1290 796 1354 846 de
1389 793 1585 856 angelis
1617 791 1928 848 tutelaribns

413 867 793 920 sententiarum
852 862 1167 916 ostenditur.
1241 862 1459 918 XXXII.
1546 863 1928 928 Astipulatores

417 934 606 988 Patres
655 945 1010 986 recensentur.
1062 931 1302 989 XXXIII.
1360 933 1456 986 Em
1483 945 1530 985 et
1574 948 1638 984 ea:
1681 933 1928 1000 Origenis

414 1006 766 1075 ﬂuctuatione
803 1001 1046 1056 excusari
1093 1014 1334 1071 possunt.
1393 1002 1632 1075 XXXIV.
1675 1003 1817 1068 Quid
1865 1007 1930 1058 de

410 1073 613 1159 ingrati-2'
682 1075 1373 1159 ςιὶυχοττομποῖςηορὶηαιτιοε
1432 1077 1566 1159 .sit,
1619 1073 1926 1159 inndagatttr.

414 1144 635 1201 XXXV.
681 1144 951 1212 Quazritur
997 1146 1122 1213 quid
1158 1146 1374 1199 senserit
1409 1145 1474 1199 de
1505 1144 1705 1211 angelis
1751 1162 1925 1200 remur

409 1217 745 1270 nerationum
805 1224 854 1268 et
919 1230 1189 1282 poenarum
1249 1216 1600 1268 administris.
1666 1213 1910 1271 XXXVI.

409 1284 600 1340 Utrum
632 1287 842 1350 angelos
877 1286 1178 1354 neutiquam
1209 1287 1526 1338 invocandas
1557 1301 1666 1338 esse
1695 1298 1917 1354 putave-

403 1360 496 1414 rit.
564 1355 828 1411 XXXVII.
890 1352 1082 1408 Utrum
1151 1364 1201 1408 et
1271 1357 1535 1425 quomodo
1598 1352 1913 1411 cherubinos

409 1427 543 1482 Filii
592 1427 931 1496 cogitationes
968 1441 1079 1478 esse
1121 1427 1338 1480 dixerit.
1391 1425 1679 1481 XXXVIII.
1726 1426 1919 1481 Utrum

415 1500 678 1552 darmones
725 1498 908 1552 nidore
964 1506 1010 1549 et
1080 1497 1332 1566 sanguine
1393 1498 1540 1565 pasci
1586 1498 1920 1552 existimave-

406 1570 494 1624 rit.

405 1662 447 1718 l.
475 1660 857 1733 Origenianam
886 1661 953 1714 de
980 1659 1187 1729 angelis
1217 1658 1518 1715 doctrinam
1547 1702 1562 1724 ,
1593 1661 1696 1715 iter
1747 1661 1916 1716 insti-

335 1762 508 1808 tutum
548 1759 953 1822 prosequentes,
984 1751 1341 1821 explicemus.
1371 1751 1450 1805 Ac
1473 1751 1788 1820 angelorum
1822 1765 1920 1806 no-

337 1844 501 1906 mine,
534 1851 644 1897 tum
671 1845 840 1898 bonos
867 1843 1109 1914 angelos,
1143 1853 1252 1898 tum
1285 1843 1478 1904 malos,
1504 1845 1595 1913 qui
1627 1845 1762 1898 datm
1783 1858 1920 1898 ones

2032 663 2244 716 meritis
2263 662 2700 718 demittereutur.
2721 663 2884 732 Atqui
2905 664 3025 720 sine
3057 667 3258 720 mundo
3279 667 3444 723 Deum
3480 684 3617 722 nun-

2031 769 2192 825 quam
2223 753 2394 808 fuisse
2414 752 2555 808 idem
2578 756 2944 825 opinabatur;
2978 758 3052 812 ait
3074 761 3217 814 enim
3251 760 3339 815 lib.
3370 777 3427 815 lll
3474 763 3616 831 Περὶ

2031 845 2253 916 ἀρχῶν,
2300 860 2422 914 cap.
2461 845 2519 910 5,
2569 863 2718 900 num.
2754 847 2788 901 5
2830 861 2842 901 :
2903 867 2923 899 ‹
2971 847 3027 903 Si
3067 851 3235 920 etrapit
3278 853 3511 906 mundus
3549 869 3617 908 ex

2036 951 2278 1010 tempore
2303 978 2319 1004 ,
2356 938 2486 1007 quid
2518 949 2644 994 ante
2676 939 2914 994 faciebat
2962 941 3103 997 Deus
3127 982 3143 1006 ,
3180 958 3343 1012 quam
3381 945 3614 998 nmndus

2033 1033 2342 1102 inciperet?
2380 1032 2625 1089 Otiosam
2666 1032 2810 1085 enim
2841 1041 2896 1088 et
2929 1032 3260 1088 immobilem
3299 1035 3482 1088 dicere
3523 1051 3613 1089 na-

2035 1135 2212 1180 turam
2256 1125 2394 1190 Dei,
2439 1125 2666 1194 impium
2703 1133 2788 1178 est
2823 1125 2984 1180 simul
3033 1135 3088 1180 et
3139 1125 3434 1180 absurdum
3462 1167 3478 1191 ,
3526 1126 3616 1182 vel

2035 1225 2224 1285 putare
2259 1217 2403 1287 quod
2461 1216 2674 1270 bonitas
2717 1214 3005 1284 aliquando
3051 1214 3192 1270 bene
3229 1231 3331 1271 non
3382 1216 3612 1282 fecerit,

2037 1308 2117 1364 vel
2173 1309 2567 1376 omnipotentia
2627 1309 2919 1377 aliquando
2970 1325 3077 1363 non
3135 1309 3305 1375 egerit
3358 1319 3615 1378 potenta-

2037 1415 2172 1458 tum.
2220 1423 2238 1454 ι
2269 1403 2436 1468 Igitur
2469 1415 2534 1455 ne
2567 1401 2862 1455 rationales
2891 1401 3109 1470 quidem
3148 1414 3356 1456 naturae
3375 1417 3442 1455 ex
3477 1412 3615 1458 tem--

2035 1511 2165 1566 pore
2206 1511 2325 1550 esse
2364 1501 2665 1563 cmperunt.
2709 1492 2864 1549 Unde
2896 1493 3210 1548 necessario
3243 1494 3492 1562 sequitur
3519 1510 3613 1549 eas

2035 1587 2103 1642 ab
2139 1587 2286 1642 omni
2330 1601 2445 1642 azvo
2495 1586 2744 1641 conditas
2795 1601 2824 1640 a
2878 1586 2992 1640 Deo
3029 1583 3227 1651 fuisse;
3286 1595 3397 1640 tum
3448 1587 3614 1640 variis

2035 1678 2212 1732 modis
2258 1676 2555 1731 voluntatis
2595 1676 2848 1731 libertate
2878 1690 3005 1731 usas
3031 1715 3048 1740 ,
3105 1678 3205 1731 bas
3243 1685 3390 1730 reete
3415 1717 3430 1743 ,
3469 1675 3613 1732 male

2038 1769 2158 1824 illas
2196 1769 2372 1840 egisse
2395 1809 2411 1833 ,
2448 1770 2754 1836 statimque
2785 1767 3083 1823 sceleribus
3109 1781 3294 1822 carum
3325 1767 3610 1836 expiandis

2037 1863 2298 1915 mundum
2348 1860 2518 1916 fuisse
2563 1859 2921 1914 fabrefacutm
2973 1860 3027 1915 in
3072 1875 3231 1929 quem
3266 1862 3612 1916 detruderen-

336 1936 697 2007 ηρρθιιθηιιιτ.
755 1935 1263 2006 comprehendimus
1288 1977 1304 2002 9
1355 1937 1610 2005 quoniam
1655 1937 1918 2007 Pennis“!
1955 1927 1996 1982 Β
2027 1962 2136 2019 tur,
2168 1953 2303 2008 adeo
2323 1962 2380 2006 ut
2405 1953 2518 2006 haec
2550 1966 2608 2006 re
2636 1951 2761 2006 licet
2789 1952 3028 2018 diversa,
3057 1952 3220 2006 simul
3254 1960 3432 2006 tamen
3484 1968 3612 2007 con-

335 2036 529 2098 sponte
577 2042 674 2083 sua
728 2036 784 2082 et
816 2028 1095 2082 cohaerens
1147 2035 1232 2082 est
1282 2037 1643 2099 utrorumque
1696 2027 1912 2082 notitia.

349 2117 552 2174 Horum
611 2127 860 2173 naturam
923 2121 1037 2174 suis
1096 2118 1430 2186 temporibus
1493 2121 1730 2174 nomium
1785 2120 1917 2174 satis

335 2219 520 2280 aperte
550 2209 716 2267 fuisse
749 2211 1018 2281 cognitam
1044 2252 1061 2277 ,
1095 2227 1196 2268 nec
1221 2211 1475 2267 Ecclesize
1503 2212 1917 2267 deﬁnitionibus

332 2303 680 2372 explanatam
713 2305 903 2360 scribit
949 2305 1214 2377 Origenes
1249 2307 1302 2361 in
1355 2305 1619 2376 prommio
1648 2306 1913 2361 librorum

332 2393 472 2464 Περὶ
501 2395 722 2465 ἀρχῶν,
747 2412 896 2451 ηιιιη.
924 2396 989 2452 I0
1017 2415 1030 2451 :
1057 2416 1075 2448 ι
1099 2397 1195 2454 Est
1221 2398 1385 2453 etiam
1417 2397 1544 2452 illttd
1578 2398 1630 2452 in
1660 2397 1920 2453 ecclesia-

335 2487 473 2542 stica
509 2487 894 2555 praedicatione
921 2528 938 2553 ,
967 2501 1090 2544 esse
1118 2490 1340 2561 angelos
1373 2491 1463 2544 Dei
1508 2490 1774 2559 quosdam
1805 2532 1820 2556 ,
1857 2498 1914 2546 et

333 2577 562 2633 virtutes
596 2580 788 2640 bonas.
818 2578 910 2647 qui
948 2578 996 2634 ei
1036 2579 1346 2635 ministrant
1373 2580 1440 2634 ad
1476 2580 1708 2635 salutem
1733 2580 1915 2636 homi-

332 2689 460 2727 num
492 2661 980 2728 consummandam
1007 2690 1021 2740 ;
1053 2672 1148 2728 sed
1175 2674 1396 2744 quando
1427 2673 1510 2729 isti
1542 2674 1711 2729 creati
1763 2677 1874 2730 sint
1897 2720 1912 2745 ,

330 2762 656 2836 veLquales,
689 2771 782 2816 aut
809 2764 1081 2834 quomodo
1111 2764 1242 2831 sint,
1272 2780 1380 2820 non
1414 2764 1547 2821 satis
1579 2767 1630 2821 in
1669 2767 1906 2823 manife-

331 2868 418 2913 sto
451 2858 785 2929 designatur.
823 2875 841 2908 ι
874 2856 941 2912 Ει
982 2855 1144 2925 paulo
1172 2857 1424 2928 superius
1472 2873 1624 2914 num.
1656 2857 1731 2913 6:
1767 2876 1787 2910 ι
1834 2857 1912 2915 De

331 2949 545 3006 diabolo
577 2990 593 3014 ,
621 2959 677 3004 et
721 2949 930 3020 angelis
974 2950 1094 3021 ejus
1117 2990 1131 3012 ,
1165 2951 1565 3020 contrariisque
1612 2952 1910 3011 virtutibus

330 3040 697 3097 ecclesiastica
734 3039 1047 3110 praedicatio
1077 3040 1282 3107 docuit,
1312 3041 1576 3112 quoniam
1608 3051 1740 3098 sunt
1788 3046 1914 3115 qui-

331 3131 451 3184 dem
482 3129 599 3186 bazc
628 3148 641 3184 :
677 3145 795 3200 quae
826 3138 1004 3185 autem
1027 3130 1136 3186 sint
1163 3169 1178 3196 ,
1211 3139 1304 3185 aut
1332 3131 1604 3201 quomodo
1632 3133 1764 3200 sint,
1802 3149 1910 3190 non

332 3218 469 3273 satis
497 3220 644 3274 clare
678 3220 950 3290 exposuit.
977 3219 1132 3290 Apud
1163 3220 1428 3292 plurimos
1459 3229 1642 3277 tamen
1671 3223 1776 3279 ista
1814 3225 1911 3280 ba-

328 3309 487 3366 betur
511 3309 691 3381 opinio
713 3349 728 3372 ,
750 3284 905 3380 quod
937 3284 1178 3381 ang-elus
1207 3309 1371 3365 fuerit
1400 3310 1504 3366 iste
1529 3310 1779 3370 diabolus
1805 3355 1821 3381 ,
1856 3323 1910 3370 et
1937 3284 1981 3344 (ἶ

328 3414 574 3475 apostata
627 3401 850 3460 elI‘ectus
885 3403 1320 3474 quamplurimos
1366 3405 1686 3475 angelorum
1723 3422 1909 3464 secum

327 3497 606 3551 declinare
659 3496 1030 3566 persuaserit,
1064 3495 1156 3564 qui
1211 3505 1269 3550 et
1321 3512 1466 3552 nunc
1507 3512 1676 3568 usque
1726 3500 1908 3570 angeli

328 3587 502 3659 ipsius
539 3595 943 3656 nuncupantur.
999 3603 1020 3639 ι
1061 3585 1324 3642 Proclivis
1363 3603 1492 3658 ergo
1540 3600 1659 3644 erat
1684 3589 1904 3662 Origcni

326 3680 382 3735 in
417 3694 477 3734 re
508 3678 716 3733 lubrica
745 3685 799 3733 et
844 3677 1050 3733 incerta
1083 3677 1269 3748 lapsus
1292 3718 1308 3741 ,
1343 3688 1591 3748 prompta
1626 3691 1685 3736 et
1733 3680 1910 3738 facilis

327 3772 384 3826 in
413 3768 654 3826 tenebris
682 3768 934 3824 oll'cnsio.
984 3767 1052 3822 Et
1087 3767 1191 3821 luit
1229 3781 1361 3822 sane
1405 3767 1686 3837 multiplex
1715 3812 1731 3834 ,
1781 3773 1906 3827 dum

323 3863 546 3937 Ingenio
561 3876 659 3916 suo
686 3861 851 3918 nimis
881 3859 1120 3914 conlisus
1139 3866 1295 3913 extra
1323 3857 1472 3914 oleas
1516 3876 1906 3932 nonnunquam

324 3957 632 4027 divagatur.
667 3953 889 4024 Singula
923 3953 1011 4009 hic
1050 3954 1334 4011 enucleate
1367 3956 1705 4013 discutienda
1759 3965 1906 4013 sunt.

394 4047 460 4104 l-I.
499 4047 858 4117 Quarendum
901 4044 1084 4115 priore
1123 4043 1242 4101 loco
1285 4045 1416 4102 illud
1467 4056 1552 4104 est
1578 4087 1596 4112 ,
1630 4063 1741 4119 quo
1769 4057 1906 4104 tem-

323 4156 456 4214 pore
483 4139 710 4212 angelos
761 4154 790 4193 a
849 4139 958 4195 Deo
1007 4140 1257 4197 conditos
1305 4140 1575 4213 Origenes
1607 4140 1904 4209 statuerit;

326 4248 501 4306 neque
529 4235 748 4306 angelos
772 4233 1052 4301 duntaxat,
1095 4234 1191 4290 sed
1227 4235 1462 4291 rationis
1488 4234 1656 4291 etiam
1686 4233 1906 4305 partici-

325 4342 422 4398 pes
446 4337 669 4383 naturas
697 4340 886 4381 omnes
909 4363 926 4390 ,
961 4327 1077 4382 sive
1108 4326 1386 4381 daemones
1409 4365 1424 4392 ,
1466 4327 1583 4383 sive
1634 4327 1907 4382 humanas

324 4421 555 4489 animas,
583 4421 697 4477 sive
729 4419 864 4474 alias
887 4433 1240 4489 quascunque
1266 4419 1413 4490 (nam
1445 4429 1501 4476 et
1529 4421 1664 4475 alias
1693 4421 1904 4492 pleras-

324 4531 431 4587 que
464 4514 690 4570 rationis
736 4521 1014 4582 compotes
1043 4525 1166 4566 esse
1216 4513 1408 4584 sensit)
1452 4515 1710 4583 quoniam
1750 4515 1907 4586 ejus-

2023 2044 2268 2113 tigerint.
2304 2043 2458 2110 Quod
2499 2051 2558 2096 ut
2596 2041 2982 2098 Adamantium
3021 2043 3094 2097 ita
3125 2045 3364 2099 sensisse
3400 2053 3608 2114 putem,

2024 2135 2152 2190 facit
2181 2134 2591 2189 Platonicorum
2629 2137 2993 2191 recentiorum
3028 2134 3349 2200 auctoritas,
3374 2150 3605 2204 quorum

2022 2227 2329 2284 consimilis
2361 2237 2478 2282 erat
2507 2227 2896 2297 prepemodum
2934 2226 3126 2281 iisdem
3169 2228 3236 2282 de
3276 2227 3441 2283 rebus
3481 2243 3608 2282 sen—

2021 2321 2214 2385 tentia,
2240 2329 2298 2374 ut
2320 2330 2404 2375 est
2431 2321 2574 2390 apud
2609 2320 2970 2389 Augustinum
3001 2320 3094 2376 lib.
3129 2336 3164 2374 x
3223 2319 3298 2374 De
3321 2320 3459 2374 civit.
3486 2319 3604 2385 Dei,

2019 2427 2139 2485 cap.
2175 2413 2264 2468 51.
2307 2412 2463 2470 Facit
2510 2422 2562 2469 et
2615 2415 2718 2470 iste
2755 2413 3072 2484 Hieronymi
3117 2416 3270 2469 locus
3305 2415 3371 2468 ad
3421 2428 3542 2484 cap.
3587 2429 3604 2468 ε

2022 2505 2193 2576 Epist.
2224 2506 2293 2560 ad
2327 2504 2506 2559 Titum
2541 2523 2556 2559 :
2603 2524 2623 2557 «
2663 2505 2769 2561 Sex
2801 2504 2967 2559 millia
3000 2506 3228 2559 necdum
3265 2505 3436 2560 nostri
3455 2503 3606 2561 orbis

2019 2597 2318 2668 implentur
2367 2599 2542 2664 anni;
2607 2608 2664 2654 et
2719 2607 2956 2669 quantas
3015 2598 3170 2668 prius
3221 2598 3602 2664 mternitates,

2018 2700 2221 2761 quanta
2264 2700 2788 2762 tempora,quantas
2808 2689 3132 2746 saeculorum
3166 2690 3406 2760 origines
3435 2690 3605 2747 fuisse

2019 2781 2395 2837 arbitrandum
2423 2791 2538 2848 est,
2568 2781 2623 2837 in
2653 2781 2852 2850 quibus
2877 2780 3077 2852 angeli,
3119 2781 3324 2849 tltroni,
3354 2780 3604 2835 domina-

2021 2873 2216 2938 tiones,
2258 2882 2578 2944 cmterazque
2616 2874 2847 2927 virtutes
2882 2873 3174 2928 servierint
3210 2873 3342 2936 Deo,
3377 2881 3432 2928 et
3474 2872 3604 2928 abs-

2022 2979 2129 3035 que
2187 2974 2492 3036 temporum
2522 2967 2732 3022 vicibns
2760 2976 2924 3036 atque
2948 2965 3218 3040 mensuris
3240 2965 3349 3020 Deo
3374 2964 3603 3036 jubente

2015 3055 2404 3112 substiterint?
2441 3076 2460 3110 ι
2502 3056 2628 3112 Haec
2662 3057 3064 3128 Origenismum
3115 3055 3376 3126 sapiunt,
3418 3053 3600 3125 qualia

2017 3149 2190 3205 multa
2228 3149 2654 3208 Commentariis
2701 3151 2815 3206 suis
2861 3150 3224 3223 Hieronymus
3259 3161 3597 3222 asperserat.

2015 3241 2216 3298 Facilis
2255 3258 2400 3298 nunc
2425 3252 2507 3297 est
2539 3241 2753 3297 Leontii
2793 3242 3036 3314 Byzantii
3070 3242 3386 3299 intellectus
3408 3284 3424 3307 ,
3474 3259 3596 3298 cum

2013 3332 2090 3388 ait
2136 3331 2404 3388 Scltolior.
2436 3340 2542 3386 act.
2576 3333 2681 3387 I0:
2717 3333 2828 3388 Kal.
2865 3333 3067 3398 οὕτως.
3107 3335 3318 3404 inquit,
3344 3335 3601 3408 περὶτῆς

2015 3423 2412 3496 προῦπὰρξεως
2458 3422 2709 3491 ἐδόξαζεν
2768 3425 3106 3501 (Ὢριγένης)
3143 3425 3337 3491 οὕτως,
3372 3427 3454 3480 ὅτι
3492 3427 3598 3501 πρὸ

2011 3513 2120 3568 τῶν
2162 3513 2373 3570 αἰώνων
2407 3515 2524 3579 vos;
2560 3509 2702 3589 ἦσαν
2748 3517 2948 3581 πάντες
2992 3517 3245 3589 καθαροὶ,
3281 3518 3376 3572 καὶ
3400 3519 3451 3571 ol
3484 3518 3600 3574 δαε-

2015 3625 2195 3678 μονες,
2223 3609 2318 3662 καὶ
2360 3611 2416 3663 αἱ
2443 3609 2639 3680 ψυχαὶ,
2680 3608 2776 3663 καὶ
2820 3611 2869 3663 ol
2912 3610 3130 3681 ἄγγελοι
3159 3611 3600 3683 λειτουργοῦντες

2010 3697 2088 3769 τῷ
2125 3698 2266 3769 Θεῷ,
2311 3700 2406 3752 καὶ
2451 3699 2549 3764 τὰς
2598 3700 2819 3763 ἐντολὰς
2873 3699 3040 3754 αὐτοῦ
3097 3700 3396 3766 ποιοῦντες.
3442 3703 3500 3756 '0
3539 3704 3600 3758 δὲ

2009 3785 2253 3849 διάϐολος
2284 3780 2364 3850 εἷς
2395 3785 2490 3852 ὢν,
2527 3788 2717 3860 ἐπειδὴ
2745 3789 2809 3844 τὸ
2852 3789 3197 3856 αὐτεξούσιον
3236 3789 3401 3864 εἶχεν,
3433 3794 3600 3864 ἠϐου-

2010 3875 2148 3948 λήθη
2177 3877 2496 3950 ἀντιστῆναι
2521 3879 2599 3952 τῷ
2625 3879 2763 3952 Θεῷ,
2792 3883 2884 3936 καὶ
2917 3882 3176 3938 ἀπώσατο
3198 3886 3358 3938 αὐτὸν
3375 3887 3404 3938 ὁ
3429 3886 3561 3950 Θεός
3581 3903 3598 3919 ·

2013 3968 2425 4039 συναπέστησαν
2449 3970 2506 4024 δὲ
2531 3970 2680 4042 αὐτῷ
2708 3974 2880 4027 πᾶσαι
2920 3975 2979 4028 αἱ
3005 3974 3162 4028 ἄλλαι
3187 3975 3467 4046 δυνάμεις,
3499 3978 3597 4031 καὶ

2009 4060 2058 4112 οἱ
2094 4059 2193 4130 μὲν
2237 4061 2375 4115 πάνυ
2415 4062 2837 4134 ἁμαρτήσαντες
2865 4065 3121 4138 δαίμονες
3162 4068 3509 4137 ἐγένοντοοοὶ
3539 4069 3598 4124 δὲ

2009 4151 2090 4206 ἔτι
2127 4151 2366 4221 ἔλαττον,
2402 4154 2641 4223 ἄγγελοι·
2683 4157 2732 4209 ol
2769 4156 2827 4210 δὲ
2861 4157 3176 4212 ἔτιέλαττον
3216 4159 3544 4231 ὰρχάγγελοι
3576 4176 3592 4191 ·

2009 4246 2103 4300 καὶ
2117 4245 2290 4311 οὕτως
2307 4247 2505 4319 ἐφεξῆς
2527 4246 2758 4314 ἕκαστος
2785 4250 2924 4322 πρὸς
2953 4249 3050 4322 τὴν
3077 4251 3284 4305 οἰκείαν
3319 4252 3595 4324 ἁμαρτίαν

2008 4338 2306 4393 ἀπέλαϐενο
2361 4340 2718 4394 ὑπελείποντο
2767 4342 2826 4396 δὲ
2863 4345 2918 4397 αἱ
2964 4342 3168 4415 ψυχαὶ,
3223 4345 3425 4409 αἵτινες
3472 4345 3596 4399 οὐδὲ

2006 4431 2240 4486 τοσαῦτα
2271 4427 2410 4506 ἦσαν
2448 4435 2858 4508 ἁμαρτήσασαι,
2899 4436 2987 4491 ἵνα
3015 4436 3267 4508 δαίμονες
3290 4438 3552 4508 γένωνται
3578 4456 3592 4469 ·

2007 4523 2126 4576 οὐδὲ
2156 4522 2318 4578 πάλιν
2337 4523 2480 4578 οὕτω
2507 4525 2875 4598 κουφοτέρως,
2917 4527 3006 4581 ἵνα
3043 4525 3263 4597 ἄγγελοι
3293 4527 3558 4596 γένωνται
3576 4547 3590 4562 ο

325 4609 446 4661 dem
511 4619 607 4661 eas
660 4616 850 4658 omnes
898 4617 1022 4658 esse
1061 4605 1203 4658 inter
1236 4617 1296 4658 se
1331 4612 1577 4669 naturae,
1615 4612 1670 4659 et
1706 4606 1898 4660 eodem

2017 4616 2264 4688 ἐποίησεν
2308 4613 2400 4672 οὗν
2442 4618 2534 4672 τὸν
2576 4619 2818 4690 παρόντα
2865 4619 3093 4691 κόσμον,
3136 4619 3231 4674 καὶ
3268 4621 3368 4694 τὴν
3414 4621 3595 4696 ψυχὴν

327 4706 570 4768 tempore
608 4710 638 4749 a
686 4694 794 4748 Deo
827 4694 1112 4762 conditas,
1147 4703 1369 4764 tumque
1406 4695 1573 4750 fuisse
1612 4695 1760 4760 νόας,
1796 4697 1901 4753 ltoc

323 4797 448 4854 est,
496 4798 725 4852 mentes;
781 4786 980 4842 deinde
1011 4801 1141 4841 vero
1189 4797 1417 4856 propter
1446 4787 1631 4842 varios
1679 4787 1896 4844 illarum

323 4891 502 4938 motus
525 4923 541 4947 ,
591 4896 656 4936 ac
689 4881 961 4936 diversum
1015 4879 1170 4935 liberi
1201 4881 1409 4935 arbitrii
1447 4898 1602 4936 usum
1636 4882 1690 4937 in
1719 4884 1900 4940 varios

322 4974 561 5038 ordines,
595 4974 708 5028 sive
734 4971 1050 5041 angelorum
1081 5010 1097 5036 ,
1136 4972 1252 5026 sive
1281 4972 1557 5027 hominum
1587 5013 1603 5038 ,
1653 4975 1769 5029 sive
1796 4976 1905 5031 daa-

322 5081 543 5122 tnonum
591 5065 940 5130 distributas,
983 5063 1259 5118 constanti
1304 5073 1360 5118 et
1403 5064 1596 5120 iterata
1628 5065 1900 5136 Origenes

322 5156 626 5214 assertione
653 5155 928 5226 prodidit,
969 5164 1028 5209 ut
1056 5169 1200 5225 saepe
1231 5156 1285 5211 in
1318 5157 1678 5226 sequentibus
1710 5167 1904 5213 osten-

322 5254 531 5308 demus.
564 5251 906 5320 Atquoniam
926 5251 1082 5322 vulgo
1107 5249 1344 5322 ignorari
1384 5249 1597 5316 scribit,
1627 5264 1738 5320 quo
1765 5258 1906 5304 tem-

321 5361 451 5417 pore
497 5357 696 5402 creatae
736 5345 842 5401 illa:
885 5345 996 5400 sint
1027 5359 1057 5400 a
1096 5343 1226 5409 Deo,
1255 5358 1355 5399 nec
1387 5343 1680 5414 quidquam
1711 5352 1899 5414 aperte

320 5453 484 5508 super
509 5453 570 5490 ea
606 5452 664 5490 re
690 5436 960 5503 deﬁnivit,
985 5436 1318 5506 coniecturis
1342 5435 1608 5491 duntaxat
1637 5437 1897 5492 utendum

319 5538 423 5584 est.
471 5528 758 5583 Probabile
804 5528 937 5583 mihi
979 5529 1198 5598 quidem
1231 5529 1291 5581 ﬁt
1333 5537 1556 5583 naturas
1589 5527 1896 5599 hujusmodi

319 5622 389 5677 ab
433 5630 638 5676 interno
684 5629 895 5676 creatas
938 5636 970 5676 a
1025 5620 1134 5676 Ileo
1172 5619 1461 5690 Origeuetn
1509 5621 1892 5689 existimasse;

318 5715 773 5783 quemadmodum
807 5728 1084 5783 nunquam
1111 5729 1216 5768 non
1249 5715 1365 5768 sine
1390 5715 1520 5774 luce
1547 5712 1646 5768 sibi
1687 5729 1892 5782 coaeva,

318 5807 448 5862 licet
483 5821 512 5861 a
533 5821 592 5862 se
608 5805 868 5878 producta
902 5806 982 5861 sol
1005 5804 1126 5860 fuit.
1164 5805 1671 5861 Demonstrabimus
1695 5807 1894 5876 quippe

317 5897 489 5965 intra,
524 5912 840 5970 persuasum
881 5897 1050 5985 fuisse
1079 5899 1155 5956 illi
1193 5897 1452 5955 mundum
1493 5897 1697 5956 idcirco
1726 5914 1754 5954 a
1779 5899 1891 5955 Deo

2011 4707 2265 4780 συνέδησε
2301 4706 2381 4780 τῷ
2420 4706 2633 4780 σώματι
2668 4707 2807 4779 πρὸς
2848 4709 3086 4764 κόλασιν.
3126 4726 3146 4759 t
3196 4709 3375 4778 Atque
3404 4709 3478 4763 ita
3512 4709 3595 4763 in-

2013 4800 2171 4854 terim
2213 4801 2278 4856 de
2307 4801 2739 4870 praeexsistentia
2768 4800 3078 4874 (Origenes)
3123 4801 3390 4858 sentiebat
3414 4841 3432 4868 ,
3463 4810 3592 4857 ante

2012 4889 2205 4945 smcula
2235 4899 2444 4945 mentes
2476 4889 2645 4946 fuisse
2673 4906 2836 4962 puras
2862 4906 3054 4946 omnes
3077 4931 3092 4953 ,
3125 4900 3180 4946 et
3211 4891 3510 4958 daamones,
3533 4900 3593 4948 et

2013 4985 2243 5047 animas.
2274 4993 2330 5041 et
2363 4985 2584 5055 angelos
2612 4986 2988 5040 ministrantes
3021 4986 3152 5050 Deo,
3185 4984 3411 5055 ejusque
3436 4999 3592 5040 man-

2013 5077 2136 5130 data
2168 5086 2550 5145 exsequentes.
2601 5073 2886 5130 DiabOIum
2917 5087 3098 5130 autem
3130 5115 3146 5138 ,
3179 5089 3300 5130 cum
3335 5091 3475 5132 unus
3502 5091 3590 5131 es-

2009 5178 2134 5232 set,
2168 5168 2426 5236 quoniam
2466 5166 2683 5221 arbitrii
2715 5167 2972 5223 libertate
3013 5167 3282 5238 pollebat,
3311 5167 3423 5225 Deo
3456 5171 3592 5225 resi-s

2006 5267 2153 5311 stere
2200 5256 2435 5313 voluisse
2464 5298 2480 5324 ,
2535 5271 2772 5326 eumque
2812 5275 2843 5313 a
2899 5259 3006 5313 Deo
3053 5258 3220 5314 fuisse
3267 5260 3590 5329 expulsum;

2007 5363 2222 5418 unaque
2246 5363 2367 5403 cum
2395 5349 2510 5418 ipso
2540 5350 2835 5406 descivisse
2850 5365 3040 5406 omnes
3068 5351 3205 5408 alias
3231 5353 3462 5408 virtutes
3487 5393 3502 5418 ,
3532 5363 3592 5408 et

2005 5454 2125 5510 quae
2153 5438 2273 5510 plus
2321 5451 2685 5511 peccassent,
2714 5443 2991 5498 daemones
3025 5444 3299 5511 evasisse;
3335 5461 3457 5516 quae
3487 5444 3591 5502 mi-

2006 5548 2108 5588 nus
2135 5572 2150 5598 ,
2179 5533 2402 5601 angelos
2433 5552 2449 5601 ;
2483 5549 2604 5603 quae
2634 5535 2815 5591 minus
2861 5537 3026 5592 etiam
3052 5576 3070 5603 ,
3110 5538 3496 5609 archangelos;
3531 5546 3590 5593 et

2006 5625 2079 5680 ita
2128 5620 2528 5697 consequenter
2579 5643 3023 5700 unumquemque
3067 5644 3165 5701 pro
3213 5645 3312 5685 suo
3361 5639 3588 5699 peccato

2007 5719 2279 5788 recepisse
2311 5721 2590 5790 praemium
2628 5739 2640 5774 :
2680 5719 2917 5791 reliquas
2949 5731 3130 5778 autem
3151 5723 3322 5778 fuisse
3349 5723 3585 5786 animas,

2006 5825 2128 5881 quae
2149 5827 2256 5868 non
2290 5821 2498 5868 tantum
2529 5825 2887 5883 peccaverant
2912 5856 2928 5882 ,
2962 5825 3022 5871 ut
3052 5819 3323 5875 daemones
3349 5815 3582 5882 ﬁerent;

1970 5911 2188 5976 tneque
2244 5921 2455 5962 rursum
2513 5904 2586 5960 ita
2645 5897 2857 5978 leviter,
2916 5918 2974 5966 ut
3019 5909 3580 5984 angeli‘evaderent;
