  <div class='ocr_page' id='page_1' title='image "/cluster/home/n/w/nwhite01/storage/ocr_20150623/17:no.7/coo.31924054872977/435.png"; bbox 0 0 4160 6414; ppageno 0'>
   <div class='ocr_carea' id='block_1_1' title="bbox 595 430 700 485">
    <p class='ocr_par' dir='ltr' id='par_1_1' title="bbox 595 430 700 485">
     <span class='ocr_line' id='line_1_1' title="bbox 595 430 700 485; baseline -0.01 0"><span class='ocrx_word' id='word_1_1' title='bbox 595 430 700 485; x_wconf 68' lang='lat' dir='ltr'><strong>8d?</strong></span> 
     </span>
    </p>
   </div>
   <div class='ocr_carea' id='block_1_2' title="bbox 1870 426 2563 484">
    <p class='ocr_par' dir='ltr' id='par_1_2' title="bbox 1870 426 2563 484">
     <span class='ocr_line' id='line_1_2' title="bbox 1870 426 2563 484; baseline 0.004 -5"><span class='ocrx_word' id='word_1_2' title='bbox 1870 426 1929 480; x_wconf 83' lang='lat' dir='ltr'><strong>P.</strong></span> <span class='ocrx_word' id='word_1_3' title='bbox 1975 426 2293 483; x_wconf 80' lang='lat' dir='ltr'><strong>DANIELIS</strong></span> <span class='ocrx_word' id='word_1_4' title='bbox 2328 428 2563 484; x_wconf 79' lang='lat' dir='ltr'><strong>HUETII</strong></span> 
     </span>
    </p>
   </div>
   <div class='ocr_carea' id='block_1_3' title="bbox 3741 432 3847 489">
    <p class='ocr_par' dir='ltr' id='par_1_3' title="bbox 3741 432 3847 489">
     <span class='ocr_line' id='line_1_3' title="bbox 3741 432 3847 489; baseline -0.019 0"><span class='ocrx_word' id='word_1_5' title='bbox 3741 432 3847 489; x_wconf 58' lang='lat'><strong>848</strong></span> 
     </span>
    </p>
   </div>
   <div class='ocr_carea' id='block_1_4' title="bbox 590 543 3847 618">
    <p class='ocr_par' dir='ltr' id='par_1_4' title="bbox 590 543 3847 618">
     <span class='ocr_line' id='line_1_4' title="bbox 590 543 3847 618; baseline 0.001 -17"><span class='ocrx_word' id='word_1_6' title='bbox 590 545 845 601; x_wconf 88' lang='lat' dir='ltr'><strong>mundum</strong></span> <span class='ocrx_word' id='word_1_7' title='bbox 882 545 1065 613; x_wconf 79' lang='lat' dir='ltr'><strong>itaque</strong></span> <span class='ocrx_word' id='word_1_8' title='bbox 1100 544 1242 597; x_wconf 89' lang='lat' dir='ltr'><strong>hunc</strong></span> <span class='ocrx_word' id='word_1_9' title='bbox 1280 543 1590 598; x_wconf 83' lang='lat' dir='ltr'><strong>condidisse</strong></span> <span class='ocrx_word' id='word_1_10' title='bbox 1614 584 1627 605; x_wconf 91' lang='lat'><strong>,</strong></span> <span class='ocrx_word' id='word_1_11' title='bbox 1657 544 2013 614; x_wconf 79' lang='lat' dir='ltr'><strong>animamque</strong></span> <span class='ocrx_word' id='word_1_12' title='bbox 2035 561 2163 615; x_wconf 91' lang='lat' dir='ltr'><strong>sup-</strong></span> <span class='ocrx_word' id='word_1_13' title='bbox 2195 553 2238 607; x_wconf 73' lang='grc' dir='ltr'><strong>Α</strong></span> <span class='ocrx_word' id='word_1_14' title='bbox 2270 561 2389 601; x_wconf 89' lang='lat' dir='ltr'><strong>esse</strong></span> <span class='ocrx_word' id='word_1_15' title='bbox 2412 545 2663 616; x_wconf 86' lang='lat' dir='ltr'><strong>Origenis</strong></span> <span class='ocrx_word' id='word_1_16' title='bbox 2692 545 2877 615; x_wconf 85' lang='lat' dir='ltr'><strong>opinio</strong></span> <span class='ocrx_word' id='word_1_17' title='bbox 2909 545 3049 612; x_wconf 82' lang='lat' dir='ltr'><strong>fuit,</strong></span> <span class='ocrx_word' id='word_1_18' title='bbox 3088 546 3181 600; x_wconf 91' lang='lat' dir='ltr'><strong>sed</strong></span> <span class='ocrx_word' id='word_1_19' title='bbox 3212 561 3276 602; x_wconf 92' lang='lat' dir='ltr'><strong>ea</strong></span> <span class='ocrx_word' id='word_1_20' title='bbox 3310 554 3488 602; x_wconf 89' lang='lat' dir='ltr'><strong>tamen</strong></span> <span class='ocrx_word' id='word_1_21' title='bbox 3519 558 3743 618; x_wconf 75' lang='lat' dir='ltr'><strong>propter</strong></span> <span class='ocrx_word' id='word_1_22' title='bbox 3770 552 3847 605; x_wconf 88' lang='lat' dir='ltr'><strong>in-</strong></span> 
     </span>
    </p>
   </div>
   <div class='ocr_carea' id='block_1_5' title="bbox 590 634 2161 709">
    <p class='ocr_par' dir='ltr' id='par_1_5' title="bbox 590 634 2161 709">
     <span class='ocr_line' id='line_1_5' title="bbox 590 634 2161 709; baseline -0.001 -17"><span class='ocrx_word' id='word_1_23' title='bbox 590 639 734 709; x_wconf 86' lang='lat' dir='ltr'><strong>plicii</strong></span> <span class='ocrx_word' id='word_1_24' title='bbox 768 652 928 692; x_wconf 74' lang='lat' dir='ltr'><strong>causa</strong></span> <span class='ocrx_word' id='word_1_25' title='bbox 959 636 1174 705; x_wconf 83' lang='lat' dir='ltr'><strong>corpori</strong></span> <span class='ocrx_word' id='word_1_26' title='bbox 1209 636 1516 704; x_wconf 82' lang='lat' dir='ltr'><strong>colligasse.</strong></span> <span class='ocrx_word' id='word_1_27' title='bbox 1555 654 1571 685; x_wconf 73' lang='grc' dir='ltr'><strong>ι</strong></span> <span class='ocrx_word' id='word_1_28' title='bbox 1608 634 1953 690; x_wconf 86' lang='lat' dir='ltr'><strong>Creatiouem</strong></span> <span class='ocrx_word' id='word_1_29' title='bbox 1999 638 2161 705; x_wconf 90' lang='lat' dir='ltr'><strong>inter,</strong></span> 
     </span>
    </p>
   </div>
   <div class='ocr_carea' id='block_1_6' title="bbox 588 729 2160 797">
    <p class='ocr_par' dir='ltr' id='par_1_6' title="bbox 588 729 2160 797">
     <span class='ocr_line' id='line_1_6' title="bbox 588 729 2160 797; baseline 0.001 -13"><span class='ocrx_word' id='word_1_30' title='bbox 588 742 646 786; x_wconf 90' lang='lat' dir='ltr'><strong>et</strong></span> <span class='ocrx_word' id='word_1_31' title='bbox 691 741 970 797; x_wconf 88' lang='lat' dir='ltr'><strong>peccatum</strong></span> <span class='ocrx_word' id='word_1_32' title='bbox 995 770 1009 793; x_wconf 94' lang='lat'><strong>,</strong></span> <span class='ocrx_word' id='word_1_33' title='bbox 1042 739 1096 781; x_wconf 92' lang='lat' dir='ltr'><strong>et</strong></span> <span class='ocrx_word' id='word_1_34' title='bbox 1141 742 1353 796; x_wconf 63' lang='lat' dir='ltr'><strong>poenam</strong></span> <span class='ocrx_word' id='word_1_35' title='bbox 1386 769 1399 791; x_wconf 89' lang='lat'><strong>,</strong></span> <span class='ocrx_word' id='word_1_36' title='bbox 1428 738 1763 782; x_wconf 76' lang='lat' dir='ltr'><strong>momentum</strong></span> <span class='ocrx_word' id='word_1_37' title='bbox 1797 729 1907 783; x_wconf 78' lang='lat' dir='ltr'><strong>fere</strong></span> <span class='ocrx_word' id='word_1_38' title='bbox 1942 730 2160 785; x_wconf 91' lang='lat' dir='ltr'><strong>unicum</strong></span> 
     </span>
    </p>
   </div>
   <div class='ocr_carea' id='block_1_7' title="bbox 590 819 2160 891">
    <p class='ocr_par' dir='ltr' id='par_1_7' title="bbox 590 819 2160 891">
     <span class='ocr_line' id='line_1_7' title="bbox 590 819 2160 891; baseline -0.001 -14"><span class='ocrx_word' id='word_1_39' title='bbox 590 821 969 877; x_wconf 77' lang='lat' dir='ltr'><strong>intercessisse</strong></span> <span class='ocrx_word' id='word_1_40' title='bbox 1027 819 1305 889; x_wconf 85' lang='lat' dir='ltr'><strong>intellige,</strong></span> <span class='ocrx_word' id='word_1_41' title='bbox 1358 829 1521 887; x_wconf 88' lang='lat' dir='ltr'><strong>atque</strong></span> <span class='ocrx_word' id='word_1_42' title='bbox 1571 820 1683 874; x_wconf 75' lang='lat' dir='ltr'><strong>haec</strong></span> <span class='ocrx_word' id='word_1_43' title='bbox 1729 820 1837 891; x_wconf 84' lang='grc' dir='ltr'><strong>πρὸ</strong></span> <span class='ocrx_word' id='word_1_44' title='bbox 1885 820 1993 874; x_wconf 83' lang='grc' dir='ltr'>τῶν</span> <span class='ocrx_word' id='word_1_45' title='bbox 2029 822 2160 875; x_wconf 76' lang='grc' dir='ltr'><strong>αἰὼ-</strong></span> 
     </span>
    </p>
   </div>
   <div class='ocr_carea' id='block_1_8' title="bbox 588 910 2157 982">
    <p class='ocr_par' dir='ltr' id='par_1_8' title="bbox 588 910 2157 982">
     <span class='ocr_line' id='line_1_8' title="bbox 588 910 2157 982; baseline -0.002 -12"><span class='ocrx_word' id='word_1_46' title='bbox 588 932 713 977; x_wconf 85' lang='grc' dir='ltr'>νων,</span> <span class='ocrx_word' id='word_1_47' title='bbox 748 916 800 969; x_wconf 94' lang='lat' dir='ltr'><strong>id</strong></span> <span class='ocrx_word' id='word_1_48' title='bbox 831 923 913 967; x_wconf 89' lang='lat' dir='ltr'><strong>est</strong></span> <span class='ocrx_word' id='word_1_49' title='bbox 944 913 1006 964; x_wconf 89' lang='lat' dir='ltr'><strong>ab</strong></span> <span class='ocrx_word' id='word_1_50' title='bbox 1038 920 1260 973; x_wconf 64' lang='lat' dir='ltr'><strong>aeterno,</strong></span> <span class='ocrx_word' id='word_1_51' title='bbox 1294 910 1611 979; x_wconf 86' lang='lat' dir='ltr'><strong>contigisse.</strong></span> <span class='ocrx_word' id='word_1_52' title='bbox 1641 911 1718 965; x_wconf 83' lang='lat' dir='ltr'><strong>Ad</strong></span> <span class='ocrx_word' id='word_1_53' title='bbox 1748 911 2005 982; x_wconf 89' lang='lat' dir='ltr'><strong>Origenis</strong></span> <span class='ocrx_word' id='word_1_54' title='bbox 2040 928 2157 967; x_wconf 90' lang='lat' dir='ltr'><strong>seu-</strong></span> 
     </span>
    </p>
   </div>
   <div class='ocr_carea' id='block_1_9' title="bbox 589 1003 2159 1073">
    <p class='ocr_par' dir='ltr' id='par_1_9' title="bbox 589 1003 2159 1073">
     <span class='ocr_line' id='line_1_9' title="bbox 589 1003 2159 1073; baseline -0.003 -9"><span class='ocrx_word' id='word_1_55' title='bbox 589 1010 811 1064; x_wconf 90' lang='lat' dir='ltr'><strong>tentiam</strong></span> <span class='ocrx_word' id='word_1_56' title='bbox 853 1005 1060 1060; x_wconf 84' lang='lat' dir='ltr'><strong>accedit</strong></span> <span class='ocrx_word' id='word_1_57' title='bbox 1089 1014 1279 1058; x_wconf 89' lang='lat' dir='ltr'><strong>auctor</strong></span> <span class='ocrx_word' id='word_1_58' title='bbox 1313 1003 1687 1057; x_wconf 83' lang='lat' dir='ltr'><strong>Commentarii</strong></span> <span class='ocrx_word' id='word_1_59' title='bbox 1728 1005 1780 1056; x_wconf 86' lang='lat' dir='ltr'><strong>in</strong></span> <span class='ocrx_word' id='word_1_60' title='bbox 1817 1003 1918 1056; x_wconf 82' lang='lat' dir='ltr'><strong>Job</strong></span> <span class='ocrx_word' id='word_1_61' title='bbox 1946 1044 1960 1068; x_wconf 88' lang='lat'><strong>,</strong></span> <span class='ocrx_word' id='word_1_62' title='bbox 1996 1019 2159 1073; x_wconf 83' lang='lat' dir='ltr'><strong>quem</strong></span> 
     </span>
    </p>
   </div>
   <div class='ocr_carea' id='block_1_10' title="bbox 594 1096 2161 1163">
    <p class='ocr_par' dir='ltr' id='par_1_10' title="bbox 594 1096 2161 1163">
     <span class='ocr_line' id='line_1_10' title="bbox 594 1096 2161 1163; baseline -0.003 -10"><span class='ocrx_word' id='word_1_63' title='bbox 594 1102 757 1154; x_wconf 82' lang='lat' dir='ltr'><strong>vertit</strong></span> <span class='ocrx_word' id='word_1_64' title='bbox 807 1099 1138 1163; x_wconf 86' lang='lat' dir='ltr'><strong>Perionius;</strong></span> <span class='ocrx_word' id='word_1_65' title='bbox 1201 1099 1278 1151; x_wconf 86' lang='lat' dir='ltr'><strong>ait</strong></span> <span class='ocrx_word' id='word_1_66' title='bbox 1327 1098 1518 1151; x_wconf 81' lang='lat' dir='ltr'><strong>enim:</strong></span> <span class='ocrx_word' id='word_1_67' title='bbox 1557 1114 1575 1147; x_wconf 77' lang='lat' dir='ltr'><strong>t</strong></span> <span class='ocrx_word' id='word_1_68' title='bbox 1624 1096 1677 1149; x_wconf 89' lang='lat' dir='ltr'><strong>ltt</strong></span> <span class='ocrx_word' id='word_1_69' title='bbox 1731 1096 1943 1150; x_wconf 85' lang='lat' dir='ltr'><strong>diabolo</strong></span> <span class='ocrx_word' id='word_1_70' title='bbox 1982 1107 2161 1151; x_wconf 90' lang='lat' dir='ltr'><strong>autem</strong></span> 
     </span>
    </p>
   </div>
   <div class='ocr_carea' id='block_1_11' title="bbox 589 1187 2161 1263">
    <p class='ocr_par' dir='ltr' id='par_1_11' title="bbox 589 1187 2161 1263">
     <span class='ocr_line' id='line_1_11' title="bbox 589 1187 2161 1263; baseline -0.003 -17"><span class='ocrx_word' id='word_1_71' title='bbox 589 1192 914 1263; x_wconf 90' lang='lat' dir='ltr'><strong>principium</strong></span> <span class='ocrx_word' id='word_1_72' title='bbox 947 1191 1290 1243; x_wconf 81' lang='lat' dir='ltr'><strong>formatiouis</strong></span> <span class='ocrx_word' id='word_1_73' title='bbox 1322 1188 1727 1256; x_wconf 77' lang='lat' dir='ltr'><strong>intelligendum</strong></span> <span class='ocrx_word' id='word_1_74' title='bbox 1758 1199 1861 1253; x_wconf 91' lang='lat' dir='ltr'><strong>est,</strong></span> <span class='ocrx_word' id='word_1_75' title='bbox 1888 1205 1993 1241; x_wconf 91' lang='lat' dir='ltr'><strong>non</strong></span> <span class='ocrx_word' id='word_1_76' title='bbox 2020 1187 2161 1256; x_wconf 90' lang='lat' dir='ltr'><strong>quod</strong></span> 
     </span>
    </p>
   </div>
   <div class='ocr_carea' id='block_1_12' title="bbox 593 1280 2164 1351">
    <p class='ocr_par' dir='ltr' id='par_1_12' title="bbox 593 1280 2164 1351">
     <span class='ocr_line' id='line_1_12' title="bbox 593 1280 2164 1351; baseline -0.002 -13"><span class='ocrx_word' id='word_1_77' title='bbox 593 1285 836 1338; x_wconf 90' lang='lat' dir='ltr'><strong>omnium</strong></span> <span class='ocrx_word' id='word_1_78' title='bbox 864 1298 981 1351; x_wconf 62' lang='lat' dir='ltr'><strong>qua;</strong></span> <span class='ocrx_word' id='word_1_79' title='bbox 1014 1283 1223 1337; x_wconf 83' lang='lat' dir='ltr'><strong>ratione</strong></span> <span class='ocrx_word' id='word_1_80' title='bbox 1249 1293 1305 1336; x_wconf 90' lang='lat' dir='ltr'><strong>et</strong></span> <span class='ocrx_word' id='word_1_81' title='bbox 1330 1283 1512 1335; x_wconf 87' lang='lat' dir='ltr'><strong>animo</strong></span> <span class='ocrx_word' id='word_1_82' title='bbox 1542 1280 1930 1348; x_wconf 82' lang='lat' dir='ltr'><strong>intelliguntur,</strong></span> <span class='ocrx_word' id='word_1_83' title='bbox 1957 1280 2164 1349; x_wconf 85' lang='lat' dir='ltr'><strong>primus</strong></span> 
     </span>
    </p>
   </div>
   <div class='ocr_carea' id='block_1_13' title="bbox 590 1371 2161 1441">
    <p class='ocr_par' dir='ltr' id='par_1_13' title="bbox 590 1371 2161 1441">
     <span class='ocr_line' id='line_1_13' title="bbox 590 1371 2161 1441; baseline -0.004 -11"><span class='ocrx_word' id='word_1_84' title='bbox 590 1375 661 1430; x_wconf 88' lang='lat' dir='ltr'><strong>sit</strong></span> <span class='ocrx_word' id='word_1_85' title='bbox 688 1374 943 1437; x_wconf 77' lang='lat' dir='ltr'><strong>effectus;</strong></span> <span class='ocrx_word' id='word_1_86' title='bbox 977 1373 1072 1427; x_wconf 92' lang='lat' dir='ltr'><strong>sed</strong></span> <span class='ocrx_word' id='word_1_87' title='bbox 1102 1373 1243 1441; x_wconf 87' lang='lat' dir='ltr'><strong>quod</strong></span> <span class='ocrx_word' id='word_1_88' title='bbox 1260 1371 1378 1427; x_wconf 91' lang='lat' dir='ltr'><strong>sine</strong></span> <span class='ocrx_word' id='word_1_89' title='bbox 1412 1380 1675 1439; x_wconf 89' lang='lat' dir='ltr'><strong>tempore,</strong></span> <span class='ocrx_word' id='word_1_90' title='bbox 1705 1371 2161 1439; x_wconf 81' lang='lat' dir='ltr'><strong>quemadmodum</strong></span> 
     </span>
    </p>
   </div>
   <div class='ocr_carea' id='block_1_14' title="bbox 589 1463 1209 1518">
    <p class='ocr_par' dir='ltr' id='par_1_14' title="bbox 589 1463 1209 1518">
     <span class='ocr_line' id='line_1_14' title="bbox 589 1463 1209 1518; baseline -0.006 -1"><span class='ocrx_word' id='word_1_91' title='bbox 589 1465 740 1518; x_wconf 85' lang='lat' dir='ltr'><strong>locus</strong></span> <span class='ocrx_word' id='word_1_92' title='bbox 781 1463 867 1516; x_wconf 87' lang='lat' dir='ltr'><strong>ille</strong></span> <span class='ocrx_word' id='word_1_93' title='bbox 889 1463 1149 1517; x_wconf 83' lang='lat' dir='ltr'><strong>declarat.</strong></span> <span class='ocrx_word' id='word_1_94' title='bbox 1191 1480 1209 1513; x_wconf 71' lang='grc' dir='ltr'>ι</span> 
     </span>
    </p>
   </div>
   <div class='ocr_carea' id='block_1_15' title="bbox 661 1547 2160 1620">
    <p class='ocr_par' dir='ltr' id='par_1_15' title="bbox 661 1547 2160 1620">
     <span class='ocr_line' id='line_1_15' title="bbox 661 1547 2160 1620; baseline -0.003 -12"><span class='ocrx_word' id='word_1_95' title='bbox 661 1552 746 1608; x_wconf 90' lang='lat' dir='ltr'><strong>Ill.</strong></span> <span class='ocrx_word' id='word_1_96' title='bbox 792 1553 1093 1607; x_wconf 82' lang='lat' dir='ltr'><strong>Videndum</strong></span> <span class='ocrx_word' id='word_1_97' title='bbox 1123 1549 1317 1605; x_wconf 89' lang='lat' dir='ltr'><strong>deinde</strong></span> <span class='ocrx_word' id='word_1_98' title='bbox 1348 1547 1639 1619; x_wconf 89' lang='lat' dir='ltr'><strong>angelosne</strong></span> <span class='ocrx_word' id='word_1_99' title='bbox 1676 1558 1995 1620; x_wconf 89' lang='lat' dir='ltr'><strong>corporatos</strong></span> <span class='ocrx_word' id='word_1_100' title='bbox 2022 1563 2160 1614; x_wconf 88' lang='lat' dir='ltr'><strong>esse,</strong></span> 
     </span>
    </p>
   </div>
   <div class='ocr_carea' id='block_1_16' title="bbox 588 1641 2166 1716">
    <p class='ocr_par' dir='ltr' id='par_1_16' title="bbox 588 1641 2166 1716">
     <span class='ocr_line' id='line_1_16' title="bbox 588 1641 2166 1716; baseline -0.003 -16"><span class='ocrx_word' id='word_1_101' title='bbox 588 1662 658 1701; x_wconf 91' lang='lat' dir='ltr'><strong>an</strong></span> <span class='ocrx_word' id='word_1_102' title='bbox 685 1662 912 1716; x_wconf 87' lang='lat' dir='ltr'><strong>corpore</strong></span> <span class='ocrx_word' id='word_1_103' title='bbox 940 1659 1127 1699; x_wconf 88' lang='lat' dir='ltr'><strong>carere</strong></span> <span class='ocrx_word' id='word_1_104' title='bbox 1163 1641 1438 1711; x_wconf 80' lang='lat' dir='ltr'><strong>Origenes</strong></span> <span class='ocrx_word' id='word_1_105' title='bbox 1469 1642 1770 1697; x_wconf 86' lang='lat' dir='ltr'><strong>arbitratus</strong></span> <span class='ocrx_word' id='word_1_106' title='bbox 1804 1643 1893 1695; x_wconf 88' lang='lat' dir='ltr'><strong>sit.</strong></span> <span class='ocrx_word' id='word_1_107' title='bbox 1932 1641 2049 1695; x_wconf 88' lang='lat' dir='ltr'><strong>Non</strong></span> <span class='ocrx_word' id='word_1_108' title='bbox 2083 1658 2166 1695; x_wconf 86' lang='lat' dir='ltr'><strong>sa-</strong></span> 
     </span>
    </p>
   </div>
   <div class='ocr_carea' id='block_1_17' title="bbox 592 1732 2165 1805">
    <p class='ocr_par' dir='ltr' id='par_1_17' title="bbox 592 1732 2165 1805">
     <span class='ocr_line' id='line_1_17' title="bbox 592 1732 2165 1805; baseline -0.003 -12"><span class='ocrx_word' id='word_1_109' title='bbox 592 1739 662 1795; x_wconf 82' lang='lat' dir='ltr'><strong>tis</strong></span> <span class='ocrx_word' id='word_1_110' title='bbox 692 1747 871 1791; x_wconf 90' lang='lat' dir='ltr'><strong>autem</strong></span> <span class='ocrx_word' id='word_1_111' title='bbox 915 1735 1207 1805; x_wconf 81' lang='lat' dir='ltr'><strong>explicata,</strong></span> <span class='ocrx_word' id='word_1_112' title='bbox 1240 1744 1294 1790; x_wconf 88' lang='lat' dir='ltr'><strong>et</strong></span> <span class='ocrx_word' id='word_1_113' title='bbox 1331 1745 1479 1787; x_wconf 88' lang='lat' dir='ltr'><strong>certa</strong></span> <span class='ocrx_word' id='word_1_114' title='bbox 1515 1733 1731 1787; x_wconf 87' lang='lat' dir='ltr'><strong>videtur</strong></span> <span class='ocrx_word' id='word_1_115' title='bbox 1766 1733 1938 1802; x_wconf 80' lang='lat' dir='ltr'><strong>prima</strong></span> <span class='ocrx_word' id='word_1_116' title='bbox 1985 1732 2165 1789; x_wconf 82' lang='lat' dir='ltr'><strong>fronte</strong></span> 
     </span>
    </p>
   </div>
   <div class='ocr_carea' id='block_1_18' title="bbox 589 1824 2164 1900">
    <p class='ocr_par' dir='ltr' id='par_1_18' title="bbox 589 1824 2164 1900">
     <span class='ocr_line' id='line_1_18' title="bbox 589 1824 2164 1900; baseline -0.004 -14"><span class='ocrx_word' id='word_1_117' title='bbox 589 1832 711 1900; x_wconf 86' lang='lat' dir='ltr'><strong>ejus</strong></span> <span class='ocrx_word' id='word_1_118' title='bbox 748 1830 922 1891; x_wconf 86' lang='lat' dir='ltr'><strong>ratio;</strong></span> <span class='ocrx_word' id='word_1_119' title='bbox 957 1844 1079 1883; x_wconf 88' lang='lat' dir='ltr'><strong>nam</strong></span> <span class='ocrx_word' id='word_1_120' title='bbox 1120 1826 1413 1897; x_wconf 79' lang='lat' dir='ltr'><strong>pugnantia</strong></span> <span class='ocrx_word' id='word_1_121' title='bbox 1444 1840 1628 1879; x_wconf 90' lang='lat' dir='ltr'><strong>secum</strong></span> <span class='ocrx_word' id='word_1_122' title='bbox 1654 1840 1776 1879; x_wconf 92' lang='lat' dir='ltr'><strong>esse</strong></span> <span class='ocrx_word' id='word_1_123' title='bbox 1816 1824 1967 1879; x_wconf 91' lang='lat' dir='ltr'><strong>dicas</strong></span> <span class='ocrx_word' id='word_1_124' title='bbox 1995 1865 2009 1889; x_wconf 92' lang='lat'><strong>,</strong></span> <span class='ocrx_word' id='word_1_125' title='bbox 2042 1840 2164 1895; x_wconf 64' lang='lat' dir='ltr'><strong>quae</strong></span> 
     </span>
    </p>
   </div>
   <div class='ocr_carea' id='block_1_19' title="bbox 2271 636 3850 709">
    <p class='ocr_par' dir='ltr' id='par_1_19' title="bbox 2271 636 3850 709">
     <span class='ocr_line' id='line_1_19' title="bbox 2271 636 3850 709; baseline 0.003 -19"><span class='ocrx_word' id='word_1_126' title='bbox 2271 636 2477 703; x_wconf 78' lang='lat' dir='ltr'><strong>signem</strong></span> <span class='ocrx_word' id='word_1_127' title='bbox 2515 636 2867 691; x_wconf 88' lang='lat' dir='ltr'><strong>subtilitatem</strong></span> <span class='ocrx_word' id='word_1_128' title='bbox 2895 677 2911 702; x_wconf 94' lang='lat'><strong>,</strong></span> <span class='ocrx_word' id='word_1_129' title='bbox 2943 651 3067 689; x_wconf 90' lang='lat' dir='ltr'><strong>cum</strong></span> <span class='ocrx_word' id='word_1_130' title='bbox 3107 636 3333 706; x_wconf 87' lang='lat' dir='ltr'><strong>reliquis</strong></span> <span class='ocrx_word' id='word_1_131' title='bbox 3367 638 3553 692; x_wconf 91' lang='lat' dir='ltr'><strong>mundi</strong></span> <span class='ocrx_word' id='word_1_132' title='bbox 3599 642 3850 709; x_wconf 89' lang='lat' dir='ltr'><strong>corpori-</strong></span> 
     </span>
    </p>
   </div>
   <div class='ocr_carea' id='block_1_20' title="bbox 2270 726 3848 799">
    <p class='ocr_par' dir='ltr' id='par_1_20' title="bbox 2270 726 3848 799">
     <span class='ocr_line' id='line_1_20' title="bbox 2270 726 3848 799; baseline 0.003 -19"><span class='ocrx_word' id='word_1_133' title='bbox 2270 729 2369 781; x_wconf 92' lang='lat' dir='ltr'><strong>bus</strong></span> <span class='ocrx_word' id='word_1_134' title='bbox 2406 737 2719 795; x_wconf 88' lang='lat' dir='ltr'><strong>comparata</strong></span> <span class='ocrx_word' id='word_1_135' title='bbox 2743 768 2759 789; x_wconf 91' lang='lat'><strong>,</strong></span> <span class='ocrx_word' id='word_1_136' title='bbox 2796 726 3100 793; x_wconf 86' lang='lat' dir='ltr'><strong>spiritualia</strong></span> <span class='ocrx_word' id='word_1_137' title='bbox 3130 768 3145 792; x_wconf 93' lang='lat'><strong>,</strong></span> <span class='ocrx_word' id='word_1_138' title='bbox 3193 737 3252 781; x_wconf 91' lang='lat' dir='ltr'><strong>ut</strong></span> <span class='ocrx_word' id='word_1_139' title='bbox 3287 730 3643 783; x_wconf 89' lang='lat' dir='ltr'><strong>ostendemus</strong></span> <span class='ocrx_word' id='word_1_140' title='bbox 3683 731 3848 799; x_wconf 89' lang='lat' dir='ltr'><strong>paulo</strong></span> 
     </span>
    </p>
   </div>
   <div class='ocr_carea' id='block_1_21' title="bbox 2269 816 3851 889">
    <p class='ocr_par' dir='ltr' id='par_1_21' title="bbox 2269 816 3851 889">
     <span class='ocr_line' id='line_1_21' title="bbox 2269 816 3851 889; baseline 0.004 -20"><span class='ocrx_word' id='word_1_141' title='bbox 2269 827 2391 888; x_wconf 73' lang='lat' dir='ltr'><strong>post</strong></span> <span class='ocrx_word' id='word_1_142' title='bbox 2415 858 2429 878; x_wconf 96' lang='lat'><strong>,</strong></span> <span class='ocrx_word' id='word_1_143' title='bbox 2464 827 2517 870; x_wconf 92' lang='lat' dir='ltr'><strong>et</strong></span> <span class='ocrx_word' id='word_1_144' title='bbox 2552 819 2871 886; x_wconf 90' lang='lat' dir='ltr'><strong>incorporea</strong></span> <span class='ocrx_word' id='word_1_145' title='bbox 2904 816 3005 868; x_wconf 91' lang='lat' dir='ltr'><strong>dici</strong></span> <span class='ocrx_word' id='word_1_146' title='bbox 3041 831 3198 884; x_wconf 78' lang='lat' dir='ltr'><strong>posse</strong></span> <span class='ocrx_word' id='word_1_147' title='bbox 3238 836 3249 869; x_wconf 94' lang='lat'><strong>:</strong></span> <span class='ocrx_word' id='word_1_148' title='bbox 3284 818 3533 886; x_wconf 84' lang='lat' dir='ltr'><strong>quamvis</strong></span> <span class='ocrx_word' id='word_1_149' title='bbox 3565 832 3696 889; x_wconf 80' lang='lat' dir='ltr'><strong>ergo</strong></span> <span class='ocrx_word' id='word_1_150' title='bbox 3722 830 3851 876; x_wconf 83' lang='lat' dir='ltr'><strong>ante</strong></span> 
     </span>
    </p>
   </div>
   <div class='ocr_carea' id='block_1_22' title="bbox 2270 906 3847 977">
    <p class='ocr_par' dir='ltr' id='par_1_22' title="bbox 2270 906 3847 977">
     <span class='ocr_line' id='line_1_22' title="bbox 2270 906 3847 977; baseline 0.001 -15"><span class='ocrx_word' id='word_1_151' title='bbox 2270 908 2453 962; x_wconf 89' lang='lat' dir='ltr'><strong>tnundi</strong></span> <span class='ocrx_word' id='word_1_152' title='bbox 2488 906 2646 973; x_wconf 88' lang='lat' dir='ltr'><strong>hujus</strong></span> <span class='ocrx_word' id='word_1_153' title='bbox 2673 907 2920 975; x_wconf 90' lang='lat' dir='ltr'><strong>corporei</strong></span> <span class='ocrx_word' id='word_1_154' title='bbox 2952 906 3226 975; x_wconf 84' lang='lat' dir='ltr'><strong>opiﬁcium</strong></span> <span class='ocrx_word' id='word_1_155' title='bbox 3255 909 3470 961; x_wconf 89' lang='lat' dir='ltr'><strong>condita</strong></span> <span class='ocrx_word' id='word_1_156' title='bbox 3513 923 3579 963; x_wconf 91' lang='lat' dir='ltr'><strong>ea</strong></span> <span class='ocrx_word' id='word_1_157' title='bbox 3621 910 3847 977; x_wconf 65' lang='lat' dir='ltr'><strong>Fuerint,</strong></span> 
     </span>
    </p>
   </div>
   <div class='ocr_carea' id='block_1_23' title="bbox 2268 996 3851 1067">
    <p class='ocr_par' dir='ltr' id='par_1_23' title="bbox 2268 996 3851 1067">
     <span class='ocr_line' id='line_1_23' title="bbox 2268 996 3851 1067; baseline 0.001 -14"><span class='ocrx_word' id='word_1_158' title='bbox 2268 1012 2495 1067; x_wconf 82' lang='lat' dir='ltr'><strong>corpore</strong></span> <span class='ocrx_word' id='word_1_159' title='bbox 2525 1008 2701 1051; x_wconf 89' lang='lat' dir='ltr'><strong>tamen</strong></span> <span class='ocrx_word' id='word_1_160' title='bbox 2745 997 2824 1051; x_wconf 90' lang='lat' dir='ltr'><strong>sui</strong></span> <span class='ocrx_word' id='word_1_161' title='bbox 2872 997 3090 1066; x_wconf 81' lang='lat' dir='ltr'><strong>generis</strong></span> <span class='ocrx_word' id='word_1_162' title='bbox 3139 996 3312 1053; x_wconf 80' lang='lat' dir='ltr'><strong>fuisse</strong></span> <span class='ocrx_word' id='word_1_163' title='bbox 3352 999 3656 1067; x_wconf 91' lang='lat' dir='ltr'><strong>instructa;</strong></span> <span class='ocrx_word' id='word_1_164' title='bbox 3684 1015 3749 1054; x_wconf 91' lang='lat' dir='ltr'><strong>ac</strong></span> <span class='ocrx_word' id='word_1_165' title='bbox 3782 1016 3851 1054; x_wconf 93' lang='lat' dir='ltr'><strong>ne</strong></span> 
     </span>
    </p>
   </div>
   <div class='ocr_carea' id='block_1_24' title="bbox 2271 1088 3849 1158">
    <p class='ocr_par' dir='ltr' id='par_1_24' title="bbox 2271 1088 3849 1158">
     <span class='ocr_line' id='line_1_24' title="bbox 2271 1088 3849 1158; baseline 0.004 -18"><span class='ocrx_word' id='word_1_166' title='bbox 2271 1088 2324 1141; x_wconf 90' lang='lat' dir='ltr'><strong>in</strong></span> <span class='ocrx_word' id='word_1_167' title='bbox 2360 1088 2539 1158; x_wconf 91' lang='lat' dir='ltr'><strong>primo</strong></span> <span class='ocrx_word' id='word_1_168' title='bbox 2576 1088 2791 1157; x_wconf 88' lang='lat' dir='ltr'><strong>quidem</strong></span> <span class='ocrx_word' id='word_1_169' title='bbox 2845 1088 2937 1142; x_wconf 93' lang='lat' dir='ltr'><strong>illo</strong></span> <span class='ocrx_word' id='word_1_170' title='bbox 2978 1096 3121 1141; x_wconf 90' lang='lat' dir='ltr'><strong>statu</strong></span> <span class='ocrx_word' id='word_1_171' title='bbox 3157 1088 3247 1142; x_wconf 94' lang='lat' dir='ltr'><strong>diu</strong></span> <span class='ocrx_word' id='word_1_172' title='bbox 3293 1104 3679 1158; x_wconf 81' lang='lat' dir='ltr'><strong>perseverasse</strong></span> <span class='ocrx_word' id='word_1_173' title='bbox 3704 1132 3720 1157; x_wconf 92' lang='lat'><strong>,</strong></span> <span class='ocrx_word' id='word_1_174' title='bbox 3752 1091 3849 1146; x_wconf 84' lang='lat' dir='ltr'><strong>sed</strong></span> 
     </span>
    </p>
   </div>
   <div class='ocr_carea' id='block_1_25' title="bbox 2268 1179 3849 1249">
    <p class='ocr_par' dir='ltr' id='par_1_25' title="bbox 2268 1179 3849 1249">
     <span class='ocr_line' id='line_1_25' title="bbox 2268 1179 3849 1249; baseline 0.004 -19"><span class='ocrx_word' id='word_1_175' title='bbox 2268 1179 2508 1232; x_wconf 90' lang='lat' dir='ltr'><strong>admisso</strong></span> <span class='ocrx_word' id='word_1_176' title='bbox 2551 1182 2732 1231; x_wconf 89' lang='lat' dir='ltr'><strong>statim</strong></span> <span class='ocrx_word' id='word_1_177' title='bbox 2778 1187 3063 1249; x_wconf 88' lang='lat' dir='ltr'><strong>postquam</strong></span> <span class='ocrx_word' id='word_1_178' title='bbox 3096 1188 3282 1233; x_wconf 91' lang='lat' dir='ltr'><strong>creata</strong></span> <span class='ocrx_word' id='word_1_179' title='bbox 3312 1190 3440 1233; x_wconf 91' lang='lat' dir='ltr'><strong>sunt</strong></span> <span class='ocrx_word' id='word_1_180' title='bbox 3472 1191 3695 1248; x_wconf 90' lang='lat' dir='ltr'><strong>peccato</strong></span> <span class='ocrx_word' id='word_1_181' title='bbox 3723 1221 3738 1244; x_wconf 88' lang='lat'><strong>,</strong></span> <span class='ocrx_word' id='word_1_182' title='bbox 3790 1181 3849 1236; x_wconf 88' lang='lat' dir='ltr'><strong>in</strong></span> 
     </span>
    </p>
   </div>
   <div class='ocr_carea' id='block_1_26' title="bbox 2270 1271 3851 1340">
    <p class='ocr_par' dir='ltr' id='par_1_26' title="bbox 2270 1271 3851 1340">
     <span class='ocr_line' id='line_1_26' title="bbox 2270 1271 3851 1340; baseline 0.003 -18"><span class='ocrx_word' id='word_1_183' title='bbox 2270 1271 2536 1323; x_wconf 83' lang='lat' dir='ltr'><strong>crassiora</strong></span> <span class='ocrx_word' id='word_1_184' title='bbox 2589 1274 2847 1324; x_wconf 89' lang='lat' dir='ltr'><strong>continuo</strong></span> <span class='ocrx_word' id='word_1_185' title='bbox 2904 1285 3131 1338; x_wconf 90' lang='lat' dir='ltr'><strong>corpora</strong></span> <span class='ocrx_word' id='word_1_186' title='bbox 3180 1272 3431 1340; x_wconf 85' lang='lat' dir='ltr'><strong>supplicii</strong></span> <span class='ocrx_word' id='word_1_187' title='bbox 3466 1287 3626 1326; x_wconf 89' lang='lat' dir='ltr'><strong>causa</strong></span> <span class='ocrx_word' id='word_1_188' title='bbox 3679 1273 3851 1327; x_wconf 81' lang='lat' dir='ltr'><strong>fuisse</strong></span> 
     </span>
    </p>
   </div>
   <div class='ocr_carea' id='block_1_27' title="bbox 2272 1359 3851 1430">
    <p class='ocr_par' dir='ltr' id='par_1_27' title="bbox 2272 1359 3851 1430">
     <span class='ocr_line' id='line_1_27' title="bbox 2272 1359 3851 1430; baseline 0.004 -19"><span class='ocrx_word' id='word_1_189' title='bbox 2272 1359 2549 1413; x_wconf 90' lang='lat' dir='ltr'><strong>inuuersa.</strong></span> <span class='ocrx_word' id='word_1_190' title='bbox 2599 1359 2801 1413; x_wconf 73' lang='lat' dir='ltr'><strong>Prteler</strong></span> <span class='ocrx_word' id='word_1_191' title='bbox 2853 1361 3132 1429; x_wconf 87' lang='lat' dir='ltr'><strong>superiora</strong></span> <span class='ocrx_word' id='word_1_192' title='bbox 3174 1360 3481 1415; x_wconf 89' lang='lat' dir='ltr'><strong>testimonia</strong></span> <span class='ocrx_word' id='word_1_193' title='bbox 3529 1362 3729 1430; x_wconf 89' lang='lat' dir='ltr'><strong>quibus</strong></span> <span class='ocrx_word' id='word_1_194' title='bbox 3757 1378 3851 1417; x_wconf 80' lang='lat' dir='ltr'><strong>an-</strong></span> 
     </span>
    </p>
   </div>
   <div class='ocr_carea' id='block_1_28' title="bbox 2271 1451 3851 1525">
    <p class='ocr_par' dir='ltr' id='par_1_28' title="bbox 2271 1451 3851 1525">
     <span class='ocr_line' id='line_1_28' title="bbox 2271 1451 3851 1525; baseline 0.003 -19"><span class='ocrx_word' id='word_1_195' title='bbox 2271 1451 2403 1522; x_wconf 84' lang='lat' dir='ltr'><strong>gelis</strong></span> <span class='ocrx_word' id='word_1_196' title='bbox 2456 1467 2652 1521; x_wconf 91' lang='lat' dir='ltr'><strong>corpus</strong></span> <span class='ocrx_word' id='word_1_197' title='bbox 2696 1452 2991 1520; x_wconf 77' lang='lat' dir='ltr'><strong>aﬂingitur,</strong></span> <span class='ocrx_word' id='word_1_198' title='bbox 3044 1454 3324 1508; x_wconf 85' lang='lat' dir='ltr'><strong>recitanda</strong></span> <span class='ocrx_word' id='word_1_199' title='bbox 3365 1469 3581 1524; x_wconf 86' lang='lat' dir='ltr'><strong>quoque</strong></span> <span class='ocrx_word' id='word_1_200' title='bbox 3618 1469 3680 1510; x_wconf 89' lang='lat' dir='ltr'><strong>ea</strong></span> <span class='ocrx_word' id='word_1_201' title='bbox 3724 1470 3851 1525; x_wconf 63' lang='lat' dir='ltr'><strong>qua</strong></span> 
     </span>
    </p>
   </div>
   <div class='ocr_carea' id='block_1_29' title="bbox 2272 1541 3846 1614">
    <p class='ocr_par' dir='ltr' id='par_1_29' title="bbox 2272 1541 3846 1614">
     <span class='ocr_line' id='line_1_29' title="bbox 2272 1541 3846 1614; baseline 0.003 -19"><span class='ocrx_word' id='word_1_202' title='bbox 2272 1542 2447 1597; x_wconf 92' lang='lat' dir='ltr'><strong>locum</strong></span> <span class='ocrx_word' id='word_1_203' title='bbox 2470 1541 2724 1613; x_wconf 88' lang='lat' dir='ltr'><strong>Origenis</strong></span> <span class='ocrx_word' id='word_1_204' title='bbox 2748 1558 2909 1613; x_wconf 86' lang='lat' dir='ltr'><strong>supra</strong></span> <span class='ocrx_word' id='word_1_205' title='bbox 2932 1544 3152 1598; x_wconf 89' lang='lat' dir='ltr'><strong>allatum</strong></span> <span class='ocrx_word' id='word_1_206' title='bbox 3182 1544 3461 1614; x_wconf 83' lang='lat' dir='ltr'><strong>excipiunt</strong></span> <span class='ocrx_word' id='word_1_207' title='bbox 3486 1564 3497 1599; x_wconf 96' lang='lat'>:</span> <span class='ocrx_word' id='word_1_208' title='bbox 3536 1564 3555 1597; x_wconf 76' lang='grc' dir='ltr'>ι</span> <span class='ocrx_word' id='word_1_209' title='bbox 3597 1544 3665 1600; x_wconf 89' lang='lat' dir='ltr'><strong>Ut</strong></span> <span class='ocrx_word' id='word_1_210' title='bbox 3692 1561 3846 1614; x_wconf 84' lang='lat' dir='ltr'><strong>ergo,</strong></span> 
     </span>
    </p>
   </div>
   <div class='ocr_carea' id='block_1_30' title="bbox 2273 1639 3853 1709">
    <p class='ocr_par' dir='ltr' id='par_1_30' title="bbox 2273 1639 3853 1709">
     <span class='ocr_line' id='line_1_30' title="bbox 2273 1639 3853 1709; baseline 0.003 -17"><span class='ocrx_word' id='word_1_211' title='bbox 2273 1639 2466 1708; x_wconf 89' lang='lat' dir='ltr'><strong>inquit,</strong></span> <span class='ocrx_word' id='word_1_212' title='bbox 2503 1640 2751 1709; x_wconf 86' lang='lat' dir='ltr'><strong>superius</strong></span> <span class='ocrx_word' id='word_1_213' title='bbox 2779 1639 3015 1693; x_wconf 84' lang='lat' dir='ltr'><strong>diximus</strong></span> <span class='ocrx_word' id='word_1_214' title='bbox 3040 1678 3055 1703; x_wconf 90' lang='lat'><strong>,</strong></span> <span class='ocrx_word' id='word_1_215' title='bbox 3084 1640 3385 1694; x_wconf 91' lang='lat' dir='ltr'><strong>materialis</strong></span> <span class='ocrx_word' id='word_1_216' title='bbox 3408 1642 3715 1697; x_wconf 88' lang='lat' dir='ltr'><strong>substantia</strong></span> <span class='ocrx_word' id='word_1_217' title='bbox 3749 1644 3853 1697; x_wconf 81' lang='lat' dir='ltr'><strong>hu-</strong></span> 
     </span>
    </p>
   </div>
   <div class='ocr_carea' id='block_1_31' title="bbox 2265 1729 3852 1799">
    <p class='ocr_par' dir='ltr' id='par_1_31' title="bbox 2265 1729 3852 1799">
     <span class='ocr_line' id='line_1_31' title="bbox 2265 1729 3852 1799; baseline 0.006 -20"><span class='ocrx_word' id='word_1_218' title='bbox 2265 1729 2353 1797; x_wconf 88' lang='lat' dir='ltr'><strong>jus</strong></span> <span class='ocrx_word' id='word_1_219' title='bbox 2394 1730 2576 1783; x_wconf 90' lang='lat' dir='ltr'><strong>mundi</strong></span> <span class='ocrx_word' id='word_1_220' title='bbox 2631 1730 2838 1784; x_wconf 81' lang='lat' dir='ltr'><strong>habens</strong></span> <span class='ocrx_word' id='word_1_221' title='bbox 2887 1740 3136 1784; x_wconf 90' lang='lat' dir='ltr'><strong>naturam</strong></span> <span class='ocrx_word' id='word_1_222' title='bbox 3166 1771 3183 1797; x_wconf 91' lang='lat'><strong>,</strong></span> <span class='ocrx_word' id='word_1_223' title='bbox 3230 1746 3349 1799; x_wconf 64' lang='lat' dir='ltr'><strong>qua:</strong></span> <span class='ocrx_word' id='word_1_224' title='bbox 3378 1746 3444 1786; x_wconf 82' lang='lat' dir='ltr'><strong>ex</strong></span> <span class='ocrx_word' id='word_1_225' title='bbox 3493 1734 3743 1788; x_wconf 90' lang='lat' dir='ltr'><strong>omnibus</strong></span> <span class='ocrx_word' id='word_1_226' title='bbox 3780 1734 3852 1790; x_wconf 87' lang='lat' dir='ltr'><strong>ad</strong></span> 
     </span>
    </p>
   </div>
   <div class='ocr_carea' id='block_1_32' title="bbox 2272 1819 3851 1896">
    <p class='ocr_par' dir='ltr' id='par_1_32' title="bbox 2272 1819 3851 1896">
     <span class='ocr_line' id='line_1_32' title="bbox 2272 1819 3851 1896; baseline 0.006 -23"><span class='ocrx_word' id='word_1_227' title='bbox 2272 1821 2453 1875; x_wconf 87' lang='lat' dir='ltr'><strong>omnia</strong></span> <span class='ocrx_word' id='word_1_228' title='bbox 2512 1819 2953 1886; x_wconf 78' lang='lat' dir='ltr'><strong>transformatur,</strong></span> <span class='ocrx_word' id='word_1_229' title='bbox 3007 1838 3130 1876; x_wconf 91' lang='lat' dir='ltr'><strong>cum</strong></span> <span class='ocrx_word' id='word_1_230' title='bbox 3170 1824 3235 1877; x_wconf 90' lang='lat' dir='ltr'><strong>ad</strong></span> <span class='ocrx_word' id='word_1_231' title='bbox 3286 1824 3570 1881; x_wconf 80' lang='lat' dir='ltr'><strong>inferiores</strong></span> <span class='ocrx_word' id='word_1_232' title='bbox 3601 1842 3851 1896; x_wconf 86' lang='lat' dir='ltr'><strong>quosque</strong></span> 
     </span>
    </p>
   </div>
   <div class='ocr_carea' id='block_1_33' title="bbox 590 1913 3850 1988">
    <p class='ocr_par' dir='ltr' id='par_1_33' title="bbox 590 1913 3850 1988">
     <span class='ocr_line' id='line_1_33' title="bbox 590 1913 3850 1988; baseline -0.001 -12"><span class='ocrx_word' id='word_1_233' title='bbox 590 1922 818 1977; x_wconf 87' lang='lat' dir='ltr'><strong>diversis</strong></span> <span class='ocrx_word' id='word_1_234' title='bbox 856 1920 1008 1974; x_wconf 87' lang='lat' dir='ltr'><strong>libris</strong></span> <span class='ocrx_word' id='word_1_235' title='bbox 1041 1934 1201 1988; x_wconf 86' lang='lat' dir='ltr'><strong>super</strong></span> <span class='ocrx_word' id='word_1_236' title='bbox 1238 1932 1305 1972; x_wconf 92' lang='lat' dir='ltr'><strong>eo</strong></span> <span class='ocrx_word' id='word_1_237' title='bbox 1346 1927 1672 1987; x_wconf 89' lang='lat' dir='ltr'><strong>argumento</strong></span> <span class='ocrx_word' id='word_1_238' title='bbox 1702 1917 1978 1972; x_wconf 86' lang='lat' dir='ltr'><strong>disseruit.</strong></span> <span class='ocrx_word' id='word_1_239' title='bbox 2024 1916 2159 1985; x_wconf 86' lang='lat' dir='ltr'><strong>Qui-</strong></span> <span class='ocrx_word' id='word_1_240' title='bbox 2192 1931 2235 1987; x_wconf 73' lang='grc' dir='ltr'><strong>Β</strong></span> <span class='ocrx_word' id='word_1_241' title='bbox 2264 1914 2521 1977; x_wconf 85' lang='lat' dir='ltr'><strong>trahitur,</strong></span> <span class='ocrx_word' id='word_1_242' title='bbox 2568 1913 2619 1966; x_wconf 93' lang='lat' dir='ltr'><strong>in</strong></span> <span class='ocrx_word' id='word_1_243' title='bbox 2647 1914 2975 1968; x_wconf 86' lang='lat' dir='ltr'><strong>crassiorem</strong></span> <span class='ocrx_word' id='word_1_244' title='bbox 3030 1915 3277 1982; x_wconf 90' lang='lat' dir='ltr'><strong>corporis</strong></span> <span class='ocrx_word' id='word_1_245' title='bbox 3347 1925 3549 1970; x_wconf 89' lang='lat' dir='ltr'><strong>statum</strong></span> <span class='ocrx_word' id='word_1_246' title='bbox 3620 1918 3850 1973; x_wconf 85' lang='lat' dir='ltr'><strong>solidio-</strong></span> 
     </span>
    </p>
   </div>
   <div class='ocr_carea' id='block_1_34' title="bbox 592 2005 2167 2078">
    <p class='ocr_par' dir='ltr' id='par_1_34' title="bbox 592 2005 2167 2078">
     <span class='ocr_line' id='line_1_34' title="bbox 592 2005 2167 2078; baseline -0.004 -13"><span class='ocrx_word' id='word_1_247' title='bbox 592 2024 806 2078; x_wconf 86' lang='lat' dir='ltr'><strong>cunqne</strong></span> <span class='ocrx_word' id='word_1_248' title='bbox 857 2016 1036 2062; x_wconf 88' lang='lat' dir='ltr'><strong>tamen</strong></span> <span class='ocrx_word' id='word_1_249' title='bbox 1079 2007 1316 2059; x_wconf 88' lang='lat' dir='ltr'><strong>animum</strong></span> <span class='ocrx_word' id='word_1_250' title='bbox 1372 2007 1436 2059; x_wconf 91' lang='lat' dir='ltr'><strong>ad</strong></span> <span class='ocrx_word' id='word_1_251' title='bbox 1489 2005 1608 2074; x_wconf 83' lang='lat' dir='ltr'><strong>ejus</strong></span> <span class='ocrx_word' id='word_1_252' title='bbox 1659 2007 1822 2059; x_wconf 86' lang='lat' dir='ltr'><strong>verba</strong></span> <span class='ocrx_word' id='word_1_253' title='bbox 1871 2006 2167 2060; x_wconf 88' lang='lat' dir='ltr'><strong>attenderit</strong></span> 
     </span>
    </p>
   </div>
   <div class='ocr_carea' id='block_1_35' title="bbox 592 2095 2167 2170">
    <p class='ocr_par' dir='ltr' id='par_1_35' title="bbox 592 2095 2167 2170">
     <span class='ocr_line' id='line_1_35' title="bbox 592 2095 2167 2170; baseline -0.003 -14"><span class='ocrx_word' id='word_1_254' title='bbox 592 2101 902 2170; x_wconf 81' lang='lat' dir='ltr'><strong>diligenter,</strong></span> <span class='ocrx_word' id='word_1_255' title='bbox 952 2098 1110 2152; x_wconf 90' lang='lat' dir='ltr'><strong>aliter</strong></span> <span class='ocrx_word' id='word_1_256' title='bbox 1151 2096 1437 2165; x_wconf 86' lang='lat' dir='ltr'><strong>judicabit.</strong></span> <span class='ocrx_word' id='word_1_257' title='bbox 1495 2095 1633 2149; x_wconf 80' lang='lat' dir='ltr'><strong>Rata</strong></span> <span class='ocrx_word' id='word_1_258' title='bbox 1680 2097 1873 2165; x_wconf 88' lang='lat' dir='ltr'><strong>quippe</strong></span> <span class='ocrx_word' id='word_1_259' title='bbox 1913 2097 2012 2149; x_wconf 80' lang='lat' dir='ltr'><strong>fuit</strong></span> <span class='ocrx_word' id='word_1_260' title='bbox 2050 2095 2167 2164; x_wconf 89' lang='lat' dir='ltr'><strong>ejus</strong></span> 
     </span>
    </p>
   </div>
   <div class='ocr_carea' id='block_1_36' title="bbox 591 2188 2163 2259">
    <p class='ocr_par' dir='ltr' id='par_1_36' title="bbox 591 2188 2163 2259">
     <span class='ocr_line' id='line_1_36' title="bbox 591 2188 2163 2259; baseline -0.004 -11"><span class='ocrx_word' id='word_1_261' title='bbox 591 2202 650 2248; x_wconf 88' lang='lat' dir='ltr'><strong>et</strong></span> <span class='ocrx_word' id='word_1_262' title='bbox 677 2201 933 2247; x_wconf 86' lang='lat' dir='ltr'><strong>constans</strong></span> <span class='ocrx_word' id='word_1_263' title='bbox 979 2189 1161 2259; x_wconf 89' lang='lat' dir='ltr'><strong>opinio</strong></span> <span class='ocrx_word' id='word_1_264' title='bbox 1216 2189 1435 2258; x_wconf 81' lang='lat' dir='ltr'><strong>angelos</strong></span> <span class='ocrx_word' id='word_1_265' title='bbox 1481 2204 1711 2258; x_wconf 90' lang='lat' dir='ltr'><strong>corpore</strong></span> <span class='ocrx_word' id='word_1_266' title='bbox 1750 2203 1870 2242; x_wconf 91' lang='lat' dir='ltr'><strong>esse</strong></span> <span class='ocrx_word' id='word_1_267' title='bbox 1908 2188 2163 2251; x_wconf 89' lang='lat' dir='ltr'><strong>indutos,</strong></span> 
     </span>
    </p>
   </div>
   <div class='ocr_carea' id='block_1_37' title="bbox 592 2280 2164 2348">
    <p class='ocr_par' dir='ltr' id='par_1_37' title="bbox 592 2280 2164 2348">
     <span class='ocr_line' id='line_1_37' title="bbox 592 2280 2164 2348; baseline -0.006 -8"><span class='ocrx_word' id='word_1_268' title='bbox 592 2286 687 2340; x_wconf 92' lang='lat' dir='ltr'><strong>sed</strong></span> <span class='ocrx_word' id='word_1_269' title='bbox 721 2284 902 2338; x_wconf 90' lang='lat' dir='ltr'><strong>subtili</strong></span> <span class='ocrx_word' id='word_1_270' title='bbox 931 2292 986 2336; x_wconf 91' lang='lat' dir='ltr'><strong>et</strong></span> <span class='ocrx_word' id='word_1_271' title='bbox 1028 2282 1178 2336; x_wconf 88' lang='lat' dir='ltr'><strong>tenui</strong></span> <span class='ocrx_word' id='word_1_272' title='bbox 1210 2297 1224 2333; x_wconf 89' lang='lat'><strong>:</strong></span> <span class='ocrx_word' id='word_1_273' title='bbox 1258 2296 1387 2335; x_wconf 91' lang='lat' dir='ltr'><strong>nam</strong></span> <span class='ocrx_word' id='word_1_274' title='bbox 1436 2281 1527 2337; x_wconf 92' lang='lat' dir='ltr'><strong>lib.</strong></span> <span class='ocrx_word' id='word_1_275' title='bbox 1566 2296 1581 2334; x_wconf 87' lang='grc' dir='ltr'>ι</span> <span class='ocrx_word' id='word_1_276' title='bbox 1636 2280 1706 2333; x_wconf 84' lang='lat' dir='ltr'><strong>De</strong></span> <span class='ocrx_word' id='word_1_277' title='bbox 1743 2280 1994 2348; x_wconf 79' lang='lat' dir='ltr'><strong>princip.,</strong></span> <span class='ocrx_word' id='word_1_278' title='bbox 2044 2293 2164 2348; x_wconf 89' lang='lat' dir='ltr'><strong>cap.</strong></span> 
     </span>
    </p>
   </div>
   <div class='ocr_carea' id='block_1_38' title="bbox 591 2369 2163 2443">
    <p class='ocr_par' dir='ltr' id='par_1_38' title="bbox 591 2369 2163 2443">
     <span class='ocr_line' id='line_1_38' title="bbox 591 2369 2163 2443; baseline -0.004 -12"><span class='ocrx_word' id='word_1_279' title='bbox 591 2375 648 2441; x_wconf 89' lang='lat'><strong>6,</strong></span> <span class='ocrx_word' id='word_1_280' title='bbox 674 2391 822 2429; x_wconf 89' lang='lat' dir='ltr'><strong>num.</strong></span> <span class='ocrx_word' id='word_1_281' title='bbox 851 2374 905 2439; x_wconf 81' lang='grc'><strong>4,</strong></span> <span class='ocrx_word' id='word_1_282' title='bbox 944 2373 1255 2443; x_wconf 85' lang='lat' dir='ltr'><strong>pronuntiat</strong></span> <span class='ocrx_word' id='word_1_283' title='bbox 1295 2391 1313 2424; x_wconf 72' lang='grc' dir='ltr'><strong>ε</strong></span> <span class='ocrx_word' id='word_1_284' title='bbox 1351 2373 1518 2427; x_wconf 91' lang='lat' dir='ltr'><strong>solius</strong></span> <span class='ocrx_word' id='word_1_285' title='bbox 1551 2372 1679 2437; x_wconf 81' lang='lat' dir='ltr'><strong>Dei,</strong></span> <span class='ocrx_word' id='word_1_286' title='bbox 1731 2371 1783 2425; x_wconf 93' lang='lat' dir='ltr'><strong>id</strong></span> <span class='ocrx_word' id='word_1_287' title='bbox 1811 2381 1895 2424; x_wconf 81' lang='lat' dir='ltr'><strong>est</strong></span> <span class='ocrx_word' id='word_1_288' title='bbox 1952 2369 2163 2436; x_wconf 89' lang='lat' dir='ltr'><strong>Patris,</strong></span> 
     </span>
    </p>
   </div>
   <div class='ocr_carea' id='block_1_39' title="bbox 590 2462 2164 2533">
    <p class='ocr_par' dir='ltr' id='par_1_39' title="bbox 590 2462 2164 2533">
     <span class='ocr_line' id='line_1_39' title="bbox 590 2462 2164 2533; baseline -0.006 -10"><span class='ocrx_word' id='word_1_289' title='bbox 590 2478 645 2522; x_wconf 91' lang='lat' dir='ltr'><strong>et</strong></span> <span class='ocrx_word' id='word_1_290' title='bbox 674 2467 816 2533; x_wconf 88' lang='lat' dir='ltr'><strong>Filii,</strong></span> <span class='ocrx_word' id='word_1_291' title='bbox 852 2474 907 2519; x_wconf 90' lang='lat' dir='ltr'><strong>et</strong></span> <span class='ocrx_word' id='word_1_292' title='bbox 932 2464 1165 2533; x_wconf 86' lang='lat' dir='ltr'><strong>Spiritus</strong></span> <span class='ocrx_word' id='word_1_293' title='bbox 1188 2462 1362 2517; x_wconf 90' lang='lat' dir='ltr'><strong>sancti</strong></span> <span class='ocrx_word' id='word_1_294' title='bbox 1397 2471 1603 2517; x_wconf 80' lang='lat' dir='ltr'><strong>natura:</strong></span> <span class='ocrx_word' id='word_1_295' title='bbox 1630 2462 1681 2516; x_wconf 90' lang='lat' dir='ltr'><strong>id</strong></span> <span class='ocrx_word' id='word_1_296' title='bbox 1716 2465 1991 2532; x_wconf 89' lang='lat' dir='ltr'><strong>proprimn</strong></span> <span class='ocrx_word' id='word_1_297' title='bbox 2023 2476 2164 2525; x_wconf 87' lang='lat' dir='ltr'><strong>esse,</strong></span> 
     </span>
    </p>
   </div>
   <div class='ocr_carea' id='block_1_40' title="bbox 591 2553 2166 2624">
    <p class='ocr_par' dir='ltr' id='par_1_40' title="bbox 591 2553 2166 2624">
     <span class='ocr_line' id='line_1_40' title="bbox 591 2553 2166 2624; baseline -0.004 -8"><span class='ocrx_word' id='word_1_298' title='bbox 591 2571 650 2616; x_wconf 95' lang='lat' dir='ltr'><strong>ut</strong></span> <span class='ocrx_word' id='word_1_299' title='bbox 678 2562 795 2615; x_wconf 88' lang='lat' dir='ltr'><strong>sine</strong></span> <span class='ocrx_word' id='word_1_300' title='bbox 825 2555 1087 2611; x_wconf 87' lang='lat' dir='ltr'><strong>materiali</strong></span> <span class='ocrx_word' id='word_1_301' title='bbox 1138 2555 1439 2610; x_wconf 86' lang='lat' dir='ltr'><strong>substantia</strong></span> <span class='ocrx_word' id='word_1_302' title='bbox 1468 2594 1483 2619; x_wconf 92' lang='lat'><strong>,</strong></span> <span class='ocrx_word' id='word_1_303' title='bbox 1517 2563 1569 2608; x_wconf 91' lang='lat' dir='ltr'><strong>et</strong></span> <span class='ocrx_word' id='word_1_304' title='bbox 1605 2553 1809 2623; x_wconf 90' lang='lat' dir='ltr'><strong>absque</strong></span> <span class='ocrx_word' id='word_1_305' title='bbox 1843 2553 1946 2607; x_wconf 88' lang='lat' dir='ltr'><strong>ulla</strong></span> <span class='ocrx_word' id='word_1_306' title='bbox 1974 2569 2166 2624; x_wconf 84' lang='lat' dir='ltr'><strong>corpo-</strong></span> 
     </span>
    </p>
   </div>
   <div class='ocr_carea' id='block_1_41' title="bbox 593 2644 2161 2720">
    <p class='ocr_par' dir='ltr' id='par_1_41' title="bbox 593 2644 2161 2720">
     <span class='ocr_line' id='line_1_41' title="bbox 593 2644 2161 2720; baseline -0.007 -12"><span class='ocrx_word' id='word_1_307' title='bbox 593 2667 701 2707; x_wconf 73' lang='lat' dir='ltr'><strong>rea:</strong></span> <span class='ocrx_word' id='word_1_308' title='bbox 751 2647 1069 2720; x_wconf 88' lang='lat' dir='ltr'><strong>adjectionis</strong></span> <span class='ocrx_word' id='word_1_309' title='bbox 1103 2646 1366 2701; x_wconf 89' lang='lat' dir='ltr'><strong>societate</strong></span> <span class='ocrx_word' id='word_1_310' title='bbox 1406 2644 1739 2715; x_wconf 88' lang='lat' dir='ltr'><strong>intelligatur</strong></span> <span class='ocrx_word' id='word_1_311' title='bbox 1771 2645 2091 2700; x_wconf 83' lang='lat' dir='ltr'><strong>subsistere.</strong></span> <span class='ocrx_word' id='word_1_312' title='bbox 2141 2663 2161 2697; x_wconf 74' lang='grc' dir='ltr'><strong>ι</strong></span> 
     </span>
    </p>
   </div>
   <div class='ocr_carea' id='block_1_42' title="bbox 588 2737 2162 2812">
    <p class='ocr_par' dir='ltr' id='par_1_42' title="bbox 588 2737 2162 2812">
     <span class='ocr_line' id='line_1_42' title="bbox 588 2737 2162 2812; baseline -0.003 -17"><span class='ocrx_word' id='word_1_313' title='bbox 588 2744 760 2812; x_wconf 84' lang='lat' dir='ltr'><strong>Quem</strong></span> <span class='ocrx_word' id='word_1_314' title='bbox 803 2742 975 2795; x_wconf 88' lang='lat' dir='ltr'><strong>locum</strong></span> <span class='ocrx_word' id='word_1_315' title='bbox 1012 2738 1167 2793; x_wconf 75' lang='lat' dir='ltr'><strong>all‘ert</strong></span> <span class='ocrx_word' id='word_1_316' title='bbox 1203 2738 1261 2794; x_wconf 91' lang='lat' dir='ltr'><strong>S.</strong></span> <span class='ocrx_word' id='word_1_317' title='bbox 1316 2737 1554 2792; x_wconf 85' lang='lat' dir='ltr'><strong>Thomas</strong></span> <span class='ocrx_word' id='word_1_318' title='bbox 1603 2753 1654 2807; x_wconf 91' lang='lat' dir='ltr'><strong>p.</strong></span> <span class='ocrx_word' id='word_1_319' title='bbox 1690 2754 1729 2800; x_wconf 88' lang='grc' dir='ltr'><strong>ι,</strong></span> <span class='ocrx_word' id='word_1_320' title='bbox 1770 2754 1824 2807; x_wconf 93' lang='lat' dir='ltr'><strong>q.</strong></span> <span class='ocrx_word' id='word_1_321' title='bbox 1876 2738 1964 2803; x_wconf 82' lang='lat'><strong>5|,</strong></span> <span class='ocrx_word' id='word_1_322' title='bbox 2012 2753 2064 2792; x_wconf 91' lang='lat' dir='ltr'><strong>a.</strong></span> <span class='ocrx_word' id='word_1_323' title='bbox 2109 2738 2162 2803; x_wconf 79' lang='lat' dir='ltr'><strong>l,</strong></span> 
     </span>
    </p>
   </div>
   <div class='ocr_carea' id='block_1_43' title="bbox 588 2825 2164 2901">
    <p class='ocr_par' dir='ltr' id='par_1_43' title="bbox 588 2825 2164 2901">
     <span class='ocr_line' id='line_1_43' title="bbox 588 2825 2164 2901; baseline -0.007 -12"><span class='ocrx_word' id='word_1_324' title='bbox 588 2847 818 2901; x_wconf 81' lang='lat' dir='ltr'><strong>eamque</strong></span> <span class='ocrx_word' id='word_1_325' title='bbox 845 2830 1151 2899; x_wconf 89' lang='lat' dir='ltr'><strong>opinionem</strong></span> <span class='ocrx_word' id='word_1_326' title='bbox 1203 2828 1270 2881; x_wconf 89' lang='lat' dir='ltr'><strong>ab</strong></span> <span class='ocrx_word' id='word_1_327' title='bbox 1301 2827 1542 2897; x_wconf 88' lang='lat' dir='ltr'><strong>antiquis</strong></span> <span class='ocrx_word' id='word_1_328' title='bbox 1595 2826 1937 2897; x_wconf 69' lang='lat' dir='ltr'><strong>philosmibis</strong></span> <span class='ocrx_word' id='word_1_329' title='bbox 1971 2825 2164 2896; x_wconf 82' lang='lat' dir='ltr'><strong>Orige-</strong></span> 
     </span>
    </p>
   </div>
   <div class='ocr_carea' id='block_1_44' title="bbox 592 2916 2164 2989">
    <p class='ocr_par' dir='ltr' id='par_1_44' title="bbox 592 2916 2164 2989">
     <span class='ocr_line' id='line_1_44' title="bbox 592 2916 2164 2989; baseline -0.005 -10"><span class='ocrx_word' id='word_1_330' title='bbox 592 2938 717 2979; x_wconf 89' lang='lat' dir='ltr'><strong>nem</strong></span> <span class='ocrx_word' id='word_1_331' title='bbox 762 2920 1013 2977; x_wconf 88' lang='lat' dir='ltr'><strong>hausisse</strong></span> <span class='ocrx_word' id='word_1_332' title='bbox 1051 2927 1350 2974; x_wconf 85' lang='lat' dir='ltr'><strong>asseverat.</strong></span> <span class='ocrx_word' id='word_1_333' title='bbox 1398 2916 1644 2973; x_wconf 89' lang='lat' dir='ltr'><strong>Clariora</strong></span> <span class='ocrx_word' id='word_1_334' title='bbox 1685 2918 1850 2973; x_wconf 90' lang='lat' dir='ltr'><strong>etiam</strong></span> <span class='ocrx_word' id='word_1_335' title='bbox 1883 2918 2164 2989; x_wconf 87' lang='lat' dir='ltr'><strong>proloqui-</strong></span> 
     </span>
    </p>
   </div>
   <div class='ocr_carea' id='block_1_45' title="bbox 590 3009 2165 3082">
    <p class='ocr_par' dir='ltr' id='par_1_45' title="bbox 590 3009 2165 3082">
     <span class='ocr_line' id='line_1_45' title="bbox 590 3009 2165 3082; baseline -0.004 -13"><span class='ocrx_word' id='word_1_336' title='bbox 590 3014 791 3070; x_wconf 91' lang='lat' dir='ltr'><strong>turlib.</strong></span> <span class='ocrx_word' id='word_1_337' title='bbox 822 3029 860 3067; x_wconf 84' lang='lat' dir='ltr'><strong>tt</strong></span> <span class='ocrx_word' id='word_1_338' title='bbox 915 3010 1154 3082; x_wconf 90' lang='lat' dir='ltr'><strong>ejusdem</strong></span> <span class='ocrx_word' id='word_1_339' title='bbox 1183 3009 1366 3079; x_wconf 90' lang='lat' dir='ltr'><strong>operis</strong></span> <span class='ocrx_word' id='word_1_340' title='bbox 1387 3049 1401 3071; x_wconf 88' lang='lat'><strong>,</strong></span> <span class='ocrx_word' id='word_1_341' title='bbox 1438 3024 1557 3080; x_wconf 86' lang='lat' dir='ltr'><strong>cap.</strong></span> <span class='ocrx_word' id='word_1_342' title='bbox 1589 3009 1643 3077; x_wconf 71' lang='lat'><strong>2,</strong></span> <span class='ocrx_word' id='word_1_343' title='bbox 1672 3026 1819 3065; x_wconf 92' lang='lat' dir='ltr'><strong>num.</strong></span> <span class='ocrx_word' id='word_1_344' title='bbox 1850 3010 1899 3073; x_wconf 86' lang='grc'><strong>1,</strong></span> <span class='ocrx_word' id='word_1_345' title='bbox 1933 3020 1989 3064; x_wconf 93' lang='lat' dir='ltr'><strong>et</strong></span> <span class='ocrx_word' id='word_1_346' title='bbox 2015 3017 2165 3080; x_wconf 80' lang='lat' dir='ltr'><strong>post—</strong></span> 
     </span>
    </p>
   </div>
   <div class='ocr_carea' id='block_1_46' title="bbox 589 3104 2165 3179">
    <p class='ocr_par' dir='ltr' id='par_1_46' title="bbox 589 3104 2165 3179">
     <span class='ocr_line' id='line_1_46' title="bbox 589 3104 2165 3179; baseline -0.002 -20"><span class='ocrx_word' id='word_1_347' title='bbox 589 3123 751 3179; x_wconf 89' lang='lat' dir='ltr'><strong>quam</strong></span> <span class='ocrx_word' id='word_1_348' title='bbox 780 3108 1028 3176; x_wconf 75' lang='lat' dir='ltr'><strong>quresivit</strong></span> <span class='ocrx_word' id='word_1_349' title='bbox 1058 3124 1123 3160; x_wconf 92' lang='lat' dir='ltr'><strong>an</strong></span> <span class='ocrx_word' id='word_1_350' title='bbox 1173 3121 1439 3160; x_wconf 89' lang='lat' dir='ltr'><strong>summam</strong></span> <span class='ocrx_word' id='word_1_351' title='bbox 1480 3104 1801 3158; x_wconf 89' lang='lat' dir='ltr'><strong>beatitatem</strong></span> <span class='ocrx_word' id='word_1_352' title='bbox 1832 3104 2038 3172; x_wconf 75' lang='lat' dir='ltr'><strong>adeptae</strong></span> <span class='ocrx_word' id='word_1_353' title='bbox 2078 3118 2165 3156; x_wconf 83' lang='lat' dir='ltr'><strong>ra—</strong></span> 
     </span>
    </p>
   </div>
   <div class='ocr_carea' id='block_1_47' title="bbox 589 3195 2167 3266">
    <p class='ocr_par' dir='ltr' id='par_1_47' title="bbox 589 3195 2167 3266">
     <span class='ocr_line' id='line_1_47' title="bbox 589 3195 2167 3266; baseline -0.003 -13"><span class='ocrx_word' id='word_1_354' title='bbox 589 3198 738 3253; x_wconf 89' lang='lat' dir='ltr'><strong>tione</strong></span> <span class='ocrx_word' id='word_1_355' title='bbox 781 3197 1046 3266; x_wconf 90' lang='lat' dir='ltr'><strong>pollentes</strong></span> <span class='ocrx_word' id='word_1_356' title='bbox 1080 3206 1287 3250; x_wconf 64' lang='lat' dir='ltr'><strong>naturae</strong></span> <span class='ocrx_word' id='word_1_357' title='bbox 1335 3211 1530 3264; x_wconf 90' lang='lat' dir='ltr'><strong>corpus</strong></span> <span class='ocrx_word' id='word_1_358' title='bbox 1563 3195 1780 3264; x_wconf 89' lang='lat' dir='ltr'><strong>penitus</strong></span> <span class='ocrx_word' id='word_1_359' title='bbox 1813 3210 2011 3247; x_wconf 77' lang='lat' dir='ltr'><strong>exuere</strong></span> <span class='ocrx_word' id='word_1_360' title='bbox 2042 3208 2167 3263; x_wconf 87' lang='lat' dir='ltr'><strong>pos-</strong></span> 
     </span>
    </p>
   </div>
   <div class='ocr_carea' id='block_1_48' title="bbox 2271 2003 3848 2080">
    <p class='ocr_par' dir='ltr' id='par_1_48' title="bbox 2271 2003 3848 2080">
     <span class='ocr_line' id='line_1_48' title="bbox 2271 2003 3848 2080; baseline 0.004 -22"><span class='ocrx_word' id='word_1_361' title='bbox 2271 2019 2493 2075; x_wconf 90' lang='lat' dir='ltr'><strong>remque</strong></span> <span class='ocrx_word' id='word_1_362' title='bbox 2535 2003 2817 2069; x_wconf 81' lang='lat' dir='ltr'><strong>formatur,</strong></span> <span class='ocrx_word' id='word_1_363' title='bbox 2856 2005 2929 2059; x_wconf 92' lang='lat' dir='ltr'><strong>ita</strong></span> <span class='ocrx_word' id='word_1_364' title='bbox 2974 2016 3031 2059; x_wconf 92' lang='lat' dir='ltr'><strong>ut</strong></span> <span class='ocrx_word' id='word_1_365' title='bbox 3060 2007 3305 2063; x_wconf 88' lang='lat' dir='ltr'><strong>visibiles</strong></span> <span class='ocrx_word' id='word_1_366' title='bbox 3334 2009 3467 2063; x_wconf 91' lang='lat' dir='ltr'><strong>istas</strong></span> <span class='ocrx_word' id='word_1_367' title='bbox 3499 2010 3685 2064; x_wconf 94' lang='lat' dir='ltr'><strong>mundi</strong></span> <span class='ocrx_word' id='word_1_368' title='bbox 3719 2025 3848 2080; x_wconf 86' lang='lat' dir='ltr'><strong>spe-</strong></span> 
     </span>
    </p>
   </div>
   <div class='ocr_carea' id='block_1_49' title="bbox 2268 2097 3849 2170">
    <p class='ocr_par' dir='ltr' id='par_1_49' title="bbox 2268 2097 3849 2170">
     <span class='ocr_line' id='line_1_49' title="bbox 2268 2097 3849 2170; baseline 0.004 -18"><span class='ocrx_word' id='word_1_369' title='bbox 2268 2097 2398 2161; x_wconf 87' lang='lat' dir='ltr'><strong>cies,</strong></span> <span class='ocrx_word' id='word_1_370' title='bbox 2428 2097 2719 2166; x_wconf 89' lang='lat' dir='ltr'><strong>variasqne</strong></span> <span class='ocrx_word' id='word_1_371' title='bbox 2750 2097 3048 2168; x_wconf 82' lang='lat' dir='ltr'><strong>distinguat</strong></span> <span class='ocrx_word' id='word_1_372' title='bbox 3081 2116 3095 2153; x_wconf 88' lang='lat'><strong>:</strong></span> <span class='ocrx_word' id='word_1_373' title='bbox 3127 2115 3250 2154; x_wconf 89' lang='lat' dir='ltr'><strong>cum</strong></span> <span class='ocrx_word' id='word_1_374' title='bbox 3275 2115 3405 2156; x_wconf 89' lang='lat' dir='ltr'><strong>vero</strong></span> <span class='ocrx_word' id='word_1_375' title='bbox 3428 2101 3849 2170; x_wconf 84' lang='lat' dir='ltr'><strong>perfectioribus</strong></span> 
     </span>
    </p>
   </div>
   <div class='ocr_carea' id='block_1_50' title="bbox 2269 2187 3849 2259">
    <p class='ocr_par' dir='ltr' id='par_1_50' title="bbox 2269 2187 3849 2259">
     <span class='ocr_line' id='line_1_50' title="bbox 2269 2187 3849 2259; baseline 0.004 -17"><span class='ocrx_word' id='word_1_376' title='bbox 2269 2187 2541 2243; x_wconf 90' lang='lat' dir='ltr'><strong>ministrat</strong></span> <span class='ocrx_word' id='word_1_377' title='bbox 2578 2197 2634 2243; x_wconf 91' lang='lat' dir='ltr'><strong>et</strong></span> <span class='ocrx_word' id='word_1_378' title='bbox 2660 2188 3010 2251; x_wconf 86' lang='lat' dir='ltr'><strong>beatioribus,</strong></span> <span class='ocrx_word' id='word_1_379' title='bbox 3057 2190 3110 2242; x_wconf 93' lang='lat' dir='ltr'><strong>in</strong></span> <span class='ocrx_word' id='word_1_380' title='bbox 3138 2189 3346 2259; x_wconf 82' lang='lat' dir='ltr'><strong>fulgore</strong></span> <span class='ocrx_word' id='word_1_381' title='bbox 3382 2192 3687 2247; x_wconf 60' lang='lat' dir='ltr'><strong>caelestium</strong></span> <span class='ocrx_word' id='word_1_382' title='bbox 3726 2208 3849 2248; x_wconf 89' lang='lat' dir='ltr'><strong>cor-</strong></span> 
     </span>
    </p>
   </div>
   <div class='ocr_carea' id='block_1_51' title="bbox 2269 2280 3848 2351">
    <p class='ocr_par' dir='ltr' id='par_1_51' title="bbox 2269 2280 3848 2351">
     <span class='ocr_line' id='line_1_51' title="bbox 2269 2280 3848 2351; baseline 0.003 -16"><span class='ocrx_word' id='word_1_383' title='bbox 2269 2296 2456 2351; x_wconf 90' lang='lat' dir='ltr'><strong>porum</strong></span> <span class='ocrx_word' id='word_1_384' title='bbox 2483 2280 2675 2345; x_wconf 88' lang='lat' dir='ltr'><strong>micat,</strong></span> <span class='ocrx_word' id='word_1_385' title='bbox 2722 2290 2770 2335; x_wconf 89' lang='lat' dir='ltr'><strong>el</strong></span> <span class='ocrx_word' id='word_1_386' title='bbox 2802 2281 3065 2349; x_wconf 88' lang='lat' dir='ltr'><strong>spiritalis</strong></span> <span class='ocrx_word' id='word_1_387' title='bbox 3097 2284 3339 2351; x_wconf 89' lang='lat' dir='ltr'><strong>corporis</strong></span> <span class='ocrx_word' id='word_1_388' title='bbox 3382 2285 3715 2339; x_wconf 89' lang='lat' dir='ltr'><strong>indumentis</strong></span> <span class='ocrx_word' id='word_1_389' title='bbox 3761 2286 3848 2339; x_wconf 85' lang='lat' dir='ltr'><strong>vel</strong></span> 
     </span>
    </p>
   </div>
   <div class='ocr_carea' id='block_1_52' title="bbox 2269 2372 3846 2442">
    <p class='ocr_par' dir='ltr' id='par_1_52' title="bbox 2269 2372 3846 2442">
     <span class='ocr_line' id='line_1_52' title="bbox 2269 2372 3846 2442; baseline 0.006 -17"><span class='ocrx_word' id='word_1_390' title='bbox 2269 2372 2490 2442; x_wconf 84' lang='lat' dir='ltr'><strong>angelos</strong></span> <span class='ocrx_word' id='word_1_391' title='bbox 2523 2372 2641 2436; x_wconf 87' lang='lat' dir='ltr'><strong>Dei,</strong></span> <span class='ocrx_word' id='word_1_392' title='bbox 2674 2372 2757 2425; x_wconf 89' lang='lat' dir='ltr'><strong>vel</strong></span> <span class='ocrx_word' id='word_1_393' title='bbox 2796 2372 2936 2427; x_wconf 87' lang='lat' dir='ltr'><strong>tilios</strong></span> <span class='ocrx_word' id='word_1_394' title='bbox 2962 2376 3379 2430; x_wconf 86' lang='lat' dir='ltr'><strong>resurrectionis</strong></span> <span class='ocrx_word' id='word_1_395' title='bbox 3404 2387 3653 2432; x_wconf 79' lang='lat' dir='ltr'><strong>exornat.</strong></span> <span class='ocrx_word' id='word_1_396' title='bbox 3688 2398 3706 2430; x_wconf 78' lang='grc' dir='ltr'><strong>ι</strong></span> <span class='ocrx_word' id='word_1_397' title='bbox 3737 2380 3846 2434; x_wconf 87' lang='lat' dir='ltr'><strong>Sed</strong></span> 
     </span>
    </p>
   </div>
   <div class='ocr_carea' id='block_1_53' title="bbox 2268 2464 3849 2539">
    <p class='ocr_par' dir='ltr' id='par_1_53' title="bbox 2268 2464 3849 2539">
     <span class='ocr_line' id='line_1_53' title="bbox 2268 2464 3849 2539; baseline 0.004 -22"><span class='ocrx_word' id='word_1_398' title='bbox 2268 2475 2321 2517; x_wconf 91' lang='lat' dir='ltr'><strong>et</strong></span> <span class='ocrx_word' id='word_1_399' title='bbox 2361 2464 2452 2517; x_wconf 92' lang='lat' dir='ltr'><strong>lib.</strong></span> <span class='ocrx_word' id='word_1_400' title='bbox 2484 2480 2559 2530; x_wconf 90' lang='lat' dir='ltr'><strong>tv,</strong></span> <span class='ocrx_word' id='word_1_401' title='bbox 2584 2465 2635 2517; x_wconf 90' lang='lat' dir='ltr'><strong>in</strong></span> <span class='ocrx_word' id='word_1_402' title='bbox 2668 2465 3117 2534; x_wconf 76' lang='lat' dir='ltr'><strong>anacephalaeosi,</strong></span> <span class='ocrx_word' id='word_1_403' title='bbox 3158 2482 3310 2521; x_wconf 93' lang='lat' dir='ltr'><strong>num.</strong></span> <span class='ocrx_word' id='word_1_404' title='bbox 3357 2468 3427 2522; x_wconf 78' lang='lat'><strong>55</strong></span> <span class='ocrx_word' id='word_1_405' title='bbox 3456 2486 3469 2522; x_wconf 93' lang='lat'><strong>:</strong></span> <span class='ocrx_word' id='word_1_406' title='bbox 3500 2487 3518 2519; x_wconf 76' lang='grc' dir='ltr'>ι</span> <span class='ocrx_word' id='word_1_407' title='bbox 3553 2468 3663 2539; x_wconf 64' lang='lat'>(&#39;28)</span> <span class='ocrx_word' id='word_1_408' title='bbox 3691 2469 3849 2525; x_wconf 87' lang='lat' dir='ltr'><strong>Sem-</strong></span> 
     </span>
    </p>
   </div>
   <div class='ocr_carea' id='block_1_54' title="bbox 2269 2557 3846 2634">
    <p class='ocr_par' dir='ltr' id='par_1_54' title="bbox 2269 2557 3846 2634">
     <span class='ocr_line' id='line_1_54' title="bbox 2269 2557 3846 2634; baseline 0.007 -26"><span class='ocrx_word' id='word_1_409' title='bbox 2269 2572 2366 2626; x_wconf 82' lang='lat' dir='ltr'><strong>per</strong></span> <span class='ocrx_word' id='word_1_410' title='bbox 2396 2566 2575 2609; x_wconf 88' lang='lat' dir='ltr'><strong>autem</strong></span> <span class='ocrx_word' id='word_1_411' title='bbox 2602 2564 2763 2609; x_wconf 90' lang='lat' dir='ltr'><strong>erunt</strong></span> <span class='ocrx_word' id='word_1_412' title='bbox 2803 2557 3149 2613; x_wconf 88' lang='lat' dir='ltr'><strong>rationabiles</strong></span> <span class='ocrx_word' id='word_1_413' title='bbox 3191 2569 3417 2623; x_wconf 59' lang='lat' dir='ltr'><strong>natura},</strong></span> <span class='ocrx_word' id='word_1_414' title='bbox 3457 2576 3577 2631; x_wconf 73' lang='lat' dir='ltr'><strong>qua:</strong></span> <span class='ocrx_word' id='word_1_415' title='bbox 3601 2564 3846 2634; x_wconf 87' lang='lat' dir='ltr'><strong>indigent</strong></span> 
     </span>
    </p>
   </div>
   <div class='ocr_carea' id='block_1_55' title="bbox 2270 2648 3847 2721">
    <p class='ocr_par' dir='ltr' id='par_1_55' title="bbox 2270 2648 3847 2721">
     <span class='ocr_line' id='line_1_55' title="bbox 2270 2648 3847 2721; baseline 0.004 -20"><span class='ocrx_word' id='word_1_416' title='bbox 2270 2648 2583 2701; x_wconf 91' lang='lat' dir='ltr'><strong>indumento</strong></span> <span class='ocrx_word' id='word_1_417' title='bbox 2604 2662 2867 2716; x_wconf 90' lang='lat' dir='ltr'><strong>corporeo</strong></span> <span class='ocrx_word' id='word_1_418' title='bbox 2894 2661 2910 2701; x_wconf 89' lang='lat'><strong>:</strong></span> <span class='ocrx_word' id='word_1_419' title='bbox 2937 2662 3152 2718; x_wconf 87' lang='lat' dir='ltr'><strong>semper</strong></span> <span class='ocrx_word' id='word_1_420' title='bbox 3192 2665 3325 2721; x_wconf 89' lang='lat' dir='ltr'><strong>ergo</strong></span> <span class='ocrx_word' id='word_1_421' title='bbox 3344 2654 3449 2707; x_wconf 88' lang='lat' dir='ltr'><strong>erit</strong></span> <span class='ocrx_word' id='word_1_422' title='bbox 3486 2663 3679 2708; x_wconf 90' lang='lat' dir='ltr'><strong>natura</strong></span> <span class='ocrx_word' id='word_1_423' title='bbox 3724 2670 3847 2709; x_wconf 90' lang='lat' dir='ltr'><strong>cor-</strong></span> 
     </span>
    </p>
   </div>
   <div class='ocr_carea' id='block_1_56' title="bbox 2269 2739 3848 2809">
    <p class='ocr_par' dir='ltr' id='par_1_56' title="bbox 2269 2739 3848 2809">
     <span class='ocr_line' id='line_1_56' title="bbox 2269 2739 3848 2809; baseline 0.008 -17"><span class='ocrx_word' id='word_1_424' title='bbox 2269 2754 2455 2808; x_wconf 87' lang='lat' dir='ltr'><strong>porea,</strong></span> <span class='ocrx_word' id='word_1_425' title='bbox 2478 2739 2631 2809; x_wconf 88' lang='lat' dir='ltr'><strong>cujus</strong></span> <span class='ocrx_word' id='word_1_426' title='bbox 2658 2740 2987 2795; x_wconf 86' lang='lat' dir='ltr'><strong>indumentis</strong></span> <span class='ocrx_word' id='word_1_427' title='bbox 3016 2741 3091 2795; x_wconf 90' lang='lat' dir='ltr'><strong>uti</strong></span> <span class='ocrx_word' id='word_1_428' title='bbox 3123 2755 3347 2798; x_wconf 89' lang='lat' dir='ltr'><strong>necesse</strong></span> <span class='ocrx_word' id='word_1_429' title='bbox 3368 2752 3453 2799; x_wconf 92' lang='lat' dir='ltr'><strong>est</strong></span> <span class='ocrx_word' id='word_1_430' title='bbox 3490 2747 3848 2804; x_wconf 85' lang='lat' dir='ltr'><strong>rationabiles</strong></span> 
     </span>
    </p>
   </div>
   <div class='ocr_carea' id='block_1_57' title="bbox 2267 2830 3845 2904">
    <p class='ocr_par' dir='ltr' id='par_1_57' title="bbox 2267 2830 3845 2904">
     <span class='ocr_line' id='line_1_57' title="bbox 2267 2830 3845 2904; baseline 0.005 -18"><span class='ocrx_word' id='word_1_431' title='bbox 2267 2842 2567 2886; x_wconf 89' lang='lat' dir='ltr'><strong>creaturas.</strong></span> <span class='ocrx_word' id='word_1_432' title='bbox 2598 2830 2709 2886; x_wconf 86' lang='lat' dir='ltr'><strong>Nisi</strong></span> <span class='ocrx_word' id='word_1_433' title='bbox 2735 2832 2859 2901; x_wconf 85' lang='lat' dir='ltr'><strong>quis</strong></span> <span class='ocrx_word' id='word_1_434' title='bbox 2886 2841 3035 2902; x_wconf 90' lang='lat' dir='ltr'><strong>putet</strong></span> <span class='ocrx_word' id='word_1_435' title='bbox 3058 2849 3221 2904; x_wconf 84' lang='lat' dir='ltr'><strong>posse</strong></span> <span class='ocrx_word' id='word_1_436' title='bbox 3266 2850 3323 2890; x_wconf 85' lang='lat' dir='ltr'><strong>se</strong></span> <span class='ocrx_word' id='word_1_437' title='bbox 3366 2836 3487 2891; x_wconf 90' lang='lat' dir='ltr'><strong>ullis</strong></span> <span class='ocrx_word' id='word_1_438' title='bbox 3526 2841 3845 2894; x_wconf 90' lang='lat' dir='ltr'><strong>assertioni-</strong></span> 
     </span>
    </p>
   </div>
   <div class='ocr_carea' id='block_1_58' title="bbox 2267 2921 3836 2995">
    <p class='ocr_par' dir='ltr' id='par_1_58' title="bbox 2267 2921 3836 2995">
     <span class='ocr_line' id='line_1_58' title="bbox 2267 2921 3836 2995; baseline 0.006 -20"><span class='ocrx_word' id='word_1_439' title='bbox 2267 2921 2369 2977; x_wconf 90' lang='lat' dir='ltr'><strong>bus</strong></span> <span class='ocrx_word' id='word_1_440' title='bbox 2410 2922 2701 2979; x_wconf 89' lang='lat' dir='ltr'><strong>ostendere</strong></span> <span class='ocrx_word' id='word_1_441' title='bbox 2738 2924 2882 2994; x_wconf 87' lang='lat' dir='ltr'><strong>quod</strong></span> <span class='ocrx_word' id='word_1_442' title='bbox 2926 2927 3098 2995; x_wconf 91' lang='lat' dir='ltr'><strong>possit</strong></span> <span class='ocrx_word' id='word_1_443' title='bbox 3122 2936 3315 2981; x_wconf 89' lang='lat' dir='ltr'><strong>natura</strong></span> <span class='ocrx_word' id='word_1_444' title='bbox 3350 2930 3686 2985; x_wconf 85' lang='lat' dir='ltr'><strong>rationabilis</strong></span> <span class='ocrx_word' id='word_1_445' title='bbox 3711 2930 3836 2985; x_wconf 87' lang='lat' dir='ltr'><strong>abs-</strong></span> 
     </span>
    </p>
   </div>
   <div class='ocr_carea' id='block_1_59' title="bbox 2267 3016 3847 3089">
    <p class='ocr_par' dir='ltr' id='par_1_59' title="bbox 2267 3016 3847 3089">
     <span class='ocr_line' id='line_1_59' title="bbox 2267 3016 3847 3089; baseline 0.006 -21"><span class='ocrx_word' id='word_1_446' title='bbox 2267 3030 2371 3085; x_wconf 91' lang='lat' dir='ltr'><strong>que</strong></span> <span class='ocrx_word' id='word_1_447' title='bbox 2414 3016 2520 3071; x_wconf 92' lang='lat' dir='ltr'><strong>ullo</strong></span> <span class='ocrx_word' id='word_1_448' title='bbox 2551 3032 2780 3086; x_wconf 85' lang='lat' dir='ltr'><strong>corpore</strong></span> <span class='ocrx_word' id='word_1_449' title='bbox 2827 3019 2995 3072; x_wconf 92' lang='lat' dir='ltr'><strong>vitam</strong></span> <span class='ocrx_word' id='word_1_450' title='bbox 3031 3017 3249 3088; x_wconf 85' lang='lat' dir='ltr'><strong>degere.</strong></span> <span class='ocrx_word' id='word_1_451' title='bbox 3293 3020 3398 3075; x_wconf 89' lang='lat' dir='ltr'><strong>Sed</strong></span> <span class='ocrx_word' id='word_1_452' title='bbox 3428 3035 3589 3089; x_wconf 89' lang='lat' dir='ltr'><strong>quam</strong></span> <span class='ocrx_word' id='word_1_453' title='bbox 3633 3021 3847 3078; x_wconf 81' lang='lat' dir='ltr'><strong>diiIicile</strong></span> 
     </span>
    </p>
   </div>
   <div class='ocr_carea' id='block_1_60' title="bbox 2268 3106 3844 3179">
    <p class='ocr_par' dir='ltr' id='par_1_60' title="bbox 2268 3106 3844 3179">
     <span class='ocr_line' id='line_1_60' title="bbox 2268 3106 3844 3179; baseline 0.006 -18"><span class='ocrx_word' id='word_1_454' title='bbox 2268 3106 2359 3169; x_wconf 88' lang='lat' dir='ltr'><strong>sit,</strong></span> <span class='ocrx_word' id='word_1_455' title='bbox 2384 3116 2439 3160; x_wconf 93' lang='lat' dir='ltr'><strong>et</strong></span> <span class='ocrx_word' id='word_1_456' title='bbox 2461 3122 2622 3176; x_wconf 88' lang='lat' dir='ltr'><strong>quam</strong></span> <span class='ocrx_word' id='word_1_457' title='bbox 2662 3122 2802 3177; x_wconf 90' lang='lat' dir='ltr'><strong>pene</strong></span> <span class='ocrx_word' id='word_1_458' title='bbox 2843 3109 3176 3179; x_wconf 85' lang='lat' dir='ltr'><strong>impossibile</strong></span> <span class='ocrx_word' id='word_1_459' title='bbox 3214 3111 3511 3167; x_wconf 89' lang='lat' dir='ltr'><strong>intellectui</strong></span> <span class='ocrx_word' id='word_1_460' title='bbox 3555 3125 3763 3175; x_wconf 90' lang='lat' dir='ltr'><strong>nostro.</strong></span> <span class='ocrx_word' id='word_1_461' title='bbox 3792 3117 3844 3171; x_wconf 93' lang='lat' dir='ltr'><strong>in</strong></span> 
     </span>
    </p>
   </div>
   <div class='ocr_carea' id='block_1_61' title="bbox 2268 3198 3847 3275">
    <p class='ocr_par' dir='ltr' id='par_1_61' title="bbox 2268 3198 3847 3275">
     <span class='ocr_line' id='line_1_61' title="bbox 2268 3198 3847 3275; baseline 0.006 -22"><span class='ocrx_word' id='word_1_462' title='bbox 2268 3198 2639 3269; x_wconf 90' lang='lat' dir='ltr'><strong>superioribus</strong></span> <span class='ocrx_word' id='word_1_463' title='bbox 2661 3199 2871 3271; x_wconf 82' lang='lat' dir='ltr'><strong>singula</strong></span> <span class='ocrx_word' id='word_1_464' title='bbox 2904 3200 3237 3258; x_wconf 89' lang='lat' dir='ltr'><strong>disserentes</strong></span> <span class='ocrx_word' id='word_1_465' title='bbox 3262 3206 3623 3262; x_wconf 88' lang='lat' dir='ltr'><strong>ostendimus.</strong></span> <span class='ocrx_word' id='word_1_466' title='bbox 3655 3225 3674 3258; x_wconf 76' lang='grc' dir='ltr'><strong>ι</strong></span> <span class='ocrx_word' id='word_1_467' title='bbox 3703 3207 3847 3275; x_wconf 84' lang='lat' dir='ltr'><strong>Qua-</strong></span> 
     </span>
    </p>
   </div>
   <div class='ocr_carea' id='block_1_62' title="bbox 590 3266 3847 3367">
    <p class='ocr_par' dir='ltr' id='par_1_62' title="bbox 590 3266 3847 3367">
     <span class='ocr_line' id='line_1_62' title="bbox 590 3266 3847 3367; baseline 0.003 -22"><span class='ocrx_word' id='word_1_468' title='bbox 590 3292 723 3354; x_wconf 87' lang='lat' dir='ltr'><strong>sint,</strong></span> <span class='ocrx_word' id='word_1_469' title='bbox 747 3290 956 3358; x_wconf 89' lang='lat' dir='ltr'><strong>sibique</strong></span> <span class='ocrx_word' id='word_1_470' title='bbox 986 3289 1037 3342; x_wconf 91' lang='lat' dir='ltr'><strong>id</strong></span> <span class='ocrx_word' id='word_1_471' title='bbox 1069 3307 1087 3340; x_wconf 73' lang='grc' dir='ltr'>ί</span> <span class='ocrx_word' id='word_1_472' title='bbox 1126 3288 1504 3343; x_wconf 80' lang='lat' dir='ltr'><strong>diﬂicillituum</strong></span> <span class='ocrx_word' id='word_1_473' title='bbox 1537 3299 1592 3342; x_wconf 89' lang='lat' dir='ltr'><strong>et</strong></span> <span class='ocrx_word' id='word_1_474' title='bbox 1622 3303 1755 3357; x_wconf 90' lang='lat' dir='ltr'><strong>pene</strong></span> <span class='ocrx_word' id='word_1_475' title='bbox 1779 3286 2111 3353; x_wconf 87' lang='lat' dir='ltr'><strong>impossibile</strong></span> <span class='ocrx_word' id='word_1_476' title='bbox 2141 3304 2159 3338; x_wconf 69' lang='grc' dir='ltr'><strong><em>ι</em></strong></span> <span class='ocrx_word' id='word_1_477' title='bbox 2191 3266 2235 3324; x_wconf 76' lang='lat' dir='ltr'><strong><em>C</em></strong></span> <span class='ocrx_word' id='word_1_478' title='bbox 2268 3266 2485 3360; x_wconf 86' lang='lat' dir='ltr'><strong>propter</strong></span> <span class='ocrx_word' id='word_1_479' title='bbox 2523 3300 2578 3346; x_wconf 90' lang='lat' dir='ltr'><strong>et</strong></span> <span class='ocrx_word' id='word_1_480' title='bbox 2600 3266 2827 3347; x_wconf 38' lang='lat' dir='ltr'><strong>Photivus</strong></span> <span class='ocrx_word' id='word_1_481' title='bbox 2853 3294 2977 3348; x_wconf 91' lang='lat' dir='ltr'><strong>cod.</strong></span> <span class='ocrx_word' id='word_1_482' title='bbox 3028 3309 3139 3360; x_wconf 75' lang='grc' dir='ltr'>ενι,</span> <span class='ocrx_word' id='word_1_483' title='bbox 3180 3293 3580 3367; x_wconf 85' lang='lat' dir='ltr'><strong>Theognostum</strong></span> <span class='ocrx_word' id='word_1_484' title='bbox 3612 3266 3847 3354; x_wconf 66' lang='lat' dir='ltr'><strong>Ale;an-</strong></span> 
     </span>
    </p>
   </div>
   <div class='ocr_carea' id='block_1_63' title="bbox 590 3379 2166 3450">
    <p class='ocr_par' dir='ltr' id='par_1_63' title="bbox 590 3379 2166 3450">
     <span class='ocr_line' id='line_1_63' title="bbox 590 3379 2166 3450; baseline -0.004 -12"><span class='ocrx_word' id='word_1_485' title='bbox 590 3381 761 3438; x_wconf 78' lang='lat' dir='ltr'><strong>videri</strong></span> <span class='ocrx_word' id='word_1_486' title='bbox 806 3381 977 3446; x_wconf 76' lang='lat' dir='ltr'><strong>dixit;</strong></span> <span class='ocrx_word' id='word_1_487' title='bbox 1014 3380 1327 3450; x_wconf 85' lang='lat' dir='ltr'><strong>addiditque</strong></span> <span class='ocrx_word' id='word_1_488' title='bbox 1357 3419 1373 3445; x_wconf 92' lang='lat'><strong>,</strong></span> <span class='ocrx_word' id='word_1_489' title='bbox 1406 3379 1547 3448; x_wconf 87' lang='lat' dir='ltr'><strong>quod</strong></span> <span class='ocrx_word' id='word_1_490' title='bbox 1594 3388 1647 3433; x_wconf 89' lang='lat' dir='ltr'><strong>et</strong></span> <span class='ocrx_word' id='word_1_491' title='bbox 1690 3379 1937 3447; x_wconf 91' lang='lat' dir='ltr'><strong>sequenti</strong></span> <span class='ocrx_word' id='word_1_492' title='bbox 1988 3379 2166 3446; x_wconf 87' lang='lat' dir='ltr'><strong>capite</strong></span> 
     </span>
    </p>
   </div>
   <div class='ocr_carea' id='block_1_64' title="bbox 591 3471 2166 3543">
    <p class='ocr_par' dir='ltr' id='par_1_64' title="bbox 591 3471 2166 3543">
     <span class='ocr_line' id='line_1_64' title="bbox 591 3471 2166 3543; baseline -0.004 -12"><span class='ocrx_word' id='word_1_493' title='bbox 591 3477 788 3531; x_wconf 91' lang='lat' dir='ltr'><strong>iterum</strong></span> <span class='ocrx_word' id='word_1_494' title='bbox 822 3482 1071 3543; x_wconf 87' lang='lat' dir='ltr'><strong>usurpat,</strong></span> <span class='ocrx_word' id='word_1_495' title='bbox 1099 3487 1322 3527; x_wconf 90' lang='lat' dir='ltr'><strong>necesse</strong></span> <span class='ocrx_word' id='word_1_496' title='bbox 1355 3471 1469 3526; x_wconf 79' lang='lat' dir='ltr'><strong>fore</strong></span> <span class='ocrx_word' id='word_1_497' title='bbox 1502 3472 1555 3525; x_wconf 91' lang='lat' dir='ltr'><strong>in</strong></span> <span class='ocrx_word' id='word_1_498' title='bbox 1588 3471 1814 3524; x_wconf 89' lang='lat' dir='ltr'><strong>nihilum</strong></span> <span class='ocrx_word' id='word_1_499' title='bbox 1846 3472 2016 3538; x_wconf 81' lang='lat' dir='ltr'><strong>redigi</strong></span> <span class='ocrx_word' id='word_1_500' title='bbox 2043 3486 2166 3525; x_wconf 89' lang='lat' dir='ltr'><strong>cor-</strong></span> 
     </span>
    </p>
   </div>
   <div class='ocr_carea' id='block_1_65' title="bbox 592 3559 2166 3637">
    <p class='ocr_par' dir='ltr' id='par_1_65' title="bbox 592 3559 2166 3637">
     <span class='ocr_line' id='line_1_65' title="bbox 592 3559 2166 3637; baseline -0.003 -17"><span class='ocrx_word' id='word_1_501' title='bbox 592 3581 813 3637; x_wconf 89' lang='lat' dir='ltr'><strong>poream</strong></span> <span class='ocrx_word' id='word_1_502' title='bbox 867 3576 1161 3630; x_wconf 89' lang='lat' dir='ltr'><strong>naturam,</strong></span> <span class='ocrx_word' id='word_1_503' title='bbox 1213 3563 1666 3633; x_wconf 87' lang='lat' dir='ltr'><strong>quemadmodum</strong></span> <span class='ocrx_word' id='word_1_504' title='bbox 1717 3563 1783 3616; x_wconf 91' lang='lat' dir='ltr'><strong>de</strong></span> <span class='ocrx_word' id='word_1_505' title='bbox 1842 3562 2012 3615; x_wconf 89' lang='lat' dir='ltr'><strong>nihilo</strong></span> <span class='ocrx_word' id='word_1_506' title='bbox 2064 3559 2166 3615; x_wconf 81' lang='lat' dir='ltr'><strong>fuit</strong></span> 
     </span>
    </p>
   </div>
   <div class='ocr_carea' id='block_1_66' title="bbox 589 3653 2160 3729">
    <p class='ocr_par' dir='ltr' id='par_1_66' title="bbox 589 3653 2160 3729">
     <span class='ocr_line' id='line_1_66' title="bbox 589 3653 2160 3729; baseline -0.004 -17"><span class='ocrx_word' id='word_1_507' title='bbox 589 3668 895 3729; x_wconf 89' lang='lat' dir='ltr'><strong>procreata,</strong></span> <span class='ocrx_word' id='word_1_508' title='bbox 916 3658 958 3710; x_wconf 89' lang='lat' dir='ltr'><strong>si</strong></span> <span class='ocrx_word' id='word_1_509' title='bbox 991 3657 1141 3710; x_wconf 91' lang='lat' dir='ltr'><strong>utilis</strong></span> <span class='ocrx_word' id='word_1_510' title='bbox 1175 3670 1296 3710; x_wconf 89' lang='lat' dir='ltr'><strong>esse</strong></span> <span class='ocrx_word' id='word_1_511' title='bbox 1326 3656 1633 3716; x_wconf 89' lang='lat' dir='ltr'><strong>desineret;</strong></span> <span class='ocrx_word' id='word_1_512' title='bbox 1669 3662 1778 3707; x_wconf 91' lang='lat' dir='ltr'><strong>tum</strong></span> <span class='ocrx_word' id='word_1_513' title='bbox 1811 3653 1989 3708; x_wconf 80' lang='lat' dir='ltr'><strong>subdit</strong></span> <span class='ocrx_word' id='word_1_514' title='bbox 2014 3668 2160 3705; x_wconf 90' lang='lat' dir='ltr'><strong>num.</strong></span> 
     </span>
    </p>
   </div>
   <div class='ocr_carea' id='block_1_67' title="bbox 590 3742 2162 3817">
    <p class='ocr_par' dir='ltr' id='par_1_67' title="bbox 590 3742 2162 3817">
     <span class='ocr_line' id='line_1_67' title="bbox 590 3742 2162 3817; baseline -0.004 -14"><span class='ocrx_word' id='word_1_515' title='bbox 590 3750 629 3803; x_wconf 79' lang='lat'><strong>2</strong></span> <span class='ocrx_word' id='word_1_516' title='bbox 664 3764 677 3801; x_wconf 93' lang='lat'><strong>:</strong></span> <span class='ocrx_word' id='word_1_517' title='bbox 702 3767 721 3800; x_wconf 74' lang='grc' dir='ltr'>ι</span> <span class='ocrx_word' id='word_1_518' title='bbox 747 3749 804 3802; x_wconf 90' lang='lat' dir='ltr'><strong>Si</strong></span> <span class='ocrx_word' id='word_1_519' title='bbox 832 3763 958 3802; x_wconf 87' lang='lat' dir='ltr'><strong>vero</strong></span> <span class='ocrx_word' id='word_1_520' title='bbox 985 3746 1315 3817; x_wconf 87' lang='lat' dir='ltr'><strong>impossibile</strong></span> <span class='ocrx_word' id='word_1_521' title='bbox 1330 3756 1414 3800; x_wconf 86' lang='lat' dir='ltr'><strong>est</strong></span> <span class='ocrx_word' id='word_1_522' title='bbox 1439 3745 1541 3799; x_wconf 91' lang='lat' dir='ltr'><strong>hoc</strong></span> <span class='ocrx_word' id='word_1_523' title='bbox 1566 3743 1673 3798; x_wconf 94' lang='lat' dir='ltr'><strong>ullo</strong></span> <span class='ocrx_word' id='word_1_524' title='bbox 1701 3743 1858 3799; x_wconf 92' lang='lat' dir='ltr'><strong>modo</strong></span> <span class='ocrx_word' id='word_1_525' title='bbox 1885 3742 2162 3808; x_wconf 85' lang='lat' dir='ltr'><strong>alIirmari,</strong></span> 
     </span>
    </p>
   </div>
   <div class='ocr_carea' id='block_1_68' title="bbox 589 3835 2164 3911">
    <p class='ocr_par' dir='ltr' id='par_1_68' title="bbox 589 3835 2164 3911">
     <span class='ocr_line' id='line_1_68' title="bbox 589 3835 2164 3911; baseline -0.004 -14"><span class='ocrx_word' id='word_1_526' title='bbox 589 3843 643 3897; x_wconf 89' lang='lat' dir='ltr'><strong>id</strong></span> <span class='ocrx_word' id='word_1_527' title='bbox 679 3851 805 3906; x_wconf 90' lang='lat' dir='ltr'><strong>est,</strong></span> <span class='ocrx_word' id='word_1_528' title='bbox 842 3842 984 3911; x_wconf 91' lang='lat' dir='ltr'><strong>quod</strong></span> <span class='ocrx_word' id='word_1_529' title='bbox 1030 3842 1213 3894; x_wconf 89' lang='lat' dir='ltr'><strong>vivere</strong></span> <span class='ocrx_word' id='word_1_530' title='bbox 1245 3848 1441 3908; x_wconf 63' lang='lat' dir='ltr'><strong>praeter</strong></span> <span class='ocrx_word' id='word_1_531' title='bbox 1475 3852 1676 3907; x_wconf 89' lang='lat' dir='ltr'><strong>corpus</strong></span> <span class='ocrx_word' id='word_1_532' title='bbox 1706 3836 1879 3906; x_wconf 88' lang='lat' dir='ltr'><strong>possit</strong></span> <span class='ocrx_word' id='word_1_533' title='bbox 1912 3835 2019 3889; x_wconf 87' lang='lat' dir='ltr'><strong>ulla</strong></span> <span class='ocrx_word' id='word_1_534' title='bbox 2058 3836 2164 3891; x_wconf 83' lang='lat' dir='ltr'><strong>alia</strong></span> 
     </span>
    </p>
   </div>
   <div class='ocr_carea' id='block_1_69' title="bbox 537 3927 2163 4003">
    <p class='ocr_par' dir='ltr' id='par_1_69' title="bbox 537 3927 2163 4003">
     <span class='ocr_line' id='line_1_69' title="bbox 537 3927 2163 4003; baseline -0.004 -13"><span class='ocrx_word' id='word_1_535' title='bbox 537 3941 542 3945; x_wconf 85' lang='lat'>&#39;</span> <span class='ocrx_word' id='word_1_536' title='bbox 590 3944 780 3991; x_wconf 87' lang='lat' dir='ltr'><strong>natura</strong></span> <span class='ocrx_word' id='word_1_537' title='bbox 814 3974 830 3999; x_wconf 93' lang='lat'><strong>,</strong></span> <span class='ocrx_word' id='word_1_538' title='bbox 880 3944 1076 4003; x_wconf 77' lang='lat' dir='ltr'><strong>praeter</strong></span> <span class='ocrx_word' id='word_1_539' title='bbox 1114 3932 1330 3987; x_wconf 88' lang='lat' dir='ltr'><strong>Patrem</strong></span> <span class='ocrx_word' id='word_1_540' title='bbox 1357 3970 1373 3995; x_wconf 91' lang='lat'><strong>,</strong></span> <span class='ocrx_word' id='word_1_541' title='bbox 1418 3940 1475 3985; x_wconf 88' lang='lat' dir='ltr'><strong>et</strong></span> <span class='ocrx_word' id='word_1_542' title='bbox 1516 3929 1713 3984; x_wconf 84' lang='lat' dir='ltr'><strong>Filium</strong></span> <span class='ocrx_word' id='word_1_543' title='bbox 1742 3970 1758 3996; x_wconf 90' lang='lat'><strong>,</strong></span> <span class='ocrx_word' id='word_1_544' title='bbox 1805 3938 1860 3983; x_wconf 90' lang='lat' dir='ltr'><strong>et</strong></span> <span class='ocrx_word' id='word_1_545' title='bbox 1900 3927 2163 3998; x_wconf 83' lang='lat' dir='ltr'><strong>Spiritum</strong></span> 
     </span>
    </p>
   </div>
   <div class='ocr_carea' id='block_1_70' title="bbox 590 4020 2165 4092">
    <p class='ocr_par' dir='ltr' id='par_1_70' title="bbox 590 4020 2165 4092">
     <span class='ocr_line' id='line_1_70' title="bbox 590 4020 2165 4092; baseline -0.005 -11"><span class='ocrx_word' id='word_1_546' title='bbox 590 4034 866 4089; x_wconf 85' lang='lat' dir='ltr'><strong>sanctum,</strong></span> <span class='ocrx_word' id='word_1_547' title='bbox 900 4024 1197 4081; x_wconf 88' lang='lat' dir='ltr'><strong>necessitas</strong></span> <span class='ocrx_word' id='word_1_548' title='bbox 1224 4021 1628 4092; x_wconf 54' lang='lat' dir='ltr'><strong>consequentiae</strong></span> <span class='ocrx_word' id='word_1_549' title='bbox 1654 4035 1718 4077; x_wconf 92' lang='lat' dir='ltr'><strong>ac</strong></span> <span class='ocrx_word' id='word_1_550' title='bbox 1763 4020 1991 4075; x_wconf 87' lang='lat' dir='ltr'><strong>rationis</strong></span> <span class='ocrx_word' id='word_1_551' title='bbox 2014 4034 2165 4074; x_wconf 81' lang='lat' dir='ltr'><strong>coar-</strong></span> 
     </span>
    </p>
   </div>
   <div class='ocr_carea' id='block_1_71' title="bbox 590 4114 2166 4188">
    <p class='ocr_par' dir='ltr' id='par_1_71' title="bbox 590 4114 2166 4188">
     <span class='ocr_line' id='line_1_71' title="bbox 590 4114 2166 4188; baseline -0.005 -14"><span class='ocrx_word' id='word_1_552' title='bbox 590 4128 703 4175; x_wconf 87' lang='lat' dir='ltr'><strong>ctat</strong></span> <span class='ocrx_word' id='word_1_553' title='bbox 733 4119 955 4188; x_wconf 83' lang='lat' dir='ltr'><strong>intelligi</strong></span> <span class='ocrx_word' id='word_1_554' title='bbox 984 4159 999 4181; x_wconf 96' lang='lat'><strong>,</strong></span> <span class='ocrx_word' id='word_1_555' title='bbox 1027 4116 1400 4187; x_wconf 88' lang='lat' dir='ltr'><strong>principaliter</strong></span> <span class='ocrx_word' id='word_1_556' title='bbox 1424 4114 1645 4185; x_wconf 89' lang='lat' dir='ltr'><strong>quidem</strong></span> <span class='ocrx_word' id='word_1_557' title='bbox 1691 4123 1903 4169; x_wconf 90' lang='lat' dir='ltr'><strong>creatas</strong></span> <span class='ocrx_word' id='word_1_558' title='bbox 1925 4128 2046 4167; x_wconf 81' lang='lat' dir='ltr'><strong>esse</strong></span> <span class='ocrx_word' id='word_1_559' title='bbox 2080 4126 2166 4166; x_wconf 88' lang='lat' dir='ltr'><strong>ra-</strong></span> 
     </span>
    </p>
   </div>
   <div class='ocr_carea' id='block_1_72' title="bbox 590 4208 2164 4277">
    <p class='ocr_par' dir='ltr' id='par_1_72' title="bbox 590 4208 2164 4277">
     <span class='ocr_line' id='line_1_72' title="bbox 590 4208 2164 4277; baseline -0.004 -11"><span class='ocrx_word' id='word_1_560' title='bbox 590 4212 878 4266; x_wconf 87' lang='lat' dir='ltr'><strong>tionabiles</strong></span> <span class='ocrx_word' id='word_1_561' title='bbox 931 4222 1189 4277; x_wconf 87' lang='lat' dir='ltr'><strong>naturas;</strong></span> <span class='ocrx_word' id='word_1_562' title='bbox 1243 4210 1581 4264; x_wconf 88' lang='lat' dir='ltr'><strong>materialem</strong></span> <span class='ocrx_word' id='word_1_563' title='bbox 1620 4223 1751 4262; x_wconf 90' lang='lat' dir='ltr'><strong>vero</strong></span> <span class='ocrx_word' id='word_1_564' title='bbox 1801 4208 2164 4262; x_wconf 83' lang='lat' dir='ltr'><strong>substantiam</strong></span> 
     </span>
    </p>
   </div>
   <div class='ocr_carea' id='block_1_73' title="bbox 591 4296 2163 4373">
    <p class='ocr_par' dir='ltr' id='par_1_73' title="bbox 591 4296 2163 4373">
     <span class='ocr_line' id='line_1_73' title="bbox 591 4296 2163 4373; baseline -0.005 -15"><span class='ocrx_word' id='word_1_565' title='bbox 591 4304 843 4373; x_wconf 91' lang='lat' dir='ltr'><strong>opinione</strong></span> <span class='ocrx_word' id='word_1_566' title='bbox 874 4302 1091 4371; x_wconf 89' lang='lat' dir='ltr'><strong>quidem</strong></span> <span class='ocrx_word' id='word_1_567' title='bbox 1113 4311 1167 4355; x_wconf 91' lang='lat' dir='ltr'><strong>et</strong></span> <span class='ocrx_word' id='word_1_568' title='bbox 1192 4301 1466 4355; x_wconf 90' lang='lat' dir='ltr'><strong>intellectu</strong></span> <span class='ocrx_word' id='word_1_569' title='bbox 1492 4298 1666 4354; x_wconf 90' lang='lat' dir='ltr'><strong>solmn</strong></span> <span class='ocrx_word' id='word_1_570' title='bbox 1700 4297 1945 4367; x_wconf 88' lang='lat' dir='ltr'><strong>separari</strong></span> <span class='ocrx_word' id='word_1_571' title='bbox 1973 4296 2039 4351; x_wconf 92' lang='lat' dir='ltr'><strong>ab</strong></span> <span class='ocrx_word' id='word_1_572' title='bbox 2061 4297 2163 4364; x_wconf 90' lang='lat' dir='ltr'><strong>eis,</strong></span> 
     </span>
    </p>
   </div>
   <div class='ocr_carea' id='block_1_74' title="bbox 591 4387 2165 4463">
    <p class='ocr_par' dir='ltr' id='par_1_74' title="bbox 591 4387 2165 4463">
     <span class='ocr_line' id='line_1_74' title="bbox 591 4387 2165 4463; baseline -0.004 -15"><span class='ocrx_word' id='word_1_573' title='bbox 591 4403 647 4449; x_wconf 89' lang='lat' dir='ltr'><strong>et</strong></span> <span class='ocrx_word' id='word_1_574' title='bbox 683 4408 779 4462; x_wconf 89' lang='lat' dir='ltr'><strong>pro</strong></span> <span class='ocrx_word' id='word_1_575' title='bbox 828 4393 959 4463; x_wconf 87' lang='lat' dir='ltr'><strong>ipsis</strong></span> <span class='ocrx_word' id='word_1_576' title='bbox 984 4432 999 4458; x_wconf 88' lang='lat'><strong>,</strong></span> <span class='ocrx_word' id='word_1_577' title='bbox 1041 4393 1124 4446; x_wconf 89' lang='lat' dir='ltr'><strong>vel</strong></span> <span class='ocrx_word' id='word_1_578' title='bbox 1162 4402 1285 4462; x_wconf 90' lang='lat' dir='ltr'><strong>post</strong></span> <span class='ocrx_word' id='word_1_579' title='bbox 1329 4394 1473 4463; x_wconf 87' lang='lat' dir='ltr'><strong>ipsas</strong></span> <span class='ocrx_word' id='word_1_580' title='bbox 1518 4388 1778 4445; x_wconf 77' lang='lat' dir='ltr'><strong>eﬁ‘ectam</strong></span> <span class='ocrx_word' id='word_1_581' title='bbox 1820 4387 1993 4443; x_wconf 86' lang='lat' dir='ltr'><strong>videri</strong></span> <span class='ocrx_word' id='word_1_582' title='bbox 2021 4427 2037 4452; x_wconf 92' lang='lat'><strong>,</strong></span> <span class='ocrx_word' id='word_1_583' title='bbox 2071 4387 2165 4441; x_wconf 91' lang='lat' dir='ltr'><strong>sed</strong></span> 
     </span>
    </p>
   </div>
   <div class='ocr_carea' id='block_1_75' title="bbox 590 4482 2166 4555">
    <p class='ocr_par' dir='ltr' id='par_1_75' title="bbox 590 4482 2166 4555">
     <span class='ocr_line' id='line_1_75' title="bbox 590 4482 2166 4555; baseline -0.003 -16"><span class='ocrx_word' id='word_1_584' title='bbox 590 4501 865 4555; x_wconf 87' lang='lat' dir='ltr'><strong>nunquam</strong></span> <span class='ocrx_word' id='word_1_585' title='bbox 920 4485 1035 4541; x_wconf 89' lang='lat' dir='ltr'><strong>siue</strong></span> <span class='ocrx_word' id='word_1_586' title='bbox 1079 4486 1194 4555; x_wconf 89' lang='lat' dir='ltr'><strong>ipsa</strong></span> <span class='ocrx_word' id='word_1_587' title='bbox 1230 4500 1324 4539; x_wconf 87' lang='lat' dir='ltr'><strong>eas</strong></span> <span class='ocrx_word' id='word_1_588' title='bbox 1354 4483 1437 4538; x_wconf 87' lang='lat' dir='ltr'><strong>vel</strong></span> <span class='ocrx_word' id='word_1_589' title='bbox 1475 4482 1678 4537; x_wconf 80' lang='lat' dir='ltr'><strong>vixisse</strong></span> <span class='ocrx_word' id='word_1_590' title='bbox 1712 4482 1789 4535; x_wconf 87' lang='lat' dir='ltr'><strong>vel</strong></span> <span class='ocrx_word' id='word_1_591' title='bbox 1816 4482 1996 4535; x_wconf 89' lang='lat' dir='ltr'><strong>vivere</strong></span> <span class='ocrx_word' id='word_1_592' title='bbox 2029 4497 2042 4533; x_wconf 89' lang='lat'><strong>:</strong></span> <span class='ocrx_word' id='word_1_593' title='bbox 2080 4493 2166 4534; x_wconf 89' lang='lat' dir='ltr'><strong>so-</strong></span> 
     </span>
    </p>
   </div>
   <div class='ocr_carea' id='block_1_76' title="bbox 588 4572 2163 4647">
    <p class='ocr_par' dir='ltr' id='par_1_76' title="bbox 588 4572 2163 4647">
     <span class='ocr_line' id='line_1_76' title="bbox 588 4572 2163 4647; baseline -0.003 -15"><span class='ocrx_word' id='word_1_594' title='bbox 588 4578 693 4634; x_wconf 90' lang='lat' dir='ltr'><strong>lius</strong></span> <span class='ocrx_word' id='word_1_595' title='bbox 742 4592 975 4647; x_wconf 89' lang='lat' dir='ltr'><strong>namque</strong></span> <span class='ocrx_word' id='word_1_596' title='bbox 1021 4577 1309 4632; x_wconf 86' lang='lat' dir='ltr'><strong>Trinitatis</strong></span> <span class='ocrx_word' id='word_1_597' title='bbox 1360 4576 1680 4643; x_wconf 90' lang='lat' dir='ltr'><strong>incorporea</strong></span> <span class='ocrx_word' id='word_1_598' title='bbox 1731 4573 1842 4627; x_wconf 90' lang='lat' dir='ltr'><strong>vita</strong></span> <span class='ocrx_word' id='word_1_599' title='bbox 1896 4572 2163 4627; x_wconf 84' lang='lat' dir='ltr'><strong>exsistere</strong></span> 
     </span>
    </p>
   </div>
   <div class='ocr_carea' id='block_1_77' title="bbox 589 4664 2159 4743">
    <p class='ocr_par' dir='ltr' id='par_1_77' title="bbox 589 4664 2159 4743">
     <span class='ocr_line' id='line_1_77' title="bbox 589 4664 2159 4743; baseline -0.005 -17"><span class='ocrx_word' id='word_1_600' title='bbox 589 4683 736 4728; x_wconf 88' lang='lat' dir='ltr'><strong>recte</strong></span> <span class='ocrx_word' id='word_1_601' title='bbox 782 4674 1079 4743; x_wconf 89' lang='lat' dir='ltr'><strong>putabitur.</strong></span> <span class='ocrx_word' id='word_1_602' title='bbox 1145 4690 1164 4724; x_wconf 65' lang='grc' dir='ltr'><strong>ν</strong></span> <span class='ocrx_word' id='word_1_603' title='bbox 1218 4671 1344 4725; x_wconf 69' lang='lat' dir='ltr'><strong>llaec</strong></span> <span class='ocrx_word' id='word_1_604' title='bbox 1395 4667 1696 4724; x_wconf 87' lang='lat' dir='ltr'><strong>insectandi</strong></span> <span class='ocrx_word' id='word_1_605' title='bbox 1735 4666 1988 4737; x_wconf 87' lang='lat' dir='ltr'><strong>Origenis</strong></span> <span class='ocrx_word' id='word_1_606' title='bbox 2039 4664 2159 4719; x_wconf 90' lang='lat' dir='ltr'><strong>viro</strong></span> 
     </span>
    </p>
   </div>
   <div class='ocr_carea' id='block_1_78' title="bbox 588 4757 2160 4836">
    <p class='ocr_par' dir='ltr' id='par_1_78' title="bbox 588 4757 2160 4836">
     <span class='ocr_line' id='line_1_78' title="bbox 588 4757 2160 4836; baseline -0.004 -16"><span class='ocrx_word' id='word_1_607' title='bbox 588 4779 786 4836; x_wconf 89' lang='lat' dir='ltr'><strong>magno</strong></span> <span class='ocrx_word' id='word_1_608' title='bbox 808 4763 1153 4835; x_wconf 82' lang='lat' dir='ltr'><strong>pra-buerunt</strong></span> <span class='ocrx_word' id='word_1_609' title='bbox 1183 4771 1582 4832; x_wconf 84' lang='lat' dir='ltr'><strong>argumentum,</strong></span> <span class='ocrx_word' id='word_1_610' title='bbox 1617 4762 1759 4830; x_wconf 88' lang='lat' dir='ltr'><strong>quod</strong></span> <span class='ocrx_word' id='word_1_611' title='bbox 1787 4773 1910 4814; x_wconf 91' lang='lat' dir='ltr'><strong>cum</strong></span> <span class='ocrx_word' id='word_1_612' title='bbox 1939 4757 2160 4829; x_wconf 86' lang='lat' dir='ltr'><strong>angelos</strong></span> 
     </span>
    </p>
   </div>
   <div class='ocr_carea' id='block_1_79' title="bbox 587 4851 2160 4926">
    <p class='ocr_par' dir='ltr' id='par_1_79' title="bbox 587 4851 2160 4926">
     <span class='ocr_line' id='line_1_79' title="bbox 587 4851 2160 4926; baseline -0.006 -13"><span class='ocrx_word' id='word_1_613' title='bbox 587 4866 643 4913; x_wconf 90' lang='lat' dir='ltr'><strong>et</strong></span> <span class='ocrx_word' id='word_1_614' title='bbox 670 4858 894 4912; x_wconf 91' lang='lat' dir='ltr'><strong>rationis</strong></span> <span class='ocrx_word' id='word_1_615' title='bbox 925 4870 1153 4926; x_wconf 91' lang='lat' dir='ltr'><strong>capaces</strong></span> <span class='ocrx_word' id='word_1_616' title='bbox 1187 4856 1403 4908; x_wconf 89' lang='lat' dir='ltr'><strong>animas</strong></span> <span class='ocrx_word' id='word_1_617' title='bbox 1431 4854 1592 4924; x_wconf 88' lang='lat' dir='ltr'><strong>longo</strong></span> <span class='ocrx_word' id='word_1_618' title='bbox 1638 4851 1924 4907; x_wconf 89' lang='lat' dir='ltr'><strong>intervallo</strong></span> <span class='ocrx_word' id='word_1_619' title='bbox 1966 4864 2160 4921; x_wconf 86' lang='lat' dir='ltr'><strong>corpo-</strong></span> 
     </span>
    </p>
   </div>
   <div class='ocr_carea' id='block_1_80' title="bbox 588 4944 2159 5011">
    <p class='ocr_par' dir='ltr' id='par_1_80' title="bbox 588 4944 2159 5011">
     <span class='ocr_line' id='line_1_80' title="bbox 588 4944 2159 5011; baseline -0.005 -6"><span class='ocrx_word' id='word_1_620' title='bbox 588 4950 739 5006; x_wconf 88' lang='lat' dir='ltr'><strong>ribus</strong></span> <span class='ocrx_word' id='word_1_621' title='bbox 791 4950 1034 5005; x_wconf 84' lang='lat' dir='ltr'><strong>caruisse</strong></span> <span class='ocrx_word' id='word_1_622' title='bbox 1091 4948 1218 5002; x_wconf 90' lang='lat' dir='ltr'><strong>alibi</strong></span> <span class='ocrx_word' id='word_1_623' title='bbox 1273 4946 1493 5011; x_wconf 81' lang='lat' dir='ltr'><strong>dixerit,</strong></span> <span class='ocrx_word' id='word_1_624' title='bbox 1555 4946 1608 5000; x_wconf 89' lang='lat' dir='ltr'><strong>id</strong></span> <span class='ocrx_word' id='word_1_625' title='bbox 1672 4955 1850 4998; x_wconf 90' lang='lat' dir='ltr'><strong>tamen</strong></span> <span class='ocrx_word' id='word_1_626' title='bbox 1892 4944 2005 4999; x_wconf 84' lang='lat' dir='ltr'><strong>ﬂeri</strong></span> <span class='ocrx_word' id='word_1_627' title='bbox 2056 4958 2159 4998; x_wconf 91' lang='lat' dir='ltr'><strong>non</strong></span> 
     </span>
    </p>
   </div>
   <div class='ocr_carea' id='block_1_81' title="bbox 588 5037 2157 5114">
    <p class='ocr_par' dir='ltr' id='par_1_81' title="bbox 588 5037 2157 5114">
     <span class='ocr_line' id='line_1_81' title="bbox 588 5037 2157 5114; baseline -0.006 -13"><span class='ocrx_word' id='word_1_628' title='bbox 588 5060 747 5114; x_wconf 69' lang='lat' dir='ltr'><strong>posse</strong></span> <span class='ocrx_word' id='word_1_629' title='bbox 777 5044 865 5100; x_wconf 88' lang='lat' dir='ltr'><strong>hic</strong></span> <span class='ocrx_word' id='word_1_630' title='bbox 895 5040 1263 5096; x_wconf 83' lang='lat' dir='ltr'><strong>allirmaverit.</strong></span> <span class='ocrx_word' id='word_1_631' title='bbox 1299 5037 1501 5093; x_wconf 80' lang='lat' dir='ltr'><strong>Verum</strong></span> <span class='ocrx_word' id='word_1_632' title='bbox 1526 5054 1609 5092; x_wconf 90' lang='lat' dir='ltr'><strong>res</strong></span> <span class='ocrx_word' id='word_1_633' title='bbox 1651 5037 1810 5092; x_wconf 90' lang='lat' dir='ltr'><strong>aliter</strong></span> <span class='ocrx_word' id='word_1_634' title='bbox 1855 5053 1914 5092; x_wconf 88' lang='lat' dir='ltr'><strong>se</strong></span> <span class='ocrx_word' id='word_1_635' title='bbox 1965 5037 2157 5103; x_wconf 90' lang='lat' dir='ltr'><strong>habet;</strong></span> 
     </span>
    </p>
   </div>
   <div class='ocr_carea' id='block_1_82' title="bbox 588 5130 2160 5209">
    <p class='ocr_par' dir='ltr' id='par_1_82' title="bbox 588 5130 2160 5209">
     <span class='ocr_line' id='line_1_82' title="bbox 588 5130 2160 5209; baseline -0.006 -16"><span class='ocrx_word' id='word_1_636' title='bbox 588 5135 701 5209; x_wconf 77' lang='lat'><strong>(27)</strong></span> <span class='ocrx_word' id='word_1_637' title='bbox 724 5152 846 5192; x_wconf 88' lang='lat' dir='ltr'><strong>nam</strong></span> <span class='ocrx_word' id='word_1_638' title='bbox 864 5149 1152 5207; x_wconf 87' lang='lat' dir='ltr'><strong>corporeos</strong></span> <span class='ocrx_word' id='word_1_639' title='bbox 1175 5134 1390 5205; x_wconf 89' lang='lat' dir='ltr'><strong>quidem</strong></span> <span class='ocrx_word' id='word_1_640' title='bbox 1413 5131 1635 5203; x_wconf 88' lang='lat' dir='ltr'><strong>angelos</strong></span> <span class='ocrx_word' id='word_1_641' title='bbox 1655 5140 1711 5185; x_wconf 85' lang='lat' dir='ltr'><strong>et</strong></span> <span class='ocrx_word' id='word_1_642' title='bbox 1741 5130 1950 5185; x_wconf 90' lang='lat' dir='ltr'><strong>animas</strong></span> <span class='ocrx_word' id='word_1_643' title='bbox 1972 5143 2160 5184; x_wconf 89' lang='lat' dir='ltr'><strong>revera</strong></span> 
     </span>
    </p>
   </div>
   <div class='ocr_carea' id='block_1_83' title="bbox 657 5308 2156 5391">
    <p class='ocr_par' dir='ltr' id='par_1_83' title="bbox 657 5308 2156 5391">
     <span class='ocr_line' id='line_1_83' title="bbox 657 5308 2156 5391; baseline -0.007 -20"><span class='ocrx_word' id='word_1_644' title='bbox 657 5314 957 5391; x_wconf 69' lang='lat' dir='ltr'><strong>(27)__Nam</strong></span> <span class='ocrx_word' id='word_1_645' title='bbox 1004 5331 1275 5391; x_wconf 74' lang='lat' dir='ltr'><strong>corporer</strong></span> <span class='ocrx_word' id='word_1_646' title='bbox 1316 5315 1526 5391; x_wconf 79' lang='lat' dir='ltr'><strong>quidem</strong></span> <span class='ocrx_word' id='word_1_647' title='bbox 1578 5311 1790 5391; x_wconf 67' lang='lat' dir='ltr'><strong>angelos</strong></span> <span class='ocrx_word' id='word_1_648' title='bbox 1836 5320 1884 5365; x_wconf 81' lang='lat' dir='ltr'><strong>et</strong></span> <span class='ocrx_word' id='word_1_649' title='bbox 1927 5308 2156 5391; x_wconf 57' lang='lat' dir='ltr'><strong>animus,</strong></span> 
     </span>
    </p>
   </div>
   <div class='ocr_carea' id='block_1_84' title="bbox 586 5383 2158 5455">
    <p class='ocr_par' dir='ltr' id='par_1_84' title="bbox 586 5383 2158 5455">
     <span class='ocr_line' id='line_1_84' title="bbox 586 5383 2158 5455; baseline -0.006 -13"><span class='ocrx_word' id='word_1_650' title='bbox 586 5383 693 5442; x_wconf 78' lang='lat' dir='ltr'><strong>etc.</strong></span> <span class='ocrx_word' id='word_1_651' title='bbox 751 5383 887 5440; x_wconf 68' lang='lat' dir='ltr'><strong>&#39;Vide</strong></span> <span class='ocrx_word' id='word_1_652' title='bbox 940 5383 1102 5455; x_wconf 90' lang='lat' dir='ltr'><strong>paulo</strong></span> <span class='ocrx_word' id='word_1_653' title='bbox 1155 5385 1292 5439; x_wconf 80' lang='lat' dir='ltr'><strong>infra</strong></span> <span class='ocrx_word' id='word_1_654' title='bbox 1355 5383 1764 5439; x_wconf 85' lang='lat' dir='ltr'><strong>observationes</strong></span> <span class='ocrx_word' id='word_1_655' title='bbox 1829 5390 2047 5436; x_wconf 85' lang='lat' dir='ltr'><strong>nostras</strong></span> <span class='ocrx_word' id='word_1_656' title='bbox 2102 5383 2158 5433; x_wconf 88' lang='lat' dir='ltr'><strong>in</strong></span> 
     </span>
    </p>
   </div>
   <div class='ocr_carea' id='block_1_85' title="bbox 592 5458 828 5512">
    <p class='ocr_par' dir='ltr' id='par_1_85' title="bbox 592 5458 828 5512">
     <span class='ocr_line' id='line_1_85' title="bbox 592 5458 828 5512; baseline 0.008 -2"><span class='ocrx_word' id='word_1_657' title='bbox 592 5473 741 5510; x_wconf 88' lang='lat' dir='ltr'><strong>num.</strong></span> <span class='ocrx_word' id='word_1_658' title='bbox 774 5458 828 5512; x_wconf 85' lang='lat'><strong>5.</strong></span> 
     </span>
    </p>
   </div>
   <div class='ocr_carea' id='block_1_86' title="bbox 658 5523 2155 5597">
    <p class='ocr_par' dir='ltr' id='par_1_86' title="bbox 658 5523 2155 5597">
     <span class='ocr_line' id='line_1_86' title="bbox 658 5523 2155 5597; baseline -0.005 -17"><span class='ocrx_word' id='word_1_659' title='bbox 658 5526 773 5597; x_wconf 68' lang='grc'><strong>(28)</strong></span> <span class='ocrx_word' id='word_1_660' title='bbox 823 5527 1040 5594; x_wconf 78' lang='lat' dir='ltr'><strong>Semper</strong></span> <span class='ocrx_word' id='word_1_661' title='bbox 1068 5534 1265 5586; x_wconf 79' lang='lat' dir='ltr'><strong>autem,</strong></span> <span class='ocrx_word' id='word_1_662' title='bbox 1301 5533 1405 5579; x_wconf 88' lang='lat' dir='ltr'><strong>etc.</strong></span> <span class='ocrx_word' id='word_1_663' title='bbox 1441 5523 1609 5592; x_wconf 89' lang='lat' dir='ltr'><strong>Hujus</strong></span> <span class='ocrx_word' id='word_1_664' title='bbox 1654 5530 1943 5597; x_wconf 66' lang='lat' dir='ltr'><strong>contentis</strong></span> <span class='ocrx_word' id='word_1_665' title='bbox 1972 5527 2155 5597; x_wconf 76' lang='lat' dir='ltr'><strong>poste-</strong></span> 
     </span>
    </p>
   </div>
   <div class='ocr_carea' id='block_1_87' title="bbox 589 5590 2154 5669">
    <p class='ocr_par' dir='ltr' id='par_1_87' title="bbox 589 5590 2154 5669">
     <span class='ocr_line' id='line_1_87' title="bbox 589 5590 2154 5669; baseline -0.006 -19"><span class='ocrx_word' id='word_1_666' title='bbox 589 5590 783 5669; x_wconf 65' lang='lat' dir='ltr'><strong>riorem</strong></span> <span class='ocrx_word' id='word_1_667' title='bbox 817 5590 1021 5669; x_wconf 79' lang='lat' dir='ltr'><strong>partem</strong></span> <span class='ocrx_word' id='word_1_668' title='bbox 1059 5590 1549 5669; x_wconf 81' lang='lat' dir='ltr'><strong>utpote_e_rroneam</strong></span> <span class='ocrx_word' id='word_1_669' title='bbox 1575 5633 1588 5655; x_wconf 88' lang='lat'><strong>,</strong></span> <span class='ocrx_word' id='word_1_670' title='bbox 1617 5602 1671 5669; x_wconf 78' lang='lat' dir='ltr'><strong>et</strong></span> <span class='ocrx_word' id='word_1_671' title='bbox 1711 5608 1740 5647; x_wconf 92' lang='lat' dir='ltr'><strong>a</strong></span> <span class='ocrx_word' id='word_1_672' title='bbox 1778 5590 2154 5669; x_wconf 62' lang='lat' dir='ltr'><strong>Ruﬁnodissi-</strong></span> 
     </span>
    </p>
   </div>
   <div class='ocr_carea' id='block_1_88' title="bbox 593 5661 2155 5733">
    <p class='ocr_par' dir='ltr' id='par_1_88' title="bbox 593 5661 2155 5733">
     <span class='ocr_line' id='line_1_88' title="bbox 593 5661 2155 5733; baseline -0.006 -13"><span class='ocrx_word' id='word_1_673' title='bbox 593 5661 845 5720; x_wconf 81' lang='lat' dir='ltr'><strong>mulatam</strong></span> <span class='ocrx_word' id='word_1_674' title='bbox 878 5667 958 5721; x_wconf 89' lang='lat' dir='ltr'><strong>sic</strong></span> <span class='ocrx_word' id='word_1_675' title='bbox 994 5661 1215 5719; x_wconf 82' lang='lat' dir='ltr'><strong>exhibet</strong></span> <span class='ocrx_word' id='word_1_676' title='bbox 1246 5665 1611 5733; x_wconf 87' lang='lat' dir='ltr'><strong>Hieronymus</strong></span> <span class='ocrx_word' id='word_1_677' title='bbox 1652 5663 1705 5717; x_wconf 92' lang='lat' dir='ltr'><strong>in</strong></span> <span class='ocrx_word' id='word_1_678' title='bbox 1737 5662 1989 5733; x_wconf 17' lang='lat' dir='ltr'><strong>epist.‘ad</strong></span> <span class='ocrx_word' id='word_1_679' title='bbox 2022 5661 2155 5713; x_wconf 84' lang='lat' dir='ltr'><strong>Avi-</strong></span> 
     </span>
    </p>
   </div>
   <div class='ocr_carea' id='block_1_89' title="bbox 590 5730 2156 5808">
    <p class='ocr_par' dir='ltr' id='par_1_89' title="bbox 590 5730 2156 5808">
     <span class='ocr_line' id='line_1_89' title="bbox 590 5730 2156 5808; baseline -0.004 -21"><span class='ocrx_word' id='word_1_680' title='bbox 590 5740 703 5808; x_wconf 86' lang='lat' dir='ltr'><strong>tum</strong></span> <span class='ocrx_word' id='word_1_681' title='bbox 735 5753 747 5789; x_wconf 92' lang='lat'><strong>:</strong></span> <span class='ocrx_word' id='word_1_682' title='bbox 786 5753 805 5787; x_wconf 72' lang='grc' dir='ltr'>ι</span> <span class='ocrx_word' id='word_1_683' title='bbox 840 5734 896 5808; x_wconf 81' lang='lat' dir='ltr'><strong>Si</strong></span> <span class='ocrx_word' id='word_1_684' title='bbox 932 5737 1070 5808; x_wconf 71' lang='lat' dir='ltr'><strong>quis</strong></span> <span class='ocrx_word' id='word_1_685' title='bbox 1093 5744 1273 5787; x_wconf 88' lang='lat' dir='ltr'><strong>autem</strong></span> <span class='ocrx_word' id='word_1_686' title='bbox 1305 5730 1543 5803; x_wconf 79' lang='lat' dir='ltr'><strong>potuerit</strong></span> <span class='ocrx_word' id='word_1_687' title='bbox 1572 5734 1859 5786; x_wconf 85' lang='lat' dir='ltr'><strong>ostendere</strong></span> <span class='ocrx_word' id='word_1_688' title='bbox 1906 5730 2156 5808; x_wconf 76' lang='lat' dir='ltr'><strong>incorpo-</strong></span> 
     </span>
    </p>
   </div>
   <div class='ocr_carea' id='block_1_90' title="bbox 591 5799 2152 5877">
    <p class='ocr_par' dir='ltr' id='par_1_90' title="bbox 591 5799 2152 5877">
     <span class='ocr_line' id='line_1_90' title="bbox 591 5799 2152 5877; baseline -0.005 -20"><span class='ocrx_word' id='word_1_689' title='bbox 591 5805 757 5858; x_wconf 89' lang='lat' dir='ltr'><strong>ralem</strong></span> <span class='ocrx_word' id='word_1_690' title='bbox 788 5799 1271 5877; x_wconf 41' lang='lat' dir='ltr'><strong>ration-abilemque</strong></span> <span class='ocrx_word' id='word_1_691' title='bbox 1304 5799 1577 5877; x_wconf 81' lang='lat' dir='ltr'><strong>naturam,</strong></span> <span class='ocrx_word' id='word_1_692' title='bbox 1605 5817 1730 5856; x_wconf 90' lang='lat' dir='ltr'><strong>cum</strong></span> <span class='ocrx_word' id='word_1_693' title='bbox 1758 5799 2152 5877; x_wconf 73' lang='lat' dir='ltr'><strong>exspoliaverit</strong></span> 
     </span>
    </p>
   </div>
   <div class='ocr_carea' id='block_1_91' title="bbox 589 5871 2149 5945">
    <p class='ocr_par' dir='ltr' id='par_1_91' title="bbox 589 5871 2149 5945">
     <span class='ocr_line' id='line_1_91' title="bbox 589 5871 2149 5945; baseline -0.006 -14"><span class='ocrx_word' id='word_1_694' title='bbox 589 5888 649 5931; x_wconf 79' lang='lat' dir='ltr'><strong>se</strong></span> <span class='ocrx_word' id='word_1_695' title='bbox 675 5889 944 5945; x_wconf 84' lang='lat' dir='ltr'><strong>corpore,</strong></span> <span class='ocrx_word' id='word_1_696' title='bbox 999 5874 1179 5929; x_wconf 86' lang='lat' dir='ltr'><strong>vivere</strong></span> <span class='ocrx_word' id='word_1_697' title='bbox 1220 5889 1317 5941; x_wconf 85' lang='lat' dir='ltr'><strong>per</strong></span> <span class='ocrx_word' id='word_1_698' title='bbox 1363 5874 1709 5942; x_wconf 85' lang='lat' dir='ltr'><strong>semetipsam</strong></span> <span class='ocrx_word' id='word_1_699' title='bbox 1737 5909 1753 5935; x_wconf 85' lang='lat'><strong>.</strong></span> <span class='ocrx_word' id='word_1_700' title='bbox 1790 5882 1845 5926; x_wconf 90' lang='lat' dir='ltr'><strong>et</strong></span> <span class='ocrx_word' id='word_1_701' title='bbox 1893 5871 1946 5925; x_wconf 85' lang='lat' dir='ltr'><strong>in</strong></span> <span class='ocrx_word' id='word_1_702' title='bbox 1983 5871 2149 5939; x_wconf 85' lang='lat' dir='ltr'><strong>pejori</strong></span> 
     </span>
    </p>
   </div>
   <div class='ocr_carea' id='block_1_92' title="bbox 2265 3381 3845 3456">
    <p class='ocr_par' dir='ltr' id='par_1_92' title="bbox 2265 3381 3845 3456">
     <span class='ocr_line' id='line_1_92' title="bbox 2265 3381 3845 3456; baseline 0.008 -23"><span class='ocrx_word' id='word_1_703' title='bbox 2265 3381 2481 3436; x_wconf 91' lang='lat' dir='ltr'><strong>drinum</strong></span> <span class='ocrx_word' id='word_1_704' title='bbox 2518 3382 2656 3435; x_wconf 92' lang='lat' dir='ltr'><strong>libro</strong></span> <span class='ocrx_word' id='word_1_705' title='bbox 2678 3396 2877 3452; x_wconf 90' lang='lat' dir='ltr'><strong>quarto</strong></span> <span class='ocrx_word' id='word_1_706' title='bbox 2914 3382 3320 3456; x_wconf 80' lang='lat' dir='ltr'><strong>Hypotyposeon</strong></span> <span class='ocrx_word' id='word_1_707' title='bbox 3349 3404 3414 3442; x_wconf 84' lang='lat' dir='ltr'><strong>ex</strong></span> <span class='ocrx_word' id='word_1_708' title='bbox 3440 3398 3622 3443; x_wconf 91' lang='lat' dir='ltr'><strong>mente</strong></span> <span class='ocrx_word' id='word_1_709' title='bbox 3643 3401 3697 3444; x_wconf 91' lang='lat' dir='ltr'><strong>et</strong></span> <span class='ocrx_word' id='word_1_710' title='bbox 3717 3405 3845 3445; x_wconf 85' lang='lat' dir='ltr'><strong>sen-</strong></span> 
     </span>
    </p>
   </div>
   <div class='ocr_carea' id='block_1_93' title="bbox 2267 3472 3845 3549">
    <p class='ocr_par' dir='ltr' id='par_1_93' title="bbox 2267 3472 3845 3549">
     <span class='ocr_line' id='line_1_93' title="bbox 2267 3472 3845 3549; baseline 0.006 -21"><span class='ocrx_word' id='word_1_711' title='bbox 2267 3474 2434 3528; x_wconf 89' lang='lat' dir='ltr'><strong>tentia</strong></span> <span class='ocrx_word' id='word_1_712' title='bbox 2459 3472 2715 3543; x_wconf 88' lang='lat' dir='ltr'><strong>Origenis</strong></span> <span class='ocrx_word' id='word_1_713' title='bbox 2765 3476 3050 3543; x_wconf 90' lang='lat' dir='ltr'><strong>scripsisse</strong></span> <span class='ocrx_word' id='word_1_714' title='bbox 3094 3477 3284 3540; x_wconf 80' lang='lat' dir='ltr'><strong>refert,</strong></span> <span class='ocrx_word' id='word_1_715' title='bbox 3313 3480 3517 3549; x_wconf 88' lang='lat' dir='ltr'><strong>angelis</strong></span> <span class='ocrx_word' id='word_1_716' title='bbox 3547 3490 3603 3536; x_wconf 90' lang='lat' dir='ltr'><strong>et</strong></span> <span class='ocrx_word' id='word_1_717' title='bbox 3643 3483 3845 3537; x_wconf 76' lang='lat' dir='ltr'><strong>dtemo-</strong></span> 
     </span>
    </p>
   </div>
   <div class='ocr_carea' id='block_1_94' title="bbox 2267 3565 3440 3639">
    <p class='ocr_par' dir='ltr' id='par_1_94' title="bbox 2267 3565 3440 3639">
     <span class='ocr_line' id='line_1_94' title="bbox 2267 3565 3440 3639; baseline 0.006 -21"><span class='ocrx_word' id='word_1_718' title='bbox 2267 3566 2426 3619; x_wconf 82' lang='lat' dir='ltr'><strong>nibus</strong></span> <span class='ocrx_word' id='word_1_719' title='bbox 2448 3565 2608 3619; x_wconf 79' lang='lat' dir='ltr'><strong>exilia</strong></span> <span class='ocrx_word' id='word_1_720' title='bbox 2632 3581 2859 3637; x_wconf 91' lang='lat' dir='ltr'><strong>corpora</strong></span> <span class='ocrx_word' id='word_1_721' title='bbox 2886 3582 3007 3623; x_wconf 91' lang='lat' dir='ltr'><strong>esse</strong></span> <span class='ocrx_word' id='word_1_722' title='bbox 3031 3570 3440 3639; x_wconf 90' lang='lat' dir='ltr'><strong>circumposita.</strong></span> 
     </span>
    </p>
   </div>
   <div class='ocr_carea' id='block_1_95' title="bbox 2338 3653 3848 3733">
    <p class='ocr_par' dir='ltr' id='par_1_95' title="bbox 2338 3653 3848 3733">
     <span class='ocr_line' id='line_1_95' title="bbox 2338 3653 3848 3733; baseline 0.008 -26"><span class='ocrx_word' id='word_1_723' title='bbox 2338 3653 2426 3710; x_wconf 80' lang='lat' dir='ltr'><strong>IV.</strong></span> <span class='ocrx_word' id='word_1_724' title='bbox 2480 3655 2586 3711; x_wconf 90' lang='lat' dir='ltr'><strong>Sed</strong></span> <span class='ocrx_word' id='word_1_725' title='bbox 2618 3659 2865 3726; x_wconf 89' lang='lat' dir='ltr'><strong>quamvis</strong></span> <span class='ocrx_word' id='word_1_726' title='bbox 2914 3660 3333 3716; x_wconf 88' lang='lat' dir='ltr'><strong>rationabilibus</strong></span> <span class='ocrx_word' id='word_1_727' title='bbox 3386 3662 3598 3718; x_wconf 89' lang='lat' dir='ltr'><strong>naturis</strong></span> <span class='ocrx_word' id='word_1_728' title='bbox 3649 3678 3848 3733; x_wconf 88' lang='lat' dir='ltr'><strong>corpus</strong></span> 
     </span>
    </p>
   </div>
   <div class='ocr_carea' id='block_1_96' title="bbox 2266 3747 3847 3823">
    <p class='ocr_par' dir='ltr' id='par_1_96' title="bbox 2266 3747 3847 3823">
     <span class='ocr_line' id='line_1_96' title="bbox 2266 3747 3847 3823; baseline 0.003 -20"><span class='ocrx_word' id='word_1_729' title='bbox 2266 3747 2467 3803; x_wconf 87' lang='lat' dir='ltr'><strong>diserte</strong></span> <span class='ocrx_word' id='word_1_730' title='bbox 2500 3760 2555 3803; x_wconf 91' lang='lat' dir='ltr'><strong>et</strong></span> <span class='ocrx_word' id='word_1_731' title='bbox 2588 3750 2791 3820; x_wconf 92' lang='lat' dir='ltr'><strong>liquido</strong></span> <span class='ocrx_word' id='word_1_732' title='bbox 2819 3751 3087 3807; x_wconf 74' lang='lat' dir='ltr'><strong>aliinxerit</strong></span> <span class='ocrx_word' id='word_1_733' title='bbox 3119 3751 3404 3823; x_wconf 87' lang='lat' dir='ltr'><strong>Origenes,</strong></span> <span class='ocrx_word' id='word_1_734' title='bbox 3447 3771 3477 3809; x_wconf 91' lang='lat' dir='ltr'><strong>a</strong></span> <span class='ocrx_word' id='word_1_735' title='bbox 3507 3770 3565 3810; x_wconf 91' lang='lat' dir='ltr'><strong>se</strong></span> <span class='ocrx_word' id='word_1_736' title='bbox 3596 3757 3847 3811; x_wconf 78' lang='lat' dir='ltr'><strong>diversus</strong></span> 
     </span>
    </p>
   </div>
   <div class='ocr_carea' id='block_1_97' title="bbox 2265 3840 3848 3915">
    <p class='ocr_par' dir='ltr' id='par_1_97' title="bbox 2265 3840 3848 3915">
     <span class='ocr_line' id='line_1_97' title="bbox 2265 3840 3848 3915; baseline 0.006 -22"><span class='ocrx_word' id='word_1_737' title='bbox 2265 3840 2418 3895; x_wconf 90' lang='lat' dir='ltr'><strong>abire</strong></span> <span class='ocrx_word' id='word_1_738' title='bbox 2469 3841 2685 3898; x_wconf 87' lang='lat' dir='ltr'><strong>videtur</strong></span> <span class='ocrx_word' id='word_1_739' title='bbox 2719 3843 2841 3897; x_wconf 90' lang='lat' dir='ltr'><strong>aliis</strong></span> <span class='ocrx_word' id='word_1_740' title='bbox 2871 3844 3007 3899; x_wconf 91' lang='lat' dir='ltr'><strong>locis</strong></span> <span class='ocrx_word' id='word_1_741' title='bbox 3031 3883 3047 3909; x_wconf 90' lang='lat'><strong>,</strong></span> <span class='ocrx_word' id='word_1_742' title='bbox 3086 3854 3137 3900; x_wconf 90' lang='lat' dir='ltr'><strong>et</strong></span> <span class='ocrx_word' id='word_1_743' title='bbox 3169 3859 3367 3915; x_wconf 90' lang='lat' dir='ltr'><strong>corpus</strong></span> <span class='ocrx_word' id='word_1_744' title='bbox 3403 3847 3598 3901; x_wconf 90' lang='lat' dir='ltr'><strong>iisdem</strong></span> <span class='ocrx_word' id='word_1_745' title='bbox 3637 3850 3848 3904; x_wconf 90' lang='lat' dir='ltr'><strong>naturis</strong></span> 
     </span>
    </p>
   </div>
   <div class='ocr_carea' id='block_1_98' title="bbox 2266 3932 3845 4001">
    <p class='ocr_par' dir='ltr' id='par_1_98' title="bbox 2266 3932 3845 4001">
     <span class='ocr_line' id='line_1_98' title="bbox 2266 3932 3845 4001; baseline 0.006 -15"><span class='ocrx_word' id='word_1_746' title='bbox 2266 3932 2574 3988; x_wconf 88' lang='lat' dir='ltr'><strong>detrahere.</strong></span> <span class='ocrx_word' id='word_1_747' title='bbox 2607 3934 2699 3988; x_wconf 89' lang='lat' dir='ltr'><strong>Sic</strong></span> <span class='ocrx_word' id='word_1_748' title='bbox 2722 3934 2909 3990; x_wconf 88' lang='lat' dir='ltr'><strong>bomil.</strong></span> <span class='ocrx_word' id='word_1_749' title='bbox 2946 3936 2967 3989; x_wconf 83' lang='grc'><strong>1</strong></span> <span class='ocrx_word' id='word_1_750' title='bbox 3007 3936 3064 3989; x_wconf 81' lang='lat' dir='ltr'><strong>in</strong></span> <span class='ocrx_word' id='word_1_751' title='bbox 3096 3934 3310 4001; x_wconf 56' lang='lat' dir='ltr'><strong>Cenem,</strong></span> <span class='ocrx_word' id='word_1_752' title='bbox 3343 3953 3492 3991; x_wconf 91' lang='lat' dir='ltr'><strong>num.</strong></span> <span class='ocrx_word' id='word_1_753' title='bbox 3530 3938 3565 3991; x_wconf 78' lang='grc'>2</span> <span class='ocrx_word' id='word_1_754' title='bbox 3595 3956 3610 3992; x_wconf 90' lang='lat'><strong>:</strong></span> <span class='ocrx_word' id='word_1_755' title='bbox 3646 3957 3663 3988; x_wconf 78' lang='grc' dir='ltr'><strong><em>ι</em></strong></span> <span class='ocrx_word' id='word_1_756' title='bbox 3708 3940 3845 3995; x_wconf 87' lang='lat' dir='ltr'><strong>Cum</strong></span> 
     </span>
    </p>
   </div>
   <div class='ocr_carea' id='block_1_99' title="bbox 2265 4024 3848 4099">
    <p class='ocr_par' dir='ltr' id='par_1_99' title="bbox 2265 4024 3848 4099">
     <span class='ocr_line' id='line_1_99' title="bbox 2265 4024 3848 4099; baseline 0.004 -21"><span class='ocrx_word' id='word_1_757' title='bbox 2265 4025 2408 4078; x_wconf 90' lang='lat' dir='ltr'><strong>enim</strong></span> <span class='ocrx_word' id='word_1_758' title='bbox 2431 4038 2493 4079; x_wconf 91' lang='lat' dir='ltr'><strong>ea</strong></span> <span class='ocrx_word' id='word_1_759' title='bbox 2524 4041 2644 4095; x_wconf 78' lang='lat' dir='ltr'><strong>qua:</strong></span> <span class='ocrx_word' id='word_1_760' title='bbox 2672 4024 2921 4083; x_wconf 86' lang='lat' dir='ltr'><strong>facturus</strong></span> <span class='ocrx_word' id='word_1_761' title='bbox 2949 4036 3069 4081; x_wconf 92' lang='lat' dir='ltr'><strong>erat</strong></span> <span class='ocrx_word' id='word_1_762' title='bbox 3105 4027 3268 4093; x_wconf 87' lang='lat' dir='ltr'><strong>Deus,</strong></span> <span class='ocrx_word' id='word_1_763' title='bbox 3302 4043 3368 4084; x_wconf 81' lang='lat' dir='ltr'><strong>ex</strong></span> <span class='ocrx_word' id='word_1_764' title='bbox 3400 4030 3590 4099; x_wconf 90' lang='lat' dir='ltr'><strong>spiritu</strong></span> <span class='ocrx_word' id='word_1_765' title='bbox 3627 4041 3848 4086; x_wconf 84' lang='lat' dir='ltr'><strong>consta-</strong></span> 
     </span>
    </p>
   </div>
   <div class='ocr_carea' id='block_1_100' title="bbox 2266 4119 3840 4191">
    <p class='ocr_par' dir='ltr' id='par_1_100' title="bbox 2266 4119 3840 4191">
     <span class='ocr_line' id='line_1_100' title="bbox 2266 4119 3840 4191; baseline 0.004 -19"><span class='ocrx_word' id='word_1_766' title='bbox 2266 4126 2462 4173; x_wconf 90' lang='lat' dir='ltr'><strong>rentet</strong></span> <span class='ocrx_word' id='word_1_767' title='bbox 2480 4133 2726 4188; x_wconf 91' lang='lat' dir='ltr'><strong>corpore,</strong></span> <span class='ocrx_word' id='word_1_768' title='bbox 2758 4120 2861 4174; x_wconf 83' lang='lat' dir='ltr'><strong>iSta</strong></span> <span class='ocrx_word' id='word_1_769' title='bbox 2904 4119 2972 4176; x_wconf 90' lang='lat' dir='ltr'><strong>de</strong></span> <span class='ocrx_word' id='word_1_770' title='bbox 3020 4134 3182 4175; x_wconf 86' lang='lat' dir='ltr'><strong>eausa</strong></span> <span class='ocrx_word' id='word_1_771' title='bbox 3221 4121 3273 4175; x_wconf 90' lang='lat' dir='ltr'><strong>in</strong></span> <span class='ocrx_word' id='word_1_772' title='bbox 3318 4121 3590 4191; x_wconf 91' lang='lat' dir='ltr'><strong>principio</strong></span> <span class='ocrx_word' id='word_1_773' title='bbox 3622 4132 3676 4177; x_wconf 91' lang='lat' dir='ltr'><strong>et</strong></span> <span class='ocrx_word' id='word_1_774' title='bbox 3709 4134 3840 4178; x_wconf 86' lang='lat' dir='ltr'><strong>ante</strong></span> 
     </span>
    </p>
   </div>
   <div class='ocr_carea' id='block_1_101' title="bbox 2264 4208 3851 4283">
    <p class='ocr_par' dir='ltr' id='par_1_101' title="bbox 2264 4208 3851 4283">
     <span class='ocr_line' id='line_1_101' title="bbox 2264 4208 3851 4283; baseline 0.003 -21"><span class='ocrx_word' id='word_1_775' title='bbox 2264 4209 2445 4263; x_wconf 91' lang='lat' dir='ltr'><strong>omnia</strong></span> <span class='ocrx_word' id='word_1_776' title='bbox 2468 4209 2667 4265; x_wconf 66' lang='lat' dir='ltr'><strong>caelum</strong></span> <span class='ocrx_word' id='word_1_777' title='bbox 2696 4210 2897 4265; x_wconf 91' lang='lat' dir='ltr'><strong>dicitur</strong></span> <span class='ocrx_word' id='word_1_778' title='bbox 2923 4208 3151 4275; x_wconf 81' lang='lat' dir='ltr'><strong>factum,</strong></span> <span class='ocrx_word' id='word_1_779' title='bbox 3178 4210 3229 4265; x_wconf 85' lang='lat' dir='ltr'><strong>id</strong></span> <span class='ocrx_word' id='word_1_780' title='bbox 3268 4222 3351 4267; x_wconf 90' lang='lat' dir='ltr'><strong>est</strong></span> <span class='ocrx_word' id='word_1_781' title='bbox 3393 4213 3573 4268; x_wconf 92' lang='lat' dir='ltr'><strong>omnis</strong></span> <span class='ocrx_word' id='word_1_782' title='bbox 3625 4214 3851 4283; x_wconf 80' lang='lat' dir='ltr'><strong>spirita-</strong></span> 
     </span>
    </p>
   </div>
   <div class='ocr_carea' id='block_1_102' title="bbox 2266 4300 3843 4376">
    <p class='ocr_par' dir='ltr' id='par_1_102' title="bbox 2266 4300 3843 4376">
     <span class='ocr_line' id='line_1_102' title="bbox 2266 4300 3843 4376; baseline 0.003 -22"><span class='ocrx_word' id='word_1_783' title='bbox 2266 4300 2333 4355; x_wconf 90' lang='lat' dir='ltr'><strong>lis</strong></span> <span class='ocrx_word' id='word_1_784' title='bbox 2371 4301 2881 4370; x_wconf 88' lang='lat' dir='ltr'><strong>substantia,super</strong></span> <span class='ocrx_word' id='word_1_785' title='bbox 2911 4317 3073 4371; x_wconf 90' lang='lat' dir='ltr'><strong>quam</strong></span> <span class='ocrx_word' id='word_1_786' title='bbox 3102 4303 3245 4358; x_wconf 90' lang='lat' dir='ltr'><strong>velut</strong></span> <span class='ocrx_word' id='word_1_787' title='bbox 3277 4305 3330 4359; x_wconf 90' lang='lat' dir='ltr'><strong>in</strong></span> <span class='ocrx_word' id='word_1_788' title='bbox 3364 4305 3562 4359; x_wconf 86' lang='lat' dir='ltr'><strong>throno</strong></span> <span class='ocrx_word' id='word_1_789' title='bbox 3583 4307 3843 4376; x_wconf 88' lang='lat' dir='ltr'><strong>quodam,</strong></span> 
     </span>
    </p>
   </div>
   <div class='ocr_carea' id='block_1_103' title="bbox 2263 4393 3848 4463">
    <p class='ocr_par' dir='ltr' id='par_1_103' title="bbox 2263 4393 3848 4463">
     <span class='ocr_line' id='line_1_103' title="bbox 2263 4393 3848 4463; baseline 0.004 -15"><span class='ocrx_word' id='word_1_790' title='bbox 2263 4402 2318 4448; x_wconf 90' lang='lat' dir='ltr'><strong>et</strong></span> <span class='ocrx_word' id='word_1_791' title='bbox 2339 4394 2467 4448; x_wconf 90' lang='lat' dir='ltr'><strong>sede</strong></span> <span class='ocrx_word' id='word_1_792' title='bbox 2504 4393 2643 4448; x_wconf 88' lang='lat' dir='ltr'><strong>Deus</strong></span> <span class='ocrx_word' id='word_1_793' title='bbox 2668 4394 2980 4463; x_wconf 84' lang='lat' dir='ltr'><strong>requiescit.</strong></span> <span class='ocrx_word' id='word_1_794' title='bbox 3016 4394 3163 4449; x_wconf 88' lang='lat' dir='ltr'><strong>Istud</strong></span> <span class='ocrx_word' id='word_1_795' title='bbox 3193 4406 3373 4449; x_wconf 88' lang='lat' dir='ltr'><strong>autem</strong></span> <span class='ocrx_word' id='word_1_796' title='bbox 3397 4398 3617 4462; x_wconf 71' lang='lat' dir='ltr'><strong>ctelum,</strong></span> <span class='ocrx_word' id='word_1_797' title='bbox 3657 4399 3707 4453; x_wconf 94' lang='lat' dir='ltr'><strong>id</strong></span> <span class='ocrx_word' id='word_1_798' title='bbox 3756 4409 3848 4457; x_wconf 85' lang='lat' dir='ltr'><strong>est</strong></span> 
     </span>
    </p>
   </div>
   <div class='ocr_carea' id='block_1_104' title="bbox 2267 4484 3846 4559">
    <p class='ocr_par' dir='ltr' id='par_1_104' title="bbox 2267 4484 3846 4559">
     <span class='ocr_line' id='line_1_104' title="bbox 2267 4484 3846 4559; baseline 0.006 -22"><span class='ocrx_word' id='word_1_799' title='bbox 2267 4484 2693 4550; x_wconf 81' lang='lat' dir='ltr'><strong>ﬁrmamentum,</strong></span> <span class='ocrx_word' id='word_1_800' title='bbox 2727 4501 3049 4555; x_wconf 91' lang='lat' dir='ltr'><strong>corporeum</strong></span> <span class='ocrx_word' id='word_1_801' title='bbox 3072 4499 3173 4542; x_wconf 90' lang='lat' dir='ltr'><strong>est.</strong></span> <span class='ocrx_word' id='word_1_802' title='bbox 3212 4506 3230 4538; x_wconf 77' lang='grc' dir='ltr'><strong><em>ι</em></strong></span> <span class='ocrx_word' id='word_1_803' title='bbox 3271 4484 3370 4541; x_wconf 91' lang='lat' dir='ltr'><strong>Ubi</strong></span> <span class='ocrx_word' id='word_1_804' title='bbox 3397 4504 3519 4541; x_wconf 88' lang='lat' dir='ltr'><strong>cum</strong></span> <span class='ocrx_word' id='word_1_805' title='bbox 3545 4489 3846 4559; x_wconf 86' lang='lat' dir='ltr'><strong>spiritalem</strong></span> 
     </span>
    </p>
   </div>
   <div class='ocr_carea' id='block_1_105' title="bbox 2270 4576 3837 4647">
    <p class='ocr_par' dir='ltr' id='par_1_105' title="bbox 2270 4576 3837 4647">
     <span class='ocr_line' id='line_1_105' title="bbox 2270 4576 3837 4647; baseline 0.004 -18"><span class='ocrx_word' id='word_1_806' title='bbox 2270 4576 2628 4630; x_wconf 90' lang='lat' dir='ltr'><strong>substantiam</strong></span> <span class='ocrx_word' id='word_1_807' title='bbox 2679 4587 2919 4647; x_wconf 86' lang='lat' dir='ltr'><strong>opponat</strong></span> <span class='ocrx_word' id='word_1_808' title='bbox 2952 4592 3231 4646; x_wconf 70' lang='lat' dir='ltr'><strong>corporea:</strong></span> <span class='ocrx_word' id='word_1_809' title='bbox 3255 4617 3271 4641; x_wconf 94' lang='lat'><strong>,</strong></span> <span class='ocrx_word' id='word_1_810' title='bbox 3312 4581 3560 4647; x_wconf 90' lang='lat' dir='ltr'><strong>sequitur</strong></span> <span class='ocrx_word' id='word_1_811' title='bbox 3592 4596 3715 4634; x_wconf 90' lang='lat' dir='ltr'><strong>esse</strong></span> <span class='ocrx_word' id='word_1_812' title='bbox 3756 4581 3837 4635; x_wconf 86' lang='lat' dir='ltr'><strong>in-</strong></span> 
     </span>
    </p>
   </div>
   <div class='ocr_carea' id='block_1_106' title="bbox 2266 4665 3847 4734">
    <p class='ocr_par' dir='ltr' id='par_1_106' title="bbox 2266 4665 3847 4734">
     <span class='ocr_line' id='line_1_106' title="bbox 2266 4665 3847 4734; baseline 0.003 -15"><span class='ocrx_word' id='word_1_813' title='bbox 2266 4678 2617 4733; x_wconf 90' lang='lat' dir='ltr'><strong>corpoream;</strong></span> <span class='ocrx_word' id='word_1_814' title='bbox 2668 4674 2721 4719; x_wconf 91' lang='lat' dir='ltr'><strong>et</strong></span> <span class='ocrx_word' id='word_1_815' title='bbox 2782 4674 2959 4719; x_wconf 89' lang='lat' dir='ltr'><strong>tom.t</strong></span> <span class='ocrx_word' id='word_1_816' title='bbox 3010 4665 3368 4719; x_wconf 86' lang='lat' dir='ltr'><strong>Commentar.</strong></span> <span class='ocrx_word' id='word_1_817' title='bbox 3398 4669 3454 4719; x_wconf 80' lang='lat' dir='ltr'><strong>in</strong></span> <span class='ocrx_word' id='word_1_818' title='bbox 3477 4665 3662 4734; x_wconf 73' lang='lat' dir='ltr'><strong>10am,</strong></span> <span class='ocrx_word' id='word_1_819' title='bbox 3692 4684 3847 4723; x_wconf 89' lang='lat' dir='ltr'><strong>num.</strong></span> 
     </span>
    </p>
   </div>
   <div class='ocr_carea' id='block_1_107' title="bbox 2268 4756 3853 4830">
    <p class='ocr_par' dir='ltr' id='par_1_107' title="bbox 2268 4756 3853 4830">
     <span class='ocr_line' id='line_1_107' title="bbox 2268 4756 3853 4830; baseline 0.002 -19"><span class='ocrx_word' id='word_1_820' title='bbox 2268 4756 2335 4811; x_wconf 80' lang='grc'><strong>17</strong></span> <span class='ocrx_word' id='word_1_821' title='bbox 2362 4777 2375 4811; x_wconf 86' lang='lat'>:</span> <span class='ocrx_word' id='word_1_822' title='bbox 2407 4759 2517 4810; x_wconf 81' lang='lat' dir='ltr'><strong>Kal.</strong></span> <span class='ocrx_word' id='word_1_823' title='bbox 2554 4758 2847 4827; x_wconf 82' lang='grc' dir='ltr'><strong>ἀναγκαῖον</strong></span> <span class='ocrx_word' id='word_1_824' title='bbox 2874 4758 3162 4827; x_wconf 74' lang='grc' dir='ltr'><strong>ἐπιστῆσαι</strong></span> <span class='ocrx_word' id='word_1_825' title='bbox 3216 4761 3263 4811; x_wconf 80' lang='grc' dir='ltr'><strong>εξ</strong></span> <span class='ocrx_word' id='word_1_826' title='bbox 3300 4758 3462 4812; x_wconf 78' lang='grc' dir='ltr'>ἆῦλον</span> <span class='ocrx_word' id='word_1_827' title='bbox 3525 4759 3701 4830; x_wconf 83' lang='grc' dir='ltr'><strong>πάντη</strong></span> <span class='ocrx_word' id='word_1_828' title='bbox 3752 4762 3853 4814; x_wconf 75' lang='grc' dir='ltr'>καὶ</span> 
     </span>
    </p>
   </div>
   <div class='ocr_carea' id='block_1_108' title="bbox 2269 4846 3850 4921">
    <p class='ocr_par' dir='ltr' id='par_1_108' title="bbox 2269 4846 3850 4921">
     <span class='ocr_line' id='line_1_108' title="bbox 2269 4846 3850 4921; baseline 0.003 -21"><span class='ocrx_word' id='word_1_829' title='bbox 2269 4847 2560 4920; x_wconf 86' lang='grc' dir='ltr'><strong>ἀσώματον</strong></span> <span class='ocrx_word' id='word_1_830' title='bbox 2594 4848 2737 4921; x_wconf 79' lang='grc' dir='ltr'>ζωὴν</span> <span class='ocrx_word' id='word_1_831' title='bbox 2763 4846 2980 4915; x_wconf 81' lang='grc' dir='ltr'><strong>ζώντων</strong></span> <span class='ocrx_word' id='word_1_832' title='bbox 3009 4849 3067 4902; x_wconf 84' lang='grc' dir='ltr'>ὲν</span> <span class='ocrx_word' id='word_1_833' title='bbox 3122 4851 3475 4921; x_wconf 77' lang='grc' dir='ltr'><strong>μακαριότητι</strong></span> <span class='ocrx_word' id='word_1_834' title='bbox 3518 4851 3626 4903; x_wconf 84' lang='grc' dir='ltr'><strong>τῶν</strong></span> <span class='ocrx_word' id='word_1_835' title='bbox 3653 4852 3850 4920; x_wconf 82' lang='grc' dir='ltr'><strong>ἁγίων,</strong></span> 
     </span>
    </p>
   </div>
   <div class='ocr_carea' id='block_1_109' title="bbox 2267 4940 3852 5015">
    <p class='ocr_par' dir='ltr' id='par_1_109' title="bbox 2267 4940 3852 5015">
     <span class='ocr_line' id='line_1_109' title="bbox 2267 4940 3852 5015; baseline 0.003 -24"><span class='ocrx_word' id='word_1_836' title='bbox 2267 4940 2296 4991; x_wconf 87' lang='grc' dir='ltr'>ὁ</span> <span class='ocrx_word' id='word_1_837' title='bbox 2324 4940 2652 5013; x_wconf 73' lang='grc' dir='ltr'><strong>καλούμενος</strong></span> <span class='ocrx_word' id='word_1_838' title='bbox 2688 4940 2906 5014; x_wconf 83' lang='grc' dir='ltr'><strong>δράκων</strong></span> <span class='ocrx_word' id='word_1_839' title='bbox 2939 4941 3088 5007; x_wconf 79' lang='grc' dir='ltr'><strong>ἄξιος</strong></span> <span class='ocrx_word' id='word_1_840' title='bbox 3111 4941 3403 5011; x_wconf 81' lang='grc' dir='ltr'><strong>γεγένηται</strong></span> <span class='ocrx_word' id='word_1_841' title='bbox 3429 4942 3720 4997; x_wconf 81' lang='grc' dir='ltr'><strong>ἀποπεσὼν</strong></span> <span class='ocrx_word' id='word_1_842' title='bbox 3748 4945 3852 5015; x_wconf 79' lang='grc' dir='ltr'><strong>τῆς</strong></span> 
     </span>
    </p>
   </div>
   <div class='ocr_carea' id='block_1_110' title="bbox 2268 5032 3853 5107">
    <p class='ocr_par' dir='ltr' id='par_1_110' title="bbox 2268 5032 3853 5107">
     <span class='ocr_line' id='line_1_110' title="bbox 2268 5032 3853 5107; baseline 0.003 -22"><span class='ocrx_word' id='word_1_843' title='bbox 2268 5032 2511 5104; x_wconf 79' lang='grc' dir='ltr'><strong>καθαρᾶς</strong></span> <span class='ocrx_word' id='word_1_844' title='bbox 2542 5033 2706 5103; x_wconf 76' lang='grc' dir='ltr'><strong>ζωῆς,</strong></span> <span class='ocrx_word' id='word_1_845' title='bbox 2740 5033 2847 5105; x_wconf 75' lang='grc' dir='ltr'><strong>πρὸ</strong></span> <span class='ocrx_word' id='word_1_846' title='bbox 2890 5032 3107 5086; x_wconf 83' lang='grc' dir='ltr'>πάντων</span> <span class='ocrx_word' id='word_1_847' title='bbox 3139 5034 3418 5104; x_wconf 72' lang='grc' dir='ltr'><strong>ἐνδεθῆναι</strong></span> <span class='ocrx_word' id='word_1_848' title='bbox 3446 5034 3544 5107; x_wconf 70' lang='grc' dir='ltr'><strong>ὕλῃ</strong></span> <span class='ocrx_word' id='word_1_849' title='bbox 3602 5037 3695 5089; x_wconf 80' lang='grc' dir='ltr'><strong>καὶ</strong></span> <span class='ocrx_word' id='word_1_850' title='bbox 3744 5036 3853 5089; x_wconf 86' lang='grc' dir='ltr'><strong>σώ-</strong></span> 
     </span>
    </p>
   </div>
   <div class='ocr_carea' id='block_1_111' title="bbox 2271 5125 3854 5197">
    <p class='ocr_par' dir='ltr' id='par_1_111' title="bbox 2271 5125 3854 5197">
     <span class='ocr_line' id='line_1_111' title="bbox 2271 5125 3854 5197; baseline 0.002 -18"><span class='ocrx_word' id='word_1_851' title='bbox 2271 5141 2403 5197; x_wconf 83' lang='grc' dir='ltr'><strong>ματι</strong></span> <span class='ocrx_word' id='word_1_852' title='bbox 2426 5142 2438 5154; x_wconf 89' lang='grc'><strong>·</strong></span> <span class='ocrx_word' id='word_1_853' title='bbox 2465 5135 2522 5180; x_wconf 89' lang='lat' dir='ltr'><strong>et</strong></span> <span class='ocrx_word' id='word_1_854' title='bbox 2552 5135 2696 5180; x_wconf 80' lang='lat' dir='ltr'><strong>tonio</strong></span> <span class='ocrx_word' id='word_1_855' title='bbox 2725 5142 2817 5191; x_wconf 79' lang='lat' dir='ltr'><strong>xx,</strong></span> <span class='ocrx_word' id='word_1_856' title='bbox 2856 5143 3002 5181; x_wconf 90' lang='lat' dir='ltr'><strong>nunt.</strong></span> <span class='ocrx_word' id='word_1_857' title='bbox 3027 5125 3119 5192; x_wconf 67' lang='grc'><strong>22,</strong></span> <span class='ocrx_word' id='word_1_858' title='bbox 3146 5128 3369 5190; x_wconf 76' lang='grc' dir='ltr'>Πάντως</span> <span class='ocrx_word' id='word_1_859' title='bbox 3399 5126 3530 5196; x_wconf 80' lang='grc' dir='ltr'>γοῦν</span> <span class='ocrx_word' id='word_1_860' title='bbox 3563 5128 3667 5181; x_wconf 79' lang='grc' dir='ltr'>κᾶν</span> <span class='ocrx_word' id='word_1_861' title='bbox 3689 5128 3854 5183; x_wconf 82' lang='grc' dir='ltr'><strong>τοῦτο</strong></span> 
     </span>
    </p>
   </div>
   <div class='ocr_carea' id='block_1_112' title="bbox 2264 5308 3847 5379">
    <p class='ocr_par' dir='ltr' id='par_1_112' title="bbox 2264 5308 3847 5379">
     <span class='ocr_line' id='line_1_112' title="bbox 2264 5308 3847 5379; baseline -0.001 -15"><span class='ocrx_word' id='word_1_862' title='bbox 2264 5308 2576 5379; x_wconf 86' lang='lat' dir='ltr'><strong>conditione</strong></span> <span class='ocrx_word' id='word_1_863' title='bbox 2624 5322 2744 5363; x_wconf 86' lang='lat' dir='ltr'><strong>esse</strong></span> <span class='ocrx_word' id='word_1_864' title='bbox 2804 5309 3016 5377; x_wconf 86' lang='lat' dir='ltr'><strong>quando</strong></span> <span class='ocrx_word' id='word_1_865' title='bbox 3070 5309 3389 5379; x_wconf 88' lang='lat' dir='ltr'><strong>corporibus</strong></span> <span class='ocrx_word' id='word_1_866' title='bbox 3444 5310 3724 5373; x_wconf 84' lang='lat' dir='ltr'><strong>vestitur;</strong></span> <span class='ocrx_word' id='word_1_867' title='bbox 3788 5308 3847 5364; x_wconf 91' lang='lat' dir='ltr'><strong>in</strong></span> 
     </span>
    </p>
   </div>
   <div class='ocr_carea' id='block_1_113' title="bbox 2264 5377 3855 5451">
    <p class='ocr_par' dir='ltr' id='par_1_113' title="bbox 2264 5377 3855 5451">
     <span class='ocr_line' id='line_1_113' title="bbox 2264 5377 3855 5451; baseline 0 -18"><span class='ocrx_word' id='word_1_868' title='bbox 2264 5377 2522 5448; x_wconf 88' lang='lat' dir='ltr'><strong>meliori,</strong></span> <span class='ocrx_word' id='word_1_869' title='bbox 2577 5378 2796 5451; x_wconf 86' lang='lat' dir='ltr'><strong>quando</strong></span> <span class='ocrx_word' id='word_1_870' title='bbox 2846 5380 2950 5451; x_wconf 87' lang='lat' dir='ltr'><strong>illa__</strong></span> <span class='ocrx_word' id='word_1_871' title='bbox 2988 5377 3209 5451; x_wconf 64' lang='lat' dir='ltr'><strong>deponit</strong></span> <span class='ocrx_word' id='word_1_872' title='bbox 3258 5398 3272 5434; x_wconf 93' lang='lat'><strong>:</strong></span> <span class='ocrx_word' id='word_1_873' title='bbox 3322 5379 3454 5433; x_wconf 92' lang='lat' dir='ltr'><strong>nulli</strong></span> <span class='ocrx_word' id='word_1_874' title='bbox 3496 5380 3716 5451; x_wconf 83' lang='lat' dir='ltr'><strong>dubium</strong></span> <span class='ocrx_word' id='word_1_875' title='bbox 3765 5388 3855 5433; x_wconf 81' lang='lat' dir='ltr'><strong>est.</strong></span> 
     </span>
    </p>
   </div>
   <div class='ocr_carea' id='block_1_114' title="bbox 2265 5448 3852 5518">
    <p class='ocr_par' dir='ltr' id='par_1_114' title="bbox 2265 5448 3852 5518">
     <span class='ocr_line' id='line_1_114' title="bbox 2265 5448 3852 5518; baseline 0.001 -16"><span class='ocrx_word' id='word_1_876' title='bbox 2265 5463 2495 5517; x_wconf 86' lang='lat' dir='ltr'><strong>corpora</strong></span> <span class='ocrx_word' id='word_1_877' title='bbox 2531 5464 2636 5503; x_wconf 92' lang='lat' dir='ltr'><strong>non</strong></span> <span class='ocrx_word' id='word_1_878' title='bbox 2668 5448 3041 5518; x_wconf 87' lang='lat' dir='ltr'><strong>principaliter</strong></span> <span class='ocrx_word' id='word_1_879' title='bbox 3060 5448 3364 5504; x_wconf 81' lang='lat' dir='ltr'><strong>subsistere</strong></span> <span class='ocrx_word' id='word_1_880' title='bbox 3391 5490 3406 5516; x_wconf 86' lang='lat'><strong>,</strong></span> <span class='ocrx_word' id='word_1_881' title='bbox 3430 5450 3525 5505; x_wconf 87' lang='lat' dir='ltr'><strong>sed</strong></span> <span class='ocrx_word' id='word_1_882' title='bbox 3550 5464 3646 5518; x_wconf 89' lang='lat' dir='ltr'><strong>per</strong></span> <span class='ocrx_word' id='word_1_883' title='bbox 3673 5448 3852 5504; x_wconf 88' lang='lat' dir='ltr'><strong>inter-</strong></span> 
     </span>
    </p>
   </div>
   <div class='ocr_carea' id='block_1_115' title="bbox 2266 5519 3853 5577">
    <p class='ocr_par' dir='ltr' id='par_1_115' title="bbox 2266 5519 3853 5577">
     <span class='ocr_line' id='line_1_115' title="bbox 2266 5519 3853 5577; baseline 0.001 -5"><span class='ocrx_word' id='word_1_884' title='bbox 2266 5519 2406 5573; x_wconf 87' lang='lat' dir='ltr'><strong>valla</strong></span> <span class='ocrx_word' id='word_1_885' title='bbox 2434 5529 2488 5573; x_wconf 88' lang='lat' dir='ltr'><strong>et</strong></span> <span class='ocrx_word' id='word_1_886' title='bbox 2516 5522 2586 5575; x_wconf 90' lang='lat' dir='ltr'><strong>ob</strong></span> <span class='ocrx_word' id='word_1_887' title='bbox 2615 5521 2796 5577; x_wconf 90' lang='lat' dir='ltr'><strong>varios</strong></span> <span class='ocrx_word' id='word_1_888' title='bbox 2822 5530 3000 5574; x_wconf 89' lang='lat' dir='ltr'><strong>motus</strong></span> <span class='ocrx_word' id='word_1_889' title='bbox 3036 5520 3433 5573; x_wconf 86' lang='lat' dir='ltr'><strong>rationabiliutn</strong></span> <span class='ocrx_word' id='word_1_890' title='bbox 3465 5530 3853 5575; x_wconf 88' lang='lat' dir='ltr'><strong>creaturarum</strong></span> 
     </span>
    </p>
   </div>
   <div class='ocr_carea' id='block_1_116' title="bbox 2265 5588 3855 5659">
    <p class='ocr_par' dir='ltr' id='par_1_116' title="bbox 2265 5588 3855 5659">
     <span class='ocr_line' id='line_1_116' title="bbox 2265 5588 3855 5659; baseline 0.002 -18"><span class='ocrx_word' id='word_1_891' title='bbox 2265 5604 2409 5644; x_wconf 89' lang='lat' dir='ltr'><strong>nunc</strong></span> <span class='ocrx_word' id='word_1_892' title='bbox 2434 5589 2574 5654; x_wconf 83' lang='lat' dir='ltr'><strong>ﬁeri,</strong></span> <span class='ocrx_word' id='word_1_893' title='bbox 2606 5598 2666 5642; x_wconf 89' lang='lat' dir='ltr'><strong>ut</strong></span> <span class='ocrx_word' id='word_1_894' title='bbox 2704 5591 2794 5659; x_wconf 89' lang='lat' dir='ltr'><strong>qui</strong></span> <span class='ocrx_word' id='word_1_895' title='bbox 2826 5590 2910 5644; x_wconf 90' lang='lat' dir='ltr'><strong>his</strong></span> <span class='ocrx_word' id='word_1_896' title='bbox 2949 5588 3233 5657; x_wconf 86' lang='lat' dir='ltr'><strong>indigent,</strong></span> <span class='ocrx_word' id='word_1_897' title='bbox 3258 5590 3561 5644; x_wconf 90' lang='lat' dir='ltr'><strong>vestiantur</strong></span> <span class='ocrx_word' id='word_1_898' title='bbox 3590 5608 3603 5621; x_wconf 73' lang='grc' dir='ltr'><strong><em>ο</em></strong></span> <span class='ocrx_word' id='word_1_899' title='bbox 3637 5599 3692 5644; x_wconf 90' lang='lat' dir='ltr'><strong>et</strong></span> <span class='ocrx_word' id='word_1_900' title='bbox 3724 5604 3855 5644; x_wconf 90' lang='lat' dir='ltr'><strong>rur-</strong></span> 
     </span>
    </p>
   </div>
   <div class='ocr_carea' id='block_1_117' title="bbox 2263 5658 3850 5731">
    <p class='ocr_par' dir='ltr' id='par_1_117' title="bbox 2263 5658 3850 5731">
     <span class='ocr_line' id='line_1_117' title="bbox 2263 5658 3850 5731; baseline 0 -20"><span class='ocrx_word' id='word_1_901' title='bbox 2263 5673 2382 5712; x_wconf 90' lang='lat' dir='ltr'><strong>sum</strong></span> <span class='ocrx_word' id='word_1_902' title='bbox 2424 5674 2545 5731; x_wconf 91' lang='lat' dir='ltr'><strong>cum</strong></span> <span class='ocrx_word' id='word_1_903' title='bbox 2590 5659 2679 5713; x_wconf 91' lang='lat' dir='ltr'><strong>illa</strong></span> <span class='ocrx_word' id='word_1_904' title='bbox 2716 5658 3398 5731; x_wconf 17' lang='lat' dir='ltr'><strong>depravatione‘lapsuum</strong></span> <span class='ocrx_word' id='word_1_905' title='bbox 3429 5675 3487 5731; x_wconf 86' lang='lat' dir='ltr'><strong>se</strong></span> <span class='ocrx_word' id='word_1_906' title='bbox 3530 5660 3595 5715; x_wconf 89' lang='lat' dir='ltr'><strong>ad</strong></span> <span class='ocrx_word' id='word_1_907' title='bbox 3624 5658 3850 5713; x_wconf 85' lang='lat' dir='ltr'><strong>meliora</strong></span> 
     </span>
    </p>
   </div>
   <div class='ocr_carea' id='block_1_118' title="bbox 2261 5729 3851 5811">
    <p class='ocr_par' dir='ltr' id='par_1_118' title="bbox 2261 5729 3851 5811">
     <span class='ocr_line' id='line_1_118' title="bbox 2261 5729 3851 5811; baseline 0.001 -30"><span class='ocrx_word' id='word_1_908' title='bbox 2261 5730 2650 5811; x_wconf 81' lang='lat' dir='ltr'><strong>correxerint,</strong></span> <span class='ocrx_word' id='word_1_909' title='bbox 2696 5729 2921 5811; x_wconf 79' lang='lat' dir='ltr'><strong>dissolvi</strong></span> <span class='ocrx_word' id='word_1_910' title='bbox 2971 5731 3025 5787; x_wconf 90' lang='lat' dir='ltr'><strong>in</strong></span> <span class='ocrx_word' id='word_1_911' title='bbox 3066 5729 3343 5786; x_wconf 88' lang='lat' dir='ltr'><strong>nihilum:</strong></span> <span class='ocrx_word' id='word_1_912' title='bbox 3374 5740 3430 5787; x_wconf 87' lang='lat' dir='ltr'><strong>et</strong></span> <span class='ocrx_word' id='word_1_913' title='bbox 3475 5730 3581 5787; x_wconf 88' lang='lat' dir='ltr'><strong>hac</strong></span> <span class='ocrx_word' id='word_1_914' title='bbox 3627 5743 3851 5800; x_wconf 85' lang='lat' dir='ltr'><strong>semper</strong></span> 
     </span>
    </p>
   </div>
   <div class='ocr_carea' id='block_1_119' title="bbox 2259 5812 2965 5860">
    <p class='ocr_par' dir='ltr' id='par_1_119' title="bbox 2259 5812 2965 5860">
     <span class='ocr_line' id='line_1_119' title="bbox 2259 5812 2965 5860; baseline -0.001 -6"><span class='ocrx_word' id='word_1_915' title='bbox 2259 5814 2603 5860; x_wconf 64' lang='grc' dir='ltr'><strong>ευθεθεδιοηθ</strong></span> <span class='ocrx_word' id='word_1_916' title='bbox 2636 5815 2859 5856; x_wconf 68' lang='grc' dir='ltr'><strong>νπιθι-ι.</strong></span> <span class='ocrx_word' id='word_1_917' title='bbox 2902 5818 2921 5853; x_wconf 73' lang='grc' dir='ltr'><strong>Ι</strong></span> <span class='ocrx_word' id='word_1_918' title='bbox 2954 5812 2965 5831; x_wconf 81' lang='grc'><strong><em>⁸</em></strong></span> 
     </span>
    </p>
   </div>
  </div>
