  <div class='ocr_page' id='page_1' title='image "/cluster/home/n/w/nwhite01/storage/ocr_20150623/17:no.7/coo.31924054872977/436.png"; bbox 0 0 4160 6462; ppageno 0'>
   <div class='ocr_carea' id='block_1_1' title="bbox 434 415 539 473">
    <p class='ocr_par' dir='ltr' id='par_1_1' title="bbox 434 415 539 473">
     <span class='ocr_line' id='line_1_1' title="bbox 434 415 539 473; baseline -0.019 0"><span class='ocrx_word' id='word_1_1' title='bbox 434 415 539 473; x_wconf 71' lang='lat'><strong>849</strong></span> 
     </span>
    </p>
   </div>
   <div class='ocr_carea' id='block_1_2' title="bbox 1256 409 2846 478">
    <p class='ocr_par' dir='ltr' id='par_1_2' title="bbox 1256 409 2846 478">
     <span class='ocr_line' id='line_1_2' title="bbox 1256 409 2846 478; baseline -0.003 -8"><span class='ocrx_word' id='word_1_2' title='bbox 1256 411 1830 470; x_wconf 80' lang='lat' dir='ltr'><strong>ORIGENIANORUM</strong></span> <span class='ocrx_word' id='word_1_3' title='bbox 1873 412 2002 467; x_wconf 89' lang='lat' dir='ltr'><strong>LIB.</strong></span> <span class='ocrx_word' id='word_1_4' title='bbox 2035 412 2110 471; x_wconf 69' lang='lat' dir='ltr'><strong>&#39;ll.</strong></span> <span class='ocrx_word' id='word_1_5' title='bbox 2153 411 2308 466; x_wconf 77' lang='lat' dir='ltr'><strong>CAP.</strong></span> <span class='ocrx_word' id='word_1_6' title='bbox 2351 412 2417 474; x_wconf 90' lang='lat' dir='ltr'><strong>Il,</strong></span> <span class='ocrx_word' id='word_1_7' title='bbox 2462 409 2739 478; x_wconf 71' lang='lat' dir='ltr'><strong>QUAEST.</strong></span> <span class='ocrx_word' id='word_1_8' title='bbox 2782 410 2846 466; x_wconf 75' lang='grc' dir='ltr'>ν.</span> 
     </span>
    </p>
   </div>
   <div class='ocr_carea' id='block_1_3' title="bbox 3584 411 3690 470">
    <p class='ocr_par' dir='ltr' id='par_1_3' title="bbox 3584 411 3690 470">
     <span class='ocr_line' id='line_1_3' title="bbox 3584 411 3690 470; baseline -0.028 0"><span class='ocrx_word' id='word_1_9' title='bbox 3584 411 3690 470; x_wconf 75' lang='grc'><strong>856</strong></span> 
     </span>
    </p>
   </div>
   <div class='ocr_carea' id='block_1_4' title="bbox 429 533 3695 608">
    <p class='ocr_par' dir='ltr' id='par_1_4' title="bbox 429 533 3695 608">
     <span class='ocr_line' id='line_1_4' title="bbox 429 533 3695 608; baseline -0 -18"><span class='ocrx_word' id='word_1_10' title='bbox 429 534 543 607; x_wconf 76' lang='grc' dir='ltr'>ἔχει</span> <span class='ocrx_word' id='word_1_11' title='bbox 575 537 603 589; x_wconf 86' lang='grc' dir='ltr'>ὁ</span> <span class='ocrx_word' id='word_1_12' title='bbox 636 533 875 598; x_wconf 77' lang='grc' dir='ltr'>διάϐολος</span> <span class='ocrx_word' id='word_1_13' title='bbox 903 534 1078 605; x_wconf 82' lang='grc' dir='ltr'><strong>δόγμα</strong></span> <span class='ocrx_word' id='word_1_14' title='bbox 1133 534 1328 604; x_wconf 81' lang='grc' dir='ltr'><strong>ἀληθὲς</strong></span> <span class='ocrx_word' id='word_1_15' title='bbox 1383 536 1509 607; x_wconf 79' lang='grc' dir='ltr'>περὶ</span> <span class='ocrx_word' id='word_1_16' title='bbox 1561 537 1752 590; x_wconf 82' lang='grc' dir='ltr'>ἑαυτοῦ</span> <span class='ocrx_word' id='word_1_17' title='bbox 1817 537 2011 589; x_wconf 74' lang='grc' dir='ltr'>ἐννοῶν</span> <span class='ocrx_word' id='word_1_18' title='bbox 2041 542 2085 597; x_wconf 79' lang='grc' dir='ltr'>Α</span> <span class='ocrx_word' id='word_1_19' title='bbox 2114 535 2220 588; x_wconf 83' lang='grc' dir='ltr'>οὐδ’</span> <span class='ocrx_word' id='word_1_20' title='bbox 2257 537 2334 597; x_wconf 83' lang='grc' dir='ltr'><strong>εἰς</strong></span> <span class='ocrx_word' id='word_1_21' title='bbox 2386 534 2496 606; x_wconf 79' lang='grc' dir='ltr'>πῦρ</span> <span class='ocrx_word' id='word_1_22' title='bbox 2540 533 2906 604; x_wconf 81' lang='grc' dir='ltr'>ἀναλυομένην</span> <span class='ocrx_word' id='word_1_23' title='bbox 2937 534 3036 605; x_wconf 83' lang='grc' dir='ltr'>τὴν</span> <span class='ocrx_word' id='word_1_24' title='bbox 3076 533 3361 605; x_wconf 81' lang='grc' dir='ltr'>ἀνθρώπου</span> <span class='ocrx_word' id='word_1_25' title='bbox 3413 534 3623 607; x_wconf 62' lang='grc' dir='ltr'>ψυχὴν,</span> <span class='ocrx_word' id='word_1_26' title='bbox 3657 537 3695 608; x_wconf 78' lang='grc' dir='ltr'>ἢ</span> 
     </span>
    </p>
   </div>
   <div class='ocr_carea' id='block_1_5' title="bbox 415 602 2006 698">
    <p class='ocr_par' dir='ltr' id='par_1_5' title="bbox 415 602 2006 698">
     <span class='ocr_line' id='line_1_5' title="bbox 415 602 2006 698; baseline -0.001 -17"><span class='ocrx_word' id='word_1_27' title='bbox 415 602 511 682; x_wconf 56' lang='grc' dir='ltr'>’ὅτι</span> <span class='ocrx_word' id='word_1_28' title='bbox 563 627 777 696; x_wconf 73' lang='grc' dir='ltr'><strong>λογικός</strong></span> <span class='ocrx_word' id='word_1_29' title='bbox 839 628 978 688; x_wconf 82' lang='grc' dir='ltr'>ἐστι,</span> <span class='ocrx_word' id='word_1_30' title='bbox 1007 602 1106 679; x_wconf 35' lang='grc' dir='ltr'>’καὶ</span> <span class='ocrx_word' id='word_1_31' title='bbox 1132 602 1307 679; x_wconf 35' lang='grc' dir='ltr'>ὅτι-τὸ</span> <span class='ocrx_word' id='word_1_32' title='bbox 1351 602 1551 680; x_wconf 58' lang='grc' dir='ltr'>τοιάνδε</span> <span class='ocrx_word' id='word_1_33' title='bbox 1585 626 1683 697; x_wconf 80' lang='grc' dir='ltr'>μὲν</span> <span class='ocrx_word' id='word_1_34' title='bbox 1723 625 2006 698; x_wconf 85' lang='grc' dir='ltr'><strong>ἄνθρωπός</strong></span> 
     </span>
    </p>
   </div>
   <div class='ocr_carea' id='block_1_6' title="bbox 414 715 2006 796">
    <p class='ocr_par' dir='ltr' id='par_1_6' title="bbox 414 715 2006 796">
     <span class='ocr_line' id='line_1_6' title="bbox 414 715 2006 796; baseline -0.001 -25"><span class='ocrx_word' id='word_1_35' title='bbox 414 719 546 796; x_wconf 36' lang='grc' dir='ltr'>,ἐστι</span> <span class='ocrx_word' id='word_1_36' title='bbox 571 761 584 782; x_wconf 94' lang='grc'><strong>,</strong></span> <span class='ocrx_word' id='word_1_37' title='bbox 619 718 680 770; x_wconf 81' lang='grc' dir='ltr'>τὸ</span> <span class='ocrx_word' id='word_1_38' title='bbox 725 717 927 770; x_wconf 84' lang='grc' dir='ltr'>τοιόνδε</span> <span class='ocrx_word' id='word_1_39' title='bbox 989 716 1236 785; x_wconf 81' lang='grc' dir='ltr'><strong>ἄγγελος,</strong></span> <span class='ocrx_word' id='word_1_40' title='bbox 1302 717 1396 769; x_wconf 78' lang='grc' dir='ltr'><strong>καὶ</strong></span> <span class='ocrx_word' id='word_1_41' title='bbox 1439 715 1498 770; x_wconf 82' lang='grc' dir='ltr'><strong>τὸ</strong></span> <span class='ocrx_word' id='word_1_42' title='bbox 1523 717 1665 770; x_wconf 83' lang='grc' dir='ltr'>τοιὸν</span> <span class='ocrx_word' id='word_1_43' title='bbox 1691 717 1788 787; x_wconf 80' lang='grc' dir='ltr'>μὲν</span> <span class='ocrx_word' id='word_1_44' title='bbox 1828 717 2006 788; x_wconf 81' lang='grc' dir='ltr'>σῶμα,</span> 
     </span>
    </p>
   </div>
   <div class='ocr_carea' id='block_1_7' title="bbox 426 805 2004 880">
    <p class='ocr_par' dir='ltr' id='par_1_7' title="bbox 426 805 2004 880">
     <span class='ocr_line' id='line_1_7' title="bbox 426 805 2004 880; baseline -0.002 -15"><span class='ocrx_word' id='word_1_45' title='bbox 426 811 521 865; x_wconf 65' lang='grc' dir='ltr'>καὶ</span> <span class='ocrx_word' id='word_1_46' title='bbox 571 812 722 863; x_wconf 85' lang='grc' dir='ltr'>ποῖον</span> <span class='ocrx_word' id='word_1_47' title='bbox 757 808 933 879; x_wconf 84' lang='grc' dir='ltr'>σῶμα,</span> <span class='ocrx_word' id='word_1_48' title='bbox 965 807 1092 862; x_wconf 80' lang='grc' dir='ltr'>ἄλλο</span> <span class='ocrx_word' id='word_1_49' title='bbox 1133 807 1187 861; x_wconf 82' lang='grc' dir='ltr'><strong>δέ</strong></span> <span class='ocrx_word' id='word_1_50' title='bbox 1239 825 1288 860; x_wconf 84' lang='grc' dir='ltr'><strong>τι</strong></span> <span class='ocrx_word' id='word_1_51' title='bbox 1331 807 1516 880; x_wconf 74' lang='grc' dir='ltr'>ἕτερον</span> <span class='ocrx_word' id='word_1_52' title='bbox 1571 805 1842 878; x_wconf 82' lang='grc' dir='ltr'>σώματος.</span> <span class='ocrx_word' id='word_1_53' title='bbox 1876 807 2004 862; x_wconf 90' lang='lat' dir='ltr'><strong>Item</strong></span> 
     </span>
    </p>
   </div>
   <div class='ocr_carea' id='block_1_8' title="bbox 426 899 2008 970">
    <p class='ocr_par' dir='ltr' id='par_1_8' title="bbox 426 899 2008 970">
     <span class='ocr_line' id='line_1_8' title="bbox 426 899 2008 970; baseline -0.001 -14"><span class='ocrx_word' id='word_1_54' title='bbox 426 901 518 956; x_wconf 88' lang='lat' dir='ltr'><strong>lib.</strong></span> <span class='ocrx_word' id='word_1_55' title='bbox 559 900 738 970; x_wconf 80' lang='grc' dir='ltr'><strong>ιΠερὶ</strong></span> <span class='ocrx_word' id='word_1_56' title='bbox 773 899 992 970; x_wconf 81' lang='grc' dir='ltr'><strong>ἀρχῶν,</strong></span> <span class='ocrx_word' id='word_1_57' title='bbox 1037 915 1158 968; x_wconf 89' lang='lat' dir='ltr'><strong>cap.</strong></span> <span class='ocrx_word' id='word_1_58' title='bbox 1215 899 1270 964; x_wconf 87' lang='lat'><strong>7,</strong></span> <span class='ocrx_word' id='word_1_59' title='bbox 1329 915 1475 953; x_wconf 88' lang='lat' dir='ltr'><strong>nttm.</strong></span> <span class='ocrx_word' id='word_1_60' title='bbox 1518 899 1544 952; x_wconf 80' lang='grc'><strong>1</strong></span> <span class='ocrx_word' id='word_1_61' title='bbox 1592 916 1606 952; x_wconf 91' lang='lat'><strong>:</strong></span> <span class='ocrx_word' id='word_1_62' title='bbox 1667 918 1686 949; x_wconf 72' lang='grc' dir='ltr'><strong>ι</strong></span> <span class='ocrx_word' id='word_1_63' title='bbox 1728 899 2008 955; x_wconf 82' lang='lat' dir='ltr'><strong>Manileste</strong></span> 
     </span>
    </p>
   </div>
   <div class='ocr_carea' id='block_1_9' title="bbox 425 990 2008 1064">
    <p class='ocr_par' dir='ltr' id='par_1_9' title="bbox 425 990 2008 1064">
     <span class='ocr_line' id='line_1_9' title="bbox 425 990 2008 1064; baseline -0.004 -13"><span class='ocrx_word' id='word_1_64' title='bbox 425 1011 557 1064; x_wconf 86' lang='lat' dir='ltr'><strong>ergo</strong></span> <span class='ocrx_word' id='word_1_65' title='bbox 599 996 652 1049; x_wconf 91' lang='lat' dir='ltr'><strong>in</strong></span> <span class='ocrx_word' id='word_1_66' title='bbox 686 996 905 1050; x_wconf 97' lang='lat' dir='ltr'><strong>Christo</strong></span> <span class='ocrx_word' id='word_1_67' title='bbox 939 1002 995 1050; x_wconf 90' lang='lat' dir='ltr'><strong>et</strong></span> <span class='ocrx_word' id='word_1_68' title='bbox 1049 1008 1146 1062; x_wconf 92' lang='lat' dir='ltr'><strong>per</strong></span> <span class='ocrx_word' id='word_1_69' title='bbox 1191 991 1465 1047; x_wconf 78' lang='lat' dir='ltr'><strong>Christum</strong></span> <span class='ocrx_word' id='word_1_70' title='bbox 1515 990 1652 1044; x_wconf 83' lang='lat' dir='ltr'><strong>facta</strong></span> <span class='ocrx_word' id='word_1_71' title='bbox 1716 1005 1838 1046; x_wconf 89' lang='lat' dir='ltr'><strong>esse</strong></span> <span class='ocrx_word' id='word_1_72' title='bbox 1889 1008 2008 1046; x_wconf 85' lang='lat' dir='ltr'><strong>om-</strong></span> 
     </span>
    </p>
   </div>
   <div class='ocr_carea' id='block_1_10' title="bbox 424 1081 2006 1155">
    <p class='ocr_par' dir='ltr' id='par_1_10' title="bbox 424 1081 2006 1155">
     <span class='ocr_line' id='line_1_10' title="bbox 424 1081 2006 1155; baseline -0.004 -14"><span class='ocrx_word' id='word_1_73' title='bbox 424 1087 614 1149; x_wconf 89' lang='lat' dir='ltr'><strong>nia,et</strong></span> <span class='ocrx_word' id='word_1_74' title='bbox 651 1095 830 1140; x_wconf 90' lang='lat' dir='ltr'><strong>creata</strong></span> <span class='ocrx_word' id='word_1_75' title='bbox 875 1085 1188 1155; x_wconf 72' lang='lat' dir='ltr'><strong>pronuntiat</strong></span> <span class='ocrx_word' id='word_1_76' title='bbox 1247 1081 1464 1154; x_wconf 85' lang='lat' dir='ltr'><strong>(Paulus</strong></span> <span class='ocrx_word' id='word_1_77' title='bbox 1512 1081 1627 1137; x_wconf 92' lang='lat' dir='ltr'><strong>Col.</strong></span> <span class='ocrx_word' id='word_1_78' title='bbox 1677 1082 1841 1150; x_wconf 78' lang='lat' dir='ltr'><strong>i,16)</strong></span> <span class='ocrx_word' id='word_1_79' title='bbox 1890 1083 2006 1136; x_wconf 86' lang='lat' dir='ltr'><strong>sive</strong></span> 
     </span>
    </p>
   </div>
   <div class='ocr_carea' id='block_1_11' title="bbox 423 1172 2004 1246">
    <p class='ocr_par' dir='ltr' id='par_1_11' title="bbox 423 1172 2004 1246">
     <span class='ocr_line' id='line_1_11' title="bbox 423 1172 2004 1246; baseline -0.003 -16"><span class='ocrx_word' id='word_1_80' title='bbox 423 1177 674 1239; x_wconf 88' lang='lat' dir='ltr'><strong>visibilia,</strong></span> <span class='ocrx_word' id='word_1_81' title='bbox 735 1191 855 1246; x_wconf 77' lang='lat' dir='ltr'><strong>quae</strong></span> <span class='ocrx_word' id='word_1_82' title='bbox 920 1185 1045 1230; x_wconf 87' lang='lat' dir='ltr'><strong>sunt</strong></span> <span class='ocrx_word' id='word_1_83' title='bbox 1113 1173 1449 1242; x_wconf 85' lang='lat' dir='ltr'><strong>corporalia;</strong></span> <span class='ocrx_word' id='word_1_84' title='bbox 1501 1174 1613 1228; x_wconf 84' lang='lat' dir='ltr'><strong>sive</strong></span> <span class='ocrx_word' id='word_1_85' title='bbox 1691 1172 2004 1236; x_wconf 82' lang='lat' dir='ltr'><strong>invisibilia,</strong></span> 
     </span>
    </p>
   </div>
   <div class='ocr_carea' id='block_1_12' title="bbox 429 1263 2002 1335">
    <p class='ocr_par' dir='ltr' id='par_1_12' title="bbox 429 1263 2002 1335">
     <span class='ocr_line' id='line_1_12' title="bbox 429 1263 2002 1335; baseline -0.003 -15"><span class='ocrx_word' id='word_1_86' title='bbox 429 1282 547 1335; x_wconf 69' lang='lat' dir='ltr'><strong>quaI</strong></span> <span class='ocrx_word' id='word_1_87' title='bbox 596 1281 698 1321; x_wconf 91' lang='lat' dir='ltr'><strong>non</strong></span> <span class='ocrx_word' id='word_1_88' title='bbox 744 1265 849 1320; x_wconf 89' lang='lat' dir='ltr'><strong>alia</strong></span> <span class='ocrx_word' id='word_1_89' title='bbox 887 1264 1050 1320; x_wconf 91' lang='lat' dir='ltr'><strong>etiam</strong></span> <span class='ocrx_word' id='word_1_90' title='bbox 1099 1264 1368 1327; x_wconf 87' lang='lat' dir='ltr'><strong>arbitror,</strong></span> <span class='ocrx_word' id='word_1_91' title='bbox 1417 1279 1578 1332; x_wconf 88' lang='lat' dir='ltr'><strong>quam</strong></span> <span class='ocrx_word' id='word_1_92' title='bbox 1631 1263 2002 1332; x_wconf 87' lang='lat' dir='ltr'><strong>incorporeas,</strong></span> 
     </span>
    </p>
   </div>
   <div class='ocr_carea' id='block_1_13' title="bbox 431 1352 2002 1429">
    <p class='ocr_par' dir='ltr' id='par_1_13' title="bbox 431 1352 2002 1429">
     <span class='ocr_line' id='line_1_13' title="bbox 431 1352 2002 1429; baseline -0.004 -15"><span class='ocrx_word' id='word_1_93' title='bbox 431 1358 848 1429; x_wconf 87' lang='lat' dir='ltr'><strong>spiritualesque</strong></span> <span class='ocrx_word' id='word_1_94' title='bbox 896 1358 1162 1422; x_wconf 86' lang='lat' dir='ltr'><strong>virtutes;</strong></span> <span class='ocrx_word' id='word_1_95' title='bbox 1199 1374 1217 1407; x_wconf 75' lang='grc' dir='ltr'>ι</span> <span class='ocrx_word' id='word_1_96' title='bbox 1253 1365 1307 1410; x_wconf 91' lang='lat' dir='ltr'><strong>et</strong></span> <span class='ocrx_word' id='word_1_97' title='bbox 1355 1354 1450 1411; x_wconf 87' lang='lat' dir='ltr'><strong>lib.</strong></span> <span class='ocrx_word' id='word_1_98' title='bbox 1499 1371 1534 1409; x_wconf 90' lang='lat' dir='ltr'><strong>tt</strong></span> <span class='ocrx_word' id='word_1_99' title='bbox 1572 1355 1712 1421; x_wconf 77' lang='grc' dir='ltr'><strong>Περὶ</strong></span> <span class='ocrx_word' id='word_1_100' title='bbox 1769 1352 2002 1424; x_wconf 77' lang='grc' dir='ltr'>ἀρχῶν,</span> 
     </span>
    </p>
   </div>
   <div class='ocr_carea' id='block_1_14' title="bbox 423 1445 2003 1516">
    <p class='ocr_par' dir='ltr' id='par_1_14' title="bbox 423 1445 2003 1516">
     <span class='ocr_line' id='line_1_14' title="bbox 423 1445 2003 1516; baseline -0.004 -11"><span class='ocrx_word' id='word_1_101' title='bbox 423 1464 545 1516; x_wconf 90' lang='lat' dir='ltr'><strong>cap.</strong></span> <span class='ocrx_word' id='word_1_102' title='bbox 575 1450 629 1514; x_wconf 80' lang='lat'><strong>&#39;5,</strong></span> <span class='ocrx_word' id='word_1_103' title='bbox 660 1465 810 1503; x_wconf 90' lang='lat' dir='ltr'><strong>num.</strong></span> <span class='ocrx_word' id='word_1_104' title='bbox 840 1447 874 1504; x_wconf 83' lang='lat'><strong>6</strong></span> <span class='ocrx_word' id='word_1_105' title='bbox 909 1466 922 1502; x_wconf 92' lang='lat'>:</span> <span class='ocrx_word' id='word_1_106' title='bbox 956 1466 975 1498; x_wconf 72' lang='grc' dir='ltr'>ι</span> <span class='ocrx_word' id='word_1_107' title='bbox 1017 1445 1134 1501; x_wconf 84' lang='lat' dir='ltr'><strong>Non</strong></span> <span class='ocrx_word' id='word_1_108' title='bbox 1161 1447 1305 1501; x_wconf 90' lang='lat' dir='ltr'><strong>enim</strong></span> <span class='ocrx_word' id='word_1_109' title='bbox 1339 1445 1478 1500; x_wconf 89' lang='lat' dir='ltr'><strong>idem</strong></span> <span class='ocrx_word' id='word_1_110' title='bbox 1509 1445 1824 1513; x_wconf 81' lang='lat' dir='ltr'><strong>intelligitur</strong></span> <span class='ocrx_word' id='word_1_111' title='bbox 1861 1446 2003 1513; x_wconf 91' lang='lat' dir='ltr'><strong>quod</strong></span> 
     </span>
    </p>
   </div>
   <div class='ocr_carea' id='block_1_15' title="bbox 421 1533 2000 1607">
    <p class='ocr_par' dir='ltr' id='par_1_15' title="bbox 421 1533 2000 1607">
     <span class='ocr_line' id='line_1_15' title="bbox 421 1533 2000 1607; baseline -0.004 -13"><span class='ocrx_word' id='word_1_112' title='bbox 421 1537 552 1594; x_wconf 81' lang='lat' dir='ltr'><strong>dicit</strong></span> <span class='ocrx_word' id='word_1_113' title='bbox 582 1552 643 1592; x_wconf 90' lang='lat' dir='ltr'><strong>ea</strong></span> <span class='ocrx_word' id='word_1_114' title='bbox 672 1553 791 1607; x_wconf 77' lang='lat' dir='ltr'><strong>quae</strong></span> <span class='ocrx_word' id='word_1_115' title='bbox 814 1552 918 1591; x_wconf 92' lang='lat' dir='ltr'><strong>non</strong></span> <span class='ocrx_word' id='word_1_116' title='bbox 950 1536 1221 1600; x_wconf 89' lang='lat' dir='ltr'><strong>videntur,</strong></span> <span class='ocrx_word' id='word_1_117' title='bbox 1237 1543 1293 1588; x_wconf 88' lang='lat' dir='ltr'><strong>et</strong></span> <span class='ocrx_word' id='word_1_118' title='bbox 1309 1549 1368 1589; x_wconf 87' lang='lat' dir='ltr'><strong>ea</strong></span> <span class='ocrx_word' id='word_1_119' title='bbox 1395 1549 1512 1603; x_wconf 65' lang='lat' dir='ltr'><strong>quae</strong></span> <span class='ocrx_word' id='word_1_120' title='bbox 1542 1533 1829 1589; x_wconf 86' lang='lat' dir='ltr'><strong>invisibilia</strong></span> <span class='ocrx_word' id='word_1_121' title='bbox 1855 1546 2000 1589; x_wconf 88' lang='lat' dir='ltr'><strong>sunt.</strong></span> 
     </span>
    </p>
   </div>
   <div class='ocr_carea' id='block_1_16' title="bbox 418 1626 2003 1700">
    <p class='ocr_par' dir='ltr' id='par_1_16' title="bbox 418 1626 2003 1700">
     <span class='ocr_line' id='line_1_16' title="bbox 418 1626 2003 1700; baseline -0.004 -14"><span class='ocrx_word' id='word_1_122' title='bbox 418 1631 491 1686; x_wconf 87' lang='lat' dir='ltr'><strong>Ea</strong></span> <span class='ocrx_word' id='word_1_123' title='bbox 527 1646 762 1698; x_wconf 86' lang='lat' dir='ltr'><strong>namque</strong></span> <span class='ocrx_word' id='word_1_124' title='bbox 793 1645 913 1700; x_wconf 73' lang='lat' dir='ltr'><strong>quin</strong></span> <span class='ocrx_word' id='word_1_125' title='bbox 944 1642 1071 1684; x_wconf 88' lang='lat' dir='ltr'><strong>sunt</strong></span> <span class='ocrx_word' id='word_1_126' title='bbox 1097 1627 1410 1691; x_wconf 90' lang='lat' dir='ltr'><strong>invisibilia,</strong></span> <span class='ocrx_word' id='word_1_127' title='bbox 1444 1642 1548 1680; x_wconf 88' lang='lat' dir='ltr'><strong>non</strong></span> <span class='ocrx_word' id='word_1_128' title='bbox 1590 1626 1762 1681; x_wconf 91' lang='lat' dir='ltr'><strong>solum</strong></span> <span class='ocrx_word' id='word_1_129' title='bbox 1796 1641 1900 1681; x_wconf 92' lang='lat' dir='ltr'><strong>non</strong></span> <span class='ocrx_word' id='word_1_130' title='bbox 1932 1631 2003 1680; x_wconf 94' lang='lat' dir='ltr'><strong>vi-</strong></span> 
     </span>
    </p>
   </div>
   <div class='ocr_carea' id='block_1_17' title="bbox 417 1710 1999 1782">
    <p class='ocr_par' dir='ltr' id='par_1_17' title="bbox 417 1710 1999 1782">
     <span class='ocr_line' id='line_1_17' title="bbox 417 1710 1999 1782; baseline -0.003 -12"><span class='ocrx_word' id='word_1_131' title='bbox 417 1715 630 1782; x_wconf 89' lang='lat' dir='ltr'><strong>dentur,</strong></span> <span class='ocrx_word' id='word_1_132' title='bbox 667 1714 761 1768; x_wconf 90' lang='lat' dir='ltr'><strong>sed</strong></span> <span class='ocrx_word' id='word_1_133' title='bbox 821 1729 889 1768; x_wconf 94' lang='lat' dir='ltr'><strong>ne</strong></span> <span class='ocrx_word' id='word_1_134' title='bbox 936 1721 1186 1767; x_wconf 87' lang='lat' dir='ltr'><strong>naturam</strong></span> <span class='ocrx_word' id='word_1_135' title='bbox 1223 1712 1438 1781; x_wconf 82' lang='lat' dir='ltr'><strong>quidem</strong></span> <span class='ocrx_word' id='word_1_136' title='bbox 1488 1711 1692 1765; x_wconf 85' lang='lat' dir='ltr'><strong>habent</strong></span> <span class='ocrx_word' id='word_1_137' title='bbox 1734 1721 1792 1764; x_wconf 90' lang='lat' dir='ltr'><strong>ut</strong></span> <span class='ocrx_word' id='word_1_138' title='bbox 1834 1710 1999 1765; x_wconf 89' lang='lat' dir='ltr'><strong>videri</strong></span> 
     </span>
    </p>
   </div>
   <div class='ocr_carea' id='block_1_18' title="bbox 415 1802 1997 1877">
    <p class='ocr_par' dir='ltr' id='par_1_18' title="bbox 415 1802 1997 1877">
     <span class='ocr_line' id='line_1_18' title="bbox 415 1802 1997 1877; baseline -0.004 -16"><span class='ocrx_word' id='word_1_139' title='bbox 415 1808 644 1877; x_wconf 85' lang='lat' dir='ltr'><strong>possint,</strong></span> <span class='ocrx_word' id='word_1_140' title='bbox 678 1820 798 1872; x_wconf 65' lang='lat' dir='ltr'><strong>quae</strong></span> <span class='ocrx_word' id='word_1_141' title='bbox 823 1803 996 1860; x_wconf 67' lang='lat' dir='ltr'><strong>Graeci</strong></span> <span class='ocrx_word' id='word_1_142' title='bbox 1037 1802 1324 1874; x_wconf 83' lang='grc' dir='ltr'><strong>ἀσώματα,</strong></span> <span class='ocrx_word' id='word_1_143' title='bbox 1351 1803 1403 1857; x_wconf 90' lang='lat' dir='ltr'><strong>id</strong></span> <span class='ocrx_word' id='word_1_144' title='bbox 1431 1813 1515 1856; x_wconf 88' lang='lat' dir='ltr'><strong>est</strong></span> <span class='ocrx_word' id='word_1_145' title='bbox 1564 1805 1869 1869; x_wconf 79' lang='lat' dir='ltr'><strong>incorporea</strong></span> <span class='ocrx_word' id='word_1_146' title='bbox 1904 1818 1997 1872; x_wconf 89' lang='lat' dir='ltr'><strong>ap-</strong></span> 
     </span>
    </p>
   </div>
   <div class='ocr_carea' id='block_1_19' title="bbox 417 1893 2073 1970">
    <p class='ocr_par' dir='ltr' id='par_1_19' title="bbox 417 1893 2073 1970">
     <span class='ocr_line' id='line_1_19' title="bbox 417 1893 2073 1970; baseline -0.003 -17"><span class='ocrx_word' id='word_1_147' title='bbox 417 1899 707 1970; x_wconf 89' lang='lat' dir='ltr'><strong>pellarunt.</strong></span> <span class='ocrx_word' id='word_1_148' title='bbox 734 1896 858 1951; x_wconf 56' lang='lat' dir='ltr'><strong>Haec</strong></span> <span class='ocrx_word' id='word_1_149' title='bbox 886 1905 1065 1950; x_wconf 91' lang='lat' dir='ltr'><strong>autem</strong></span> <span class='ocrx_word' id='word_1_150' title='bbox 1102 1895 1169 1949; x_wconf 92' lang='lat' dir='ltr'><strong>de</strong></span> <span class='ocrx_word' id='word_1_151' title='bbox 1210 1895 1409 1964; x_wconf 89' lang='lat' dir='ltr'><strong>quibus</strong></span> <span class='ocrx_word' id='word_1_152' title='bbox 1457 1893 1655 1948; x_wconf 85' lang='lat' dir='ltr'><strong>Paulus</strong></span> <span class='ocrx_word' id='word_1_153' title='bbox 1677 1894 1842 1948; x_wconf 85' lang='lat' dir='ltr'><strong>dicit:</strong></span> <span class='ocrx_word' id='word_1_154' title='bbox 1869 1893 2001 1959; x_wconf 68' lang='lat' dir='ltr'><strong>Qum</strong></span> <span class='ocrx_word' id='word_1_155' title='bbox 2033 1894 2073 1948; x_wconf 88' lang='grc' dir='ltr'><strong>Β</strong></span> 
     </span>
    </p>
   </div>
   <div class='ocr_carea' id='block_1_20' title="bbox 414 1986 1999 2056">
    <p class='ocr_par' dir='ltr' id='par_1_20' title="bbox 414 1986 1999 2056">
     <span class='ocr_line' id='line_1_20' title="bbox 414 1986 1999 2056; baseline -0.003 -10"><span class='ocrx_word' id='word_1_156' title='bbox 414 2008 520 2046; x_wconf 85' lang='lat' dir='ltr'><strong>non</strong></span> <span class='ocrx_word' id='word_1_157' title='bbox 570 1989 903 2054; x_wconf 76' lang='lat' dir='ltr'><strong>videntur“,</strong></span> <span class='ocrx_word' id='word_1_158' title='bbox 936 1997 1184 2042; x_wconf 85' lang='lat' dir='ltr'><strong>naturam</strong></span> <span class='ocrx_word' id='word_1_159' title='bbox 1228 1986 1449 2056; x_wconf 88' lang='lat' dir='ltr'><strong>quidem</strong></span> <span class='ocrx_word' id='word_1_160' title='bbox 1504 1986 1706 2040; x_wconf 86' lang='lat' dir='ltr'><strong>habent</strong></span> <span class='ocrx_word' id='word_1_161' title='bbox 1744 1995 1803 2038; x_wconf 90' lang='lat' dir='ltr'><strong>ut</strong></span> <span class='ocrx_word' id='word_1_162' title='bbox 1831 1988 1999 2041; x_wconf 86' lang='lat' dir='ltr'><strong>viileri</strong></span> 
     </span>
    </p>
   </div>
   <div class='ocr_carea' id='block_1_21' title="bbox 411 2076 2002 2151">
    <p class='ocr_par' dir='ltr' id='par_1_21' title="bbox 411 2076 2002 2151">
     <span class='ocr_line' id='line_1_21' title="bbox 411 2076 2002 2151; baseline -0.003 -15"><span class='ocrx_word' id='word_1_163' title='bbox 411 2082 643 2151; x_wconf 90' lang='lat' dir='ltr'><strong>possint,</strong></span> <span class='ocrx_word' id='word_1_164' title='bbox 687 2080 921 2134; x_wconf 90' lang='lat' dir='ltr'><strong>nondum</strong></span> <span class='ocrx_word' id='word_1_165' title='bbox 961 2088 1141 2133; x_wconf 88' lang='lat' dir='ltr'><strong>tamen</strong></span> <span class='ocrx_word' id='word_1_166' title='bbox 1191 2077 1363 2132; x_wconf 91' lang='lat' dir='ltr'><strong>videri</strong></span> <span class='ocrx_word' id='word_1_167' title='bbox 1393 2076 1461 2130; x_wconf 90' lang='lat' dir='ltr'><strong>ab</strong></span> <span class='ocrx_word' id='word_1_168' title='bbox 1504 2076 1590 2131; x_wconf 89' lang='lat' dir='ltr'><strong>his</strong></span> <span class='ocrx_word' id='word_1_169' title='bbox 1629 2078 1824 2146; x_wconf 92' lang='lat' dir='ltr'><strong>quibus</strong></span> <span class='ocrx_word' id='word_1_170' title='bbox 1877 2093 2002 2146; x_wconf 89' lang='lat' dir='ltr'><strong>pro-</strong></span> 
     </span>
    </p>
   </div>
   <div class='ocr_carea' id='block_1_22' title="bbox 412 2169 1998 2240">
    <p class='ocr_par' dir='ltr' id='par_1_22' title="bbox 412 2169 1998 2240">
     <span class='ocr_line' id='line_1_22' title="bbox 412 2169 1998 2240; baseline -0.003 -13"><span class='ocrx_word' id='word_1_171' title='bbox 412 2174 702 2228; x_wconf 88' lang='lat' dir='ltr'><strong>mittuntur</strong></span> <span class='ocrx_word' id='word_1_172' title='bbox 751 2170 1006 2240; x_wconf 84' lang='lat' dir='ltr'><strong>exponit;</strong></span> <span class='ocrx_word' id='word_1_173' title='bbox 1041 2190 1060 2222; x_wconf 73' lang='grc' dir='ltr'>ι</span> <span class='ocrx_word' id='word_1_174' title='bbox 1098 2179 1152 2225; x_wconf 90' lang='lat' dir='ltr'><strong>et</strong></span> <span class='ocrx_word' id='word_1_175' title='bbox 1186 2169 1348 2224; x_wconf 90' lang='lat' dir='ltr'><strong>istud.</strong></span> <span class='ocrx_word' id='word_1_176' title='bbox 1376 2184 1406 2223; x_wconf 88' lang='lat' dir='ltr'><strong>e</strong></span> <span class='ocrx_word' id='word_1_177' title='bbox 1428 2169 1522 2222; x_wconf 87' lang='lat' dir='ltr'><strong>lib.</strong></span> <span class='ocrx_word' id='word_1_178' title='bbox 1567 2184 1626 2222; x_wconf 85' lang='grc' dir='ltr'>ιιι</span> <span class='ocrx_word' id='word_1_179' title='bbox 1657 2208 1668 2232; x_wconf 84' lang='grc'><strong>,</strong></span> <span class='ocrx_word' id='word_1_180' title='bbox 1709 2184 1832 2239; x_wconf 88' lang='lat' dir='ltr'><strong>cap.</strong></span> <span class='ocrx_word' id='word_1_181' title='bbox 1865 2169 1998 2236; x_wconf 89' lang='lat' dir='ltr'><strong>ult.,</strong></span> 
     </span>
    </p>
   </div>
   <div class='ocr_carea' id='block_1_23' title="bbox 412 2260 1999 2333">
    <p class='ocr_par' dir='ltr' id='par_1_23' title="bbox 412 2260 1999 2333">
     <span class='ocr_line' id='line_1_23' title="bbox 412 2260 1999 2333; baseline -0.002 -14"><span class='ocrx_word' id='word_1_182' title='bbox 412 2278 561 2319; x_wconf 90' lang='lat' dir='ltr'><strong>num.</strong></span> <span class='ocrx_word' id='word_1_183' title='bbox 585 2263 614 2315; x_wconf 85' lang='lat'><strong>7</strong></span> <span class='ocrx_word' id='word_1_184' title='bbox 642 2279 655 2314; x_wconf 91' lang='lat'>:</span> <span class='ocrx_word' id='word_1_185' title='bbox 681 2281 700 2312; x_wconf 73' lang='grc' dir='ltr'>ί</span> <span class='ocrx_word' id='word_1_186' title='bbox 723 2261 910 2317; x_wconf 90' lang='lat' dir='ltr'><strong>Omnis</strong></span> <span class='ocrx_word' id='word_1_187' title='bbox 943 2261 1108 2333; x_wconf 79' lang='lat' dir='ltr'><strong>igitur</strong></span> <span class='ocrx_word' id='word_1_188' title='bbox 1141 2263 1257 2316; x_wconf 63' lang='lat' dir='ltr'><strong>hate</strong></span> <span class='ocrx_word' id='word_1_189' title='bbox 1287 2261 1424 2314; x_wconf 85' lang='lat' dir='ltr'><strong>ratio</strong></span> <span class='ocrx_word' id='word_1_190' title='bbox 1449 2260 1553 2315; x_wconf 88' lang='lat' dir='ltr'><strong>hoc</strong></span> <span class='ocrx_word' id='word_1_191' title='bbox 1581 2261 1999 2330; x_wconf 88' lang='lat' dir='ltr'><strong>continet,quod</strong></span> 
     </span>
    </p>
   </div>
   <div class='ocr_carea' id='block_1_24' title="bbox 409 2351 1998 2426">
    <p class='ocr_par' dir='ltr' id='par_1_24' title="bbox 409 2351 1998 2426">
     <span class='ocr_line' id='line_1_24' title="bbox 409 2351 1998 2426; baseline -0.003 -15"><span class='ocrx_word' id='word_1_192' title='bbox 409 2355 547 2412; x_wconf 89' lang='lat' dir='ltr'><strong>duas</strong></span> <span class='ocrx_word' id='word_1_193' title='bbox 588 2353 869 2426; x_wconf 81' lang='lat' dir='ltr'><strong>generales</strong></span> <span class='ocrx_word' id='word_1_194' title='bbox 902 2363 1127 2408; x_wconf 89' lang='lat' dir='ltr'><strong>naturas</strong></span> <span class='ocrx_word' id='word_1_195' title='bbox 1181 2351 1488 2406; x_wconf 84' lang='lat' dir='ltr'><strong>condiderit</strong></span> <span class='ocrx_word' id='word_1_196' title='bbox 1526 2352 1710 2418; x_wconf 89' lang='lat' dir='ltr'><strong>Deus;</strong></span> <span class='ocrx_word' id='word_1_197' title='bbox 1749 2365 1998 2406; x_wconf 89' lang='lat' dir='ltr'><strong>naturam</strong></span> 
     </span>
    </p>
   </div>
   <div class='ocr_carea' id='block_1_25' title="bbox 407 2444 1996 2516">
    <p class='ocr_par' dir='ltr' id='par_1_25' title="bbox 407 2444 1996 2516">
     <span class='ocr_line' id='line_1_25' title="bbox 407 2444 1996 2516; baseline -0.003 -13"><span class='ocrx_word' id='word_1_198' title='bbox 407 2448 699 2512; x_wconf 84' lang='lat' dir='ltr'><strong>visibilem,</strong></span> <span class='ocrx_word' id='word_1_199' title='bbox 720 2447 772 2502; x_wconf 89' lang='lat' dir='ltr'><strong>id</strong></span> <span class='ocrx_word' id='word_1_200' title='bbox 797 2456 879 2502; x_wconf 88' lang='lat' dir='ltr'><strong>est</strong></span> <span class='ocrx_word' id='word_1_201' title='bbox 901 2461 1240 2516; x_wconf 86' lang='lat' dir='ltr'><strong>corpoream,</strong></span> <span class='ocrx_word' id='word_1_202' title='bbox 1277 2454 1329 2499; x_wconf 90' lang='lat' dir='ltr'><strong>et</strong></span> <span class='ocrx_word' id='word_1_203' title='bbox 1359 2455 1608 2499; x_wconf 90' lang='lat' dir='ltr'><strong>naturam</strong></span> <span class='ocrx_word' id='word_1_204' title='bbox 1643 2444 1996 2505; x_wconf 76' lang='lat' dir='ltr'><strong>itivisibilein.</strong></span> 
     </span>
    </p>
   </div>
   <div class='ocr_carea' id='block_1_26' title="bbox 407 2536 1996 2611">
    <p class='ocr_par' dir='ltr' id='par_1_26' title="bbox 407 2536 1996 2611">
     <span class='ocr_line' id='line_1_26' title="bbox 407 2536 1996 2611; baseline -0.003 -17"><span class='ocrx_word' id='word_1_205' title='bbox 407 2557 528 2611; x_wconf 65' lang='lat' dir='ltr'><strong>quae</strong></span> <span class='ocrx_word' id='word_1_206' title='bbox 559 2550 643 2596; x_wconf 91' lang='lat' dir='ltr'><strong>est</strong></span> <span class='ocrx_word' id='word_1_207' title='bbox 677 2541 1022 2608; x_wconf 88' lang='lat' dir='ltr'><strong>incorporea,</strong></span> <span class='ocrx_word' id='word_1_208' title='bbox 1044 2557 1062 2589; x_wconf 78' lang='grc' dir='ltr'>ι</span> <span class='ocrx_word' id='word_1_209' title='bbox 1092 2539 1267 2593; x_wconf 89' lang='lat' dir='ltr'><strong>ethoc</strong></span> <span class='ocrx_word' id='word_1_210' title='bbox 1298 2537 1544 2592; x_wconf 91' lang='lat' dir='ltr'><strong>omnium</strong></span> <span class='ocrx_word' id='word_1_211' title='bbox 1594 2536 1996 2607; x_wconf 85' lang='lat' dir='ltr'><strong>apertissimum</strong></span> 
     </span>
    </p>
   </div>
   <div class='ocr_carea' id='block_1_27' title="bbox 407 2627 1998 2704">
    <p class='ocr_par' dir='ltr' id='par_1_27' title="bbox 407 2627 1998 2704">
     <span class='ocr_line' id='line_1_27' title="bbox 407 2627 1998 2704; baseline -0.003 -16"><span class='ocrx_word' id='word_1_212' title='bbox 407 2634 502 2690; x_wconf 89' lang='lat' dir='ltr'><strong>lib.</strong></span> <span class='ocrx_word' id='word_1_213' title='bbox 527 2651 577 2690; x_wconf 89' lang='lat' dir='ltr'><strong>iv</strong></span> <span class='ocrx_word' id='word_1_214' title='bbox 606 2632 785 2704; x_wconf 89' lang='lat' dir='ltr'><strong>operis</strong></span> <span class='ocrx_word' id='word_1_215' title='bbox 813 2632 1084 2700; x_wconf 87' lang='lat' dir='ltr'><strong>ejusdem,</strong></span> <span class='ocrx_word' id='word_1_216' title='bbox 1112 2647 1260 2686; x_wconf 92' lang='lat' dir='ltr'><strong>num.</strong></span> <span class='ocrx_word' id='word_1_217' title='bbox 1284 2631 1351 2683; x_wconf 72' lang='lat'><strong>27</strong></span> <span class='ocrx_word' id='word_1_218' title='bbox 1381 2649 1394 2684; x_wconf 89' lang='lat'><strong>:</strong></span> <span class='ocrx_word' id='word_1_219' title='bbox 1420 2647 1438 2680; x_wconf 75' lang='grc' dir='ltr'>ι</span> <span class='ocrx_word' id='word_1_220' title='bbox 1472 2627 1577 2684; x_wconf 92' lang='lat' dir='ltr'><strong>Sed</strong></span> <span class='ocrx_word' id='word_1_221' title='bbox 1596 2638 1650 2683; x_wconf 89' lang='lat' dir='ltr'><strong>et</strong></span> <span class='ocrx_word' id='word_1_222' title='bbox 1674 2644 1883 2684; x_wconf 90' lang='lat' dir='ltr'><strong>rursum</strong></span> <span class='ocrx_word' id='word_1_223' title='bbox 1903 2644 1998 2698; x_wconf 87' lang='lat' dir='ltr'><strong>per</strong></span> 
     </span>
    </p>
   </div>
   <div class='ocr_carea' id='block_1_28' title="bbox 405 2721 1998 2782">
    <p class='ocr_par' dir='ltr' id='par_1_28' title="bbox 405 2721 1998 2782">
     <span class='ocr_line' id='line_1_28' title="bbox 405 2721 1998 2782; baseline -0.003 0"><span class='ocrx_word' id='word_1_224' title='bbox 405 2726 679 2782; x_wconf 86' lang='lat' dir='ltr'><strong>Christum</strong></span> <span class='ocrx_word' id='word_1_225' title='bbox 700 2737 883 2780; x_wconf 82' lang='lat' dir='ltr'><strong>creata</strong></span> <span class='ocrx_word' id='word_1_226' title='bbox 913 2725 1184 2779; x_wconf 86' lang='lat' dir='ltr'><strong>dixitesse</strong></span> <span class='ocrx_word' id='word_1_227' title='bbox 1211 2723 1396 2778; x_wconf 87' lang='lat' dir='ltr'><strong>omnia</strong></span> <span class='ocrx_word' id='word_1_228' title='bbox 1417 2721 1648 2776; x_wconf 90' lang='lat' dir='ltr'><strong>visibilia</strong></span> <span class='ocrx_word' id='word_1_229' title='bbox 1675 2733 1732 2778; x_wconf 88' lang='lat' dir='ltr'><strong>et</strong></span> <span class='ocrx_word' id='word_1_230' title='bbox 1756 2723 1998 2778; x_wconf 77' lang='lat' dir='ltr'><strong>invisibi-</strong></span> 
     </span>
    </p>
   </div>
   <div class='ocr_carea' id='block_1_29' title="bbox 406 2815 1999 2889">
    <p class='ocr_par' dir='ltr' id='par_1_29' title="bbox 406 2815 1999 2889">
     <span class='ocr_line' id='line_1_29' title="bbox 406 2815 1999 2889; baseline -0.003 -15"><span class='ocrx_word' id='word_1_231' title='bbox 406 2819 627 2882; x_wconf 67' lang='lat' dir='ltr'><strong>lia.1Per</strong></span> <span class='ocrx_word' id='word_1_232' title='bbox 653 2820 795 2889; x_wconf 86' lang='lat' dir='ltr'><strong>quod</strong></span> <span class='ocrx_word' id='word_1_233' title='bbox 816 2818 1122 2873; x_wconf 85' lang='lat' dir='ltr'><strong>declaratur</strong></span> <span class='ocrx_word' id='word_1_234' title='bbox 1142 2832 1262 2872; x_wconf 91' lang='lat' dir='ltr'><strong>esse</strong></span> <span class='ocrx_word' id='word_1_235' title='bbox 1292 2816 1455 2871; x_wconf 87' lang='lat' dir='ltr'><strong>etiam</strong></span> <span class='ocrx_word' id='word_1_236' title='bbox 1475 2815 1524 2868; x_wconf 90' lang='lat' dir='ltr'><strong>in</strong></span> <span class='ocrx_word' id='word_1_237' title='bbox 1554 2815 1820 2869; x_wconf 88' lang='lat' dir='ltr'><strong>creaturis</strong></span> <span class='ocrx_word' id='word_1_238' title='bbox 1836 2830 1999 2885; x_wconf 88' lang='lat' dir='ltr'><strong>quas-</strong></span> 
     </span>
    </p>
   </div>
   <div class='ocr_carea' id='block_1_30' title="bbox 405 2909 1995 2979">
    <p class='ocr_par' dir='ltr' id='par_1_30' title="bbox 405 2909 1995 2979">
     <span class='ocr_line' id='line_1_30' title="bbox 405 2909 1995 2979; baseline -0.003 -14"><span class='ocrx_word' id='word_1_239' title='bbox 405 2912 526 2966; x_wconf 85' lang='lat' dir='ltr'><strong>dam</strong></span> <span class='ocrx_word' id='word_1_240' title='bbox 543 2910 838 2966; x_wconf 87' lang='lat' dir='ltr'><strong>invisibilcs</strong></span> <span class='ocrx_word' id='word_1_241' title='bbox 853 2909 1148 2965; x_wconf 88' lang='lat' dir='ltr'><strong>secundum</strong></span> <span class='ocrx_word' id='word_1_242' title='bbox 1167 2910 1550 2979; x_wconf 81' lang='lat' dir='ltr'><strong>proprietatem</strong></span> <span class='ocrx_word' id='word_1_243' title='bbox 1568 2923 1720 2962; x_wconf 89' lang='lat' dir='ltr'><strong>suam</strong></span> <span class='ocrx_word' id='word_1_244' title='bbox 1739 2909 1995 2962; x_wconf 88' lang='lat' dir='ltr'><strong>substan-</strong></span> 
     </span>
    </p>
   </div>
   <div class='ocr_carea' id='block_1_31' title="bbox 409 3002 1997 3074">
    <p class='ocr_par' dir='ltr' id='par_1_31' title="bbox 409 3002 1997 3074">
     <span class='ocr_line' id='line_1_31' title="bbox 409 3002 1997 3074; baseline -0.003 -15"><span class='ocrx_word' id='word_1_245' title='bbox 409 3005 532 3060; x_wconf 83' lang='lat' dir='ltr'><strong>tias.</strong></span> <span class='ocrx_word' id='word_1_246' title='bbox 551 3003 657 3060; x_wconf 90' lang='lat' dir='ltr'><strong>Sed</strong></span> <span class='ocrx_word' id='word_1_247' title='bbox 683 3005 763 3058; x_wconf 74' lang='lat' dir='ltr'><strong>ha:</strong></span> <span class='ocrx_word' id='word_1_248' title='bbox 779 3003 1026 3074; x_wconf 87' lang='lat' dir='ltr'><strong>quamvis</strong></span> <span class='ocrx_word' id='word_1_249' title='bbox 1043 3004 1172 3072; x_wconf 67' lang='lat' dir='ltr'><strong>ipsae</strong></span> <span class='ocrx_word' id='word_1_250' title='bbox 1192 3017 1294 3057; x_wconf 88' lang='lat' dir='ltr'><strong>non</strong></span> <span class='ocrx_word' id='word_1_251' title='bbox 1319 3002 1428 3057; x_wconf 84' lang='lat' dir='ltr'><strong>sint</strong></span> <span class='ocrx_word' id='word_1_252' title='bbox 1457 3015 1755 3072; x_wconf 68' lang='lat' dir='ltr'><strong>corporeae,</strong></span> <span class='ocrx_word' id='word_1_253' title='bbox 1775 3011 1997 3054; x_wconf 87' lang='lat' dir='ltr'><strong>utuntur</strong></span> 
     </span>
    </p>
   </div>
   <div class='ocr_carea' id='block_1_32' title="bbox 410 3095 1995 3166">
    <p class='ocr_par' dir='ltr' id='par_1_32' title="bbox 410 3095 1995 3166">
     <span class='ocr_line' id='line_1_32' title="bbox 410 3095 1995 3166; baseline -0.004 -15"><span class='ocrx_word' id='word_1_254' title='bbox 410 3106 592 3154; x_wconf 90' lang='lat' dir='ltr'><strong>tamen</strong></span> <span class='ocrx_word' id='word_1_255' title='bbox 637 3097 977 3166; x_wconf 91' lang='lat' dir='ltr'><strong>corporibus,</strong></span> <span class='ocrx_word' id='word_1_256' title='bbox 995 3096 1124 3151; x_wconf 86' lang='lat' dir='ltr'><strong>licet</strong></span> <span class='ocrx_word' id='word_1_257' title='bbox 1158 3096 1288 3164; x_wconf 65' lang='lat' dir='ltr'><strong>ipsa:</strong></span> <span class='ocrx_word' id='word_1_258' title='bbox 1317 3095 1424 3150; x_wconf 90' lang='lat' dir='ltr'><strong>sint</strong></span> <span class='ocrx_word' id='word_1_259' title='bbox 1456 3109 1717 3163; x_wconf 89' lang='lat' dir='ltr'><strong>corporea</strong></span> <span class='ocrx_word' id='word_1_260' title='bbox 1749 3095 1995 3153; x_wconf 87' lang='lat' dir='ltr'><strong>snhstan_</strong></span> 
     </span>
    </p>
   </div>
   <div class='ocr_carea' id='block_1_33' title="bbox 403 3187 1994 3257">
    <p class='ocr_par' dir='ltr' id='par_1_33' title="bbox 403 3187 1994 3257">
     <span class='ocr_line' id='line_1_33' title="bbox 403 3187 1994 3257; baseline -0.003 -13"><span class='ocrx_word' id='word_1_261' title='bbox 403 3190 477 3244; x_wconf 91' lang='lat' dir='ltr'><strong>tia</strong></span> <span class='ocrx_word' id='word_1_262' title='bbox 499 3190 766 3244; x_wconf 89' lang='lat' dir='ltr'><strong>meliores.</strong></span> <span class='ocrx_word' id='word_1_263' title='bbox 790 3187 879 3243; x_wconf 89' lang='lat' dir='ltr'><strong>Illa</strong></span> <span class='ocrx_word' id='word_1_264' title='bbox 899 3203 1030 3244; x_wconf 87' lang='lat' dir='ltr'><strong>vero</strong></span> <span class='ocrx_word' id='word_1_265' title='bbox 1057 3189 1360 3244; x_wconf 85' lang='lat' dir='ltr'><strong>substantia</strong></span> <span class='ocrx_word' id='word_1_266' title='bbox 1385 3187 1690 3252; x_wconf 88' lang='lat' dir='ltr'><strong>Trinitatis,</strong></span> <span class='ocrx_word' id='word_1_267' title='bbox 1709 3202 1828 3256; x_wconf 64' lang='lat' dir='ltr'><strong>quae</strong></span> <span class='ocrx_word' id='word_1_268' title='bbox 1845 3187 1994 3257; x_wconf 83' lang='lat' dir='ltr'><strong>prin-</strong></span> 
     </span>
    </p>
   </div>
   <div class='ocr_carea' id='block_1_34' title="bbox 402 3281 1986 3351">
    <p class='ocr_par' dir='ltr' id='par_1_34' title="bbox 402 3281 1986 3351">
     <span class='ocr_line' id='line_1_34' title="bbox 402 3281 1986 3351; baseline -0.002 -13"><span class='ocrx_word' id='word_1_269' title='bbox 402 3283 603 3351; x_wconf 88' lang='lat' dir='ltr'><strong>cipium</strong></span> <span class='ocrx_word' id='word_1_270' title='bbox 635 3293 741 3350; x_wconf 50' lang='lat' dir='ltr'><strong>eat,</strong></span> <span class='ocrx_word' id='word_1_271' title='bbox 765 3292 819 3339; x_wconf 89' lang='lat' dir='ltr'><strong>et</strong></span> <span class='ocrx_word' id='word_1_272' title='bbox 849 3298 1013 3338; x_wconf 88' lang='lat' dir='ltr'><strong>causa</strong></span> <span class='ocrx_word' id='word_1_273' title='bbox 1044 3283 1310 3346; x_wconf 88' lang='lat' dir='ltr'><strong>omnium,</strong></span> <span class='ocrx_word' id='word_1_274' title='bbox 1339 3297 1405 3336; x_wconf 83' lang='lat' dir='ltr'><strong>ex</strong></span> <span class='ocrx_word' id='word_1_275' title='bbox 1435 3295 1540 3351; x_wconf 91' lang='lat' dir='ltr'><strong>qna</strong></span> <span class='ocrx_word' id='word_1_276' title='bbox 1572 3281 1776 3346; x_wconf 89' lang='lat' dir='ltr'><strong>omnia,</strong></span> <span class='ocrx_word' id='word_1_277' title='bbox 1807 3291 1861 3336; x_wconf 88' lang='lat' dir='ltr'><strong>et</strong></span> <span class='ocrx_word' id='word_1_278' title='bbox 1888 3296 1986 3349; x_wconf 90' lang='lat' dir='ltr'><strong>per</strong></span> 
     </span>
    </p>
   </div>
   <div class='ocr_carea' id='block_1_35' title="bbox 400 3373 1985 3443">
    <p class='ocr_par' dir='ltr' id='par_1_35' title="bbox 400 3373 1985 3443">
     <span class='ocr_line' id='line_1_35' title="bbox 400 3373 1985 3443; baseline 0.001 -17"><span class='ocrx_word' id='word_1_279' title='bbox 400 3388 561 3442; x_wconf 90' lang='lat' dir='ltr'><strong>quam</strong></span> <span class='ocrx_word' id='word_1_280' title='bbox 588 3374 794 3438; x_wconf 89' lang='lat' dir='ltr'><strong>omnia,</strong></span> <span class='ocrx_word' id='word_1_281' title='bbox 832 3385 888 3428; x_wconf 93' lang='lat' dir='ltr'><strong>et</strong></span> <span class='ocrx_word' id='word_1_282' title='bbox 914 3373 967 3427; x_wconf 91' lang='lat' dir='ltr'><strong>in</strong></span> <span class='ocrx_word' id='word_1_283' title='bbox 1003 3390 1108 3441; x_wconf 91' lang='lat' dir='ltr'><strong>qua</strong></span> <span class='ocrx_word' id='word_1_284' title='bbox 1143 3373 1349 3436; x_wconf 87' lang='lat' dir='ltr'><strong>omnia,</strong></span> <span class='ocrx_word' id='word_1_285' title='bbox 1370 3388 1543 3442; x_wconf 88' lang='lat' dir='ltr'><strong>neque</strong></span> <span class='ocrx_word' id='word_1_286' title='bbox 1569 3388 1783 3443; x_wconf 88' lang='lat' dir='ltr'><strong>corpus,</strong></span> <span class='ocrx_word' id='word_1_287' title='bbox 1811 3388 1985 3442; x_wconf 90' lang='lat' dir='ltr'><strong>neque</strong></span> 
     </span>
    </p>
   </div>
   <div class='ocr_carea' id='block_1_36' title="bbox 401 3465 1988 3536">
    <p class='ocr_par' dir='ltr' id='par_1_36' title="bbox 401 3465 1988 3536">
     <span class='ocr_line' id='line_1_36' title="bbox 401 3465 1988 3536; baseline 0 -16"><span class='ocrx_word' id='word_1_288' title='bbox 401 3467 456 3520; x_wconf 89' lang='lat' dir='ltr'><strong>iii</strong></span> <span class='ocrx_word' id='word_1_289' title='bbox 488 3483 720 3536; x_wconf 91' lang='lat' dir='ltr'><strong>corpore</strong></span> <span class='ocrx_word' id='word_1_290' title='bbox 748 3481 870 3522; x_wconf 83' lang='lat' dir='ltr'><strong>esse</strong></span> <span class='ocrx_word' id='word_1_291' title='bbox 911 3465 1177 3521; x_wconf 82' lang='lat' dir='ltr'><strong>credenda</strong></span> <span class='ocrx_word' id='word_1_292' title='bbox 1211 3477 1316 3531; x_wconf 89' lang='lat' dir='ltr'><strong>est,</strong></span> <span class='ocrx_word' id='word_1_293' title='bbox 1353 3467 1448 3520; x_wconf 89' lang='lat' dir='ltr'><strong>sed</strong></span> <span class='ocrx_word' id='word_1_294' title='bbox 1488 3481 1552 3520; x_wconf 85' lang='lat' dir='ltr'><strong>ex</strong></span> <span class='ocrx_word' id='word_1_295' title='bbox 1592 3475 1703 3520; x_wconf 90' lang='lat' dir='ltr'><strong>toto</strong></span> <span class='ocrx_word' id='word_1_296' title='bbox 1744 3467 1988 3535; x_wconf 81' lang='lat' dir='ltr'><strong>inciirpo‘</strong></span> 
     </span>
    </p>
   </div>
   <div class='ocr_carea' id='block_1_37' title="bbox 400 3555 1985 3627">
    <p class='ocr_par' dir='ltr' id='par_1_37' title="bbox 400 3555 1985 3627">
     <span class='ocr_line' id='line_1_37' title="bbox 400 3555 1985 3627; baseline -0.001 -17"><span class='ocrx_word' id='word_1_297' title='bbox 400 3571 514 3614; x_wconf 85' lang='lat' dir='ltr'><strong>rea.</strong></span> <span class='ocrx_word' id='word_1_298' title='bbox 555 3577 572 3608; x_wconf 83' lang='lat' dir='ltr'><strong>i</strong></span> <span class='ocrx_word' id='word_1_299' title='bbox 612 3557 716 3611; x_wconf 86' lang='lat' dir='ltr'><strong>Sed</strong></span> <span class='ocrx_word' id='word_1_300' title='bbox 747 3565 796 3612; x_wconf 89' lang='lat' dir='ltr'><strong>et</strong></span> <span class='ocrx_word' id='word_1_301' title='bbox 844 3556 937 3611; x_wconf 92' lang='lat' dir='ltr'><strong>lib.</strong></span> <span class='ocrx_word' id='word_1_302' title='bbox 977 3573 1027 3610; x_wconf 80' lang='grc' dir='ltr'>νι</span> <span class='ocrx_word' id='word_1_303' title='bbox 1061 3570 1244 3610; x_wconf 81' lang='lat' dir='ltr'><strong>contra</strong></span> <span class='ocrx_word' id='word_1_304' title='bbox 1273 3555 1436 3623; x_wconf 83' lang='lat' dir='ltr'><strong>Cels.,</strong></span> <span class='ocrx_word' id='word_1_305' title='bbox 1463 3572 1611 3611; x_wconf 91' lang='lat' dir='ltr'><strong>num.</strong></span> <span class='ocrx_word' id='word_1_306' title='bbox 1639 3558 1699 3610; x_wconf 87' lang='lat' dir='ltr'><strong>7l</strong></span> <span class='ocrx_word' id='word_1_307' title='bbox 1741 3574 1753 3609; x_wconf 91' lang='lat'><strong>:</strong></span> <span class='ocrx_word' id='word_1_308' title='bbox 1793 3558 1985 3627; x_wconf 84' lang='grc' dir='ltr'><strong>Ἡμεῖς</strong></span> 
     </span>
    </p>
   </div>
   <div class='ocr_carea' id='block_1_38' title="bbox 399 3648 1984 3722">
    <p class='ocr_par' dir='ltr' id='par_1_38' title="bbox 399 3648 1984 3722">
     <span class='ocr_line' id='line_1_38' title="bbox 399 3648 1984 3722; baseline 0 -20"><span class='ocrx_word' id='word_1_309' title='bbox 399 3648 478 3714; x_wconf 86' lang='grc' dir='ltr'><strong>δὲ,</strong></span> <span class='ocrx_word' id='word_1_310' title='bbox 496 3649 694 3718; x_wconf 90' lang='lat' dir='ltr'><strong>inquit,</strong></span> <span class='ocrx_word' id='word_1_311' title='bbox 721 3648 1012 3720; x_wconf 81' lang='grc' dir='ltr'>ἀσώματον</span> <span class='ocrx_word' id='word_1_312' title='bbox 1033 3648 1221 3703; x_wconf 80' lang='grc' dir='ltr'>οὐσίαν</span> <span class='ocrx_word' id='word_1_313' title='bbox 1251 3649 1353 3701; x_wconf 81' lang='grc' dir='ltr'><strong>οὐκ</strong></span> <span class='ocrx_word' id='word_1_314' title='bbox 1383 3649 1540 3718; x_wconf 83' lang='grc' dir='ltr'>ῐσμεν</span> <span class='ocrx_word' id='word_1_315' title='bbox 1572 3649 1984 3722; x_wconf 80' lang='grc' dir='ltr'>ὲκπυρουμένην</span> 
     </span>
    </p>
   </div>
   <div class='ocr_carea' id='block_1_39' title="bbox 477 3769 970 3835">
    <p class='ocr_par' dir='ltr' id='par_1_39' title="bbox 477 3769 970 3835">
     <span class='ocr_line' id='line_1_39' title="bbox 477 3769 970 3835; baseline 0.012 -14"><span class='ocrx_word' id='word_1_316' title='bbox 477 3770 521 3801; x_wconf 71' lang='grc' dir='ltr'><strong>⁸ο</strong></span> <span class='ocrx_word' id='word_1_317' title='bbox 550 3769 590 3822; x_wconf 90' lang='lat' dir='ltr'><strong>ll</strong></span> <span class='ocrx_word' id='word_1_318' title='bbox 627 3772 752 3825; x_wconf 80' lang='lat' dir='ltr'><strong>Cor.</strong></span> <span class='ocrx_word' id='word_1_319' title='bbox 781 3786 854 3835; x_wconf 91' lang='lat' dir='ltr'><strong>tv,</strong></span> <span class='ocrx_word' id='word_1_320' title='bbox 885 3771 970 3827; x_wconf 87' lang='lat' dir='ltr'><strong>l8.</strong></span> 
     </span>
    </p>
   </div>
   <div class='ocr_carea' id='block_1_40' title="bbox 473 3885 1986 3956">
    <p class='ocr_par' dir='ltr' id='par_1_40' title="bbox 473 3885 1986 3956">
     <span class='ocr_line' id='line_1_40' title="bbox 473 3885 1986 3956; baseline 0.001 -16"><span class='ocrx_word' id='word_1_321' title='bbox 473 3886 586 3951; x_wconf 66' lang='lat'><strong>(29)</strong></span> <span class='ocrx_word' id='word_1_322' title='bbox 631 3885 768 3940; x_wconf 86' lang='lat' dir='ltr'><strong>Nam</strong></span> <span class='ocrx_word' id='word_1_323' title='bbox 799 3885 1011 3955; x_wconf 77' lang='lat' dir='ltr'><strong>angelos</strong></span> <span class='ocrx_word' id='word_1_324' title='bbox 1041 3888 1116 3939; x_wconf 81' lang='lat' dir='ltr'><strong>ita</strong></span> <span class='ocrx_word' id='word_1_325' title='bbox 1139 3902 1414 3949; x_wconf 73' lang='lat' dir='ltr'><strong>corporeus</strong></span> <span class='ocrx_word' id='word_1_326' title='bbox 1451 3903 1562 3940; x_wconf 80' lang='lat' dir='ltr'><strong>esse</strong></span> <span class='ocrx_word' id='word_1_327' title='bbox 1584 3886 1714 3952; x_wconf 84' lang='lat' dir='ltr'><strong>vult,</strong></span> <span class='ocrx_word' id='word_1_328' title='bbox 1748 3899 1806 3941; x_wconf 87' lang='lat' dir='ltr'><strong>ut</strong></span> <span class='ocrx_word' id='word_1_329' title='bbox 1829 3889 1986 3956; x_wconf 86' lang='lat' dir='ltr'><strong>spiri-</strong></span> 
     </span>
    </p>
   </div>
   <div class='ocr_carea' id='block_1_41' title="bbox 402 3956 1982 4026">
    <p class='ocr_par' dir='ltr' id='par_1_41' title="bbox 402 3956 1982 4026">
     <span class='ocr_line' id='line_1_41' title="bbox 402 3956 1982 4026; baseline 0.001 -15"><span class='ocrx_word' id='word_1_330' title='bbox 402 3958 532 4011; x_wconf 76' lang='lat' dir='ltr'><strong>tales</strong></span> <span class='ocrx_word' id='word_1_331' title='bbox 577 3956 918 4010; x_wconf 86' lang='lat' dir='ltr'><strong>nihilominus</strong></span> <span class='ocrx_word' id='word_1_332' title='bbox 963 3973 1072 4010; x_wconf 81' lang='lat' dir='ltr'><strong>esse</strong></span> <span class='ocrx_word' id='word_1_333' title='bbox 1109 3957 1250 4022; x_wconf 81' lang='lat' dir='ltr'><strong>velit,</strong></span> <span class='ocrx_word' id='word_1_334' title='bbox 1274 3961 1412 4026; x_wconf 86' lang='lat' dir='ltr'><strong>quod</strong></span> <span class='ocrx_word' id='word_1_335' title='bbox 1458 3957 1673 4025; x_wconf 72' lang='lat' dir='ltr'><strong>spiritus</strong></span> <span class='ocrx_word' id='word_1_336' title='bbox 1709 3958 1842 4011; x_wconf 80' lang='lat' dir='ltr'><strong>nihil</strong></span> <span class='ocrx_word' id='word_1_337' title='bbox 1880 3961 1982 4012; x_wconf 82' lang='lat' dir='ltr'><strong>sint</strong></span> 
     </span>
    </p>
   </div>
   <div class='ocr_carea' id='block_1_42' title="bbox 401 4028 1982 4097">
    <p class='ocr_par' dir='ltr' id='par_1_42' title="bbox 401 4028 1982 4097">
     <span class='ocr_line' id='line_1_42' title="bbox 401 4028 1982 4097; baseline 0 -16"><span class='ocrx_word' id='word_1_338' title='bbox 401 4028 550 4081; x_wconf 74' lang='lat' dir='ltr'><strong>aliud</strong></span> <span class='ocrx_word' id='word_1_339' title='bbox 573 4044 729 4097; x_wconf 86' lang='lat' dir='ltr'><strong>quam</strong></span> <span class='ocrx_word' id='word_1_340' title='bbox 755 4042 974 4080; x_wconf 79' lang='lat' dir='ltr'><strong>summa:</strong></span> <span class='ocrx_word' id='word_1_341' title='bbox 994 4028 1294 4096; x_wconf 75' lang='lat' dir='ltr'><strong>exiguitatis</strong></span> <span class='ocrx_word' id='word_1_342' title='bbox 1319 4043 1561 4095; x_wconf 85' lang='lat' dir='ltr'><strong>corpora,</strong></span> <span class='ocrx_word' id='word_1_343' title='bbox 1582 4039 1689 4081; x_wconf 85' lang='lat' dir='ltr'><strong>etc.</strong></span> <span class='ocrx_word' id='word_1_344' title='bbox 1715 4028 1792 4080; x_wconf 88' lang='lat' dir='ltr'><strong>Ex</strong></span> <span class='ocrx_word' id='word_1_345' title='bbox 1821 4044 1982 4095; x_wconf 84' lang='lat' dir='ltr'><strong>supra</strong></span> 
     </span>
    </p>
   </div>
   <div class='ocr_carea' id='block_1_43' title="bbox 401 4097 1983 4166">
    <p class='ocr_par' dir='ltr' id='par_1_43' title="bbox 401 4097 1983 4166">
     <span class='ocr_line' id='line_1_43' title="bbox 401 4097 1983 4166; baseline 0 -15"><span class='ocrx_word' id='word_1_346' title='bbox 401 4097 581 4151; x_wconf 85' lang='lat' dir='ltr'><strong>allatis</strong></span> <span class='ocrx_word' id='word_1_347' title='bbox 612 4097 1068 4164; x_wconf 86' lang='lat' dir='ltr'><strong>sequentibusque</strong></span> <span class='ocrx_word' id='word_1_348' title='bbox 1093 4112 1159 4150; x_wconf 90' lang='lat' dir='ltr'><strong>ac</strong></span> <span class='ocrx_word' id='word_1_349' title='bbox 1185 4097 1451 4151; x_wconf 81' lang='lat' dir='ltr'><strong>similibus</strong></span> <span class='ocrx_word' id='word_1_350' title='bbox 1475 4097 1608 4150; x_wconf 91' lang='lat' dir='ltr'><strong>locis</strong></span> <span class='ocrx_word' id='word_1_351' title='bbox 1625 4135 1642 4162; x_wconf 91' lang='lat'><strong>,</strong></span> <span class='ocrx_word' id='word_1_352' title='bbox 1669 4114 1774 4152; x_wconf 91' lang='lat' dir='ltr'><strong>non</strong></span> <span class='ocrx_word' id='word_1_353' title='bbox 1800 4099 1983 4166; x_wconf 86' lang='lat' dir='ltr'><strong>sequi-</strong></span> 
     </span>
    </p>
   </div>
   <div class='ocr_carea' id='block_1_44' title="bbox 402 4167 1980 4236">
    <p class='ocr_par' dir='ltr' id='par_1_44' title="bbox 402 4167 1980 4236">
     <span class='ocr_line' id='line_1_44' title="bbox 402 4167 1980 4236; baseline 0 -16"><span class='ocrx_word' id='word_1_354' title='bbox 402 4178 493 4221; x_wconf 91' lang='lat' dir='ltr'><strong>tur</strong></span> <span class='ocrx_word' id='word_1_355' title='bbox 508 4167 794 4236; x_wconf 79' lang='lat' dir='ltr'><strong>Origenem</strong></span> <span class='ocrx_word' id='word_1_356' title='bbox 816 4175 1062 4220; x_wconf 89' lang='lat' dir='ltr'><strong>naturam</strong></span> <span class='ocrx_word' id='word_1_357' title='bbox 1080 4167 1273 4236; x_wconf 70' lang='lat' dir='ltr'><strong>animae</strong></span> <span class='ocrx_word' id='word_1_358' title='bbox 1291 4177 1346 4221; x_wconf 90' lang='lat' dir='ltr'><strong>et</strong></span> <span class='ocrx_word' id='word_1_359' title='bbox 1368 4167 1594 4220; x_wconf 91' lang='lat' dir='ltr'><strong>aliorum</strong></span> <span class='ocrx_word' id='word_1_360' title='bbox 1620 4168 1902 4236; x_wconf 89' lang='lat' dir='ltr'><strong>spirituum</strong></span> <span class='ocrx_word' id='word_1_361' title='bbox 1929 4168 1980 4220; x_wconf 91' lang='lat' dir='ltr'><strong>in</strong></span> 
     </span>
    </p>
   </div>
   <div class='ocr_carea' id='block_1_45' title="bbox 401 4235 1984 4305">
    <p class='ocr_par' dir='ltr' id='par_1_45' title="bbox 401 4235 1984 4305">
     <span class='ocr_line' id='line_1_45' title="bbox 401 4235 1984 4305; baseline -0.001 -15"><span class='ocrx_word' id='word_1_362' title='bbox 401 4252 630 4305; x_wconf 88' lang='lat' dir='ltr'><strong>corpore</strong></span> <span class='ocrx_word' id='word_1_363' title='bbox 659 4237 1006 4303; x_wconf 69' lang='lat' dir='ltr'><strong>quantumvis</strong></span> <span class='ocrx_word' id='word_1_364' title='bbox 1036 4235 1218 4290; x_wconf 89' lang='lat' dir='ltr'><strong>subtili</strong></span> <span class='ocrx_word' id='word_1_365' title='bbox 1256 4239 1524 4305; x_wconf 90' lang='lat' dir='ltr'><strong>posuisse.</strong></span> <span class='ocrx_word' id='word_1_366' title='bbox 1561 4237 1617 4290; x_wconf 84' lang='lat' dir='ltr'><strong>Id</strong></span> <span class='ocrx_word' id='word_1_367' title='bbox 1649 4235 1822 4290; x_wconf 89' lang='lat' dir='ltr'><strong>solum</strong></span> <span class='ocrx_word' id='word_1_368' title='bbox 1853 4250 1984 4291; x_wconf 82' lang='lat' dir='ltr'><strong>cun-</strong></span> 
     </span>
    </p>
   </div>
   <div class='ocr_carea' id='block_1_46' title="bbox 405 4305 1978 4375">
    <p class='ocr_par' dir='ltr' id='par_1_46' title="bbox 405 4305 1978 4375">
     <span class='ocr_line' id='line_1_46' title="bbox 405 4305 1978 4375; baseline -0.001 -16"><span class='ocrx_word' id='word_1_369' title='bbox 405 4307 584 4362; x_wconf 88' lang='lat' dir='ltr'><strong>licitur</strong></span> <span class='ocrx_word' id='word_1_370' title='bbox 618 4307 788 4374; x_wconf 90' lang='lat' dir='ltr'><strong>ipsum</strong></span> <span class='ocrx_word' id='word_1_371' title='bbox 822 4305 974 4375; x_wconf 80' lang='lat' dir='ltr'><strong>juxta</strong></span> <span class='ocrx_word' id='word_1_372' title='bbox 1025 4322 1089 4359; x_wconf 91' lang='lat' dir='ltr'><strong>ac</strong></span> <span class='ocrx_word' id='word_1_373' title='bbox 1140 4305 1448 4362; x_wconf 82' lang='lat' dir='ltr'><strong>Platonicos</strong></span> <span class='ocrx_word' id='word_1_374' title='bbox 1490 4316 1709 4374; x_wconf 84' lang='lat' dir='ltr'><strong>putasse</strong></span> <span class='ocrx_word' id='word_1_375' title='bbox 1749 4307 1978 4369; x_wconf 88' lang='lat' dir='ltr'><strong>animas,</strong></span> 
     </span>
    </p>
   </div>
   <div class='ocr_carea' id='block_1_47' title="bbox 401 4375 1981 4444">
    <p class='ocr_par' dir='ltr' id='par_1_47' title="bbox 401 4375 1981 4444">
     <span class='ocr_line' id='line_1_47' title="bbox 401 4375 1981 4444; baseline 0.001 -15"><span class='ocrx_word' id='word_1_376' title='bbox 401 4377 645 4444; x_wconf 89' lang='lat' dir='ltr'><strong>aliasque</strong></span> <span class='ocrx_word' id='word_1_377' title='bbox 685 4377 1017 4432; x_wconf 70' lang='lat' dir='ltr'><strong>substantias</strong></span> <span class='ocrx_word' id='word_1_378' title='bbox 1048 4375 1418 4440; x_wconf 85' lang='lat' dir='ltr'><strong>rationabiles,</strong></span> <span class='ocrx_word' id='word_1_379' title='bbox 1455 4388 1650 4430; x_wconf 91' lang='lat' dir='ltr'><strong>natura</strong></span> <span class='ocrx_word' id='word_1_380' title='bbox 1677 4392 1772 4430; x_wconf 89' lang='lat' dir='ltr'><strong>sna</strong></span> <span class='ocrx_word' id='word_1_381' title='bbox 1802 4378 1981 4430; x_wconf 87' lang='lat' dir='ltr'><strong>incor-</strong></span> 
     </span>
    </p>
   </div>
   <div class='ocr_carea' id='block_1_48' title="bbox 401 4445 1979 4515">
    <p class='ocr_par' dir='ltr' id='par_1_48' title="bbox 401 4445 1979 4515">
     <span class='ocr_line' id='line_1_48' title="bbox 401 4445 1979 4515; baseline 0.001 -19"><span class='ocrx_word' id='word_1_382' title='bbox 401 4461 594 4515; x_wconf 82' lang='lat' dir='ltr'><strong>poreas</strong></span> <span class='ocrx_word' id='word_1_383' title='bbox 619 4455 672 4498; x_wconf 90' lang='lat' dir='ltr'><strong>et</strong></span> <span class='ocrx_word' id='word_1_384' title='bbox 697 4445 1020 4510; x_wconf 87' lang='lat' dir='ltr'><strong>invisibiles,</strong></span> <span class='ocrx_word' id='word_1_385' title='bbox 1055 4448 1376 4514; x_wconf 78' lang='lat' dir='ltr'><strong>carpet-ibus</strong></span> <span class='ocrx_word' id='word_1_386' title='bbox 1418 4456 1595 4500; x_wconf 89' lang='lat' dir='ltr'><strong>tamen</strong></span> <span class='ocrx_word' id='word_1_387' title='bbox 1628 4449 1784 4514; x_wconf 89' lang='lat' dir='ltr'><strong>quasi</strong></span> <span class='ocrx_word' id='word_1_388' title='bbox 1821 4446 1979 4499; x_wconf 86' lang='lat' dir='ltr'><strong>indu-</strong></span> 
     </span>
    </p>
   </div>
   <div class='ocr_carea' id='block_1_49' title="bbox 401 4515 2060 4609">
    <p class='ocr_par' dir='ltr' id='par_1_49' title="bbox 401 4515 2060 4609">
     <span class='ocr_line' id='line_1_49' title="bbox 401 4515 2060 4609; baseline -0.001 -40"><span class='ocrx_word' id='word_1_389' title='bbox 401 4526 587 4597; x_wconf 74' lang='lat' dir='ltr'><strong>mento</strong></span> <span class='ocrx_word' id='word_1_390' title='bbox 615 4529 669 4568; x_wconf 91' lang='lat' dir='ltr'><strong>et</strong></span> <span class='ocrx_word' id='word_1_391' title='bbox 723 4515 971 4609; x_wconf 58' lang='lat' dir='ltr'><strong>vleliiculo</strong></span> <span class='ocrx_word' id='word_1_392' title='bbox 1020 4517 1394 4609; x_wconf 68' lang='lat' dir='ltr'><strong>circuiiivolvi.</strong></span> <span class='ocrx_word' id='word_1_393' title='bbox 1427 4531 1600 4584; x_wconf 86' lang='lat' dir='ltr'><strong>neque</strong></span> <span class='ocrx_word' id='word_1_394' title='bbox 1647 4518 1712 4609; x_wconf 67' lang='lat' dir='ltr'><strong>iis</strong></span> <span class='ocrx_word' id='word_1_395' title='bbox 1743 4531 1980 4609; x_wconf 53' lang='lat' dir='ltr'><strong>niilqnani</strong></span> <span class='ocrx_word' id='word_1_396' title='bbox 2013 4549 2060 4609; x_wconf 72' lang='grc' dir='ltr'>ο</span> 
     </span>
    </p>
   </div>
   <div class='ocr_carea' id='block_1_50' title="bbox 399 4585 1979 4654">
    <p class='ocr_par' dir='ltr' id='par_1_50' title="bbox 399 4585 1979 4654">
     <span class='ocr_line' id='line_1_50' title="bbox 399 4585 1979 4654; baseline -0.002 -14"><span class='ocrx_word' id='word_1_397' title='bbox 399 4586 624 4640; x_wconf 89' lang='lat' dir='ltr'><strong>omnino</strong></span> <span class='ocrx_word' id='word_1_398' title='bbox 655 4585 873 4649; x_wconf 88' lang='lat' dir='ltr'><strong>nudari,</strong></span> <span class='ocrx_word' id='word_1_399' title='bbox 905 4596 1089 4654; x_wconf 82' lang='lat' dir='ltr'><strong>utpme</strong></span> <span class='ocrx_word' id='word_1_400' title='bbox 1116 4601 1235 4654; x_wconf 80' lang='lat' dir='ltr'><strong>quae</strong></span> <span class='ocrx_word' id='word_1_401' title='bbox 1263 4589 1419 4640; x_wconf 72' lang='lat' dir='ltr'><strong>nndze</strong></span> <span class='ocrx_word' id='word_1_402' title='bbox 1461 4587 1840 4653; x_wconf 88' lang='lat' dir='ltr'><strong>comprehendi</strong></span> <span class='ocrx_word' id='word_1_403' title='bbox 1877 4602 1979 4638; x_wconf 92' lang='lat' dir='ltr'><strong>non</strong></span> 
     </span>
    </p>
   </div>
   <div class='ocr_carea' id='block_1_51' title="bbox 399 4657 1982 4724">
    <p class='ocr_par' dir='ltr' id='par_1_51' title="bbox 399 4657 1982 4724">
     <span class='ocr_line' id='line_1_51' title="bbox 399 4657 1982 4724; baseline 0.002 -17"><span class='ocrx_word' id='word_1_404' title='bbox 399 4659 628 4722; x_wconf 83' lang='lat' dir='ltr'><strong>possint,</strong></span> <span class='ocrx_word' id='word_1_405' title='bbox 658 4672 758 4710; x_wconf 88' lang='lat' dir='ltr'><strong>nec</strong></span> <span class='ocrx_word' id='word_1_406' title='bbox 806 4657 858 4708; x_wconf 91' lang='lat' dir='ltr'><strong>in</strong></span> <span class='ocrx_word' id='word_1_407' title='bbox 905 4659 1014 4710; x_wconf 93' lang='lat' dir='ltr'><strong>ullo</strong></span> <span class='ocrx_word' id='word_1_408' title='bbox 1049 4672 1315 4724; x_wconf 89' lang='lat' dir='ltr'><strong>corporeo</strong></span> <span class='ocrx_word' id='word_1_409' title='bbox 1361 4657 1478 4709; x_wconf 91' lang='lat' dir='ltr'><strong>loco</strong></span> <span class='ocrx_word' id='word_1_410' title='bbox 1505 4660 1822 4720; x_wconf 85' lang='lat' dir='ltr'><strong>consistere,</strong></span> <span class='ocrx_word' id='word_1_411' title='bbox 1851 4657 1982 4724; x_wconf 89' lang='lat' dir='ltr'><strong>quin</strong></span> 
     </span>
    </p>
   </div>
   <div class='ocr_carea' id='block_1_52' title="bbox 399 4726 1983 4795">
    <p class='ocr_par' dir='ltr' id='par_1_52' title="bbox 399 4726 1983 4795">
     <span class='ocr_line' id='line_1_52' title="bbox 399 4726 1983 4795; baseline -0.001 -15"><span class='ocrx_word' id='word_1_412' title='bbox 399 4728 676 4794; x_wconf 89' lang='lat' dir='ltr'><strong>indigeant</strong></span> <span class='ocrx_word' id='word_1_413' title='bbox 714 4741 942 4795; x_wconf 89' lang='lat' dir='ltr'><strong>corpore</strong></span> <span class='ocrx_word' id='word_1_414' title='bbox 970 4727 1034 4780; x_wconf 88' lang='lat' dir='ltr'><strong>ad</strong></span> <span class='ocrx_word' id='word_1_415' title='bbox 1058 4738 1304 4780; x_wconf 88' lang='lat' dir='ltr'><strong>naturain</strong></span> <span class='ocrx_word' id='word_1_416' title='bbox 1346 4726 1448 4778; x_wconf 91' lang='lat' dir='ltr'><strong>loci</strong></span> <span class='ocrx_word' id='word_1_417' title='bbox 1503 4726 1644 4779; x_wconf 90' lang='lat' dir='ltr'><strong>illius</strong></span> <span class='ocrx_word' id='word_1_418' title='bbox 1673 4741 1983 4780; x_wconf 88' lang='lat' dir='ltr'><strong>accommo-</strong></span> 
     </span>
    </p>
   </div>
   <div class='ocr_carea' id='block_1_53' title="bbox 396 4796 1981 4866">
    <p class='ocr_par' dir='ltr' id='par_1_53' title="bbox 396 4796 1981 4866">
     <span class='ocr_line' id='line_1_53' title="bbox 396 4796 1981 4866; baseline 0.002 -19"><span class='ocrx_word' id='word_1_419' title='bbox 396 4796 522 4866; x_wconf 86' lang='lat' dir='ltr'><strong>dato</strong></span> <span class='ocrx_word' id='word_1_420' title='bbox 543 4812 557 4860; x_wconf 91' lang='lat'>;</span> <span class='ocrx_word' id='word_1_421' title='bbox 578 4797 670 4849; x_wconf 91' lang='lat' dir='ltr'><strong>sed</strong></span> <span class='ocrx_word' id='word_1_422' title='bbox 701 4809 897 4866; x_wconf 71' lang='lat' dir='ltr'><strong>praeter</strong></span> <span class='ocrx_word' id='word_1_423' title='bbox 912 4812 1158 4851; x_wconf 87' lang='lat' dir='ltr'><strong>crassum</strong></span> <span class='ocrx_word' id='word_1_424' title='bbox 1185 4797 1284 4849; x_wconf 91' lang='lat' dir='ltr'><strong>hoc</strong></span> <span class='ocrx_word' id='word_1_425' title='bbox 1311 4811 1506 4862; x_wconf 89' lang='lat' dir='ltr'><strong>corpus</strong></span> <span class='ocrx_word' id='word_1_426' title='bbox 1535 4797 1718 4865; x_wconf 92' lang='lat' dir='ltr'><strong>quoin</strong></span> <span class='ocrx_word' id='word_1_427' title='bbox 1745 4797 1843 4850; x_wconf 91' lang='lat' dir='ltr'><strong>hac</strong></span> <span class='ocrx_word' id='word_1_428' title='bbox 1871 4799 1981 4850; x_wconf 91' lang='lat' dir='ltr'><strong>vita</strong></span> 
     </span>
    </p>
   </div>
   <div class='ocr_carea' id='block_1_54' title="bbox 397 4865 1985 4935">
    <p class='ocr_par' dir='ltr' id='par_1_54' title="bbox 397 4865 1985 4935">
     <span class='ocr_line' id='line_1_54' title="bbox 397 4865 1985 4935; baseline 0.001 -15"><span class='ocrx_word' id='word_1_429' title='bbox 397 4865 938 4930; x_wconf 46' lang='lat' dir='ltr'><strong>indunmur&#39;aniinie,</strong></span> <span class='ocrx_word' id='word_1_430' title='bbox 975 4879 1128 4920; x_wconf 92' lang='lat' dir='ltr'><strong>certo</strong></span> <span class='ocrx_word' id='word_1_431' title='bbox 1171 4866 1404 4935; x_wconf 88' lang='lat' dir='ltr'><strong>quodam</strong></span> <span class='ocrx_word' id='word_1_432' title='bbox 1441 4882 1533 4920; x_wconf 90' lang='lat' dir='ltr'><strong>eas</strong></span> <span class='ocrx_word' id='word_1_433' title='bbox 1562 4881 1834 4920; x_wconf 83' lang='lat' dir='ltr'><strong>connexas</strong></span> <span class='ocrx_word' id='word_1_434' title='bbox 1863 4882 1985 4921; x_wconf 72' lang='lat' dir='ltr'><strong>esse</strong></span> 
     </span>
    </p>
   </div>
   <div class='ocr_carea' id='block_1_55' title="bbox 398 4936 1980 5006">
    <p class='ocr_par' dir='ltr' id='par_1_55' title="bbox 398 4936 1980 5006">
     <span class='ocr_line' id='line_1_55' title="bbox 398 4936 1980 5006; baseline 0.001 -18"><span class='ocrx_word' id='word_1_435' title='bbox 398 4937 552 4991; x_wconf 87' lang='lat' dir='ltr'><strong>aerio</strong></span> <span class='ocrx_word' id='word_1_436' title='bbox 589 4951 820 5006; x_wconf 88' lang='lat' dir='ltr'><strong>corpore</strong></span> <span class='ocrx_word' id='word_1_437' title='bbox 853 4937 999 5005; x_wconf 91' lang='lat' dir='ltr'><strong>quod</strong></span> <span class='ocrx_word' id='word_1_438' title='bbox 1040 4951 1134 4990; x_wconf 87' lang='lat' dir='ltr'><strong>eas</strong></span> <span class='ocrx_word' id='word_1_439' title='bbox 1175 4937 1375 5005; x_wconf 89' lang='lat' dir='ltr'><strong>ubique</strong></span> <span class='ocrx_word' id='word_1_440' title='bbox 1411 4936 1833 5004; x_wconf 87' lang='lat' dir='ltr'><strong>seqninir,qnod</strong></span> <span class='ocrx_word' id='word_1_441' title='bbox 1863 4953 1980 4990; x_wconf 87' lang='lat' dir='ltr'><strong>ser-</strong></span> 
     </span>
    </p>
   </div>
   <div class='ocr_carea' id='block_1_56' title="bbox 392 5007 1984 5076">
    <p class='ocr_par' dir='ltr' id='par_1_56' title="bbox 392 5007 1984 5076">
     <span class='ocr_line' id='line_1_56' title="bbox 392 5007 1984 5076; baseline -0.001 -16"><span class='ocrx_word' id='word_1_442' title='bbox 392 5017 524 5061; x_wconf 78' lang='lat' dir='ltr'><strong>vant</strong></span> <span class='ocrx_word' id='word_1_443' title='bbox 557 5007 722 5060; x_wconf 90' lang='lat' dir='ltr'><strong>etiam</strong></span> <span class='ocrx_word' id='word_1_444' title='bbox 747 5008 991 5076; x_wconf 85' lang='lat' dir='ltr'><strong>deposito</strong></span> <span class='ocrx_word' id='word_1_445' title='bbox 1021 5007 1300 5070; x_wconf 73' lang='lat' dir='ltr'><strong>crassiori,</strong></span> <span class='ocrx_word' id='word_1_446' title='bbox 1327 5010 1468 5076; x_wconf 91' lang='lat' dir='ltr'><strong>quod</strong></span> <span class='ocrx_word' id='word_1_447' title='bbox 1501 5007 1732 5073; x_wconf 88' lang='lat' dir='ltr'><strong>denique</strong></span> <span class='ocrx_word' id='word_1_448' title='bbox 1763 5022 1984 5059; x_wconf 79' lang='lat' dir='ltr'><strong>vocatur</strong></span> 
     </span>
    </p>
   </div>
   <div class='ocr_carea' id='block_1_57' title="bbox 395 5076 1983 5148">
    <p class='ocr_par' dir='ltr' id='par_1_57' title="bbox 395 5076 1983 5148">
     <span class='ocr_line' id='line_1_57' title="bbox 395 5076 1983 5148; baseline 0 -18"><span class='ocrx_word' id='word_1_449' title='bbox 395 5092 424 5130; x_wconf 90' lang='lat' dir='ltr'><strong>a</strong></span> <span class='ocrx_word' id='word_1_450' title='bbox 456 5076 764 5148; x_wconf 87' lang='lat' dir='ltr'><strong>Porphyrio</strong></span> <span class='ocrx_word' id='word_1_451' title='bbox 795 5087 851 5131; x_wconf 89' lang='lat' dir='ltr'><strong>et</strong></span> <span class='ocrx_word' id='word_1_452' title='bbox 878 5077 1091 5148; x_wconf 64' lang='lat' dir='ltr'><strong>Plotino</strong></span> <span class='ocrx_word' id='word_1_453' title='bbox 1126 5092 1145 5128; x_wconf 75' lang='grc' dir='ltr'>ι</span> <span class='ocrx_word' id='word_1_454' title='bbox 1175 5078 1423 5148; x_wconf 79' lang='lat' dir='ltr'><strong>spiritale</strong></span> <span class='ocrx_word' id='word_1_455' title='bbox 1450 5085 1504 5129; x_wconf 91' lang='lat' dir='ltr'><strong>et</strong></span> <span class='ocrx_word' id='word_1_456' title='bbox 1531 5077 1762 5148; x_wconf 87' lang='lat' dir='ltr'><strong>interius</strong></span> <span class='ocrx_word' id='word_1_457' title='bbox 1791 5079 1983 5130; x_wconf 72' lang='lat' dir='ltr'><strong>anima:</strong></span> 
     </span>
    </p>
   </div>
   <div class='ocr_carea' id='block_1_58' title="bbox 395 5146 1979 5217">
    <p class='ocr_par' dir='ltr' id='par_1_58' title="bbox 395 5146 1979 5217">
     <span class='ocr_line' id='line_1_58' title="bbox 395 5146 1979 5217; baseline 0 -17"><span class='ocrx_word' id='word_1_458' title='bbox 395 5146 799 5217; x_wconf 82' lang='lat' dir='ltr'><strong>indumentum.</strong></span> <span class='ocrx_word' id='word_1_459' title='bbox 851 5165 869 5197; x_wconf 74' lang='grc' dir='ltr'>ι</span> <span class='ocrx_word' id='word_1_460' title='bbox 901 5147 1015 5200; x_wconf 88' lang='grc' dir='ltr'>Ιιιιο</span> <span class='ocrx_word' id='word_1_461' title='bbox 1063 5160 1259 5217; x_wconf 61' lang='lat' dir='ltr'><strong>praeter</strong></span> <span class='ocrx_word' id='word_1_462' title='bbox 1302 5146 1498 5216; x_wconf 85' lang='lat' dir='ltr'><strong>duplex</strong></span> <span class='ocrx_word' id='word_1_463' title='bbox 1552 5147 1716 5200; x_wconf 87' lang='lat' dir='ltr'><strong>hocce</strong></span> <span class='ocrx_word' id='word_1_464' title='bbox 1760 5162 1979 5214; x_wconf 84' lang='lat' dir='ltr'><strong>corpus,</strong></span> 
     </span>
    </p>
   </div>
   <div class='ocr_carea' id='block_1_59' title="bbox 394 5216 1980 5287">
    <p class='ocr_par' dir='ltr' id='par_1_59' title="bbox 394 5216 1980 5287">
     <span class='ocr_line' id='line_1_59' title="bbox 394 5216 1980 5287; baseline 0 -17"><span class='ocrx_word' id='word_1_465' title='bbox 394 5216 732 5287; x_wconf 85' lang='lat' dir='ltr'><strong>Philoponus</strong></span> <span class='ocrx_word' id='word_1_466' title='bbox 757 5218 978 5270; x_wconf 87' lang='lat' dir='ltr'><strong>tertium</strong></span> <span class='ocrx_word' id='word_1_467' title='bbox 999 5216 1246 5287; x_wconf 81' lang='lat' dir='ltr'><strong>agimscit</strong></span> <span class='ocrx_word' id='word_1_468' title='bbox 1270 5219 1526 5272; x_wconf 79' lang='lat' dir='ltr'><strong>subtilius</strong></span> <span class='ocrx_word' id='word_1_469' title='bbox 1552 5227 1606 5270; x_wconf 91' lang='lat' dir='ltr'><strong>et</strong></span> <span class='ocrx_word' id='word_1_470' title='bbox 1627 5217 1810 5287; x_wconf 86' lang='lat' dir='ltr'><strong>purius</strong></span> <span class='ocrx_word' id='word_1_471' title='bbox 1839 5220 1980 5285; x_wconf 91' lang='lat' dir='ltr'><strong>quod</strong></span> 
     </span>
    </p>
   </div>
   <div class='ocr_carea' id='block_1_60' title="bbox 398 5286 1981 5359">
    <p class='ocr_par' dir='ltr' id='par_1_60' title="bbox 398 5286 1981 5359">
     <span class='ocr_line' id='line_1_60' title="bbox 398 5286 1981 5359; baseline 0 -19"><span class='ocrx_word' id='word_1_472' title='bbox 398 5298 554 5341; x_wconf 85' lang='lat' dir='ltr'><strong>vocat</strong></span> <span class='ocrx_word' id='word_1_473' title='bbox 583 5286 746 5359; x_wconf 80' lang='grc' dir='ltr'>σῶμα</span> <span class='ocrx_word' id='word_1_474' title='bbox 781 5286 1054 5359; x_wconf 61' lang='grc' dir='ltr'>οὐράνιον,</span> <span class='ocrx_word' id='word_1_475' title='bbox 1085 5289 1324 5358; x_wconf 78' lang='grc' dir='ltr'><strong>αἰθέριον</strong></span> <span class='ocrx_word' id='word_1_476' title='bbox 1346 5329 1359 5352; x_wconf 90' lang='grc'><strong>,</strong></span> <span class='ocrx_word' id='word_1_477' title='bbox 1389 5298 1450 5359; x_wconf 66' lang='lat' dir='ltr'><strong>et</strong></span> <span class='ocrx_word' id='word_1_478' title='bbox 1475 5286 1778 5356; x_wconf 72' lang='grc' dir='ltr'><strong>αὐγοειδὲς,</strong></span> <span class='ocrx_word' id='word_1_479' title='bbox 1811 5289 1981 5359; x_wconf 86' lang='lat' dir='ltr'><strong>quod-</strong></span> 
     </span>
    </p>
   </div>
   <div class='ocr_carea' id='block_1_61' title="bbox 395 5356 1983 5424">
    <p class='ocr_par' dir='ltr' id='par_1_61' title="bbox 395 5356 1983 5424">
     <span class='ocr_line' id='line_1_61' title="bbox 395 5356 1983 5424; baseline 0.003 -16"><span class='ocrx_word' id='word_1_480' title='bbox 395 5372 498 5424; x_wconf 90' lang='lat' dir='ltr'><strong>que</strong></span> <span class='ocrx_word' id='word_1_481' title='bbox 548 5356 1069 5412; x_wconf 65' lang='grc' dir='ltr'><strong>ιιιιίιιιειῦιιείτίὺιιίι</strong></span> <span class='ocrx_word' id='word_1_482' title='bbox 1099 5356 1224 5424; x_wconf 59' lang='lat' dir='ltr'><strong>qua!</strong></span> <span class='ocrx_word' id='word_1_483' title='bbox 1263 5362 1331 5411; x_wconf 89' lang='lat' dir='ltr'><strong>ab</strong></span> <span class='ocrx_word' id='word_1_484' title='bbox 1375 5357 1655 5411; x_wconf 73' lang='lat' dir='ltr'><strong>allectibns</strong></span> <span class='ocrx_word' id='word_1_485' title='bbox 1706 5358 1983 5424; x_wconf 88' lang='lat' dir='ltr'><strong>corporeis</strong></span> 
     </span>
    </p>
   </div>
   <div class='ocr_carea' id='block_1_62' title="bbox 393 5425 1982 5482">
    <p class='ocr_par' dir='ltr' id='par_1_62' title="bbox 393 5425 1982 5482">
     <span class='ocr_line' id='line_1_62' title="bbox 393 5425 1982 5482; baseline 0 -2"><span class='ocrx_word' id='word_1_486' title='bbox 393 5428 578 5482; x_wconf 75' lang='lat' dir='ltr'><strong>libera:</strong></span> <span class='ocrx_word' id='word_1_487' title='bbox 608 5437 756 5482; x_wconf 90' lang='lat' dir='ltr'><strong>sunt.</strong></span> <span class='ocrx_word' id='word_1_488' title='bbox 777 5425 1004 5481; x_wconf 90' lang='lat' dir='ltr'><strong>Proclus</strong></span> <span class='ocrx_word' id='word_1_489' title='bbox 1027 5439 1081 5480; x_wconf 89' lang='lat' dir='ltr'><strong>et</strong></span> <span class='ocrx_word' id='word_1_490' title='bbox 1102 5427 1378 5481; x_wconf 75' lang='lat' dir='ltr'><strong>llieroeli-s</strong></span> <span class='ocrx_word' id='word_1_491' title='bbox 1411 5429 1539 5481; x_wconf 90' lang='lat' dir='ltr'><strong>illud</strong></span> <span class='ocrx_word' id='word_1_492' title='bbox 1564 5437 1719 5482; x_wconf 89' lang='lat' dir='ltr'><strong>vocat</strong></span> <span class='ocrx_word' id='word_1_493' title='bbox 1741 5427 1803 5479; x_wconf 80' lang='grc' dir='ltr'><strong>τὸ</strong></span> <span class='ocrx_word' id='word_1_494' title='bbox 1828 5444 1982 5480; x_wconf 88' lang='grc' dir='ltr'>πνευ-</span> 
     </span>
    </p>
   </div>
   <div class='ocr_carea' id='block_1_63' title="bbox 395 5495 1982 5568">
    <p class='ocr_par' dir='ltr' id='par_1_63' title="bbox 395 5495 1982 5568">
     <span class='ocr_line' id='line_1_63' title="bbox 395 5495 1982 5568; baseline 0 -16"><span class='ocrx_word' id='word_1_495' title='bbox 395 5498 625 5568; x_wconf 84' lang='grc' dir='ltr'>ματικὸν</span> <span class='ocrx_word' id='word_1_496' title='bbox 656 5498 842 5568; x_wconf 71' lang='grc' dir='ltr'><strong>ὄχημα</strong></span> <span class='ocrx_word' id='word_1_497' title='bbox 873 5495 970 5567; x_wconf 80' lang='grc' dir='ltr'><strong>τῆς</strong></span> <span class='ocrx_word' id='word_1_498' title='bbox 1003 5497 1227 5566; x_wconf 78' lang='grc' dir='ltr'>λογικῆς</span> <span class='ocrx_word' id='word_1_499' title='bbox 1259 5497 1458 5567; x_wconf 72' lang='grc' dir='ltr'>ψυχῆς,</span> <span class='ocrx_word' id='word_1_500' title='bbox 1492 5516 1510 5548; x_wconf 74' lang='grc' dir='ltr'>ι</span> <span class='ocrx_word' id='word_1_501' title='bbox 1553 5499 1796 5565; x_wconf 89' lang='lat' dir='ltr'><strong>spiritale</strong></span> <span class='ocrx_word' id='word_1_502' title='bbox 1836 5499 1982 5552; x_wconf 89' lang='lat' dir='ltr'><strong>vehi-</strong></span> 
     </span>
    </p>
   </div>
   <div class='ocr_carea' id='block_1_64' title="bbox 392 5568 1977 5638">
    <p class='ocr_par' dir='ltr' id='par_1_64' title="bbox 392 5568 1977 5638">
     <span class='ocr_line' id='line_1_64' title="bbox 392 5568 1977 5638; baseline 0.001 -18"><span class='ocrx_word' id='word_1_503' title='bbox 392 5571 575 5638; x_wconf 74' lang='lat' dir='ltr'><strong>culum</strong></span> <span class='ocrx_word' id='word_1_504' title='bbox 633 5568 974 5622; x_wconf 82' lang='lat' dir='ltr'><strong>rationabilis</strong></span> <span class='ocrx_word' id='word_1_505' title='bbox 1019 5569 1235 5623; x_wconf 58' lang='lat' dir='ltr'><strong>animm.</strong></span> <span class='ocrx_word' id='word_1_506' title='bbox 1275 5588 1294 5618; x_wconf 67' lang='grc' dir='ltr'>ι</span> <span class='ocrx_word' id='word_1_507' title='bbox 1331 5573 1400 5620; x_wconf 87' lang='lat' dir='ltr'><strong>At</strong></span> <span class='ocrx_word' id='word_1_508' title='bbox 1441 5568 1596 5622; x_wconf 86' lang='lat' dir='ltr'><strong>valde</strong></span> <span class='ocrx_word' id='word_1_509' title='bbox 1637 5568 1977 5638; x_wconf 88' lang='lat' dir='ltr'><strong>peregrinum</strong></span> 
     </span>
    </p>
   </div>
   <div class='ocr_carea' id='block_1_65' title="bbox 394 5637 1980 5707">
    <p class='ocr_par' dir='ltr' id='par_1_65' title="bbox 394 5637 1980 5707">
     <span class='ocr_line' id='line_1_65' title="bbox 394 5637 1980 5707; baseline 0.001 -17"><span class='ocrx_word' id='word_1_510' title='bbox 394 5638 447 5690; x_wconf 95' lang='lat' dir='ltr'><strong>in</strong></span> <span class='ocrx_word' id='word_1_511' title='bbox 495 5637 903 5692; x_wconf 78' lang='lat' dir='ltr'><strong>Platonicorum</strong></span> <span class='ocrx_word' id='word_1_512' title='bbox 942 5640 1157 5707; x_wconf 88' lang='lat' dir='ltr'><strong>scriptis</strong></span> <span class='ocrx_word' id='word_1_513' title='bbox 1194 5655 1316 5692; x_wconf 89' lang='lat' dir='ltr'><strong>enin</strong></span> <span class='ocrx_word' id='word_1_514' title='bbox 1371 5651 1493 5693; x_wconf 87' lang='lat' dir='ltr'><strong>esse</strong></span> <span class='ocrx_word' id='word_1_515' title='bbox 1535 5637 1895 5706; x_wconf 85' lang='lat' dir='ltr'><strong>oportet,qui</strong></span> <span class='ocrx_word' id='word_1_516' title='bbox 1927 5641 1980 5692; x_wconf 90' lang='lat' dir='ltr'><strong>in</strong></span> 
     </span>
    </p>
   </div>
   <div class='ocr_carea' id='block_1_66' title="bbox 395 5708 1980 5775">
    <p class='ocr_par' dir='ltr' id='par_1_66' title="bbox 395 5708 1980 5775">
     <span class='ocr_line' id='line_1_66' title="bbox 395 5708 1980 5775; baseline 0.001 -14"><span class='ocrx_word' id='word_1_517' title='bbox 395 5710 564 5763; x_wconf 85' lang='lat' dir='ltr'><strong>hocce</strong></span> <span class='ocrx_word' id='word_1_518' title='bbox 597 5708 797 5775; x_wconf 84' lang='lat' dir='ltr'><strong>duplici</strong></span> <span class='ocrx_word' id='word_1_519' title='bbox 833 5709 1078 5762; x_wconf 90' lang='lat' dir='ltr'><strong>interiori</strong></span> <span class='ocrx_word' id='word_1_520' title='bbox 1129 5708 1210 5760; x_wconf 78' lang='lat' dir='ltr'><strong>vel</strong></span> <span class='ocrx_word' id='word_1_521' title='bbox 1263 5709 1531 5763; x_wconf 87' lang='lat' dir='ltr'><strong>alterutro</strong></span> <span class='ocrx_word' id='word_1_522' title='bbox 1583 5708 1834 5763; x_wconf 88' lang='lat' dir='ltr'><strong>vehicqu</strong></span> <span class='ocrx_word' id='word_1_523' title='bbox 1885 5724 1980 5763; x_wconf 92' lang='lat' dir='ltr'><strong>eos</strong></span> 
     </span>
    </p>
   </div>
   <div class='ocr_carea' id='block_1_67' title="bbox 393 5777 1980 5846">
    <p class='ocr_par' dir='ltr' id='par_1_67' title="bbox 393 5777 1980 5846">
     <span class='ocr_line' id='line_1_67' title="bbox 393 5777 1980 5846; baseline 0.001 -16"><span class='ocrx_word' id='word_1_524' title='bbox 393 5780 664 5844; x_wconf 88' lang='lat' dir='ltr'><strong>putaverit</strong></span> <span class='ocrx_word' id='word_1_525' title='bbox 690 5781 886 5832; x_wconf 76' lang='lat' dir='ltr'><strong>anima:</strong></span> <span class='ocrx_word' id='word_1_526' title='bbox 921 5789 1167 5832; x_wconf 84' lang='lat' dir='ltr'><strong>naturain</strong></span> <span class='ocrx_word' id='word_1_527' title='bbox 1216 5777 1481 5846; x_wconf 84' lang='lat' dir='ltr'><strong>posuisse.</strong></span> <span class='ocrx_word' id='word_1_528' title='bbox 1525 5777 1724 5845; x_wconf 84' lang='lat' dir='ltr'><strong>Aperte</strong></span> <span class='ocrx_word' id='word_1_529' title='bbox 1763 5787 1980 5832; x_wconf 89' lang='lat' dir='ltr'><strong>senten—</strong></span> 
     </span>
    </p>
   </div>
   <div class='ocr_carea' id='block_1_68' title="bbox 395 5847 1984 5918">
    <p class='ocr_par' dir='ltr' id='par_1_68' title="bbox 395 5847 1984 5918">
     <span class='ocr_line' id='line_1_68' title="bbox 395 5847 1984 5918; baseline 0.004 -17"><span class='ocrx_word' id='word_1_530' title='bbox 395 5852 522 5902; x_wconf 85' lang='lat' dir='ltr'><strong>tiam</strong></span> <span class='ocrx_word' id='word_1_531' title='bbox 564 5865 717 5904; x_wconf 86' lang='lat' dir='ltr'><strong>suam</strong></span> <span class='ocrx_word' id='word_1_532' title='bbox 750 5853 817 5905; x_wconf 91' lang='lat' dir='ltr'><strong>de</strong></span> <span class='ocrx_word' id='word_1_533' title='bbox 858 5850 1158 5904; x_wconf 88' lang='lat' dir='ltr'><strong>animarum</strong></span> <span class='ocrx_word' id='word_1_534' title='bbox 1193 5859 1387 5904; x_wconf 85' lang='lat' dir='ltr'><strong>natura</strong></span> <span class='ocrx_word' id='word_1_535' title='bbox 1419 5848 1675 5916; x_wconf 80' lang='lat' dir='ltr'><strong>exprimit</strong></span> <span class='ocrx_word' id='word_1_536' title='bbox 1716 5847 1984 5918; x_wconf 79' lang='lat' dir='ltr'><strong>Origenes</strong></span> 
     </span>
    </p>
   </div>
   <div class='ocr_carea' id='block_1_69' title="bbox 2111 625 3691 700">
    <p class='ocr_par' dir='ltr' id='par_1_69' title="bbox 2111 625 3691 700">
     <span class='ocr_line' id='line_1_69' title="bbox 2111 625 3691 700; baseline 0.001 -22"><span class='ocrx_word' id='word_1_537' title='bbox 2111 625 2209 697; x_wconf 81' lang='grc' dir='ltr'>τὴν</span> <span class='ocrx_word' id='word_1_538' title='bbox 2258 625 2584 695; x_wconf 81' lang='grc' dir='ltr'>ἁγγέλων,ἢ</span> <span class='ocrx_word' id='word_1_539' title='bbox 2623 625 2848 697; x_wconf 87' lang='grc' dir='ltr'>Θρόνων,</span> <span class='ocrx_word' id='word_1_540' title='bbox 2882 625 2916 696; x_wconf 80' lang='grc' dir='ltr'>ἢ</span> <span class='ocrx_word' id='word_1_541' title='bbox 2959 627 3318 697; x_wconf 82' lang='grc' dir='ltr'>κυριοτήτων,</span> <span class='ocrx_word' id='word_1_542' title='bbox 3352 625 3385 696; x_wconf 84' lang='grc' dir='ltr'><strong>ἢ</strong></span> <span class='ocrx_word' id='word_1_543' title='bbox 3421 627 3626 698; x_wconf 83' lang='grc' dir='ltr'>ἀρχῶν,</span> <span class='ocrx_word' id='word_1_544' title='bbox 3655 627 3691 700; x_wconf 81' lang='grc' dir='ltr'>ἢ</span> 
     </span>
    </p>
   </div>
   <div class='ocr_carea' id='block_1_70' title="bbox 2109 716 3691 788">
    <p class='ocr_par' dir='ltr' id='par_1_70' title="bbox 2109 716 3691 788">
     <span class='ocr_line' id='line_1_70' title="bbox 2109 716 3691 788; baseline 0.001 -16"><span class='ocrx_word' id='word_1_545' title='bbox 2109 719 2370 784; x_wconf 76' lang='grc' dir='ltr'>ἐξουσιῶν</span> <span class='ocrx_word' id='word_1_546' title='bbox 2389 719 2702 771; x_wconf 81' lang='grc' dir='ltr'>ὑπόστασιν.</span> <span class='ocrx_word' id='word_1_547' title='bbox 2725 719 2846 773; x_wconf 87' lang='lat' dir='ltr'><strong>Ideo</strong></span> <span class='ocrx_word' id='word_1_548' title='bbox 2864 717 3194 786; x_wconf 89' lang='lat' dir='ltr'><strong>Sophronins</strong></span> <span class='ocrx_word' id='word_1_549' title='bbox 3206 716 3691 788; x_wconf 76' lang='lat' dir='ltr'><strong>Jerosolyniitanus</strong></span> 
     </span>
    </p>
   </div>
   <div class='ocr_carea' id='block_1_71' title="bbox 2109 806 3692 880">
    <p class='ocr_par' dir='ltr' id='par_1_71' title="bbox 2109 806 3692 880">
     <span class='ocr_line' id='line_1_71' title="bbox 2109 806 3692 880; baseline -0.001 -15"><span class='ocrx_word' id='word_1_550' title='bbox 2109 810 2162 866; x_wconf 89' lang='lat' dir='ltr'><strong>iti</strong></span> <span class='ocrx_word' id='word_1_551' title='bbox 2200 811 2426 880; x_wconf 87' lang='lat' dir='ltr'><strong>epistola</strong></span> <span class='ocrx_word' id='word_1_552' title='bbox 2455 811 2520 862; x_wconf 90' lang='lat' dir='ltr'><strong>ad</strong></span> <span class='ocrx_word' id='word_1_553' title='bbox 2552 808 2798 878; x_wconf 81' lang='lat' dir='ltr'><strong>Sergium</strong></span> <span class='ocrx_word' id='word_1_554' title='bbox 2839 808 3028 863; x_wconf 88' lang='lat' dir='ltr'><strong>scribit</strong></span> <span class='ocrx_word' id='word_1_555' title='bbox 3062 806 3378 879; x_wconf 78' lang='lat' dir='ltr'><strong>Origenem,</strong></span> <span class='ocrx_word' id='word_1_556' title='bbox 3414 808 3692 878; x_wconf 80' lang='lat' dir='ltr'><strong>ipsiusque</strong></span> 
     </span>
    </p>
   </div>
   <div class='ocr_carea' id='block_1_72' title="bbox 2109 902 3691 971">
    <p class='ocr_par' dir='ltr' id='par_1_72' title="bbox 2109 902 3691 971">
     <span class='ocr_line' id='line_1_72' title="bbox 2109 902 3691 971; baseline -0.001 -13"><span class='ocrx_word' id='word_1_557' title='bbox 2109 917 2371 971; x_wconf 85' lang='lat' dir='ltr'><strong>sequaces</strong></span> <span class='ocrx_word' id='word_1_558' title='bbox 2420 902 2622 956; x_wconf 79' lang='lat' dir='ltr'><strong>dixisse</strong></span> <span class='ocrx_word' id='word_1_559' title='bbox 2678 902 2887 955; x_wconf 88' lang='lat' dir='ltr'><strong>animas</strong></span> <span class='ocrx_word' id='word_1_560' title='bbox 2945 910 3070 955; x_wconf 89' lang='lat' dir='ltr'><strong>ante</strong></span> <span class='ocrx_word' id='word_1_561' title='bbox 3132 915 3360 971; x_wconf 90' lang='lat' dir='ltr'><strong>corpora</strong></span> <span class='ocrx_word' id='word_1_562' title='bbox 3419 915 3585 956; x_wconf 87' lang='lat' dir='ltr'><strong>carne</strong></span> <span class='ocrx_word' id='word_1_563' title='bbox 3631 911 3691 956; x_wconf 87' lang='lat' dir='ltr'><strong>et.</strong></span> 
     </span>
    </p>
   </div>
   <div class='ocr_carea' id='block_1_73' title="bbox 2109 993 3686 1064">
    <p class='ocr_par' dir='ltr' id='par_1_73' title="bbox 2109 993 3686 1064">
     <span class='ocr_line' id='line_1_73' title="bbox 2109 993 3686 1064; baseline -0.001 -14"><span class='ocrx_word' id='word_1_564' title='bbox 2109 1009 2336 1064; x_wconf 91' lang='lat' dir='ltr'><strong>corpore</strong></span> <span class='ocrx_word' id='word_1_565' title='bbox 2388 1004 2664 1049; x_wconf 87' lang='lat' dir='ltr'><strong>carentem</strong></span> <span class='ocrx_word' id='word_1_566' title='bbox 2721 995 2886 1048; x_wconf 86' lang='lat' dir='ltr'><strong>vitam</strong></span> <span class='ocrx_word' id='word_1_567' title='bbox 2928 994 3105 1064; x_wconf 79' lang='lat' dir='ltr'><strong>egisse</strong></span> <span class='ocrx_word' id='word_1_568' title='bbox 3151 994 3204 1047; x_wconf 92' lang='lat' dir='ltr'><strong>in</strong></span> <span class='ocrx_word' id='word_1_569' title='bbox 3268 993 3408 1050; x_wconf 67' lang='lat' dir='ltr'><strong>cutio</strong></span> <span class='ocrx_word' id='word_1_570' title='bbox 3447 994 3686 1049; x_wconf 89' lang='lat' dir='ltr'><strong>nondum</strong></span> 
     </span>
    </p>
   </div>
   <div class='ocr_carea' id='block_1_74' title="bbox 2105 1097 2308 1141">
    <p class='ocr_par' dir='ltr' id='par_1_74' title="bbox 2105 1097 2308 1141">
     <span class='ocr_line' id='line_1_74' title="bbox 2105 1097 2308 1141; baseline 0.005 -1"><span class='ocrx_word' id='word_1_571' title='bbox 2105 1097 2308 1141; x_wconf 86' lang='lat' dir='ltr'><strong>creato.</strong></span> 
     </span>
    </p>
   </div>
   <div class='ocr_carea' id='block_1_75' title="bbox 2179 1175 3683 1248">
    <p class='ocr_par' dir='ltr' id='par_1_75' title="bbox 2179 1175 3683 1248">
     <span class='ocr_line' id='line_1_75' title="bbox 2179 1175 3683 1248; baseline 0.001 -16"><span class='ocrx_word' id='word_1_572' title='bbox 2179 1175 2248 1232; x_wconf 69' lang='grc' dir='ltr'>ν.</span> <span class='ocrx_word' id='word_1_573' title='bbox 2278 1178 2332 1230; x_wconf 86' lang='lat' dir='ltr'><strong>In</strong></span> <span class='ocrx_word' id='word_1_574' title='bbox 2365 1177 2448 1232; x_wconf 91' lang='lat' dir='ltr'><strong>his</strong></span> <span class='ocrx_word' id='word_1_575' title='bbox 2475 1191 2657 1232; x_wconf 90' lang='lat' dir='ltr'><strong>secum</strong></span> <span class='ocrx_word' id='word_1_576' title='bbox 2705 1177 2830 1233; x_wconf 89' lang='lat' dir='ltr'><strong>licet</strong></span> <span class='ocrx_word' id='word_1_577' title='bbox 2856 1191 3098 1248; x_wconf 86' lang='lat' dir='ltr'><strong>pugnare</strong></span> <span class='ocrx_word' id='word_1_578' title='bbox 3124 1176 3372 1231; x_wconf 89' lang='lat' dir='ltr'><strong>videatur</strong></span> <span class='ocrx_word' id='word_1_579' title='bbox 3403 1176 3683 1248; x_wconf 78' lang='lat' dir='ltr'><strong>Origenes,</strong></span> 
     </span>
    </p>
   </div>
   <div class='ocr_carea' id='block_1_76' title="bbox 2107 1269 3682 1340">
    <p class='ocr_par' dir='ltr' id='par_1_76' title="bbox 2107 1269 3682 1340">
     <span class='ocr_line' id='line_1_76' title="bbox 2107 1269 3682 1340; baseline 0.001 -17"><span class='ocrx_word' id='word_1_580' title='bbox 2107 1269 2263 1324; x_wconf 80' lang='lat' dir='ltr'><strong>facile</strong></span> <span class='ocrx_word' id='word_1_581' title='bbox 2281 1279 2459 1324; x_wconf 90' lang='lat' dir='ltr'><strong>tamen</strong></span> <span class='ocrx_word' id='word_1_582' title='bbox 2486 1270 2857 1324; x_wconf 87' lang='lat' dir='ltr'><strong>discordantes</strong></span> <span class='ocrx_word' id='word_1_583' title='bbox 2887 1269 2988 1324; x_wconf 90' lang='lat' dir='ltr'><strong>loci</strong></span> <span class='ocrx_word' id='word_1_584' title='bbox 3013 1269 3402 1324; x_wconf 85' lang='lat' dir='ltr'><strong>conciliantur:</strong></span> <span class='ocrx_word' id='word_1_585' title='bbox 3423 1270 3536 1340; x_wconf 75' lang='lat'><strong>(29)</strong></span> <span class='ocrx_word' id='word_1_586' title='bbox 3559 1287 3682 1325; x_wconf 89' lang='lat' dir='ltr'><strong>nam</strong></span> 
     </span>
    </p>
   </div>
   <div class='ocr_carea' id='block_1_77' title="bbox 2108 1359 3686 1431">
    <p class='ocr_par' dir='ltr' id='par_1_77' title="bbox 2108 1359 3686 1431">
     <span class='ocr_line' id='line_1_77' title="bbox 2108 1359 3686 1431; baseline 0.001 -17"><span class='ocrx_word' id='word_1_587' title='bbox 2108 1359 2328 1430; x_wconf 80' lang='lat' dir='ltr'><strong>angelos</strong></span> <span class='ocrx_word' id='word_1_588' title='bbox 2369 1363 2440 1415; x_wconf 88' lang='lat' dir='ltr'><strong>ita</strong></span> <span class='ocrx_word' id='word_1_589' title='bbox 2479 1375 2768 1430; x_wconf 88' lang='lat' dir='ltr'><strong>corporeos</strong></span> <span class='ocrx_word' id='word_1_590' title='bbox 2796 1376 2917 1415; x_wconf 92' lang='lat' dir='ltr'><strong>esse</strong></span> <span class='ocrx_word' id='word_1_591' title='bbox 2939 1361 3076 1425; x_wconf 89' lang='lat' dir='ltr'><strong>vult,</strong></span> <span class='ocrx_word' id='word_1_592' title='bbox 3108 1369 3165 1414; x_wconf 91' lang='lat' dir='ltr'><strong>ut</strong></span> <span class='ocrx_word' id='word_1_593' title='bbox 3194 1360 3464 1431; x_wconf 88' lang='lat' dir='ltr'><strong>spiritales</strong></span> <span class='ocrx_word' id='word_1_594' title='bbox 3492 1361 3686 1416; x_wconf 86' lang='lat' dir='ltr'><strong>nihilo-</strong></span> 
     </span>
    </p>
   </div>
   <div class='ocr_carea' id='block_1_78' title="bbox 2106 1451 3682 1523">
    <p class='ocr_par' dir='ltr' id='par_1_78' title="bbox 2106 1451 3682 1523">
     <span class='ocr_line' id='line_1_78' title="bbox 2106 1451 3682 1523; baseline 0.001 -16"><span class='ocrx_word' id='word_1_595' title='bbox 2106 1454 2286 1507; x_wconf 85' lang='lat' dir='ltr'><strong>minus</strong></span> <span class='ocrx_word' id='word_1_596' title='bbox 2307 1468 2430 1508; x_wconf 91' lang='lat' dir='ltr'><strong>esse</strong></span> <span class='ocrx_word' id='word_1_597' title='bbox 2451 1452 2602 1520; x_wconf 87' lang='lat' dir='ltr'><strong>velit,</strong></span> <span class='ocrx_word' id='word_1_598' title='bbox 2635 1454 2776 1522; x_wconf 88' lang='lat' dir='ltr'><strong>quod</strong></span> <span class='ocrx_word' id='word_1_599' title='bbox 2800 1453 3024 1523; x_wconf 90' lang='lat' dir='ltr'><strong>spiritus</strong></span> <span class='ocrx_word' id='word_1_600' title='bbox 3056 1451 3187 1506; x_wconf 93' lang='lat' dir='ltr'><strong>nihil</strong></span> <span class='ocrx_word' id='word_1_601' title='bbox 3217 1453 3325 1507; x_wconf 84' lang='lat' dir='ltr'><strong>sint</strong></span> <span class='ocrx_word' id='word_1_602' title='bbox 3355 1452 3499 1509; x_wconf 88' lang='lat' dir='ltr'><strong>aliud</strong></span> <span class='ocrx_word' id='word_1_603' title='bbox 3518 1468 3682 1523; x_wconf 91' lang='lat' dir='ltr'><strong>quam</strong></span> 
     </span>
    </p>
   </div>
   <div class='ocr_carea' id='block_1_79' title="bbox 2105 1542 3685 1614">
    <p class='ocr_par' dir='ltr' id='par_1_79' title="bbox 2105 1542 3685 1614">
     <span class='ocr_line' id='line_1_79' title="bbox 2105 1542 3685 1614; baseline -0.001 -14"><span class='ocrx_word' id='word_1_604' title='bbox 2105 1561 2316 1600; x_wconf 92' lang='lat' dir='ltr'><strong>summa</strong></span> <span class='ocrx_word' id='word_1_605' title='bbox 2365 1545 2676 1614; x_wconf 84' lang='lat' dir='ltr'><strong>exiguitatis</strong></span> <span class='ocrx_word' id='word_1_606' title='bbox 2719 1559 2942 1614; x_wconf 89' lang='lat' dir='ltr'><strong>corpora</strong></span> <span class='ocrx_word' id='word_1_607' title='bbox 2974 1585 2989 1609; x_wconf 91' lang='lat'><strong>,</strong></span> <span class='ocrx_word' id='word_1_608' title='bbox 3063 1542 3359 1611; x_wconf 76' lang='lat' dir='ltr'><strong>cuiusmodi</strong></span> <span class='ocrx_word' id='word_1_609' title='bbox 3414 1555 3540 1600; x_wconf 91' lang='lat' dir='ltr'><strong>sunt</strong></span> <span class='ocrx_word' id='word_1_610' title='bbox 3586 1559 3685 1599; x_wconf 90' lang='lat' dir='ltr'><strong>an-</strong></span> 
     </span>
    </p>
   </div>
   <div class='ocr_carea' id='block_1_80' title="bbox 2106 1635 3677 1707">
    <p class='ocr_par' dir='ltr' id='par_1_80' title="bbox 2106 1635 3677 1707">
     <span class='ocr_line' id='line_1_80' title="bbox 2106 1635 3677 1707; baseline 0 -17"><span class='ocrx_word' id='word_1_611' title='bbox 2106 1636 2314 1707; x_wconf 88' lang='lat' dir='ltr'><strong>gelica;</strong></span> <span class='ocrx_word' id='word_1_612' title='bbox 2362 1637 2559 1692; x_wconf 90' lang='lat' dir='ltr'><strong>asserit</strong></span> <span class='ocrx_word' id='word_1_613' title='bbox 2606 1639 2801 1707; x_wconf 86' lang='lat' dir='ltr'><strong>quippe</strong></span> <span class='ocrx_word' id='word_1_614' title='bbox 2853 1636 2969 1692; x_wconf 93' lang='lat' dir='ltr'><strong>loco</strong></span> <span class='ocrx_word' id='word_1_615' title='bbox 3026 1651 3190 1704; x_wconf 87' lang='lat' dir='ltr'><strong>supra</strong></span> <span class='ocrx_word' id='word_1_616' title='bbox 3244 1635 3404 1689; x_wconf 84' lang='lat' dir='ltr'><strong>allato</strong></span> <span class='ocrx_word' id='word_1_617' title='bbox 3435 1655 3454 1687; x_wconf 75' lang='grc' dir='ltr'>ι</span> <span class='ocrx_word' id='word_1_618' title='bbox 3506 1647 3677 1690; x_wconf 82' lang='lat' dir='ltr'><strong>mate-</strong></span> 
     </span>
    </p>
   </div>
   <div class='ocr_carea' id='block_1_81' title="bbox 2104 1728 3680 1798">
    <p class='ocr_par' dir='ltr' id='par_1_81' title="bbox 2104 1728 3680 1798">
     <span class='ocr_line' id='line_1_81' title="bbox 2104 1728 3680 1798; baseline 0.001 -16"><span class='ocrx_word' id='word_1_619' title='bbox 2104 1729 2294 1784; x_wconf 89' lang='lat' dir='ltr'><strong>rialem</strong></span> <span class='ocrx_word' id='word_1_620' title='bbox 2328 1728 2686 1784; x_wconf 89' lang='lat' dir='ltr'><strong>substantiam</strong></span> <span class='ocrx_word' id='word_1_621' title='bbox 2718 1729 2876 1798; x_wconf 85' lang='lat' dir='ltr'><strong>hujus</strong></span> <span class='ocrx_word' id='word_1_622' title='bbox 2912 1730 3118 1794; x_wconf 88' lang='lat' dir='ltr'><strong>mundi,</strong></span> <span class='ocrx_word' id='word_1_623' title='bbox 3144 1729 3404 1798; x_wconf 88' lang='lat' dir='ltr'><strong>spiritalis</strong></span> <span class='ocrx_word' id='word_1_624' title='bbox 3434 1729 3680 1796; x_wconf 89' lang='lat' dir='ltr'><strong>corporis</strong></span> 
     </span>
    </p>
   </div>
   <div class='ocr_carea' id='block_1_82' title="bbox 2105 1819 3679 1889">
    <p class='ocr_par' dir='ltr' id='par_1_82' title="bbox 2105 1819 3679 1889">
     <span class='ocr_line' id='line_1_82' title="bbox 2105 1819 3679 1889; baseline 0.002 -16"><span class='ocrx_word' id='word_1_625' title='bbox 2105 1821 2437 1874; x_wconf 85' lang='lat' dir='ltr'><strong>indumentis</strong></span> <span class='ocrx_word' id='word_1_626' title='bbox 2463 1819 2546 1873; x_wconf 91' lang='lat' dir='ltr'><strong>vel</strong></span> <span class='ocrx_word' id='word_1_627' title='bbox 2578 1819 2796 1889; x_wconf 87' lang='lat' dir='ltr'><strong>angelus</strong></span> <span class='ocrx_word' id='word_1_628' title='bbox 2827 1819 2945 1884; x_wconf 86' lang='lat' dir='ltr'><strong>Dei,</strong></span> <span class='ocrx_word' id='word_1_629' title='bbox 2973 1819 3056 1874; x_wconf 90' lang='lat' dir='ltr'><strong>vel</strong></span> <span class='ocrx_word' id='word_1_630' title='bbox 3089 1820 3227 1874; x_wconf 82' lang='lat' dir='ltr'><strong>ﬁlios</strong></span> <span class='ocrx_word' id='word_1_631' title='bbox 3264 1822 3679 1876; x_wconf 89' lang='lat' dir='ltr'><strong>resurrectionis</strong></span> 
     </span>
    </p>
   </div>
   <div class='ocr_carea' id='block_1_83' title="bbox 2104 1911 3682 1982">
    <p class='ocr_par' dir='ltr' id='par_1_83' title="bbox 2104 1911 3682 1982">
     <span class='ocr_line' id='line_1_83' title="bbox 2104 1911 3682 1982; baseline 0.002 -15"><span class='ocrx_word' id='word_1_632' title='bbox 2104 1926 2399 1977; x_wconf 79' lang='lat' dir='ltr'><strong>exornare;</strong></span> <span class='ocrx_word' id='word_1_633' title='bbox 2438 1931 2457 1964; x_wconf 78' lang='grc' dir='ltr'><strong>ι</strong></span> <span class='ocrx_word' id='word_1_634' title='bbox 2497 1922 2557 1965; x_wconf 91' lang='lat' dir='ltr'><strong>ut</strong></span> <span class='ocrx_word' id='word_1_635' title='bbox 2608 1911 2884 1964; x_wconf 91' lang='lat' dir='ltr'><strong>hominum</strong></span> <span class='ocrx_word' id='word_1_636' title='bbox 2919 1926 3134 1982; x_wconf 91' lang='lat' dir='ltr'><strong>quoque</strong></span> <span class='ocrx_word' id='word_1_637' title='bbox 3179 1927 3403 1982; x_wconf 90' lang='lat' dir='ltr'><strong>corpora</strong></span> <span class='ocrx_word' id='word_1_638' title='bbox 3436 1924 3555 1982; x_wconf 92' lang='lat' dir='ltr'><strong>post</strong></span> <span class='ocrx_word' id='word_1_639' title='bbox 3594 1931 3682 1970; x_wconf 86' lang='lat' dir='ltr'><strong>re-</strong></span> 
     </span>
    </p>
   </div>
   <div class='ocr_carea' id='block_1_84' title="bbox 2103 2002 3673 2074">
    <p class='ocr_par' dir='ltr' id='par_1_84' title="bbox 2103 2002 3673 2074">
     <span class='ocr_line' id='line_1_84' title="bbox 2103 2002 3673 2074; baseline 0.001 -16"><span class='ocrx_word' id='word_1_640' title='bbox 2103 2003 2496 2058; x_wconf 88' lang='lat' dir='ltr'><strong>surrectionem</strong></span> <span class='ocrx_word' id='word_1_641' title='bbox 2543 2003 2807 2074; x_wconf 88' lang='lat' dir='ltr'><strong>spiritalia</strong></span> <span class='ocrx_word' id='word_1_642' title='bbox 2858 2002 2974 2058; x_wconf 85' lang='lat' dir='ltr'><strong>fore</strong></span> <span class='ocrx_word' id='word_1_643' title='bbox 3009 2004 3248 2058; x_wconf 84' lang='lat' dir='ltr'><strong>declarat</strong></span> <span class='ocrx_word' id='word_1_644' title='bbox 3276 2004 3512 2061; x_wconf 84' lang='lat' dir='ltr'><strong>Paulusl</strong></span> <span class='ocrx_word' id='word_1_645' title='bbox 3547 2006 3673 2066; x_wconf 88' lang='lat' dir='ltr'><strong>Cor.</strong></span> 
     </span>
    </p>
   </div>
   <div class='ocr_carea' id='block_1_85' title="bbox 2102 2095 3679 2164">
    <p class='ocr_par' dir='ltr' id='par_1_85' title="bbox 2102 2095 3679 2164">
     <span class='ocr_line' id='line_1_85' title="bbox 2102 2095 3679 2164; baseline 0.004 -18"><span class='ocrx_word' id='word_1_646' title='bbox 2102 2109 2194 2158; x_wconf 82' lang='lat' dir='ltr'><strong>xv,</strong></span> <span class='ocrx_word' id='word_1_647' title='bbox 2225 2095 2315 2149; x_wconf 71' lang='lat'><strong>44.</strong></span> <span class='ocrx_word' id='word_1_648' title='bbox 2348 2095 2583 2163; x_wconf 81' lang='lat' dir='ltr'><strong>Angelos</strong></span> <span class='ocrx_word' id='word_1_649' title='bbox 2629 2109 2791 2164; x_wconf 89' lang='lat' dir='ltr'><strong>porro</strong></span> <span class='ocrx_word' id='word_1_650' title='bbox 2825 2109 2944 2149; x_wconf 88' lang='lat' dir='ltr'><strong>cum</strong></span> <span class='ocrx_word' id='word_1_651' title='bbox 2976 2107 3194 2164; x_wconf 76' lang='lat' dir='ltr'><strong>promer</strong></span> <span class='ocrx_word' id='word_1_652' title='bbox 3253 2098 3504 2151; x_wconf 76' lang='lat' dir='ltr'><strong>eximiam</strong></span> <span class='ocrx_word' id='word_1_653' title='bbox 3563 2114 3679 2152; x_wconf 88' lang='lat' dir='ltr'><strong>cor-</strong></span> 
     </span>
    </p>
   </div>
   <div class='ocr_carea' id='block_1_86' title="bbox 2103 2186 3677 2257">
    <p class='ocr_par' dir='ltr' id='par_1_86' title="bbox 2103 2186 3677 2257">
     <span class='ocr_line' id='line_1_86' title="bbox 2103 2186 3677 2257; baseline 0.003 -18"><span class='ocrx_word' id='word_1_654' title='bbox 2103 2201 2292 2254; x_wconf 90' lang='lat' dir='ltr'><strong>porum</strong></span> <span class='ocrx_word' id='word_1_655' title='bbox 2349 2186 2700 2240; x_wconf 90' lang='lat' dir='ltr'><strong>subtilitatem</strong></span> <span class='ocrx_word' id='word_1_656' title='bbox 2741 2186 3013 2256; x_wconf 87' lang='lat' dir='ltr'><strong>spiritales</strong></span> <span class='ocrx_word' id='word_1_657' title='bbox 3066 2186 3284 2250; x_wconf 86' lang='lat' dir='ltr'><strong>dixerit,</strong></span> <span class='ocrx_word' id='word_1_658' title='bbox 3329 2189 3677 2257; x_wconf 77' lang='lat' dir='ltr'><strong>incorporeus</strong></span> 
     </span>
    </p>
   </div>
   <div class='ocr_carea' id='block_1_87' title="bbox 2104 2278 3678 2350">
    <p class='ocr_par' dir='ltr' id='par_1_87' title="bbox 2104 2278 3678 2350">
     <span class='ocr_line' id='line_1_87' title="bbox 2104 2278 3678 2350; baseline 0.005 -22"><span class='ocrx_word' id='word_1_659' title='bbox 2104 2291 2320 2347; x_wconf 89' lang='lat' dir='ltr'><strong>quoque</strong></span> <span class='ocrx_word' id='word_1_660' title='bbox 2348 2278 2765 2346; x_wconf 90' lang='lat' dir='ltr'><strong>quodaminodo,</strong></span> <span class='ocrx_word' id='word_1_661' title='bbox 2794 2286 2848 2331; x_wconf 93' lang='lat' dir='ltr'><strong>et</strong></span> <span class='ocrx_word' id='word_1_662' title='bbox 2885 2278 3336 2350; x_wconf 83' lang='grc' dir='ltr'>καταχρηστικῶς</span> <span class='ocrx_word' id='word_1_663' title='bbox 3363 2279 3468 2333; x_wconf 93' lang='lat' dir='ltr'><strong>dici</strong></span> <span class='ocrx_word' id='word_1_664' title='bbox 3519 2296 3678 2350; x_wconf 87' lang='lat' dir='ltr'><strong>posse</strong></span> 
     </span>
    </p>
   </div>
   <div class='ocr_carea' id='block_1_88' title="bbox 2100 2366 3676 2438">
    <p class='ocr_par' dir='ltr' id='par_1_88' title="bbox 2100 2366 3676 2438">
     <span class='ocr_line' id='line_1_88' title="bbox 2100 2366 3676 2438; baseline 0.003 -18"><span class='ocrx_word' id='word_1_665' title='bbox 2100 2366 2332 2432; x_wconf 85' lang='lat' dir='ltr'><strong>censuit,</strong></span> <span class='ocrx_word' id='word_1_666' title='bbox 2369 2367 2548 2422; x_wconf 91' lang='lat' dir='ltr'><strong>habita</strong></span> <span class='ocrx_word' id='word_1_667' title='bbox 2577 2368 2873 2436; x_wconf 67' lang='lat' dir='ltr'><strong>praesertim</strong></span> <span class='ocrx_word' id='word_1_668' title='bbox 2901 2382 3184 2438; x_wconf 88' lang='lat' dir='ltr'><strong>corporum</strong></span> <span class='ocrx_word' id='word_1_669' title='bbox 3238 2381 3544 2426; x_wconf 90' lang='lat' dir='ltr'><strong>nostrorum</strong></span> <span class='ocrx_word' id='word_1_670' title='bbox 3587 2387 3676 2425; x_wconf 89' lang='lat' dir='ltr'><strong>ra-</strong></span> 
     </span>
    </p>
   </div>
   <div class='ocr_carea' id='block_1_89' title="bbox 2097 2455 3673 2526">
    <p class='ocr_par' dir='ltr' id='par_1_89' title="bbox 2097 2455 3673 2526">
     <span class='ocr_line' id='line_1_89' title="bbox 2097 2455 3673 2526; baseline 0.002 -16"><span class='ocrx_word' id='word_1_671' title='bbox 2097 2456 2265 2520; x_wconf 87' lang='lat' dir='ltr'><strong>tione,</strong></span> <span class='ocrx_word' id='word_1_672' title='bbox 2288 2471 2408 2526; x_wconf 72' lang='lat' dir='ltr'><strong>qua:</strong></span> <span class='ocrx_word' id='word_1_673' title='bbox 2435 2471 2617 2511; x_wconf 87' lang='lat' dir='ltr'><strong>crassa</strong></span> <span class='ocrx_word' id='word_1_674' title='bbox 2654 2466 2798 2512; x_wconf 90' lang='lat' dir='ltr'><strong>sunt.</strong></span> <span class='ocrx_word' id='word_1_675' title='bbox 2834 2455 2890 2510; x_wconf 87' lang='lat' dir='ltr'><strong>lil</strong></span> <span class='ocrx_word' id='word_1_676' title='bbox 2921 2458 3037 2524; x_wconf 89' lang='lat' dir='ltr'><strong>ipse</strong></span> <span class='ocrx_word' id='word_1_677' title='bbox 3080 2458 3362 2512; x_wconf 79' lang='lat' dir='ltr'><strong>manifeste</strong></span> <span class='ocrx_word' id='word_1_678' title='bbox 3393 2459 3591 2514; x_wconf 89' lang='lat' dir='ltr'><strong>indicat</strong></span> <span class='ocrx_word' id='word_1_679' title='bbox 3618 2460 3673 2514; x_wconf 94' lang='lat' dir='ltr'><strong>in</strong></span> 
     </span>
    </p>
   </div>
   <div class='ocr_carea' id='block_1_90' title="bbox 2102 2547 3672 2620">
    <p class='ocr_par' dir='ltr' id='par_1_90' title="bbox 2102 2547 3672 2620">
     <span class='ocr_line' id='line_1_90' title="bbox 2102 2547 3672 2620; baseline 0.002 -19"><span class='ocrx_word' id='word_1_680' title='bbox 2102 2549 2368 2619; x_wconf 64' lang='lat' dir='ltr'><strong>prooemio</strong></span> <span class='ocrx_word' id='word_1_681' title='bbox 2415 2548 2676 2603; x_wconf 90' lang='lat' dir='ltr'><strong>librorum</strong></span> <span class='ocrx_word' id='word_1_682' title='bbox 2713 2547 2788 2602; x_wconf 91' lang='lat' dir='ltr'><strong>De</strong></span> <span class='ocrx_word' id='word_1_683' title='bbox 2833 2551 3081 2620; x_wconf 84' lang='lat' dir='ltr'><strong>princip.,</strong></span> <span class='ocrx_word' id='word_1_684' title='bbox 3122 2567 3271 2605; x_wconf 90' lang='lat' dir='ltr'><strong>num.</strong></span> <span class='ocrx_word' id='word_1_685' title='bbox 3297 2551 3351 2615; x_wconf 88' lang='lat'><strong>8,</strong></span> <span class='ocrx_word' id='word_1_686' title='bbox 3376 2567 3498 2606; x_wconf 85' lang='lat' dir='ltr'><strong>cunt</strong></span> <span class='ocrx_word' id='word_1_687' title='bbox 3526 2552 3672 2605; x_wconf 90' lang='lat' dir='ltr'><strong>enim</strong></span> 
     </span>
    </p>
   </div>
   <div class='ocr_carea' id='block_1_91' title="bbox 2099 2640 3672 2713">
    <p class='ocr_par' dir='ltr' id='par_1_91' title="bbox 2099 2640 3672 2713">
     <span class='ocr_line' id='line_1_91' title="bbox 2099 2640 3672 2713; baseline 0.001 -19"><span class='ocrx_word' id='word_1_688' title='bbox 2099 2641 2513 2711; x_wconf 89' lang='lat' dir='ltr'><strong>appellationem</strong></span> <span class='ocrx_word' id='word_1_689' title='bbox 2571 2640 2865 2710; x_wconf 85' lang='grc' dir='ltr'>ἀσωμάτου</span> <span class='ocrx_word' id='word_1_690' title='bbox 2910 2642 2962 2697; x_wconf 90' lang='lat' dir='ltr'><strong>in</strong></span> <span class='ocrx_word' id='word_1_691' title='bbox 3013 2642 3311 2712; x_wconf 88' lang='lat' dir='ltr'><strong>Scriplnris</strong></span> <span class='ocrx_word' id='word_1_692' title='bbox 3359 2643 3672 2713; x_wconf 91' lang='lat' dir='ltr'><strong>neutiquam</strong></span> 
     </span>
    </p>
   </div>
   <div class='ocr_carea' id='block_1_92' title="bbox 2097 2733 3674 2804">
    <p class='ocr_par' dir='ltr' id='par_1_92' title="bbox 2097 2733 3674 2804">
     <span class='ocr_line' id='line_1_92' title="bbox 2097 2733 3674 2804; baseline 0.002 -16"><span class='ocrx_word' id='word_1_693' title='bbox 2097 2734 2349 2803; x_wconf 88' lang='lat' dir='ltr'><strong>usurpari</strong></span> <span class='ocrx_word' id='word_1_694' title='bbox 2391 2735 2640 2798; x_wconf 83' lang='lat' dir='ltr'><strong>dixisset,</strong></span> <span class='ocrx_word' id='word_1_695' title='bbox 2676 2733 2862 2803; x_wconf 91' lang='lat' dir='ltr'><strong>objicit</strong></span> <span class='ocrx_word' id='word_1_696' title='bbox 2910 2735 3010 2790; x_wconf 93' lang='lat' dir='ltr'><strong>sibi</strong></span> <span class='ocrx_word' id='word_1_697' title='bbox 3060 2735 3236 2790; x_wconf 88' lang='lat' dir='ltr'><strong>locum</strong></span> <span class='ocrx_word' id='word_1_698' title='bbox 3265 2735 3553 2804; x_wconf 88' lang='lat' dir='ltr'><strong>quemdam</strong></span> <span class='ocrx_word' id='word_1_699' title='bbox 3605 2751 3674 2791; x_wconf 77' lang='lat' dir='ltr'><strong>ex</strong></span> 
     </span>
    </p>
   </div>
   <div class='ocr_carea' id='block_1_93' title="bbox 2096 2826 3672 2897">
    <p class='ocr_par' dir='ltr' id='par_1_93' title="bbox 2096 2826 3672 2897">
     <span class='ocr_line' id='line_1_93' title="bbox 2096 2826 3672 2897; baseline 0.002 -18"><span class='ocrx_word' id='word_1_700' title='bbox 2096 2827 2402 2897; x_wconf 85' lang='lat' dir='ltr'><strong>apocryplio</strong></span> <span class='ocrx_word' id='word_1_701' title='bbox 2438 2826 2641 2890; x_wconf 89' lang='lat' dir='ltr'><strong>libello,</strong></span> <span class='ocrx_word' id='word_1_702' title='bbox 2674 2828 2765 2897; x_wconf 89' lang='lat' dir='ltr'><strong>qui</strong></span> <span class='ocrx_word' id='word_1_703' title='bbox 2789 2826 2936 2882; x_wconf 80' lang='lat' dir='ltr'><strong>Petri</strong></span> <span class='ocrx_word' id='word_1_704' title='bbox 2971 2827 3219 2882; x_wconf 81' lang='lat' dir='ltr'><strong>Doctrina</strong></span> <span class='ocrx_word' id='word_1_705' title='bbox 3251 2829 3588 2896; x_wconf 89' lang='lat' dir='ltr'><strong>inscribitur,</strong></span> <span class='ocrx_word' id='word_1_706' title='bbox 3617 2829 3672 2882; x_wconf 91' lang='lat' dir='ltr'><strong>in</strong></span> 
     </span>
    </p>
   </div>
   <div class='ocr_carea' id='block_1_94' title="bbox 2099 2917 3673 2986">
    <p class='ocr_par' dir='ltr' id='par_1_94' title="bbox 2099 2917 3673 2986">
     <span class='ocr_line' id='line_1_94' title="bbox 2099 2917 3673 2986; baseline 0.003 -16"><span class='ocrx_word' id='word_1_707' title='bbox 2099 2931 2208 2986; x_wconf 91' lang='lat' dir='ltr'><strong>quo</strong></span> <span class='ocrx_word' id='word_1_708' title='bbox 2249 2917 2527 2986; x_wconf 90' lang='lat' dir='ltr'><strong>discipulis</strong></span> <span class='ocrx_word' id='word_1_709' title='bbox 2555 2919 2685 2973; x_wconf 90' lang='lat' dir='ltr'><strong>dicit</strong></span> <span class='ocrx_word' id='word_1_710' title='bbox 2721 2917 2976 2974; x_wconf 86' lang='lat' dir='ltr'><strong>Christus</strong></span> <span class='ocrx_word' id='word_1_711' title='bbox 3017 2934 3078 2974; x_wconf 91' lang='lat' dir='ltr'><strong>se</strong></span> <span class='ocrx_word' id='word_1_712' title='bbox 3115 2935 3227 2974; x_wconf 84' lang='lat' dir='ltr'><strong>non</strong></span> <span class='ocrx_word' id='word_1_713' title='bbox 3275 2934 3397 2975; x_wconf 89' lang='lat' dir='ltr'><strong>esse</strong></span> <span class='ocrx_word' id='word_1_714' title='bbox 3431 2937 3450 2971; x_wconf 76' lang='grc' dir='ltr'>ι</span> <span class='ocrx_word' id='word_1_715' title='bbox 3480 2920 3673 2974; x_wconf 68' lang='lat' dir='ltr'><strong>daemo-</strong></span> 
     </span>
    </p>
   </div>
   <div class='ocr_carea' id='block_1_95' title="bbox 2098 3009 3672 3080">
    <p class='ocr_par' dir='ltr' id='par_1_95' title="bbox 2098 3009 3672 3080">
     <span class='ocr_line' id='line_1_95' title="bbox 2098 3009 3672 3080; baseline 0.001 -16"><span class='ocrx_word' id='word_1_716' title='bbox 2098 3010 2245 3064; x_wconf 90' lang='lat' dir='ltr'><strong>nium</strong></span> <span class='ocrx_word' id='word_1_717' title='bbox 2283 3009 2687 3079; x_wconf 89' lang='lat' dir='ltr'><strong>incorporeum.</strong></span> <span class='ocrx_word' id='word_1_718' title='bbox 2731 3031 2750 3063; x_wconf 80' lang='grc'>›</span> <span class='ocrx_word' id='word_1_719' title='bbox 2781 3011 3092 3080; x_wconf 84' lang='lat' dir='ltr'><strong>Respondet</strong></span> <span class='ocrx_word' id='word_1_720' title='bbox 3119 3011 3382 3080; x_wconf 83' lang='lat' dir='ltr'><strong>Origenes</strong></span> <span class='ocrx_word' id='word_1_721' title='bbox 3413 3010 3554 3065; x_wconf 90' lang='lat' dir='ltr'><strong>inter</strong></span> <span class='ocrx_word' id='word_1_722' title='bbox 3579 3025 3672 3066; x_wconf 87' lang='lat' dir='ltr'><strong>ec-</strong></span> 
     </span>
    </p>
   </div>
   <div class='ocr_carea' id='block_1_96' title="bbox 2098 3102 3667 3169">
    <p class='ocr_par' dir='ltr' id='par_1_96' title="bbox 2098 3102 3667 3169">
     <span class='ocr_line' id='line_1_96' title="bbox 2098 3102 3667 3169; baseline 0.003 -15"><span class='ocrx_word' id='word_1_723' title='bbox 2098 3102 2436 3158; x_wconf 89' lang='lat' dir='ltr'><strong>clesiasticos</strong></span> <span class='ocrx_word' id='word_1_724' title='bbox 2463 3105 2630 3160; x_wconf 92' lang='lat' dir='ltr'><strong>libros</strong></span> <span class='ocrx_word' id='word_1_725' title='bbox 2661 3104 2812 3160; x_wconf 87' lang='lat' dir='ltr'><strong>Petri</strong></span> <span class='ocrx_word' id='word_1_726' title='bbox 2834 3103 3142 3159; x_wconf 79' lang='lat' dir='ltr'><strong>Doctrinam</strong></span> <span class='ocrx_word' id='word_1_727' title='bbox 3167 3120 3272 3158; x_wconf 92' lang='lat' dir='ltr'><strong>non</strong></span> <span class='ocrx_word' id='word_1_728' title='bbox 3301 3104 3488 3165; x_wconf 87' lang='lat' dir='ltr'><strong>haberi</strong></span> <span class='ocrx_word' id='word_1_729' title='bbox 3517 3121 3531 3169; x_wconf 93' lang='lat'><strong>;</strong></span> <span class='ocrx_word' id='word_1_730' title='bbox 3555 3112 3667 3158; x_wconf 89' lang='lat' dir='ltr'><strong>tum</strong></span> 
     </span>
    </p>
   </div>
   <div class='ocr_carea' id='block_1_97' title="bbox 2096 3194 3666 3267">
    <p class='ocr_par' dir='ltr' id='par_1_97' title="bbox 2096 3194 3666 3267">
     <span class='ocr_line' id='line_1_97' title="bbox 2096 3194 3666 3267; baseline 0.001 -18"><span class='ocrx_word' id='word_1_731' title='bbox 2096 3194 2291 3251; x_wconf 79' lang='lat' dir='ltr'><strong>addit:</strong></span> <span class='ocrx_word' id='word_1_732' title='bbox 2333 3216 2353 3248; x_wconf 78' lang='grc' dir='ltr'>ι</span> <span class='ocrx_word' id='word_1_733' title='bbox 2399 3199 2551 3264; x_wconf 79' lang='lat' dir='ltr'><strong>Quod</strong></span> <span class='ocrx_word' id='word_1_734' title='bbox 2596 3197 2758 3252; x_wconf 90' lang='lat' dir='ltr'><strong>etiam</strong></span> <span class='ocrx_word' id='word_1_735' title='bbox 2793 3197 2840 3252; x_wconf 89' lang='lat' dir='ltr'><strong>si</strong></span> <span class='ocrx_word' id='word_1_736' title='bbox 2889 3199 3060 3267; x_wconf 87' lang='lat' dir='ltr'><strong>ipsum</strong></span> <span class='ocrx_word' id='word_1_737' title='bbox 3115 3199 3529 3260; x_wconf 85' lang='lat' dir='ltr'><strong>concederetur,</strong></span> <span class='ocrx_word' id='word_1_738' title='bbox 3559 3211 3666 3251; x_wconf 90' lang='lat' dir='ltr'><strong>non</strong></span> 
     </span>
    </p>
   </div>
   <div class='ocr_carea' id='block_1_98' title="bbox 2093 3289 3675 3360">
    <p class='ocr_par' dir='ltr' id='par_1_98' title="bbox 2093 3289 3675 3360">
     <span class='ocr_line' id='line_1_98' title="bbox 2093 3289 3675 3360; baseline -0.001 -15"><span class='ocrx_word' id='word_1_739' title='bbox 2093 3290 2234 3345; x_wconf 92' lang='lat' dir='ltr'><strong>idem</strong></span> <span class='ocrx_word' id='word_1_740' title='bbox 2263 3305 2457 3346; x_wconf 90' lang='lat' dir='ltr'><strong>sensus</strong></span> <span class='ocrx_word' id='word_1_741' title='bbox 2486 3291 2558 3346; x_wconf 91' lang='lat' dir='ltr'><strong>ibi</strong></span> <span class='ocrx_word' id='word_1_742' title='bbox 2603 3305 2669 3345; x_wconf 80' lang='lat' dir='ltr'><strong>ex</strong></span> <span class='ocrx_word' id='word_1_743' title='bbox 2710 3292 2827 3360; x_wconf 87' lang='lat' dir='ltr'><strong>ipso</strong></span> <span class='ocrx_word' id='word_1_744' title='bbox 2853 3305 3104 3346; x_wconf 88' lang='lat' dir='ltr'><strong>sermone</strong></span> <span class='ocrx_word' id='word_1_745' title='bbox 3150 3289 3441 3360; x_wconf 84' lang='grc' dir='ltr'>ἀσωμάτου</span> <span class='ocrx_word' id='word_1_746' title='bbox 3473 3290 3675 3344; x_wconf 86' lang='lat' dir='ltr'><strong>indica-</strong></span> 
     </span>
    </p>
   </div>
   <div class='ocr_carea' id='block_1_99' title="bbox 2095 3378 3668 3450">
    <p class='ocr_par' dir='ltr' id='par_1_99' title="bbox 2095 3378 3668 3450">
     <span class='ocr_line' id='line_1_99' title="bbox 2095 3378 3668 3450; baseline 0.001 -18"><span class='ocrx_word' id='word_1_747' title='bbox 2095 3388 2264 3446; x_wconf 90' lang='lat' dir='ltr'><strong>retur,</strong></span> <span class='ocrx_word' id='word_1_748' title='bbox 2291 3380 2382 3449; x_wconf 91' lang='lat' dir='ltr'><strong>qui</strong></span> <span class='ocrx_word' id='word_1_749' title='bbox 2412 3395 2441 3433; x_wconf 95' lang='lat' dir='ltr'><strong>a</strong></span> <span class='ocrx_word' id='word_1_750' title='bbox 2468 3378 2672 3435; x_wconf 72' lang='lat' dir='ltr'><strong>Graicis</strong></span> <span class='ocrx_word' id='word_1_751' title='bbox 2709 3389 2764 3435; x_wconf 87' lang='lat' dir='ltr'><strong>et</strong></span> <span class='ocrx_word' id='word_1_752' title='bbox 2809 3379 3100 3450; x_wconf 88' lang='lat' dir='ltr'><strong>gentilibus</strong></span> <span class='ocrx_word' id='word_1_753' title='bbox 3127 3380 3437 3434; x_wconf 88' lang='lat' dir='ltr'><strong>auctoribus</strong></span> <span class='ocrx_word' id='word_1_754' title='bbox 3481 3389 3668 3436; x_wconf 89' lang='lat' dir='ltr'><strong>osten-</strong></span> 
     </span>
    </p>
   </div>
   <div class='ocr_carea' id='block_1_100' title="bbox 2091 3467 3671 3539">
    <p class='ocr_par' dir='ltr' id='par_1_100' title="bbox 2091 3467 3671 3539">
     <span class='ocr_line' id='line_1_100' title="bbox 2091 3467 3671 3539; baseline 0.001 -18"><span class='ocrx_word' id='word_1_755' title='bbox 2091 3467 2258 3532; x_wconf 86' lang='lat' dir='ltr'><strong>ditur,</strong></span> <span class='ocrx_word' id='word_1_756' title='bbox 2280 3485 2404 3523; x_wconf 93' lang='lat' dir='ltr'><strong>cum</strong></span> <span class='ocrx_word' id='word_1_757' title='bbox 2426 3468 2493 3524; x_wconf 91' lang='lat' dir='ltr'><strong>de</strong></span> <span class='ocrx_word' id='word_1_758' title='bbox 2515 3469 2832 3539; x_wconf 88' lang='lat' dir='ltr'><strong>incorporea</strong></span> <span class='ocrx_word' id='word_1_759' title='bbox 2861 3479 3051 3523; x_wconf 88' lang='lat' dir='ltr'><strong>natura</strong></span> <span class='ocrx_word' id='word_1_760' title='bbox 3077 3483 3106 3522; x_wconf 91' lang='lat' dir='ltr'><strong>a</strong></span> <span class='ocrx_word' id='word_1_761' title='bbox 3125 3468 3458 3539; x_wconf 91' lang='lat' dir='ltr'><strong>philosophis</strong></span> <span class='ocrx_word' id='word_1_762' title='bbox 3487 3469 3671 3539; x_wconf 86' lang='lat' dir='ltr'><strong>dispu-</strong></span> 
     </span>
    </p>
   </div>
   <div class='ocr_carea' id='block_1_101' title="bbox 2095 3559 3665 3630">
    <p class='ocr_par' dir='ltr' id='par_1_101' title="bbox 2095 3559 3665 3630">
     <span class='ocr_line' id='line_1_101' title="bbox 2095 3559 3665 3630; baseline 0.001 -17"><span class='ocrx_word' id='word_1_763' title='bbox 2095 3568 2260 3614; x_wconf 88' lang='lat' dir='ltr'><strong>tatur.</strong></span> <span class='ocrx_word' id='word_1_764' title='bbox 2306 3560 2362 3618; x_wconf 93' lang='lat' dir='ltr'><strong>ln</strong></span> <span class='ocrx_word' id='word_1_765' title='bbox 2393 3562 2494 3615; x_wconf 91' lang='lat' dir='ltr'><strong>hoc</strong></span> <span class='ocrx_word' id='word_1_766' title='bbox 2536 3561 2681 3615; x_wconf 90' lang='lat' dir='ltr'><strong>enim</strong></span> <span class='ocrx_word' id='word_1_767' title='bbox 2727 3559 2907 3615; x_wconf 91' lang='lat' dir='ltr'><strong>libello</strong></span> <span class='ocrx_word' id='word_1_768' title='bbox 2941 3561 3314 3630; x_wconf 89' lang='lat' dir='ltr'><strong>incorporeum</strong></span> <span class='ocrx_word' id='word_1_769' title='bbox 3340 3561 3665 3616; x_wconf 71' lang='lat' dir='ltr'><strong>daemonium</strong></span> 
     </span>
    </p>
   </div>
   <div class='ocr_carea' id='block_1_102' title="bbox 2093 3650 3668 3722">
    <p class='ocr_par' dir='ltr' id='par_1_102' title="bbox 2093 3650 3668 3722">
     <span class='ocr_line' id='line_1_102' title="bbox 2093 3650 3668 3722; baseline 0 -16"><span class='ocrx_word' id='word_1_770' title='bbox 2093 3651 2248 3717; x_wconf 81' lang='lat' dir='ltr'><strong>dixit,</strong></span> <span class='ocrx_word' id='word_1_771' title='bbox 2285 3667 2384 3722; x_wconf 90' lang='lat' dir='ltr'><strong>pro</strong></span> <span class='ocrx_word' id='word_1_772' title='bbox 2408 3666 2473 3708; x_wconf 89' lang='lat' dir='ltr'><strong>eo</strong></span> <span class='ocrx_word' id='word_1_773' title='bbox 2519 3653 2662 3722; x_wconf 88' lang='lat' dir='ltr'><strong>quod</strong></span> <span class='ocrx_word' id='word_1_774' title='bbox 2693 3653 2808 3722; x_wconf 89' lang='lat' dir='ltr'><strong>ipse</strong></span> <span class='ocrx_word' id='word_1_775' title='bbox 2834 3650 2921 3706; x_wconf 88' lang='lat' dir='ltr'><strong>ille</strong></span> <span class='ocrx_word' id='word_1_776' title='bbox 2947 3650 3256 3721; x_wconf 88' lang='lat' dir='ltr'><strong>quicunque</strong></span> <span class='ocrx_word' id='word_1_777' title='bbox 3299 3661 3383 3706; x_wconf 90' lang='lat' dir='ltr'><strong>est</strong></span> <span class='ocrx_word' id='word_1_778' title='bbox 3429 3651 3668 3718; x_wconf 88' lang='lat' dir='ltr'><strong>habitus,</strong></span> 
     </span>
    </p>
   </div>
   <div class='ocr_carea' id='block_1_103' title="bbox 2091 3883 3671 3953">
    <p class='ocr_par' dir='ltr' id='par_1_103' title="bbox 2091 3883 3671 3953">
     <span class='ocr_line' id='line_1_103' title="bbox 2091 3883 3671 3953; baseline 0 -12"><span class='ocrx_word' id='word_1_779' title='bbox 2091 3886 2186 3942; x_wconf 90' lang='lat' dir='ltr'><strong>lib.</strong></span> <span class='ocrx_word' id='word_1_780' title='bbox 2215 3901 2288 3941; x_wconf 87' lang='lat' dir='ltr'><strong>vit</strong></span> <span class='ocrx_word' id='word_1_781' title='bbox 2336 3895 2520 3938; x_wconf 84' lang='lat' dir='ltr'><strong>contra</strong></span> <span class='ocrx_word' id='word_1_782' title='bbox 2539 3883 2796 3952; x_wconf 72' lang='lat' dir='ltr'><strong>:Celsum,</strong></span> <span class='ocrx_word' id='word_1_783' title='bbox 2859 3901 3007 3940; x_wconf 90' lang='lat' dir='ltr'><strong>nttm.</strong></span> <span class='ocrx_word' id='word_1_784' title='bbox 3039 3886 3151 3941; x_wconf 77' lang='lat'><strong>5‘2:</strong></span> <span class='ocrx_word' id='word_1_785' title='bbox 3197 3905 3218 3938; x_wconf 72' lang='grc' dir='ltr'>ι</span> <span class='ocrx_word' id='word_1_786' title='bbox 3256 3886 3544 3953; x_wconf 81' lang='lat' dir='ltr'><strong>Quoniam,</strong></span> <span class='ocrx_word' id='word_1_787' title='bbox 3584 3889 3671 3941; x_wconf 88' lang='lat' dir='ltr'><strong>in-</strong></span> 
     </span>
    </p>
   </div>
   <div class='ocr_carea' id='block_1_104' title="bbox 2091 3955 3665 4026">
    <p class='ocr_par' dir='ltr' id='par_1_104' title="bbox 2091 3955 3665 4026">
     <span class='ocr_line' id='line_1_104' title="bbox 2091 3955 3665 4026; baseline 0.001 -17"><span class='ocrx_word' id='word_1_788' title='bbox 2091 3959 2230 4026; x_wconf 92' lang='lat' dir='ltr'><strong>quit,</strong></span> <span class='ocrx_word' id='word_1_789' title='bbox 2263 3955 2671 4026; x_wconf 81' lang='lat' dir='ltr'><strong>resurrectionis</strong></span> <span class='ocrx_word' id='word_1_790' title='bbox 2697 3958 2890 4020; x_wconf 81' lang='lat' dir='ltr'><strong>dogma</strong></span> <span class='ocrx_word' id='word_1_791' title='bbox 2916 3956 3038 4009; x_wconf 90' lang='lat' dir='ltr'><strong>ideo</strong></span> <span class='ocrx_word' id='word_1_792' title='bbox 3066 3956 3256 4011; x_wconf 91' lang='lat' dir='ltr'><strong>Celsus</strong></span> <span class='ocrx_word' id='word_1_793' title='bbox 3294 3958 3508 4021; x_wconf 90' lang='lat' dir='ltr'><strong>irridet,</strong></span> <span class='ocrx_word' id='word_1_794' title='bbox 3537 3957 3665 4026; x_wconf 86' lang='lat' dir='ltr'><strong>quia</strong></span> 
     </span>
    </p>
   </div>
   <div class='ocr_carea' id='block_1_105' title="bbox 2092 4024 3670 4094">
    <p class='ocr_par' dir='ltr' id='par_1_105' title="bbox 2092 4024 3670 4094">
     <span class='ocr_line' id='line_1_105' title="bbox 2092 4024 3670 4094; baseline 0.001 -14"><span class='ocrx_word' id='word_1_795' title='bbox 2092 4024 2198 4080; x_wconf 84' lang='lat' dir='ltr'><strong>non</strong></span> <span class='ocrx_word' id='word_1_796' title='bbox 2229 4024 2497 4092; x_wconf 85' lang='lat' dir='ltr'><strong>intelligit,</strong></span> <span class='ocrx_word' id='word_1_797' title='bbox 2521 4039 2619 4079; x_wconf 90' lang='lat' dir='ltr'><strong>nec</strong></span> <span class='ocrx_word' id='word_1_798' title='bbox 2651 4027 2855 4078; x_wconf 89' lang='lat' dir='ltr'><strong>audivit</strong></span> <span class='ocrx_word' id='word_1_799' title='bbox 2881 4026 2982 4079; x_wconf 88' lang='lat' dir='ltr'><strong>nisi</strong></span> <span class='ocrx_word' id='word_1_800' title='bbox 3012 4027 3076 4080; x_wconf 90' lang='lat' dir='ltr'><strong>ab</strong></span> <span class='ocrx_word' id='word_1_801' title='bbox 3106 4027 3369 4094; x_wconf 88' lang='lat' dir='ltr'><strong>imperitis</strong></span> <span class='ocrx_word' id='word_1_802' title='bbox 3399 4027 3488 4092; x_wconf 91' lang='lat' dir='ltr'><strong>qui</strong></span> <span class='ocrx_word' id='word_1_803' title='bbox 3522 4024 3670 4082; x_wconf 87' lang='lat' dir='ltr'><strong>nullo</strong></span> 
     </span>
    </p>
   </div>
   <div class='ocr_carea' id='block_1_106' title="bbox 2092 4095 3668 4165">
    <p class='ocr_par' dir='ltr' id='par_1_106' title="bbox 2092 4095 3668 4165">
     <span class='ocr_line' id='line_1_106' title="bbox 2092 4095 3668 4165; baseline 0 -16"><span class='ocrx_word' id='word_1_804' title='bbox 2092 4095 2218 4150; x_wconf 90' lang='lat' dir='ltr'><strong>illud</strong></span> <span class='ocrx_word' id='word_1_805' title='bbox 2249 4104 2572 4165; x_wconf 82' lang='lat' dir='ltr'><strong>argumento</strong></span> <span class='ocrx_word' id='word_1_806' title='bbox 2598 4104 2847 4165; x_wconf 81' lang='lat' dir='ltr'><strong>astruere</strong></span> <span class='ocrx_word' id='word_1_807' title='bbox 2879 4105 3145 4162; x_wconf 85' lang='lat' dir='ltr'><strong>poterant,</strong></span> <span class='ocrx_word' id='word_1_808' title='bbox 3168 4095 3298 4149; x_wconf 91' lang='lat' dir='ltr'><strong>utile</strong></span> <span class='ocrx_word' id='word_1_809' title='bbox 3334 4096 3668 4165; x_wconf 70' lang='lat' dir='ltr'><strong>fuerit,pra2-</strong></span> 
     </span>
    </p>
   </div>
   <div class='ocr_carea' id='block_1_107' title="bbox 2093 4163 3663 4231">
    <p class='ocr_par' dir='ltr' id='par_1_107' title="bbox 2093 4163 3663 4231">
     <span class='ocr_line' id='line_1_107' title="bbox 2093 4163 3663 4231; baseline 0 -12"><span class='ocrx_word' id='word_1_810' title='bbox 2093 4175 2178 4219; x_wconf 90' lang='lat' dir='ltr'><strong>ter</strong></span> <span class='ocrx_word' id='word_1_811' title='bbox 2201 4179 2263 4218; x_wconf 91' lang='lat' dir='ltr'><strong>ea</strong></span> <span class='ocrx_word' id='word_1_812' title='bbox 2293 4180 2410 4231; x_wconf 64' lang='lat' dir='ltr'><strong>quae</strong></span> <span class='ocrx_word' id='word_1_813' title='bbox 2440 4163 2541 4215; x_wconf 90' lang='lat' dir='ltr'><strong>hac</strong></span> <span class='ocrx_word' id='word_1_814' title='bbox 2578 4163 2646 4217; x_wconf 89' lang='lat' dir='ltr'><strong>de</strong></span> <span class='ocrx_word' id='word_1_815' title='bbox 2699 4179 2756 4217; x_wconf 90' lang='lat' dir='ltr'><strong>re</strong></span> <span class='ocrx_word' id='word_1_816' title='bbox 2807 4179 2967 4231; x_wconf 90' lang='lat' dir='ltr'><strong>supra</strong></span> <span class='ocrx_word' id='word_1_817' title='bbox 3007 4167 3147 4220; x_wconf 86' lang='lat' dir='ltr'><strong>dicta</strong></span> <span class='ocrx_word' id='word_1_818' title='bbox 3185 4175 3330 4228; x_wconf 90' lang='lat' dir='ltr'><strong>sunt,</strong></span> <span class='ocrx_word' id='word_1_819' title='bbox 3369 4167 3470 4218; x_wconf 91' lang='lat' dir='ltr'><strong>hoc</strong></span> <span class='ocrx_word' id='word_1_820' title='bbox 3499 4163 3663 4220; x_wconf 77' lang='lat' dir='ltr'><strong>unum</strong></span> 
     </span>
    </p>
   </div>
   <div class='ocr_carea' id='block_1_108' title="bbox 2087 4234 3666 4300">
    <p class='ocr_par' dir='ltr' id='par_1_108' title="bbox 2087 4234 3666 4300">
     <span class='ocr_line' id='line_1_108' title="bbox 2087 4234 3666 4300; baseline 0.001 -11"><span class='ocrx_word' id='word_1_821' title='bbox 2087 4237 2414 4296; x_wconf 83' lang='lat' dir='ltr'><strong>observare,</strong></span> <span class='ocrx_word' id='word_1_822' title='bbox 2459 4248 2577 4300; x_wconf 69' lang='lat' dir='ltr'><strong>quin</strong></span> <span class='ocrx_word' id='word_1_823' title='bbox 2604 4235 2668 4286; x_wconf 89' lang='lat' dir='ltr'><strong>ile</strong></span> <span class='ocrx_word' id='word_1_824' title='bbox 2706 4235 3100 4288; x_wconf 88' lang='lat' dir='ltr'><strong>resurrectione</strong></span> <span class='ocrx_word' id='word_1_825' title='bbox 3135 4234 3427 4298; x_wconf 81' lang='lat' dir='ltr'><strong>tradimus,</strong></span> <span class='ocrx_word' id='word_1_826' title='bbox 3460 4237 3666 4290; x_wconf 84' lang='lat' dir='ltr'><strong>ea&#39;non</strong></span> 
     </span>
    </p>
   </div>
   <div class='ocr_carea' id='block_1_109' title="bbox 2087 4301 3662 4374">
    <p class='ocr_par' dir='ltr' id='par_1_109' title="bbox 2087 4301 3662 4374">
     <span class='ocr_line' id='line_1_109' title="bbox 2087 4301 3662 4374; baseline -0.001 -16"><span class='ocrx_word' id='word_1_827' title='bbox 2087 4303 2379 4374; x_wconf 90' lang='lat' dir='ltr'><strong>prolicisci,</strong></span> <span class='ocrx_word' id='word_1_828' title='bbox 2397 4311 2452 4354; x_wconf 92' lang='lat' dir='ltr'><strong>ut</strong></span> <span class='ocrx_word' id='word_1_829' title='bbox 2481 4301 2670 4374; x_wconf 87' lang='lat' dir='ltr'><strong>Celsus</strong></span> <span class='ocrx_word' id='word_1_830' title='bbox 2691 4312 2864 4371; x_wconf 90' lang='lat' dir='ltr'><strong>putat,</strong></span> <span class='ocrx_word' id='word_1_831' title='bbox 2883 4319 2948 4356; x_wconf 86' lang='lat' dir='ltr'><strong>ex</strong></span> <span class='ocrx_word' id='word_1_832' title='bbox 2985 4304 3122 4357; x_wconf 89' lang='lat' dir='ltr'><strong>male</strong></span> <span class='ocrx_word' id='word_1_833' title='bbox 3154 4303 3423 4358; x_wconf 88' lang='lat' dir='ltr'><strong>intellecta</strong></span> <span class='ocrx_word' id='word_1_834' title='bbox 3447 4306 3662 4358; x_wconf 86' lang='lat' dir='ltr'><strong>anima-</strong></span> 
     </span>
    </p>
   </div>
   <div class='ocr_carea' id='block_1_110' title="bbox 2093 4372 3666 4443">
    <p class='ocr_par' dir='ltr' id='par_1_110' title="bbox 2093 4372 3666 4443">
     <span class='ocr_line' id='line_1_110' title="bbox 2093 4372 3666 4443; baseline 0.001 -15"><span class='ocrx_word' id='word_1_835' title='bbox 2093 4372 2208 4428; x_wconf 79' lang='lat' dir='ltr'><strong>rum</strong></span> <span class='ocrx_word' id='word_1_836' title='bbox 2237 4390 2268 4429; x_wconf 91' lang='lat' dir='ltr'><strong>e</strong></span> <span class='ocrx_word' id='word_1_837' title='bbox 2299 4372 2614 4439; x_wconf 88' lang='lat' dir='ltr'><strong>corporibus</strong></span> <span class='ocrx_word' id='word_1_838' title='bbox 2642 4373 2693 4424; x_wconf 92' lang='lat' dir='ltr'><strong>in</strong></span> <span class='ocrx_word' id='word_1_839' title='bbox 2740 4387 2966 4443; x_wconf 86' lang='lat' dir='ltr'><strong>corpora</strong></span> <span class='ocrx_word' id='word_1_840' title='bbox 3015 4374 3371 4441; x_wconf 87' lang='lat' dir='ltr'><strong>migratione;</strong></span> <span class='ocrx_word' id='word_1_841' title='bbox 3407 4375 3500 4428; x_wconf 90' lang='lat' dir='ltr'><strong>sed</strong></span> <span class='ocrx_word' id='word_1_842' title='bbox 3537 4377 3666 4443; x_wconf 86' lang='lat' dir='ltr'><strong>quia</strong></span> 
     </span>
    </p>
   </div>
   <div class='ocr_carea' id='block_1_111' title="bbox 2087 4442 3663 4512">
    <p class='ocr_par' dir='ltr' id='par_1_111' title="bbox 2087 4442 3663 4512">
     <span class='ocr_line' id='line_1_111' title="bbox 2087 4442 3663 4512; baseline -0.002 -13"><span class='ocrx_word' id='word_1_843' title='bbox 2087 4447 2287 4499; x_wconf 90' lang='lat' dir='ltr'><strong>scimus</strong></span> <span class='ocrx_word' id='word_1_844' title='bbox 2312 4443 2570 4506; x_wconf 83' lang='lat' dir='ltr'><strong>animant,</strong></span> <span class='ocrx_word' id='word_1_845' title='bbox 2601 4451 2793 4494; x_wconf 89' lang='lat' dir='ltr'><strong>natura</strong></span> <span class='ocrx_word' id='word_1_846' title='bbox 2823 4442 3197 4512; x_wconf 87' lang='lat' dir='ltr'><strong>incorpoream</strong></span> <span class='ocrx_word' id='word_1_847' title='bbox 3237 4454 3289 4496; x_wconf 94' lang='lat' dir='ltr'><strong>et</strong></span> <span class='ocrx_word' id='word_1_848' title='bbox 3315 4442 3663 4510; x_wconf 80' lang='lat' dir='ltr'><strong>invisibileni,</strong></span> 
     </span>
    </p>
   </div>
   <div class='ocr_carea' id='block_1_112' title="bbox 2087 4511 3664 4582">
    <p class='ocr_par' dir='ltr' id='par_1_112' title="bbox 2087 4511 3664 4582">
     <span class='ocr_line' id='line_1_112' title="bbox 2087 4511 3664 4582; baseline -0.001 -14"><span class='ocrx_word' id='word_1_849' title='bbox 2087 4515 2138 4568; x_wconf 91' lang='lat' dir='ltr'><strong>in</strong></span> <span class='ocrx_word' id='word_1_850' title='bbox 2172 4514 2319 4568; x_wconf 89' lang='lat' dir='ltr'><strong>nullo</strong></span> <span class='ocrx_word' id='word_1_851' title='bbox 2344 4527 2607 4580; x_wconf 84' lang='lat' dir='ltr'><strong>corporeo</strong></span> <span class='ocrx_word' id='word_1_852' title='bbox 2631 4511 2932 4582; x_wconf 86' lang='lat' dir='ltr'><strong>consistere</strong></span> <span class='ocrx_word' id='word_1_853' title='bbox 2956 4511 3092 4576; x_wconf 75' lang='lat' dir='ltr'><strong>luco,</strong></span> <span class='ocrx_word' id='word_1_854' title='bbox 3118 4514 3248 4582; x_wconf 90' lang='lat' dir='ltr'><strong>quin</strong></span> <span class='ocrx_word' id='word_1_855' title='bbox 3273 4514 3508 4582; x_wconf 88' lang='lat' dir='ltr'><strong>indigeat</strong></span> <span class='ocrx_word' id='word_1_856' title='bbox 3540 4530 3664 4569; x_wconf 76' lang='lat' dir='ltr'><strong>cor.-</strong></span> 
     </span>
    </p>
   </div>
   <div class='ocr_carea' id='block_1_113' title="bbox 2089 4581 3665 4654">
    <p class='ocr_par' dir='ltr' id='par_1_113' title="bbox 2089 4581 3665 4654">
     <span class='ocr_line' id='line_1_113' title="bbox 2089 4581 3665 4654; baseline 0.002 -18"><span class='ocrx_word' id='word_1_857' title='bbox 2089 4600 2222 4652; x_wconf 89' lang='lat' dir='ltr'><strong>pore</strong></span> <span class='ocrx_word' id='word_1_858' title='bbox 2253 4585 2319 4636; x_wconf 90' lang='lat' dir='ltr'><strong>ad</strong></span> <span class='ocrx_word' id='word_1_859' title='bbox 2368 4593 2623 4654; x_wconf 84' lang='lat' dir='ltr'><strong>naturam</strong></span> <span class='ocrx_word' id='word_1_860' title='bbox 2667 4581 2809 4636; x_wconf 92' lang='lat' dir='ltr'><strong>illius</strong></span> <span class='ocrx_word' id='word_1_861' title='bbox 2852 4581 2952 4636; x_wconf 91' lang='lat' dir='ltr'><strong>loci</strong></span> <span class='ocrx_word' id='word_1_862' title='bbox 3008 4581 3422 4654; x_wconf 86' lang='lat' dir='ltr'><strong>accommodato</strong></span> <span class='ocrx_word' id='word_1_863' title='bbox 3460 4601 3474 4638; x_wconf 92' lang='lat'><strong>:</strong></span> <span class='ocrx_word' id='word_1_864' title='bbox 3520 4585 3665 4654; x_wconf 92' lang='lat' dir='ltr'><strong>quod</strong></span> 
     </span>
    </p>
   </div>
   <div class='ocr_carea' id='block_1_114' title="bbox 2085 4652 3662 4722">
    <p class='ocr_par' dir='ltr' id='par_1_114' title="bbox 2085 4652 3662 4722">
     <span class='ocr_line' id='line_1_114' title="bbox 2085 4652 3662 4722; baseline 0 -14"><span class='ocrx_word' id='word_1_865' title='bbox 2085 4669 2286 4721; x_wconf 90' lang='lat' dir='ltr'><strong>corpus</strong></span> <span class='ocrx_word' id='word_1_866' title='bbox 2323 4653 2482 4705; x_wconf 90' lang='lat' dir='ltr'><strong>modo</strong></span> <span class='ocrx_word' id='word_1_867' title='bbox 2501 4652 2718 4720; x_wconf 90' lang='lat' dir='ltr'><strong>quidem</strong></span> <span class='ocrx_word' id='word_1_868' title='bbox 2745 4660 2934 4719; x_wconf 80' lang='lat' dir='ltr'><strong>gestat,</strong></span> <span class='ocrx_word' id='word_1_869' title='bbox 2955 4662 3119 4706; x_wconf 84' lang='lat' dir='ltr'><strong>exuto</strong></span> <span class='ocrx_word' id='word_1_870' title='bbox 3145 4653 3310 4720; x_wconf 86' lang='lat' dir='ltr'><strong>priori</strong></span> <span class='ocrx_word' id='word_1_871' title='bbox 3338 4654 3478 4722; x_wconf 91' lang='lat' dir='ltr'><strong>quod</strong></span> <span class='ocrx_word' id='word_1_872' title='bbox 3502 4652 3662 4709; x_wconf 86' lang='lat' dir='ltr'><strong>antea</strong></span> 
     </span>
    </p>
   </div>
   <div class='ocr_carea' id='block_1_115' title="bbox 2087 4722 3665 4792">
    <p class='ocr_par' dir='ltr' id='par_1_115' title="bbox 2087 4722 3665 4792">
     <span class='ocr_line' id='line_1_115' title="bbox 2087 4722 3665 4792; baseline 0.001 -17"><span class='ocrx_word' id='word_1_873' title='bbox 2087 4723 2471 4784; x_wconf 89' lang='lat' dir='ltr'><strong>necessarium,</strong></span> <span class='ocrx_word' id='word_1_874' title='bbox 2504 4734 2688 4789; x_wconf 84' lang='lat' dir='ltr'><strong>postea</strong></span> <span class='ocrx_word' id='word_1_875' title='bbox 2723 4722 2912 4775; x_wconf 89' lang='lat' dir='ltr'><strong>inutile</strong></span> <span class='ocrx_word' id='word_1_876' title='bbox 2953 4724 3044 4786; x_wconf 88' lang='lat' dir='ltr'><strong>lit;</strong></span> <span class='ocrx_word' id='word_1_877' title='bbox 3081 4723 3240 4776; x_wconf 89' lang='lat' dir='ltr'><strong>modo</strong></span> <span class='ocrx_word' id='word_1_878' title='bbox 3275 4736 3454 4778; x_wconf 89' lang='lat' dir='ltr'><strong>autem</strong></span> <span class='ocrx_word' id='word_1_879' title='bbox 3502 4739 3665 4792; x_wconf 88' lang='lat' dir='ltr'><strong>super</strong></span> 
     </span>
    </p>
   </div>
   <div class='ocr_carea' id='block_1_116' title="bbox 2086 4793 3660 4863">
    <p class='ocr_par' dir='ltr' id='par_1_116' title="bbox 2086 4793 3660 4863">
     <span class='ocr_line' id='line_1_116' title="bbox 2086 4793 3660 4863; baseline 0.001 -17"><span class='ocrx_word' id='word_1_880' title='bbox 2086 4795 2214 4846; x_wconf 93' lang='lat' dir='ltr'><strong>illnd</strong></span> <span class='ocrx_word' id='word_1_881' title='bbox 2249 4793 2389 4863; x_wconf 89' lang='lat' dir='ltr'><strong>quod</strong></span> <span class='ocrx_word' id='word_1_882' title='bbox 2426 4793 2574 4860; x_wconf 89' lang='lat' dir='ltr'><strong>prius</strong></span> <span class='ocrx_word' id='word_1_883' title='bbox 2611 4793 2865 4857; x_wconf 88' lang='lat' dir='ltr'><strong>habebat,</strong></span> <span class='ocrx_word' id='word_1_884' title='bbox 2902 4793 3142 4846; x_wconf 91' lang='lat' dir='ltr'><strong>induitur</strong></span> <span class='ocrx_word' id='word_1_885' title='bbox 3189 4795 3412 4848; x_wconf 87' lang='lat' dir='ltr'><strong>meliore</strong></span> <span class='ocrx_word' id='word_1_886' title='bbox 3439 4810 3548 4862; x_wconf 89' lang='lat' dir='ltr'><strong>quo</strong></span> <span class='ocrx_word' id='word_1_887' title='bbox 3576 4799 3660 4847; x_wconf 85' lang='lat' dir='ltr'><strong>iti-</strong></span> 
     </span>
    </p>
   </div>
   <div class='ocr_carea' id='block_1_117' title="bbox 2085 4863 3662 4933">
    <p class='ocr_par' dir='ltr' id='par_1_117' title="bbox 2085 4863 3662 4933">
     <span class='ocr_line' id='line_1_117' title="bbox 2085 4863 3662 4933; baseline 0.001 -16"><span class='ocrx_word' id='word_1_888' title='bbox 2085 4867 2228 4933; x_wconf 88' lang='lat' dir='ltr'><strong>diget</strong></span> <span class='ocrx_word' id='word_1_889' title='bbox 2275 4874 2332 4916; x_wconf 90' lang='lat' dir='ltr'><strong>ut</strong></span> <span class='ocrx_word' id='word_1_890' title='bbox 2363 4863 2739 4933; x_wconf 83' lang='lat' dir='ltr'><strong>ad_puriores,</strong></span> <span class='ocrx_word' id='word_1_891' title='bbox 2772 4865 3036 4916; x_wconf 63' lang='lat' dir='ltr'><strong>aethereos</strong></span> <span class='ocrx_word' id='word_1_892' title='bbox 3059 4902 3074 4926; x_wconf 92' lang='lat'><strong>,</strong></span> <span class='ocrx_word' id='word_1_893' title='bbox 3109 4864 3464 4931; x_wconf 70' lang='lat' dir='ltr'><strong>cwlestesque</strong></span> <span class='ocrx_word' id='word_1_894' title='bbox 3515 4863 3662 4919; x_wconf 86' lang='lat' dir='ltr'><strong>locos</strong></span> 
     </span>
    </p>
   </div>
   <div class='ocr_carea' id='block_1_118' title="bbox 2083 4931 3661 5002">
    <p class='ocr_par' dir='ltr' id='par_1_118' title="bbox 2083 4931 3661 5002">
     <span class='ocr_line' id='line_1_118' title="bbox 2083 4931 3661 5002; baseline -0.001 -14"><span class='ocrx_word' id='word_1_895' title='bbox 2083 4931 2380 5002; x_wconf 68' lang='lat' dir='ltr'><strong>perveniat.</strong></span> <span class='ocrx_word' id='word_1_896' title='bbox 2434 4931 2525 4986; x_wconf 87' lang='lat' dir='ltr'><strong>Sic</strong></span> <span class='ocrx_word' id='word_1_897' title='bbox 2577 4933 2628 4987; x_wconf 89' lang='lat' dir='ltr'><strong>iti</strong></span> <span class='ocrx_word' id='word_1_898' title='bbox 2689 4931 2786 4984; x_wconf 86' lang='lat' dir='ltr'><strong>hac</strong></span> <span class='ocrx_word' id='word_1_899' title='bbox 2839 4933 2944 4985; x_wconf 91' lang='lat' dir='ltr'><strong>vita</strong></span> <span class='ocrx_word' id='word_1_900' title='bbox 2989 4949 3242 4994; x_wconf 87' lang='lat' dir='ltr'><strong>nascens,</strong></span> <span class='ocrx_word' id='word_1_901' title='bbox 3293 4937 3661 4987; x_wconf 84' lang='lat' dir='ltr'><strong>membranam</strong></span> 
     </span>
    </p>
   </div>
   <div class='ocr_carea' id='block_1_119' title="bbox 2083 5003 3660 5072">
    <p class='ocr_par' dir='ltr' id='par_1_119' title="bbox 2083 5003 3660 5072">
     <span class='ocr_line' id='line_1_119' title="bbox 2083 5003 3660 5072; baseline 0 -15"><span class='ocrx_word' id='word_1_902' title='bbox 2083 5006 2233 5058; x_wconf 86' lang='lat' dir='ltr'><strong>exuit</strong></span> <span class='ocrx_word' id='word_1_903' title='bbox 2271 5020 2372 5072; x_wconf 90' lang='lat' dir='ltr'><strong>qua</strong></span> <span class='ocrx_word' id='word_1_904' title='bbox 2408 5017 2524 5056; x_wconf 88' lang='lat' dir='ltr'><strong>eam</strong></span> <span class='ocrx_word' id='word_1_905' title='bbox 2566 5006 2617 5055; x_wconf 90' lang='lat' dir='ltr'><strong>in</strong></span> <span class='ocrx_word' id='word_1_906' title='bbox 2653 5003 2806 5055; x_wconf 88' lang='lat' dir='ltr'><strong>vulva</strong></span> <span class='ocrx_word' id='word_1_907' title='bbox 2849 5003 3040 5056; x_wconf 91' lang='lat' dir='ltr'><strong>matris</strong></span> <span class='ocrx_word' id='word_1_908' title='bbox 3083 5004 3293 5056; x_wconf 89' lang='lat' dir='ltr'><strong>obvolvi</strong></span> <span class='ocrx_word' id='word_1_909' title='bbox 3336 5005 3469 5056; x_wconf 91' lang='lat' dir='ltr'><strong>utile</strong></span> <span class='ocrx_word' id='word_1_910' title='bbox 3515 5019 3660 5066; x_wconf 88' lang='lat' dir='ltr'><strong>erat,</strong></span> 
     </span>
    </p>
   </div>
   <div class='ocr_carea' id='block_1_120' title="bbox 2084 5072 3659 5142">
    <p class='ocr_par' dir='ltr' id='par_1_120' title="bbox 2084 5072 3659 5142">
     <span class='ocr_line' id='line_1_120' title="bbox 2084 5072 3659 5142; baseline -0.001 -15"><span class='ocrx_word' id='word_1_911' title='bbox 2084 5078 2321 5142; x_wconf 88' lang='lat' dir='ltr'><strong>quamliu</strong></span> <span class='ocrx_word' id='word_1_912' title='bbox 2359 5076 2410 5126; x_wconf 88' lang='lat' dir='ltr'><strong>iii</strong></span> <span class='ocrx_word' id='word_1_913' title='bbox 2439 5088 2502 5126; x_wconf 90' lang='lat' dir='ltr'><strong>ea</strong></span> <span class='ocrx_word' id='word_1_914' title='bbox 2541 5072 2674 5138; x_wconf 81' lang='lat' dir='ltr'><strong>luit;</strong></span> <span class='ocrx_word' id='word_1_915' title='bbox 2705 5073 2798 5126; x_wconf 89' lang='lat' dir='ltr'><strong>sed</strong></span> <span class='ocrx_word' id='word_1_916' title='bbox 2826 5083 3112 5140; x_wconf 85' lang='lat' dir='ltr'><strong>antequam</strong></span> <span class='ocrx_word' id='word_1_917' title='bbox 3147 5073 3292 5126; x_wconf 84' lang='lat' dir='ltr'><strong>illam</strong></span> <span class='ocrx_word' id='word_1_918' title='bbox 3319 5084 3502 5136; x_wconf 84' lang='lat' dir='ltr'><strong>exuat,</strong></span> <span class='ocrx_word' id='word_1_919' title='bbox 3535 5090 3659 5127; x_wconf 86' lang='lat' dir='ltr'><strong>cor-</strong></span> 
     </span>
    </p>
   </div>
   <div class='ocr_carea' id='block_1_121' title="bbox 2085 5144 3654 5212">
    <p class='ocr_par' dir='ltr' id='par_1_121' title="bbox 2085 5144 3654 5212">
     <span class='ocr_line' id='line_1_121' title="bbox 2085 5144 3654 5212; baseline 0.001 -16"><span class='ocrx_word' id='word_1_920' title='bbox 2085 5159 2182 5212; x_wconf 90' lang='lat' dir='ltr'><strong>pus</strong></span> <span class='ocrx_word' id='word_1_921' title='bbox 2207 5144 2379 5196; x_wconf 84' lang='lat' dir='ltr'><strong>induit</strong></span> <span class='ocrx_word' id='word_1_922' title='bbox 2413 5144 2552 5212; x_wconf 89' lang='lat' dir='ltr'><strong>qiiod</strong></span> <span class='ocrx_word' id='word_1_923' title='bbox 2581 5154 2698 5196; x_wconf 86' lang='lat' dir='ltr'><strong>erat</strong></span> <span class='ocrx_word' id='word_1_924' title='bbox 2739 5144 2950 5197; x_wconf 87' lang='lat' dir='ltr'><strong>interra</strong></span> <span class='ocrx_word' id='word_1_925' title='bbox 2987 5147 3196 5197; x_wconf 87' lang='lat' dir='ltr'><strong>victuro</strong></span> <span class='ocrx_word' id='word_1_926' title='bbox 3222 5147 3654 5208; x_wconf 75' lang='lat' dir='ltr'><strong>necessariutn,s</strong></span> 
     </span>
    </p>
   </div>
   <div class='ocr_carea' id='block_1_122' title="bbox 2083 5212 3658 5282">
    <p class='ocr_par' dir='ltr' id='par_1_122' title="bbox 2083 5212 3658 5282">
     <span class='ocr_line' id='line_1_122' title="bbox 2083 5212 3658 5282; baseline 0.001 -14"><span class='ocrx_word' id='word_1_927' title='bbox 2083 5225 2188 5268; x_wconf 86' lang='lat' dir='ltr'><strong>etc.</strong></span> <span class='ocrx_word' id='word_1_928' title='bbox 2218 5215 2310 5267; x_wconf 89' lang='lat' dir='ltr'><strong>llis</strong></span> <span class='ocrx_word' id='word_1_929' title='bbox 2338 5213 2655 5280; x_wconf 69' lang='lat' dir='ltr'><strong>prannissis,</strong></span> <span class='ocrx_word' id='word_1_930' title='bbox 2689 5212 2843 5266; x_wconf 80' lang='lat' dir='ltr'><strong>facile</strong></span> <span class='ocrx_word' id='word_1_931' title='bbox 2881 5213 3252 5268; x_wconf 82' lang='lat' dir='ltr'><strong>discordantes</strong></span> <span class='ocrx_word' id='word_1_932' title='bbox 3278 5215 3526 5282; x_wconf 80' lang='lat' dir='ltr'><strong>Origenis</strong></span> <span class='ocrx_word' id='word_1_933' title='bbox 3553 5215 3658 5269; x_wconf 85' lang='lat' dir='ltr'><strong>loci</strong></span> 
     </span>
    </p>
   </div>
   <div class='ocr_carea' id='block_1_123' title="bbox 2083 5282 3661 5354">
    <p class='ocr_par' dir='ltr' id='par_1_123' title="bbox 2083 5282 3661 5354">
     <span class='ocr_line' id='line_1_123' title="bbox 2083 5282 3661 5354; baseline 0.001 -16"><span class='ocrx_word' id='word_1_934' title='bbox 2083 5287 2460 5338; x_wconf 75' lang='lat' dir='ltr'><strong>conciliantur.</strong></span> <span class='ocrx_word' id='word_1_935' title='bbox 2516 5282 2743 5348; x_wconf 81' lang='lat' dir='ltr'><strong>Quando</strong></span> <span class='ocrx_word' id='word_1_936' title='bbox 2784 5283 2943 5352; x_wconf 84' lang='lat' dir='ltr'><strong>igitur</strong></span> <span class='ocrx_word' id='word_1_937' title='bbox 2971 5285 3317 5352; x_wconf 86' lang='lat' dir='ltr'><strong>incorporeus</strong></span> <span class='ocrx_word' id='word_1_938' title='bbox 3361 5287 3580 5354; x_wconf 86' lang='lat' dir='ltr'><strong>angelos</strong></span> <span class='ocrx_word' id='word_1_939' title='bbox 3603 5296 3661 5340; x_wconf 87' lang='lat' dir='ltr'><strong>et</strong></span> 
     </span>
    </p>
   </div>
   <div class='ocr_carea' id='block_1_124' title="bbox 2083 5355 3661 5422">
    <p class='ocr_par' dir='ltr' id='par_1_124' title="bbox 2083 5355 3661 5422">
     <span class='ocr_line' id='line_1_124' title="bbox 2083 5355 3661 5422; baseline 0.001 -15"><span class='ocrx_word' id='word_1_940' title='bbox 2083 5355 2294 5408; x_wconf 86' lang='lat' dir='ltr'><strong>animas</strong></span> <span class='ocrx_word' id='word_1_941' title='bbox 2327 5356 2482 5414; x_wconf 86' lang='lat' dir='ltr'><strong>dicit,</strong></span> <span class='ocrx_word' id='word_1_942' title='bbox 2518 5371 2624 5406; x_wconf 93' lang='lat' dir='ltr'><strong>non</strong></span> <span class='ocrx_word' id='word_1_943' title='bbox 2665 5355 2731 5408; x_wconf 90' lang='lat' dir='ltr'><strong>ad</strong></span> <span class='ocrx_word' id='word_1_944' title='bbox 2757 5355 3126 5421; x_wconf 83' lang='lat' dir='ltr'><strong>imperitorum</strong></span> <span class='ocrx_word' id='word_1_945' title='bbox 3166 5371 3379 5422; x_wconf 90' lang='lat' dir='ltr'><strong>captutn</strong></span> <span class='ocrx_word' id='word_1_946' title='bbox 3420 5372 3541 5410; x_wconf 88' lang='lat' dir='ltr'><strong>sese</strong></span> <span class='ocrx_word' id='word_1_947' title='bbox 3568 5373 3661 5408; x_wconf 78' lang='lat' dir='ltr'><strong>ac-</strong></span> 
     </span>
    </p>
   </div>
   <div class='ocr_carea' id='block_1_125' title="bbox 2084 5423 3657 5491">
    <p class='ocr_par' dir='ltr' id='par_1_125' title="bbox 2084 5423 3657 5491">
     <span class='ocr_line' id='line_1_125' title="bbox 2084 5423 3657 5491; baseline 0.002 -13"><span class='ocrx_word' id='word_1_948' title='bbox 2084 5426 2411 5488; x_wconf 89' lang='lat' dir='ltr'><strong>connnodat,</strong></span> <span class='ocrx_word' id='word_1_949' title='bbox 2437 5423 2531 5477; x_wconf 87' lang='lat' dir='ltr'><strong>sed</strong></span> <span class='ocrx_word' id='word_1_950' title='bbox 2564 5435 2755 5477; x_wconf 89' lang='lat' dir='ltr'><strong>natura</strong></span> <span class='ocrx_word' id='word_1_951' title='bbox 2787 5440 2882 5476; x_wconf 90' lang='lat' dir='ltr'><strong>sua</strong></span> <span class='ocrx_word' id='word_1_952' title='bbox 2933 5425 3283 5491; x_wconf 85' lang='lat' dir='ltr'><strong>iiieorporeos</strong></span> <span class='ocrx_word' id='word_1_953' title='bbox 3329 5426 3605 5481; x_wconf 78' lang='lat' dir='ltr'><strong>existimat</strong></span> <span class='ocrx_word' id='word_1_954' title='bbox 3641 5444 3657 5481; x_wconf 92' lang='lat'><strong>:</strong></span> 
     </span>
    </p>
   </div>
   <div class='ocr_carea' id='block_1_126' title="bbox 2081 5495 3659 5564">
    <p class='ocr_par' dir='ltr' id='par_1_126' title="bbox 2081 5495 3659 5564">
     <span class='ocr_line' id='line_1_126' title="bbox 2081 5495 3659 5564; baseline 0.001 -16"><span class='ocrx_word' id='word_1_955' title='bbox 2081 5503 2138 5548; x_wconf 91' lang='lat' dir='ltr'><strong>et</strong></span> <span class='ocrx_word' id='word_1_956' title='bbox 2165 5496 2382 5564; x_wconf 88' lang='lat' dir='ltr'><strong>quando</strong></span> <span class='ocrx_word' id='word_1_957' title='bbox 2426 5508 2720 5562; x_wconf 80' lang='lat' dir='ltr'><strong>corporeus</strong></span> <span class='ocrx_word' id='word_1_958' title='bbox 2749 5510 2844 5548; x_wconf 87' lang='lat' dir='ltr'><strong>eos</strong></span> <span class='ocrx_word' id='word_1_959' title='bbox 2871 5495 3028 5555; x_wconf 85' lang='lat' dir='ltr'><strong>dicit.</strong></span> <span class='ocrx_word' id='word_1_960' title='bbox 3057 5511 3160 5547; x_wconf 91' lang='lat' dir='ltr'><strong>non</strong></span> <span class='ocrx_word' id='word_1_961' title='bbox 3189 5509 3280 5549; x_wconf 90' lang='lat' dir='ltr'><strong>eos</strong></span> <span class='ocrx_word' id='word_1_962' title='bbox 3305 5496 3375 5549; x_wconf 89' lang='lat' dir='ltr'><strong>ita</strong></span> <span class='ocrx_word' id='word_1_963' title='bbox 3405 5511 3526 5552; x_wconf 86' lang='lat' dir='ltr'><strong>esse</strong></span> <span class='ocrx_word' id='word_1_964' title='bbox 3563 5513 3659 5551; x_wconf 83' lang='lat' dir='ltr'><strong>na-</strong></span> 
     </span>
    </p>
   </div>
   <div class='ocr_carea' id='block_1_127' title="bbox 2085 5565 3656 5635">
    <p class='ocr_par' dir='ltr' id='par_1_127' title="bbox 2085 5565 3656 5635">
     <span class='ocr_line' id='line_1_127' title="bbox 2085 5565 3656 5635; baseline 0.003 -18"><span class='ocrx_word' id='word_1_965' title='bbox 2085 5574 2204 5618; x_wconf 92' lang='lat' dir='ltr'><strong>tura</strong></span> <span class='ocrx_word' id='word_1_966' title='bbox 2256 5580 2351 5619; x_wconf 92' lang='lat' dir='ltr'><strong>sua</strong></span> <span class='ocrx_word' id='word_1_967' title='bbox 2403 5575 2578 5634; x_wconf 90' lang='lat' dir='ltr'><strong>putat,</strong></span> <span class='ocrx_word' id='word_1_968' title='bbox 2619 5580 2683 5618; x_wconf 93' lang='lat' dir='ltr'><strong>ac</strong></span> <span class='ocrx_word' id='word_1_969' title='bbox 2713 5565 2940 5634; x_wconf 86' lang='lat' dir='ltr'><strong>proinde</strong></span> <span class='ocrx_word' id='word_1_970' title='bbox 2969 5582 3072 5617; x_wconf 92' lang='lat' dir='ltr'><strong>non</strong></span> <span class='ocrx_word' id='word_1_971' title='bbox 3111 5565 3222 5618; x_wconf 90' lang='lat' dir='ltr'><strong>vult</strong></span> <span class='ocrx_word' id='word_1_972' title='bbox 3261 5567 3486 5635; x_wconf 86' lang='lat' dir='ltr'><strong>spiritus</strong></span> <span class='ocrx_word' id='word_1_973' title='bbox 3527 5569 3656 5622; x_wconf 92' lang='lat' dir='ltr'><strong>nihil</strong></span> 
     </span>
    </p>
   </div>
   <div class='ocr_carea' id='block_1_128' title="bbox 2083 5636 3658 5704">
    <p class='ocr_par' dir='ltr' id='par_1_128' title="bbox 2083 5636 3658 5704">
     <span class='ocr_line' id='line_1_128' title="bbox 2083 5636 3658 5704; baseline 0.004 -17"><span class='ocrx_word' id='word_1_974' title='bbox 2083 5636 2224 5689; x_wconf 91' lang='lat' dir='ltr'><strong>aliud</strong></span> <span class='ocrx_word' id='word_1_975' title='bbox 2256 5652 2408 5700; x_wconf 90' lang='lat' dir='ltr'><strong>esse,</strong></span> <span class='ocrx_word' id='word_1_976' title='bbox 2443 5650 2605 5703; x_wconf 89' lang='lat' dir='ltr'><strong>quam</strong></span> <span class='ocrx_word' id='word_1_977' title='bbox 2643 5650 2866 5688; x_wconf 69' lang='lat' dir='ltr'><strong>summa:</strong></span> <span class='ocrx_word' id='word_1_978' title='bbox 2911 5637 3218 5704; x_wconf 84' lang='lat' dir='ltr'><strong>exiguitatis</strong></span> <span class='ocrx_word' id='word_1_979' title='bbox 3259 5651 3512 5704; x_wconf 79' lang='lat' dir='ltr'><strong>corpora,</strong></span> <span class='ocrx_word' id='word_1_980' title='bbox 3561 5640 3658 5693; x_wconf 89' lang='lat' dir='ltr'><strong>sed</strong></span> 
     </span>
    </p>
   </div>
   <div class='ocr_carea' id='block_1_129' title="bbox 2083 5704 3658 5776">
    <p class='ocr_par' dir='ltr' id='par_1_129' title="bbox 2083 5704 3658 5776">
     <span class='ocr_line' id='line_1_129' title="bbox 2083 5704 3658 5776; baseline 0.003 -19"><span class='ocrx_word' id='word_1_981' title='bbox 2083 5706 2197 5758; x_wconf 79' lang='lat' dir='ltr'><strong>vult</strong></span> <span class='ocrx_word' id='word_1_982' title='bbox 2221 5721 2316 5759; x_wconf 85' lang='lat' dir='ltr'><strong>eos</strong></span> <span class='ocrx_word' id='word_1_983' title='bbox 2337 5705 2523 5758; x_wconf 83' lang='lat' dir='ltr'><strong>subtili</strong></span> <span class='ocrx_word' id='word_1_984' title='bbox 2544 5715 2598 5758; x_wconf 87' lang='lat' dir='ltr'><strong>et</strong></span> <span class='ocrx_word' id='word_1_985' title='bbox 2623 5704 2771 5758; x_wconf 88' lang='lat' dir='ltr'><strong>aerio</strong></span> <span class='ocrx_word' id='word_1_986' title='bbox 2791 5720 3038 5776; x_wconf 85' lang='lat' dir='ltr'><strong>corpore,</strong></span> <span class='ocrx_word' id='word_1_987' title='bbox 3062 5706 3204 5773; x_wconf 91' lang='lat' dir='ltr'><strong>quod</strong></span> <span class='ocrx_word' id='word_1_988' title='bbox 3233 5718 3384 5760; x_wconf 86' lang='lat' dir='ltr'><strong>vocat</strong></span> <span class='ocrx_word' id='word_1_989' title='bbox 3400 5710 3658 5776; x_wconf 81' lang='lat' dir='ltr'><strong>spiritale,</strong></span> 
     </span>
    </p>
   </div>
   <div class='ocr_carea' id='block_1_130' title="bbox 2083 5775 3653 5842">
    <p class='ocr_par' dir='ltr' id='par_1_130' title="bbox 2083 5775 3653 5842">
     <span class='ocr_line' id='line_1_130' title="bbox 2083 5775 3653 5842; baseline 0.004 -15"><span class='ocrx_word' id='word_1_990' title='bbox 2083 5778 2236 5842; x_wconf 86' lang='lat' dir='ltr'><strong>quasi</strong></span> <span class='ocrx_word' id='word_1_991' title='bbox 2274 5777 2590 5829; x_wconf 87' lang='lat' dir='ltr'><strong>indumento</strong></span> <span class='ocrx_word' id='word_1_992' title='bbox 2621 5787 2675 5829; x_wconf 89' lang='lat' dir='ltr'><strong>et</strong></span> <span class='ocrx_word' id='word_1_993' title='bbox 2711 5775 2954 5828; x_wconf 78' lang='lat' dir='ltr'><strong>vehiculo</strong></span> <span class='ocrx_word' id='word_1_994' title='bbox 2996 5777 3234 5829; x_wconf 79' lang='lat' dir='ltr'><strong>exterius</strong></span> <span class='ocrx_word' id='word_1_995' title='bbox 3280 5778 3653 5834; x_wconf 83' lang='lat' dir='ltr'><strong>circntnvolvi.</strong></span> 
     </span>
    </p>
   </div>
   <div class='ocr_carea' id='block_1_131' title="bbox 2089 5845 3654 5923">
    <p class='ocr_par' dir='ltr' id='par_1_131' title="bbox 2089 5845 3654 5923">
     <span class='ocr_line' id='line_1_131' title="bbox 2089 5845 3654 5923; baseline 0.006 -26"><span class='ocrx_word' id='word_1_996' title='bbox 2089 5846 2216 5903; x_wconf 79' lang='lat' dir='ltr'><strong>Vide</strong></span> <span class='ocrx_word' id='word_1_997' title='bbox 2245 5846 2402 5916; x_wconf 85' lang='lat' dir='ltr'><strong>paulo</strong></span> <span class='ocrx_word' id='word_1_998' title='bbox 2434 5845 2571 5900; x_wconf 85' lang='lat' dir='ltr'><strong>inl&#39;ra</strong></span> <span class='ocrx_word' id='word_1_999' title='bbox 2603 5856 2793 5916; x_wconf 71' lang='lat' dir='ltr'><strong>quiest.</strong></span> <span class='ocrx_word' id='word_1_1000' title='bbox 2824 5847 2877 5898; x_wconf 69' lang='grc' dir='ltr'><strong>ϐ’</strong></span> <span class='ocrx_word' id='word_1_1001' title='bbox 2909 5847 3199 5910; x_wconf 80' lang='lat' dir='ltr'><strong>Deunimu,</strong></span> <span class='ocrx_word' id='word_1_1002' title='bbox 3231 5864 3380 5903; x_wconf 90' lang='lat' dir='ltr'><strong>num.</strong></span> <span class='ocrx_word' id='word_1_1003' title='bbox 3416 5851 3448 5904; x_wconf 73' lang='lat'><strong>5</strong></span> <span class='ocrx_word' id='word_1_1004' title='bbox 3477 5859 3534 5904; x_wconf 79' lang='lat' dir='ltr'><strong>et</strong></span> <span class='ocrx_word' id='word_1_1005' title='bbox 3571 5849 3654 5923; x_wconf 54' lang='lat' dir='ltr'><strong>l3.</strong></span> 
     </span>
    </p>
   </div>
  </div>
