4160 6390
539 349 639 406 851

1814 339 1876 397 P.
1923 337 2239 394 DANIELIS
2280 339 2321 394 ll
2333 339 2512 396 UETll

3692 333 3800 390 852

535 463 619 518 vel
644 457 1076 526 circumscriptio
1105 455 1390 513 daemonici
1418 469 1688 526 corporis,
1720 472 1824 512 non
1859 467 1938 512 est
1964 457 2117 512 simi-
2151 469 2192 518 Α
2228 459 2448 514 uitiouis
2507 458 2642 514 ratio
2669 465 2788 522 est,
2816 455 3011 510 horum
3040 454 3160 509 sine
3189 452 3352 508 dubio
3375 459 3430 508 et
3453 451 3642 506 eadem
3674 453 3801 507 sub-

534 546 604 608 Ii's
631 554 756 607 huic
790 561 972 606 nostro
999 548 1256 607 crassiori
1291 557 1344 603 et
1373 549 1572 603 visibili
1606 549 1820 618 corpori
1859 566 1872 603 :
1911 549 2004 604 sed
2029 563 2118 604 se-

531 644 770 701 cundum
799 657 1018 698 sensum
1036 642 1152 710 ejus
1174 641 1265 712 qui
1288 641 1596 710 composuit
1621 641 1767 694 illam
1792 643 2120 711 scripturatn

533 736 940 806 intelligendum
996 745 1082 789 est
1123 735 1270 804 quod
1321 734 1456 788 dixit
1493 750 1508 798 ;
1543 732 1596 786 id
1635 744 1720 786 est
1769 749 1873 788 non
1909 747 1969 788 se
2017 734 2122 789 tale

532 843 752 898 corpus,
776 827 938 897 quale
967 826 1171 883 habent
1199 826 1497 892 datmones,
1527 825 1669 894 quod
1698 833 1782 879 est
1805 825 2123 880 naturaliter

531 919 753 985 subtile,
781 929 834 974 et
866 919 1016 973 velut
1041 934 1173 972 aura
1221 928 1404 983 tenue,
1430 927 1485 972 et
1533 926 1753 985 propter
1780 916 1881 970 hoc
1907 917 1990 971 vel
2026 934 2122 987 pu-

534 1019 679 1064 tatur
708 1025 737 1062 a
759 1008 963 1072 multis,
997 1009 1083 1063 vel
1123 1009 1323 1063 dicitur
1365 1009 1765 1078 incorporeum,
1799 1007 1898 1062 sed
1924 1009 2122 1064 habere

531 1116 592 1156 se
619 1116 818 1170 corpus
845 1101 1076 1156 solidum
1102 1116 1156 1156 et
1185 1100 1473 1171 palpabile.
1493 1101 1547 1155 ln
1574 1103 1963 1156 consuetudine
1994 1116 2121 1156 vero

531 1194 814 1248 hominum
859 1209 1019 1249 omne
1045 1194 1186 1261 quod
1231 1193 1336 1247 tale
1380 1207 1486 1246 non
1523 1191 1706 1258 fuerit,
1742 1193 2118 1261 incorporeum

530 1285 958 1355 simplicioribus
982 1287 1066 1339 vcl
1091 1283 1516 1353 imperitioribus
1545 1285 1882 1338 nominatur:
1905 1283 2048 1338 velut
2073 1284 2117 1339 si

530 1383 654 1451 quis
693 1398 874 1437 aerem
906 1382 1070 1437 istum
1103 1397 1209 1449 quo
1249 1381 1498 1447 fruimur,
1536 1381 1918 1448 incorporeum
1954 1381 2118 1447 dicat,

530 1473 968 1544 quandoquidem
1008 1488 1111 1527 non
1147 1483 1229 1528 est
1257 1472 1358 1528 tale
1395 1487 1613 1541 corpus,
1645 1481 1704 1526 ut
1735 1473 2119 1542 comprehendi

531 1580 596 1620 ac
647 1565 820 1620 teneri
864 1564 1055 1632 possit,
1091 1564 1409 1634 urgentique
1441 1565 1715 1618 resistere.
1757 1583 1777 1616 ι
1811 1564 1869 1618 Si
1903 1563 2122 1634 quando

532 1655 697 1724 igitur
725 1654 948 1724 angelos
981 1654 1117 1708 dixit
1143 1653 1604 1720 iucorporeos,ad
1636 1654 2012 1722 imperitorum
2037 1670 2122 1708 ca-

530 1757 681 1815 ptum
708 1761 830 1800 sese
874 1747 1338 1808 accommodasse.
1378 1756 1436 1801 et
1462 1748 1617 1817 juxta
1649 1746 1800 1816 vulgi
1832 1755 2120 1802 consuetu-

529 1839 711 1893 dinem
736 1837 972 1892 locutum
1007 1837 1177 1893 fuisse
1206 1840 1514 1894 credamus.

602 1927 692 1984 Vl.
725 1927 836 1985 Nec
884 1943 1202 1997 corpoream
1253 1930 1459 2001 angelis
1511 1939 1757 1984 naturam
1806 1930 2118 1986 attrilmisse

529 2032 849 2086 contentus,
888 2023 1125 2076 animant
1161 2021 1226 2077 iis
1251 2023 1471 2092 insuper
1492 2024 1744 2092 ascripsit
1770 2023 1865 2078 lib.
1895 2039 1935 2077 ιι
1975 2025 2116 2093 Περὶ

529 2109 750 2180 ἀρχῶν,
775 2128 894 2180 cap.
928 2112 984 2178 8,
1008 2128 1155 2166 num.
1191 2113 1213 2166 1
1252 2131 1264 2165 :
1304 2131 1322 2164 ι
1357 2114 1616 2182 Superest
1643 2113 1711 2167 de
1757 2115 2000 2184 angelico
2024 2132 2116 2169 or-

531 2205 657 2257 dine
686 2203 984 2272 requirere,
1030 2214 1210 2256 utrum
1242 2213 1298 2257 et
1349 2203 1448 2273 ipsi
1499 2205 1710 2258 animas
1755 2207 2015 2269 habeant,
2049 2221 2117 2259 an

529 2298 728 2350 anima:
759 2297 902 2361 sint,
937 2296 1022 2349 vel
1065 2295 1133 2350 de
1166 2296 1378 2350 cal-teris
1423 2295 1648 2360 divinis,
1700 2297 2120 2367 caelestibusque

533 2389 845 2454 virtutibus,
873 2389 966 2444 sed
992 2399 1047 2444 et
1076 2389 1144 2442 de
1172 2386 1464 2443 contrariis
1510 2387 1891 2456 potestatibus.
1917 2387 2121 2444 Aucto-

531 2484 746 2537 ritatem
797 2482 1014 2552 quidem
1053 2482 1250 2536 divina:
1298 2480 1595 2550 Scripturae
1643 2495 1868 2550 usquam
1916 2481 2118 2537 nullam

532 2579 860 2642 invenimus,
895 2580 1037 2647 quod
1073 2575 1158 2632 vel
1203 2576 1406 2646 angeli,
1467 2575 1550 2630 vel
1594 2575 1638 2631 si
1682 2577 1772 2646 qui
1807 2577 1916 2632 sint
1948 2577 2118 2634 divini

531 2671 757 2738 spiritus
785 2670 1014 2725 ministri
1053 2669 1169 2731 Dei,
1209 2668 1294 2722 vel
1326 2669 1534 2722 animas
1563 2669 1786 2735 habere,
1809 2669 1893 2723 vel
1923 2669 2120 2723 anima:

529 2764 784 2819 dicantur
830 2783 844 2819 :
889 2763 1187 2818 animantia
1231 2772 1406 2817 tamen
1452 2777 1574 2818 esse
1622 2777 1652 2816 a
1703 2763 2121 2834 quamplurimis

530 2857 857 2912 sentiuntur.
899 2876 917 2909 ι
955 2856 1319 2926 Hieronymus
1360 2857 1523 2925 epist.
1568 2855 1637 2910 65
1671 2857 1737 2910 ad
1776 2855 2116 2918 Pammach.,

529 2965 652 3018 cap.
671 2950 704 3003 5
729 2969 739 3004 :
762 2967 779 3000 ι
807 2947 914 3004 Nec
944 2947 1206 3018 Origenes
1235 2962 1469 3016 unquam
1495 2946 1633 3001 dixit
1656 2962 1723 3001 ex
1756 2946 1964 3017 angelis
1996 2946 2117 3000 ani-

535 3056 652 3095 mas
685 3041 826 3105 lieri,
861 3056 983 3094 cum
1007 3041 1154 3108 ipsos
1187 3039 1408 3110 angelos
1439 3055 1634 3094 nomen
1666 3053 1788 3092 esse
1823 3039 1985 3093 ollicii
2019 3039 2118 3092 do-

531 3143 673 3199 ceat,
697 3149 802 3187 non
829 3141 1068 3196 naturae;
1105 3133 1158 3187 in
1194 3132 1348 3187 libris
1381 3133 1523 3188 enim
1557 3131 1695 3200 Περὶ
1723 3127 1931 3200 ἀρχῶν
1955 3140 2010 3186 et
2032 3145 2120 3184 an-

531 3225 702 3295 gelos,
748 3235 804 3277 et
849 3225 1096 3283 thronos.
1131 3233 1186 3278 et
1232 3224 1665 3289 dominationes,
1723 3230 2021 3292 potestates
2064 3230 2120 3276 et

532 3329 774 3374 rectores
799 3318 979 3371 mundi
1011 3327 1066 3370 et
1093 3317 1461 3380 tenebrarum,
1487 3327 1542 3371 et
1565 3330 1727 3370 omne
1757 3330 1953 3370 nomen
1976 3315 2118 3384 quod

532 3415 844 3470 nominatur
873 3430 975 3467 non
1012 3413 1185 3468 solum
1210 3413 1262 3465 in
1303 3413 1555 3480 praesenti
1585 3411 1804 3474 saeculo,
1841 3412 1933 3465 sed
1959 3410 2010 3465 in
2037 3412 2120 3464 ιιι-

536 3517 678 3568 turo,
721 3505 856 3559 dicit
889 3505 1103 3560 animas
1132 3519 1252 3558 esse
1303 3520 1490 3557 eorum
1527 3519 1838 3574 corporum,
1873 3520 1992 3573 quae
2035 3505 2121 3560 vel

529 3597 824 3662 desiderio,
855 3597 936 3652 vel
963 3598 1266 3653 ministerio
1292 3597 1649 3666 susceperint.
1684 3617 1702 3649 ι
1736 3597 1983 3654 Proiecto
2015 3614 2118 3652 non

529 3699 614 3746 est
651 3701 959 3761 promptum
989 3690 1133 3744 dictu
1159 3705 1394 3758 quanam
1428 3689 1640 3745 ratione
1682 3691 1920 3743 animam
1951 3706 2120 3759 ange—

532 3784 600 3839 lis
629 3784 805 3838 inesse
858 3797 1018 3854 posse
1058 3783 1327 3837 senserit:
1368 3799 1490 3837 nam
1530 3795 1889 3852 quaereretur,
1940 3785 2116 3837 anima

533 3877 620 3930 illa
667 3891 1000 3947 corporeane
1040 3877 1132 3939 sit,
1167 3893 1232 3930 an
1269 3886 1480 3931 contra.
1517 3876 1847 3944 Corporeatn
1890 3876 2121 3930 dixisset

531 3969 738 4040 utique,
773 3987 895 4024 nam
934 3969 1064 4026 nihil
1108 3982 1303 4037 praeter
1338 3969 1506 4024 Deum
1543 3970 1916 4038 incorporeum
1948 3969 2115 4023 ducit.

531 4062 716 4119 Tenue
747 4079 877 4131 ergo
909 4072 963 4116 et
991 4077 1456 4129 monogrammum
1490 4075 1686 4128 corpus
1715 4063 1783 4113 ab
1819 4062 1926 4114 alio
1960 4061 2118 4130 longe

533 4156 848 4209 tenuissimo
884 4164 939 4208 et
970 4153 1370 4221 simplicissima
1414 4167 1643 4221 corpore
1670 4153 1964 4206 animatum
1996 4169 2117 4209 esse

530 4247 716 4302 direre
759 4244 1054 4299 debuisset.
1094 4245 1198 4297 Sed
1245 4244 1402 4314 paulo
1447 4251 1608 4312 post,
1640 4244 1866 4309 num.2,
1900 4244 2118 4312 angelus

529 4339 774 4393 decernit
814 4352 993 4393 meras
1021 4352 1139 4391 esse
1165 4338 1393 4391 animas.
1435 4355 1453 4388 t
1496 4337 1568 4391 De
1603 4352 1668 4390 eo
1700 4351 1830 4389 vero
1856 4339 1998 4406 quod
2023 4336 2115 4390 Dei

532 4427 720 4479 anima
747 4427 798 4480 itt
833 4426 1132 4495 Scripturis
1157 4425 1486 4489 nominatur,
1509 4426 1744 4494 qualiter
1774 4427 1996 4498 intelligi
2022 4428 2114 4482 de-

2225 552 2427 606 stantia
2462 560 2567 607 est.
2596 570 2614 604 ι
2657 547 2787 604 Tale
2833 547 3036 612 aliquid
3079 546 3242 601 habet
3268 545 3362 599 lib.
3409 560 3448 598 ιι
3499 544 3553 597 in
3587 541 3798 597 Cantic.

2223 645 2505 706 carrucam,
2545 658 2669 712 pag.
2699 640 2765 697 58
2795 659 2808 696 :
2848 659 2866 692 ι
2907 639 2973 694 Et
3002 638 3181 694 adhuc
3205 637 3531 706 agnitionem
3569 635 3653 688 sui
3684 633 3801 688 ani-

2223 753 2307 792 ma
2338 738 2598 807 requirat,
2627 735 2672 790 si
2699 743 2784 789 est
2811 733 3009 803 aliquis
3034 731 3201 796 ordo,
3229 739 3322 784 aut
3345 737 3471 784 sunt
3497 725 3660 796 aliqui
3684 725 3798 796 spi-

2224 831 2360 885 ritus
2391 828 2631 899 ejusdem
2675 826 2990 882 substantia:
3021 838 3144 877 cum
3192 821 3330 891 ipsa,
3379 820 3471 875 alii
3515 833 3646 872 vero
3691 832 3801 872 non

2221 921 2484 989 ejusdem,
2515 919 2608 974 sed
2636 917 2836 974 diversi
2871 917 2938 971 ab
2961 931 3047 980 ea,
3081 914 3133 969 id
3154 913 3318 978 est,si
3347 922 3471 968 sunt
3495 919 3550 965 et
3578 909 3670 964 alii
3692 909 3802 978 spi-

2226 1017 2360 1070 ritus
2391 1013 2768 1077 rationabiles,
2789 1021 2847 1066 ut
2872 1011 2987 1081 ipsa
3021 1019 3199 1075 est,et
3220 1007 3308 1062 alii
3341 1013 3590 1062 carentes
3627 1002 3800 1059 ratio-

2223 1124 2290 1164 ne
2321 1126 2333 1161 :
2360 1120 2414 1162 et
2443 1108 2488 1162 si
2519 1106 2707 1163 eadem
2733 1114 2817 1160 est
2867 1104 3036 1172 ipsius
3080 1117 3202 1173 quae
3226 1111 3281 1156 et
3316 1099 3631 1168 angelorum
3673 1096 3803 1152 sub-

2223 1200 2710 1270 slantia,quoniam
2726 1195 3062 1270 jratiouabile
3085 1210 3114 1249 a
3137 1192 3441 1249 rationabili
3463 1203 3799 1261 nequaquam

2223 1291 2445 1348 dili‘erre
2471 1291 2732 1347 creditur.
2768 1308 2788 1344 ι

2293 1387 2402 1441 VII.
2437 1385 2766 1456 Angelorum
2808 1393 2988 1438 autem
3022 1383 3163 1437 inter
3189 1389 3245 1435 et
3273 1379 3575 1434 damonum
3603 1388 3802 1446 corpus

2223 1477 2512 1533 discrimen
2564 1475 2777 1543 aliquod
2836 1472 3119 1529 tenuitatis
3173 1470 3489 1533 consdtuit,
3541 1467 3798 1538 quoniam

2223 1571 2492 1638 graviora,
2517 1568 2601 1624 vel
2631 1567 2914 1624 subtiliora
2943 1580 3208 1634 corpora,
3236 1579 3334 1634 pro
3365 1561 3653 1618 criminum
3684 1575 3800 1614 mo-

2225 1663 2313 1729 do,
2346 1660 2618 1717 mentibus
2641 1659 2821 1714 addita
2855 1658 3022 1713 fuisse
3053 1657 3306 1725 opinatus
3330 1664 3436 1720 est,
3456 1665 3514 1707 ut
3541 1653 3797 1708 diximus.

2227 1752 2516 1822 Postquam
2557 1752 2701 1806 enim
2747 1751 2816 1805 ob
2861 1748 3158 1820 nequitiam
3198 1748 3470 1802 daemones
3498 1743 3640 1800 cmlo
3676 1753 3802 1800 sunt

2221 1842 2520 1908 exturbati,
2549 1841 2824 1896 crassiore
2857 1839 3092 1909 quodam
3141 1853 3370 1908 corpore
3410 1838 3800 1906 circumseptus

2219 1951 2341 1992 esse
2367 1935 2714 1990 existimavit.
2752 1933 2844 1988 Sic
2875 1933 2964 1987 ille
2995 1941 3127 1986 tom.
3166 1949 3178 1986 t
3211 1933 3267 1986 in
3293 1931 3478 1994 Joan.,
3511 1944 3655 1988 num.
3698 1928 3798 1983 l7:

2231 2031 2292 2083 Ὀ
2312 2029 2640 2099 καλούμενος
2661 2027 2877 2099 δράκων
2899 2025 3048 2090 ἄξιος
3068 2024 3356 2094 γεγένηται.
3388 2021 3677 2076 ἀποπεσὼν
3699 2022 3802 2093 τῆς

2220 2123 2468 2193 καθαρᾶς
2503 2122 2671 2192 ζωῆς,
2709 2120 2814 2191 πρὸ
2859 2121 3076 2174 πάντων
3113 2117 3391 2188 ἐνδεθῆναι
3426 2114 3527 2188 ὕλῃ
3561 2115 3656 2168 καὶ
3691 2113 3800 2168 σώ-

2227 2233 2375 2287 ματι.
2407 2214 2560 2280 Quod
2591 2215 2658 2267 tle
2684 2212 2901 2267 diabolo
2931 2211 3145 2275 statuit,
3178 2211 3244 2264 de
3288 2209 3542 2263 omnibus
3585 2221 3801 2277 quoque

2221 2309 2556 2364 dzemonihus
2604 2304 3012 2375 intelligendum
3071 2312 3174 2359 est.
3231 2304 3407 2370 Atque
3454 2301 3554 2354 hoc
3607 2314 3802 2366 corpus

2220 2403 2460 2457 crassius
2507 2400 2635 2455 licet
2685 2397 2961 2467 angelico,
2990 2411 3111 2451 esse
3161 2404 3340 2450 tamen
3367 2395 3499 2449 dicit
3537 2393 3802 2464 prommio

2221 2495 2313 2549 lib.
2351 2492 2492 2562 Περὶ
2525 2491 2747 2562 ἀρχῶν,
2787 2506 2937 2544 ιιιιιιι.
2967 2488 3024 2554 8,
3060 2507 3082 2541 t~
3135 2485 3453 2542 naturaliter
3499 2485 3714 2550 subtile,
3745 2493 3801 2540 et

2220 2587 2368 2642 velut
2401 2600 2529 2639 aura
2567 2593 2746 2651 tenue,
2780 2603 2798 2634 ι
2830 2597 2892 2636 ex
2927 2595 3054 2635 aere
3101 2581 3354 2634 nimirum
3414 2578 3621 2632 rariore
3669 2591 3802 2632 con-

2203 2687 2448 2746 textum.
2481 2676 2634 2744 Quod
2671 2675 2724 2728 in
2749 2689 2815 2729 eo
2837 2671 3113 2743 redarguit
3142 2671 3503 2742 Hieronymus
3529 2671 3688 2738 epist.
3706 2669 3797 2733 59,

2220 2771 2286 2825 ad
2308 2770 2478 2834 Avit.,
2510 2783 2633 2838 cap.
2668 2768 2719 2822 ι.
2753 2768 2823 2821 At
2850 2780 2968 2820 eam
2997 2773 3175 2819 tamen
3203 2779 3492 2832 corporum
3517 2762 3802 2818 diversita-

2223 2872 2329 2917 tem
2365 2861 2504 2916 citra
2538 2859 2704 2914 ullum
2755 2867 2963 2913 natura:
2998 2855 3288 2912 discrimen
3325 2855 3582 2926 Origenes
3609 2855 3802 2910 admit-

2223 2955 2307 3010 tit.
2336 2952 2620 3010 Diabolum
2651 2952 2851 3021 quippe
2889 2950 3034 3003 inter
3065 2957 3120 3002 et
3145 2947 3392 3017 angelum
3421 2947 3581 3000 ullam
3608 2946 3801 3010 οὐσίας

2221 3046 2579 3102 diﬂ‘erentiam
2621 3060 2742 3100 esse
2792 3053 2951 3113 negat
2982 3053 3111 3098 tom.
3150 3057 3222 3096 xx
3245 3043 3299 3094 in
3324 3039 3508 3100 Joan..
3542 3039 3797 3095 nutn.20.

2223 3138 2330 3192 Nec
2358 3146 2618 3205 repugnat
2643 3135 2784 3202 quod
2818 3135 3032 3204 scripsit
3064 3135 3153 3188 lib.
3185 3149 3241 3186 ιιι
3261 3139 3441 3186 contra
3464 3129 3622 3195 Cels.,
3651 3146 3798 3188 num.

2222 3231 2288 3286 37
2325 3249 2338 3284 :
2372 3231 2434 3284 Oi
2459 3229 2514 3282 δὲ
2533 3227 2626 3282 τοῦ
2647 3226 2782 3281 Θεοῦ
2807 3227 2937 3280 θεῖοι
2971 3229 3064 3282 καὶ
3085 3227 3228 3296 ἆγιοι
3261 3223 3480 3294 ἄγγελοι
3504 3225 3669 3295 ἄλλης
3693 3223 3802 3278 εἰσὶ

2223 3323 2456 3392 φύσεως,
2497 3324 2591 3376 καὶ
2622 3321 2992 3394 προαιρέσεως
3019 3320 3166 3390 παρὰ
3200 3321 3326 3384 τοὺς
3346 3319 3439 3373 ἐπὶ
3459 3319 3563 3390 γῆς
3594 3317 3802 3380 πάντας

2221 3418 2504 3486 δαίμονας.
2534 3415 2692 3470 Aliud
2721 3423 2803 3468 est
2836 3415 2980 3468 enim
3015 3411 3195 3482 φύσις.
3231 3413 3375 3466 aliud
3409 3411 3587 3465 οὐσία.

2294 3505 2426 3561 VIII.
2452 3508 2626 3576 Atque
2658 3505 2871 3573 singula
2919 3505 3031 3560 haec
3063 3503 3256 3571 placita
3295 3504 3515 3558 Patrum
3545 3514 3802 3556 numerus

2221 3599 2480 3662 defendit,
2508 3597 2600 3668 qui
2640 3606 2698 3651 ut
2726 3599 2778 3651 in
2814 3611 2870 3651 re
2901 3596 3133 3660 incerta,
3167 3611 3342 3665 neque
3394 3593 3801 3650 definitionibus

2223 3691 2474 3746 Ecclesiae
2517 3687 2952 3757 circumscripta,
2980 3689 3160 3744 animo
3188 3704 3286 3743 suo
3312 3688 3622 3759 morigerati
3653 3695 3800 3746 sunt.

2219 3784 2525 3853 Corporeos
2556 3798 2675 3838 esse
2715 3783 2931 3853 angelos
2959 3783 3180 3852 quinam
3215 3797 3278 3834 ex
3319 3779 3425 3835 illis
3468 3779 3798 3850 putaverint,

2222 3877 2418 3943 partim
2477 3875 2759 3930 laudamus
2814 3875 2866 3928 in
2937 3873 3410 3928 observationibus
3479 3871 3680 3926 nostris
3731 3870 3799 3925 ad

2221 3985 2340 4038 pag.
2387 3967 2493 4022 81³5
2530 3969 2660 4020 totni
2711 3983 2819 4020 xvn
2861 3963 3150 4019 Comment.
3211 3964 3453 4033 Or'genis
3512 3964 3567 4017 in
3607 3963 3796 4017 Matth.

2221 4063 2426 4130 Quibus
2447 4061 2569 4115 addi
2602 4070 2826 4124 possunt
2846 4059 3094 4114 Justinus
3117 4059 3168 4111 itt
3198 4057 3405 4127 Dialog.
3439 4073 3557 4110 rum
3579 4055 3798 4126 Tryph.;

2220 4157 2468 4211 Clemens
2494 4151 2896 4206 Alexandrinus
2930 4148 3147 4217 Pwrlag.
3191 4149 3280 4202 lib.
3315 4167 3353 4213 t,
3384 4164 3502 4217 cap.
3527 4148 3596 4214 6;
3628 4148 3804 4202 Maca-

2222 4247 2332 4302 rius
2361 4247 2505 4297 hom.
2526 4244 2589 4308 4;
2618 4242 2919 4297 Methodins
2945 4242 3083 4308 apud
3112 4239 3517 4302 Pltotium,cod.
3539 4254 3797 4301 ccxxxw;

2219 4340 2452 4409 Cyrillus
2476 4339 2566 4392 lib.
2590 4353 2640 4390 tx
2685 4341 2738 4390 in
2766 4335 2930 4390 Joan.
2955 4351 2970 4399 ;
2997 4331 3310 4390 Gennadius
3337 4333 3428 4389 lib.
3471 4331 3544 4386 De
3565 4332 3796 4403 dogmal.

2221 4431 2447 4496 Eccum,
2485 4447 2607 4500 cap.
2635 4431 2693 4484 ll
2730 4438 2784 4483 et
2806 4429 2874 4484 12
2905 4447 2920 4494 ;
2949 4427 3252 4482 Bernardus
3277 4427 3370 4480 lib.
3406 4441 3438 4477 v
3464 4425 3542 4480 De
3567 4426 3805 4480 conside-

531 4516 676 4576 beat,
702 4527 755 4571 et
781 4519 1008 4582 sentire,
1032 4529 1085 4573 et
1122 4518 1362 4587 proferre
1389 4517 1602 4572 difﬁcile
1631 4527 1746 4584 est;
1772 4519 1938 4573 semel
1973 4519 2115 4574 enim
2151 4519 2194 4573 D
2226 4527 2428 4578 ratione
2450 4523 2516 4576 ad
2551 4523 2875 4591 Eugenium,
2907 4531 2962 4574 ct
2994 4519 3082 4573 alii
3115 4519 3444 4588 complures.
3475 4517 3614 4585 Quid
3654 4518 3798 4584 quod

531 4609 830 4678 simplicem
863 4609 1012 4663 illam
1051 4619 1397 4674 naturam,et
1425 4611 1629 4677 absque
1665 4609 1828 4663 ullius
1856 4608 2117 4677 abiectio-

531 4701 617 4755 uis
649 4701 996 4768 permistione
1018 4702 1334 4770 proﬁtemur
1357 4717 1370 4752 :
1392 4713 1567 4754 tamen
1590 4705 1971 4772 quoquomodo
1998 4717 2120 4758 seu-

532 4793 774 4848 tiendttm
809 4802 912 4856 est,
956 4793 1229 4848 nominari
1279 4794 1495 4848 interim
1531 4794 1622 4849 Dei
1651 4796 1832 4849 anima
1871 4796 2114 4862 videtur;

530 4886 596 4940 de
635 4885 854 4940 Christo
896 4901 1025 4940 vero
1069 4903 1176 4942 non
1222 4887 1516 4942 dubitatur.
1557 4889 1620 4942 Et
1668 4890 1789 4943 ideo
1836 4905 1942 4945 non
1986 4892 2116 4945 mihi

528 4979 743 5034 videtur
773 4979 1066 5034 absurdum
1111 4979 1275 5034 etiam
1321 4979 1388 5033 de
1437 4981 1644 5034 sanctis
1690 4979 1928 5048 angelis,
1958 4993 2110 5036 crete-

529 5067 716 5136 risque
747 5069 1061 5124 coelestibus
1094 5069 1386 5123 virtutibus
1428 5069 1531 5122 tale
1563 5070 1763 5139 aliquid
1797 5071 1876 5124 vel
1905 5071 2107 5136 dicere,

527 5160 612 5214 vel
648 5162 853 5215 sentire
886 5162 1191 5229 :siquitlcm
1235 5161 1476 5215 delinitio
1501 5161 1587 5216 illa
1631 5163 1826 5216 animm
1862 5164 2023 5216 etiam
2057 5165 2108 5217 in

529 5251 677 5320 ipsos
723 5253 937 5307 videtur
987 5254 1285 5307 incurrere.
1344 5252 1476 5320 Quis
1527 5255 1667 5307 enim
1721 5254 2112 5310 rationabiliter

529 5342 813 5399 sensibiles
847 5360 944 5400 eos
975 5359 1094 5400 esse
1114 5386 1128 5405 ,
1160 5343 1246 5398 vel
1287 5345 1511 5399 mobiles
1561 5345 1761 5414 poterit
1803 5347 2112 5414 denegare?

530 5437 682 5501 Quod
713 5436 755 5491 si
793 5448 938 5491 recta
967 5437 1068 5491 ista
1110 5438 1324 5491 videtur
1358 5452 1474 5490 esse
1510 5437 1772 5503 delinitio,
1809 5439 1948 5503 quod
1986 5439 2113 5493 sub-

531 5525 729 5581 stantia
784 5528 1181 5582 rationabiliter
1227 5526 1535 5592 sensibilis,
1573 5539 1629 5582 et
1682 5529 1894 5584 mobilis
1931 5529 2109 5583 anima

533 5618 764 5681 dicatur,
793 5619 1004 5672 videtur
1030 5618 1142 5672 haec
1170 5619 1360 5673 eadem
1389 5619 1630 5672 delinitio
1653 5621 1816 5674 etiam
1848 5619 1916 5674 ad
1941 5635 2107 5689 ange-

533 5727 614 5764 εοδ
653 5709 943 5776 pertinere.
986 5711 1124 5776 Quid
1156 5710 1299 5764 enim
1329 5709 1474 5764 aliud
1509 5713 1559 5764 ιιι
1597 5713 1700 5765 illis
1725 5729 1887 5782 quam
1921 5728 2109 5767 sensus

535 5801 866 5858 rationabilis
910 5815 964 5857 et
998 5812 1176 5858 motus
1203 5813 1283 5859 est
1313 5804 1336 5857 ?
1366 5802 1601 5870 Quorum
1636 5816 1812 5860 autent
1842 5821 1946 5861 una
1977 5805 2107 5860 deli-

2218 4618 2460 4671 eatndetn
2489 4615 2816 4670 sententiam
2850 4613 2903 4667 itt
2959 4613 3103 4665 Actis
3134 4613 3375 4680 septima}
3425 4610 3614 4682 synodi
3645 4623 3802 4665 (Beu-

2220 4709 2461 4772 tnenicae,
2499 4723 2605 4760 non
2650 4704 2926 4760 deﬁnitam
2954 4704 3193 4773 quidem,
3227 4704 3320 4758 sed
3354 4713 3532 4758 tamen
3578 4717 3805 4772 expres-

2215 4818 2332 4855 sam
2374 4800 2714 4868 reperimus:
2749 4800 2883 4851 adeo
2911 4799 3036 4851 trita
3075 4814 3195 4864 usu,
3231 4806 3285 4850 et
3309 4797 3803 4852 vetustissimorum

2223 4891 2596 4962 theologorum
2643 4905 2914 4943 consensu
2948 4888 3201 4942 tralatitia
3235 4888 3332 4942 luit
3359 4903 3423 4943 ea
3457 4887 3661 4957 opinio.

2292 4979 2609 5033 Notavimus
2662 4981 2953 5049 Origenem
2988 4994 3215 5049 corpora
3259 4978 3386 5033 licet
3418 4980 3624 5046 angelis
3651 4977 3804 5032 alliu-

2208 5087 2442 5143 gentem,
2491 5076 2678 5128 eadem
2731 5075 2862 5141 ipsis
2921 5072 3212 5141 aliquando
3267 5073 3555 5126 detrahere
3600 5071 3801 5141 visum.

2207 5170 2350 5224 Idem
2386 5169 2678 5224 observare
2708 5168 2832 5221 licet
2875 5168 2924 5220 in
2958 5166 3157 5221 Basilio
3185 5167 3275 5236 qui
3323 5167 3571 5233 quamvis
3608 5179 3803 5230 corpo-

2209 5277 2329 5318 reos
2358 5262 2581 5331 angelos
2606 5260 2802 5314 dixerit
2829 5259 2924 5314 lib.
2958 5258 3032 5312 De
3069 5257 3270 5326 Spiritu
3305 5268 3507 5321 sancto,
3549 5271 3672 5326 cap.
3709 5255 3799 5319 16,

2210 5366 2264 5409 et
2304 5355 2452 5417 alibi,
2495 5355 2711 5409 eosdem
2766 5363 2944 5406 tamen
2982 5353 3226 5421 corporis
3255 5363 3507 5422 expertes
3535 5367 3660 5407 esse
3700 5352 3796 5407 lib.

2211 5464 2263 5501 tv
2289 5459 2470 5502 contra
2505 5445 2737 5502 Eunom.
2787 5447 3038 5502 alIirmat.
3072 5443 3225 5500 Unde
3267 5461 3398 5500 vero
3439 5456 3556 5500 orta
3612 5455 3696 5501 est
3746 5446 3801 5500 itt

2209 5540 2440 5612 Origene
2493 5543 2778 5596 observata
2823 5557 2852 5594 a
2906 5539 3061 5595 nobis
3116 5539 3504 5608 discrepantia,
3560 5539 3798 5594 indidem

2208 5637 2297 5691 illa
2341 5652 2552 5707 quoque
2600 5636 2786 5692 Basilii
2834 5635 3071 5706 profecta
3118 5644 3223 5702 est,
3266 5651 3328 5690 ex
3371 5651 3563 5691 v0cutn
3607 5651 3801 5705 nempe

2208 5732 2396 5797 abusu,
2422 5741 2469 5782 et
2493 5729 2822 5786 crassiorum
2849 5746 3133 5799 corporum
3155 5741 3418 5798 respectu.
3449 5730 3661 5798 Optime
3681 5728 3799 5782 Car-

2207 5825 2384 5882 sarius
2433 5823 2637 5895 Dialog.
2692 5842 2732 5892 t,
2802 5827 3060 5897 interrog.
3139 5825 3207 5880 48
3249 5865 3261 5880 .
3325 5822 3628 5896 Ἀσώματοι
3699 5824 3796 5894 μὲν
