4160 6402
385 431 492 488 855
1208 427 1785 486 ORIGENIANORUM
1823 428 1950 484 LIB.
1994 426 2060 493 ll,
2101 426 2254 483 CAP.
2295 425 2362 491 ll,
2402 421 2678 491 QUIEST.
2721 419 2788 474 ν.
3525 404 3631 462 854

350 631 352 640 Ι
383 544 474 602 οὖν
527 546 749 617 ἄγγελοι
798 547 918 602 καθ’
961 546 1126 619 ἡμᾶς,
1165 547 1322 619 σῶμα
1359 547 1416 600 δὲ
1457 547 1576 601 καθ’
1595 548 1854 612 ἑαυτοὺς,
1891 546 1961 609 ὡς

2069 565 2194 632 reis,
2219 574 2343 634 post
2375 564 2582 634 lapsum
2627 574 2757 615 vero
2802 552 3159 613 crassioribus
3191 549 3422 620 illigatos
3464 545 3631 602 fuisse

379 641 602 712 ἄνεμος,
657 640 690 712 ἢ
748 639 892 712 πῦρ,
946 639 978 712 ἢ
1040 640 1351 711 καπνὸς,ἢ
1402 642 1539 712 ἀήρ·
1583 639 1810 711 σώματα
1857 639 1965 710 γὰρ

380 734 686 804 ὑπάρχουσι
711 732 916 795 λεπτὰ,
945 733 1040 785 καὶ
1083 731 1220 785 ἇῡλα.
1239 772 1254 796 ,
1286 732 1390 798 ἔξω
1420 733 1518 804 τῆς
1548 734 1819 804 ἡμετέρας
1857 749 1964 785 πα-

381 825 632 897 χύτητος
676 825 901 896 σώματα
954 825 1063 896 γὰρ
1114 827 1432 898 ἐπουράνια,
1462 829 1556 881 καὶ
1580 824 1806 898 σώματα
1840 825 1963 879 ἐπί-

379 918 506 988 γειά
538 935 701 988 φησιν
725 919 754 971 ὁ
778 918 930 986 ἅγιος
977 918 1316 982 Ἀπὸστολος.
1363 938 1381 970 ι
1410 918 1713 986 lncorporei
1747 919 1962 987 quidem

380 1018 512 1064 sunt
531 1010 704 1078 angeli
732 1011 1024 1065 secundum
1055 1027 1183 1075 nos;
1234 1026 1431 1079 corpus
1461 1024 1585 1065 vero
1611 1019 1739 1065 sunt
1765 1024 1966 1064 secun~

383 1099 509 1154 dum
555 1115 633 1166 se,
685 1113 742 1155 ut
774 1112 988 1168 ventus,
1032 1102 1115 1156 vel
1147 1103 1306 1172 ignis,
1348 1103 1430 1156 vel
1486 1101 1688 1168 fumus,
1721 1103 1806 1158 vel
1848 1117 1968 1175 aer.

382 1193 623 1263 Corpora
657 1195 802 1248 enim
841 1203 968 1248 sunt
997 1193 1204 1257 tenuia,
1232 1193 1472 1248 materiae
1500 1193 1740 1264 expertia
1761 1233 1776 1259 ,
1811 1202 1963 1247 extra

383 1296 626 1343 nostram
668 1287 1106 1340 crassitudinem.
1146 1286 1386 1353 Corpora
1432 1286 1577 1340 enim
1615 1285 1882 1352 coelestia,
1911 1295 1965 1340 et

382 1393 614 1448 corpora
644 1378 920 1432 terrestria
955 1377 1089 1432 dicit
1116 1387 1337 1432 sanctus
1376 1377 1667 1444 Apostolus
1698 1379 1763 1431 υ.
1811 1397 1830 1431 ι
1863 1377 1960 1432 Cui

384 1470 716 1525 simillnnum
765 1468 894 1522 illud
929 1478 1012 1524 est
1053 1468 1298 1523 Cassiani
1347 1466 1538 1524 Collat.
1569 1485 1666 1534 vn,
1696 1483 1814 1538 cap.
1849 1469 1955 1524 15:

388 1581 407 1615 ι
439 1561 593 1617 Licet
621 1561 766 1617 enim
796 1561 1204 1632 pronuntiemus
1240 1561 1527 1617 nonnullas
1559 1577 1677 1618 esse
1706 1561 1960 1631 Spiritua-

386 1656 464 1710 les
497 1661 743 1719 naturas,
770 1665 827 1708 ut
863 1661 990 1709 sunt
1032 1653 1246 1722 angeli,
1283 1653 1615 1722 archangeli,
1641 1665 1959 1723 ctelerzeque

387 1747 627 1807 virtutes,
647 1745 760 1812 ipsa
787 1757 997 1812 quoque
1021 1744 1197 1797 anima
1233 1752 1438 1807 nostra,
1467 1743 1546 1798 vel
1571 1753 1716 1798 certe
1746 1744 1960 1798 aeriste

384 1835 640 1900 subtilis;
686 1843 861 1888 tamen
909 1833 1243 1902 incorporeze
1290 1831 1596 1886 nullatenus
1633 1832 1958 1887 aestimandae

385 1940 530 1984 sum.
570 1929 780 1983 Habent
814 1929 955 1981 enim
989 1929 1284 1980 secundum
1330 1940 1389 1980 se
1435 1939 1650 1994 corpus,
1697 1938 1804 1994 quo
1829 1925 1956 1979 sub-

384 2021 602 2083 sistunt,
623 2021 744 2074 licet
776 2018 942 2073 multo
966 2017 1179 2072 tenuius
1196 2030 1354 2085 quam
1383 2032 1501 2071 nos.
1525 2015 1656 2070 Nam
1679 2025 1804 2070 sunt
1830 2031 1955 2072 cor—

385 2128 514 2182 pora
545 2113 838 2168 secundum
860 2109 1101 2181 Apostoli
1123 2110 1450 2167 sententiam
1479 2110 1549 2164 ita
1579 2109 1806 2164 dicentis
1838 2127 1854 2164 :
1893 2109 1960 2165 Et

387 2219 618 2274 corpora
657 2204 922 2269 caelestia,
967 2214 1023 2258 et
1056 2213 1284 2272 corpora
1320 2204 1593 2256 terresuia
1627 2203 1690 2256 ".
1735 2221 1753 2253 ι
1785 2201 1961 2270 Appo-

385 2297 489 2350 site
525 2295 650 2349 item
677 2292 971 2363 Gregorius
1000 2292 1225 2363 Magnus
1248 2292 1466 2354 Moral.,
1491 2307 1610 2361 cap.
1629 2292 1664 2346 5
1695 2311 1707 2346 :
1745 2311 1763 2343 ι
1794 2291 1957 2346 Com-

384 2387 664 2456 paratione
701 2385 920 2454 quidem
945 2394 1251 2439 nostrorum
1277 2399 1562 2454 corporum
1592 2383 1811 2454 angelos
1857 2383 1962 2451 spi-

389 2468 525 2532 ritus
557 2492 675 2531 esse
706 2477 869 2542 dicit;
906 2477 998 2530 sed
1037 2475 1440 2545 comparatione
1472 2475 1665 2530 sunnni
1707 2483 1762 2529 et
1790 2474 1958 2529 incir-

387 2567 699 2638 cumscripti
731 2566 964 2635 Spiritus
983 2580 1104 2622 esse
1124 2581 1338 2634 corpus.
1375 2583 1394 2617 ι
1425 2564 1520 2622 Cui
1547 2565 1695 2636 paria
1731 2566 1961 2621 succinit

388 2660 757 2714 Damasceuus
785 2660 875 2714 lib.
911 2673 950 2714 ιι
983 2658 1058 2713 De
1089 2658 1274 2712 ortliod
1302 2657 1422 2727 ﬁd.,
1452 2672 1571 2727 cap.
1605 2656 1659 2714 5.
1688 2655 1821 2712 Hinc
1851 2658 1960 2728 Aq-

388 2751 636 2822 gustinus
673 2751 946 2807 sexcentis
981 2750 1105 2805 licet
1134 2748 1268 2804 locis
1307 2763 1622 2820 corpoream
1647 2747 1973 2819 angelorum'

388 2858 511 2899 esse
545 2852 795 2897 naturam
832 2842 1275 2912 propngnaverit,
1322 2841 1612 2910 aliquando
1645 2851 1821 2895 tamen
1851 2843 1960 2908 spi-

392 2935 658 3001 ritualem,
684 2944 740 2989 et
776 2933 1176 2988 intellectualem
1200 2949 1318 2988 eam
1348 2932 1960 3002 appellat,quemadmo—

391 3027 516 3081 dum
567 3028 857 3082 Cassianus
883 3035 937 3081 et
963 3024 1294 3093 Bernardus,
1335 3026 1426 3097 qui
1459 3041 1563 3080 non
1595 3025 1753 3080 aliam
1781 3034 1958 3079 tamen

393 3134 554 3188 quam
604 3119 937 3187 Augustinus
988 3118 1294 3186 Opinionem
1328 3117 1596 3186 persecuti
1649 3124 1792 3170 sunt.
1844 3114 1962 3184 Ipse

2064 658 2379 727 corporibus
2413 654 2657 710 deﬁnivit
2705 651 2988 720 Origenes,
3037 648 3089 702 in
3121 660 3187 700 eo
3231 637 3631 700 consentientes

2064 749 2230 806 habet
2277 746 2561 802 Minutium
2593 743 2852 803 Felicem,
2886 740 2978 810 qui
3013 757 3033 791 ι
3068 737 3204 792 istos
3233 734 3455 802 spiritus
3495 729 3630 784 sim-

2064 840 2358 911 plicitatem
2399 836 2716 892 substantiae.
2754 849 2864 889 sua:
2902 829 3199 902 perdidisse
3231 846 3248 879 ι
3285 823 3553 885 decernit,
3577 831 3631 877 et

2063 932 2417 1004 Augustinum
2439 929 2529 1000 qui
2559 929 2640 983 sic
2666 925 2884 981 disserit
2912 923 3008 979 lib.
3038 938 3098 976 ιιι
3125 919 3195 974 De
3225 917 3408 972 Cenes.
3431 915 3498 968 ad
3520 914 3629 980 lit.,

2064 1043 2185 1097 cap.
2218 1025 2326 1079 lt):
2359 1041 2377 1074 ι
2411 1020 2470 1077 Si
2510 1029 2690 1075 autem
2749 1027 3172 1087 transgressores
3207 1011 3306 1074 illi,
3340 1018 3630 1076 antequam

2066 1109 2844 1188 transgrederentur,crelestia
2876 1119 3101 1176 corpora
3130 1102 3426 1174 gerebant,
3458 1113 3632 1169 neque

2065 1212 2166 1266 hoc
2189 1210 2384 1262 mirum
2417 1215 2520 1271 est,
2540 1203 2586 1260 si
2615 1215 2874 1259 conversa
2905 1207 3117 1254 suntex
3144 1210 3300 1266 ptena
3327 1191 3382 1247 in
3415 1203 3630 1245 aeream

2061 1302 2400 1374 qualitatem.
2439 1317 2458 1351 ι

2131 1393 2285 1448 Nunc
2305 1405 2453 1455 vero,
2472 1388 2575 1445 etsi
2597 1398 2851 1456 expresse
2872 1383 2939 1438 ab
2962 1378 3203 1436 Ecclesia
3224 1376 3502 1433 deﬁnitum
3527 1388 3632 1428 non

2060 1498 2165 1552 est,
2199 1496 2380 1540 utrum
2427 1481 2606 1550 angeli
2654 1477 2972 1548 corporibus
3021 1471 3278 1542 implicati
3316 1468 3445 1530 sint,
3485 1481 3635 1521 conto

2064 1592 2225 1636 mune
2256 1589 2432 1632 tamen
2477 1576 2580 1629 hoc
2609 1580 2692 1627 est
2739 1584 2804 1625 ac
2845 1579 3141 1636 receptum,
3171 1573 3226 1619 et
3261 1560 3631 1630 theologorum

2058 1673 2300 1730 omnium
2351 1682 2616 1726 consensu
2659 1664 3013 1734 approbatum
3062 1659 3282 1728 dogma,
3313 1655 3453 1725 quod
3479 1652 3626 1707 omni

2059 1767 2180 1822 illos
2198 1778 2421 1834 corpore
2435 1761 2650 1832 spoliat,
2668 1769 2726 1813 ut
2749 1755 3081 1811 contrarium
3104 1749 3350 1820 quisquis
3369 1747 3526 1802 hodie
3542 1745 3624 1798 af-

1986 1895 2029 1950 Β
2063 1858 2391 1920 ﬁrmaverit,
2419 1869 2517 1924 pro
2572 1853 2860 1907 temerario
2910 1855 2964 1900 et
3007 1843 3305 1915 praeﬁdenti
3353 1837 3633 1896 habendus

2059 1954 2130 2009 sit
2155 1959 2470 2020 :postquam
2493 1947 2544 2001 in
2574 1945 2624 1999 id
2647 1945 2924 1998 decretum
2953 1935 3229 1996 consensit
3264 1933 3633 1988 Lateranense
3711 1941 3718 1948 '

2059 2042 2347 2101 concilium
2378 2053 2497 2108 cap.
2531 2037 2608 2090 l.:
2659 2053 2678 2086 ι
2722 2033 2950 2088 Creator
2990 2028 3229 2082 omnium
3286 2020 3632 2077 invisibilium

2061 2143 2118 2190 et
2147 2131 2463 2193 visibilium,
2489 2124 2850 2196 spiritualium
2880 2135 2935 2177 et
2991 2117 3377 2188 corporalium,
3405 2113 3497 2183 qui
3535 2126 3633 2167 sua

2060 2219 2412 2289 omnipotenti
2436 2217 2636 2272 virtute
2662 2214 2821 2270 simul
2855 2214 2922 2268 ab
2955 2212 3107 2268 initio
3139 2205 3395 2277 temporis
3429 2212 3634 2256 utram-

2061 2325 2167 2381 que
2193 2309 2260 2367 de
2299 2307 2472 2364 nihilo
2518 2307 2763 2363 condidit
2813 2313 3163 2366 creaturam,
3191 2293 3522 2367 spiritualem
3578 2303 3635 2347 et

2060 2400 2419 2471 corporalem,
2462 2397 2765 2469 angelicam
2798 2392 3051 2450 videlicet
3087 2398 3143 2446 et
3181 2385 3533 2448 mundanam,
3568 2397 3632 2438 ac

2059 2492 2254 2550 deinde
2281 2490 2611 2556 bumanam,‘
2633 2487 2788 2558 quasi
2836 2496 3176 2542 communem
3211 2495 3278 2534 ex
3321 2489 3547 2546 corpore
3579 2482 3636 2528 et

2062 2585 2254 2653 spiritu
2289 2584 2653 2641 constitutam.
2691 2598 2709 2632 ι
2749 2578 2868 2646 Quo
2899 2578 3117 2632 decreto
3149 2568 3484 2641 Origenistas
3526 2564 3632 2636 peti

2065 2674 2123 2731 S.
2156 2673 2390 2730 Thomas
2419 2671 2792 2730 existimabat.

2135 2765 2226 2824 lX.
2254 2766 2426 2821 Porro
2469 2762 2725 2833 quidquid
2757 2761 2824 2816 de
2869 2755 3075 2828 angelis
3103 2751 3324 2808 tradidit
3349 2748 3632 2820 Origenes,

2062 2861 2148 2918 vel
2195 2859 2368 2915 sacris
2421 2855 2503 2912 vel
2555 2852 2800 2924 profanis
2844 2845 3162 2904 auctoribus
3226 2853 3497 2910 utcunque
3550 2837 3637 2892 de-

2063 2954 2288 3009 fendere
2309 2949 2502 3020 potuit.
2527 2945 2737 3014 Corpus
2760 2943 2965 3013 angelis
2987 2938 3184 2996 ascribi
3231 2936 3445 2992 videtur
3494 2930 3632 3002 psal.

2063 3063 2178 3110 CIII,
2213 3045 2286 3099 4:
2337 3062 2356 3096 ι
2389 3041 2490 3109 Qui
2528 3039 2660 3094 facis
2689 3035 2908 3107 angelos
2943 3044 3066 3088 tuos
3093 3030 3337 3102 spiritus,
3373 3034 3429 3083 et
3471 3023 3636 3079 mini-

2064 3152 2208 3196 atros
2251 3148 2372 3191 tuos
2415 3133 2591 3202 ignem
2641 3135 2952 3183 urentem.»
3010 3123 3141 3192 Quae
3182 3119 3430 3192 quamvis
3479 3114 3638 3169 aliter

389 3227 606 3282 Ψ¹⁰ί1¹¹θ
637 3210 1002 3265 Τθτίυ¹¹ί³¹¹¹¹⁵
1041 3210 1132 3263 In"
1167 3209 1241 3303 De
1282 3226 1439 3303 eam?
1474 3206 1690 3303 δ¹ξνί⁸¹ίν
1741 3211 1858 3303 θ’τξβ·
1892 3207 1956 3272 θ’
1987 3237 2029 3294 C
2063 3231 2256 3303 exponi
2298 3226 2526 3299 possint,
2574 3223 2744 3278 Demn
2799 3233 2992 3290 nempe
3035 3227 3198 3271 vento
3247 3223 3300 3268 et
3342 3213 3488 3283 igne,
3517 3218 3636 3262 tau-

392 3303 612 3373 angelos
655 3321 673 3354 ι
721 3313 928 3356 natura:
961 3302 1278 3357 substantiae
1307 3300 1636 3369 spiritualis;
1671 3311 1726 3355 et
1760 3300 1804 3354 si
1835 3314 1958 3353 cor-

393 3396 540 3465 poris
573 3395 822 3463 alicnjns,
849 3396 930 3451 sui
963 3404 1140 3449 tamen
1173 3395 1385 3466 generis
1425 3413 1443 3447 »
1487 3409 1607 3450 esse
1633 3393 1888 3448 declarat.

465 3489 744 3546 llaesitatio
791 3504 1007 3558 quoque
1043 3489 1129 3543 illa
1190 3488 1455 3558 Origeuis,
1498 3503 1602 3556 qua
1651 3487 1865 3542 dubitat
1893 3502 1959 3540 an

393 3594 592 3652 praeter
619 3596 815 3650 corpus
844 3581 1080 3634 animam
1107 3594 1319 3649 quoque
1343 3559 1545 3649 angelis
1573 3578 1838 3648 assignet,
1871 3578 1962 3631 de-

392 3675 634 3728 fenditur
667 3672 990 3726 auctoritate
1019 3669 1294 3724 Claudiani
1337 3668 1579 3723 Mamerti
1618 3669 1960 3735 Viennensis,

390 3778 446 3822 et
468 3765 760 3837 Fulgentii,
797 3779 1023 3832 quorum
1056 3761 1143 3816 ille
1172 3760 1488 3830 pronuntiat
1529 3778 1548 3811 ι
1585 3769 1836 3816 constare
1862 3775 1962 3813 au-

391 3855 569 3926 gelum
595 3871 660 3909 ex
689 3869 917 3924 corpore
939 3862 993 3908 et
1019 3853 1208 3923 spiritu
1239 3852 1506 3922 praecipua
1527 3851 1666 3904 inter
1686 3859 1963 3906 creaturas

393 3950 656 4019 dignitate
689 3947 956 4013 formato;
1005 3967 1023 3999 ›
1063 3945 1223 4015 hujus
1250 3958 1379 3998 vero
1413 3943 1578 3998 verba
1610 3943 1724 3998 haec
1761 3952 1887 3998 sunt
1911 3942 1962 3996 in

393 4039 530 4094 libro
569 4039 643 4093 De
694 4039 950 4093 Trinitate
980 4053 998 4092 :
1030 4056 1048 4091 ι
1083 4037 1252 4092 Plane
1292 4051 1357 4091 ex
1401 4035 1596 4105 duplici
1631 4048 1724 4089 eos
1766 4032 1964 4107 (ange-

395 4130 497 4204 lo»)
530 4147 649 4188 esse
685 4132 983 4188 substantia
1013 4138 1264 4187 asserunt
1293 4129 1471 4199 magni
1506 4136 1560 4182 et
1585 4127 1727 4183 docti
1758 4128 1880 4185 viri.
1911 4127 1965 4181 id

392 4234 476 4279 est
503 4240 567 4280 ex
595 4226 786 4294 spiritu
823 4225 1161 4294 incorporeo,
1186 4239 1295 4293 quo
1328 4237 1357 4275 a
1383 4221 1476 4276 Dei
1508 4223 1967 4292 contemplatione

393 4331 668 4386 nunquam
700 4318 1066 4373 receduntzet
1095 4330 1162 4373 ex
1185 4330 1434 4384 corpore,
1453 4330 1551 4385 per
1575 4317 1716 4385 quod
1747 4330 1814 4371 ex
1839 4325 1968 4370 tem-

391 4421 522 4474 pore
558 4408 869 4464 hominibus
896 4417 1178 4480 apparent.
1209 4428 1228 4464 ι
1268 4409 1338 4463 At
1366 4410 1695 4478 Augustinus
1713 4411 1966 4479 praeditos

393 4501 590 4556 animis
623 4503 843 4572 angelos
869 4516 990 4558 esse
1013 4510 1191 4572 negat,
1213 4509 1269 4556 et
1298 4511 1418 4571 post
1438 4502 1794 4570 Augustinum
1824 4501 1966 4557 Fau-

2061 3341 2223 3394 quam
2272 3321 2535 3378 ministris
2564 3327 2620 3372 et
2658 3314 2890 3386 angelis,
2933 3309 3224 3381 aliquando
3247 3305 3356 3371 uti;
3391 3315 3446 3358 et
3475 3310 3636 3357 ventu

2061 3413 2300 3484 quidem,
2339 3411 2484 3466 velut
2514 3423 2634 3462 cum
2664 3401 2938 3472 Josapbati
2965 3408 3020 3455 et
3040 3396 3287 3456 chosiae
3314 3407 3480 3448 naves
3503 3405 3637 3447 con-

2065 3483 2308 3570 trivit-‘3;
2358 3501 2441 3558 vel
2475 3517 2596 3556 cum
2649 3499 2910 3552 adversus
2938 3491 3130 3547 Jouam
3185 3489 3238 3543 in
3274 3484 3498 3542 Tltarsis
3555 3483 3638 3537 fu-

2062 3599 2297 3669 gientem
2339 3613 2358 3647 ι
2386 3592 2528 3648 misit
2553 3601 2774 3646 ventum
2810 3602 3060 3657 magnum
3096 3584 3147 3638 in
3194 3596 3369 3644 mare,
3402 3589 3457 3634 et
3489 3577 3634 3632 facta

2062 3668 2145 3746 est
2170 3695 2465 3756 tempestas
2490 3699 2679 3754 magna
2703 3683 2758 3740 in
2789 3681 2924 3736 mari
2955 3678 3035 3743 ας
3070 3696 3088 3728 ι
3121 3678 3240 3746 igne
3264 3682 3464 3738 autem,
3490 3668 3638 3724 velut

2064 3797 2188 3837 cum
2211 3797 2230 3836 ι
2252 3779 2520 3834 Dominus
2550 3776 2683 3848 pluit
2708 3787 2871 3842 super
2891 3769 3180 3826 Sodomam
3202 3777 3255 3821 et
3275 3762 3633 3822 Gomorrbam

2064 3871 2285 3941 sulphur
2331 3880 2387 3924 et
2427 3868 2603 3938 ignem
2625 3866 2696 3928 ul;
2730 3883 2748 3915 ι
2785 3863 2866 3918 vel
2901 3878 3021 3916 cum
3075 3878 3093 3911 ι
3126 3859 3265 3929 ignis
3320 3867 3572 3924 egressus
3603 3867 3633 3906 a

2066 3962 2295 4018 Domino
2320 3959 2601 4016 interfecit
2631 3959 2892 4013 ducentos
2916 3951 3305 4024 quinquaginta
3339 3949 3507 4013 viros,
3543 3943 3640 4016 qui.

2064 4054 2363 4110 oﬂerebant
2391 4053 2672 4108 incensum
2700 4048 2744 4080 ¹⁶
2796 4070 2806 4104 :
2857 4065 2876 4099 ›
2931 4045 3284 4100 nihilominus
3331 4052 3508 4096 tamen
3560 4039 3640 4094 ita

2065 4146 2352 4215 exponitur
2396 4158 2427 4198 a
2490 4141 2672 4198 multis
2711 4139 3025 4194 Davidicum
3080 4136 3253 4192 illud:
3287 4133 3387 4202 Qui
3430 4131 3638 4200 angelis

2068 4238 2173 4292 tuis
2204 4235 2503 4304 spiritalem
2552 4240 2802 4288 naturam
2828 4241 2882 4288 et
2905 4231 3122 4301 igneam.
3138 4225 3401 4283 tribuisti.
3433 4223 3524 4279 Sic
3554 4223 3639 4277 in.

2068 4328 2270 4384 tellexit
2301 4325 2671 4381 Tertullianus
2699 4323 2792 4378 lib.
2826 4338 2868 4377 n
2894 4331 3077 4376 contra
3104 4317 3543 4385 Marcion.,cap.
3568 4313 3638 4382 8;

2066 4421 2147 4476 sic
2198 4419 2554 4490 Hieronymus
2623 4416 2676 4470 in
2730 4431 2800 4469 vn
2862 4412 3112 4474 Daniel.;
3156 4411 3232 4466 sic
3306 4406 3639 4465 Severianus

2066 4510 2420 4567 Gabalitauus
2473 4508 2657 4563 bomil.
2716 4506 2791 4572 ις
2843 4506 2922 4560 sic
2976 4505 3088 4573 ipse
3142 4501 3404 4572 Origenes
3458 4499 3555 4554 lib.
3600 4513 3638 4552 tt

391 4600 506 4648 stus
532 4592 803 4659 Reiensis,
829 4594 921 4664 qui
955 4595 1056 4650 hac
1092 4595 1304 4649 ratione
1336 4594 1748 4663 reprehenditur
1780 4609 1809 4648 a
1848 4594 1962 4648 Ma-
1997 4582 2039 4637 θ
2067 4603 2210 4674 Περὶ
2241 4601 2461 4672 ἀρχῶν,
2491 4616 2608 4671 cap.
2635 4602 2689 4661 8.
2725 4615 2875 4654 num.
2910 4599 2965 4654 5.
2998 4595 3296 4652 Conﬁrmat
3325 4595 3642 4662 interpreta-

392 4695 564 4740 merto
596 4683 906 4750 Viennensi,
924 4687 1066 4757 quod
1092 4701 1290 4757 corpus
1311 4698 1507 4756 sponte
1533 4701 1629 4742 sua
1651 4688 1831 4744 virere
1855 4705 1960 4742 non

388 4777 580 4846 possit,
617 4777 722 4833 nisi
780 4778 928 4833 vitali
979 4781 1171 4850 spiritu
1202 4779 1268 4834 ad
1313 4780 1482 4833 vitam
1531 4782 1817 4834 excitetur.
1855 4782 1960 4834 Sed

391 4869 707 4924 Mamertum
740 4886 837 4926 sua
875 4872 1087 4927 videtur
1117 4871 1370 4927 fefellisse
1394 4872 1558 4936 ratio,
1588 4887 1709 4926 nam
1745 4872 1962 4928 vitalem

391 4961 567 5030 ipsum
597 4962 843 5030 spiritum
873 4962 955 5019 vel
989 4964 1362 5034 incorporeum
1396 4978 1515 5018 esse
1537 4963 1698 5028 dicet,
1730 4963 1810 5018 vel
1843 4978 1962 5017 eor-

391 5066 618 5120 poreum
641 5052 717 5117 ;si
743 5052 1122 5122 incorporeum
1147 5068 1268 5109 esse
1296 5053 1448 5120 velit,
1465 5069 1634 5122 quare
1655 5068 1761 5108 non
1797 5062 1960 5117 totam

390 5141 578 5198 itidem
624 5143 800 5213 angeli
861 5155 1111 5200 naturam
1161 5161 1260 5216 pro
1316 5146 1629 5216 incorporea
1688 5147 1960 5212 admittat,

388 5249 554 5287 causa
593 5250 696 5289 non
730 5247 849 5301 est;
879 5237 924 5290 si
969 5247 1395 5306 corporettm,,at
1427 5238 1628 5293 nullum
1667 5253 1861 5307 corpus
1894 5255 1960 5294 ex

388 5323 509 5394 ejus
562 5329 828 5382 sententia
882 5339 1072 5397 sponte
1119 5345 1216 5386 sua
1254 5332 1436 5386 vivere
1473 5341 1666 5400 potest,
1691 5346 1819 5402 ergo
1857 5333 1961 5385 alio

392 5415 584 5486 spiritu
620 5418 896 5473 excitante
920 5420 1159 5476 vivescas
1186 5434 1411 5476 necesse
1440 5429 1542 5477 est.
1577 5421 1775 5476 Eadem
1803 5437 1963 5490 porro

390 5505 458 5562 de
487 5507 650 5562 tertio
682 5509 774 5563 illo
811 5511 1040 5578 spiritu,
1078 5519 1239 5580 atque
1270 5511 1408 5566 idem
1440 5513 1507 5568 de
1548 5523 1775 5584 quarto,
1805 5525 1860 5568 et
1883 5515 1963 5568 sic

390 5597 444 5652 in
471 5597 740 5654 inﬁnitum
767 5612 1072 5657 recurreret
1100 5604 1345 5672 qnestio.

460 5689 614 5758 Quod
640 5693 862 5762 angelos
885 5703 1062 5747 autem
1094 5695 1427 5750 tenuioribus
1458 5696 1688 5764 primum
1723 5706 1776 5751 et
1797 5697 1960 5751 mthc-

470 5882 512 5912 “
538 5882 555 5937 Ι
580 5883 703 5939 Cor.
731 5899 818 5951 xv,
857 5883 944 5938 4-0.
1023 5884 1064 5916 ¹²
1104 5882 1228 5939 ibid.
1309 5883 1352 5914 ¹²
1380 5882 1419 5937 ll
1481 5883 1598 5938 Par.
1637 5898 1724 5945 xx,
1762 5883 1850 5937 δῖ.

1923 5881 1958 5912 ⁸³
1987 5881 2105 5938 .lon.
2139 5897 2178 5946 ι,
2218 5879 2264 5936 6.
2337 5879 2376 5909 ’⁸
2401 5877 2530 5932 Gen.
2571 5893 2680 5944 xu,
2713 5877 2800 5932 ΞΕ.

2072 4698 2269 4752 tionem
2303 4698 2442 4752 hanc
2474 4709 2666 4750 nomen
2695 4701 2916 4758 D7518,
2947 4692 3090 4760 quod
3121 4689 3297 4758 primo
3319 4687 3636 4755 angelorum

2067 4788 2242 4843 ordini
2269 4786 2541 4840 tribuitur.
2569 4782 2743 4838 Vertit
2764 4798 2948 4837 vocem
2975 4780 3120 4835 illam
3145 4779 3433 4851 Dionysius
3459 4791 3579 4846 cap.
3604 4776 3640 4832 5

2067 4889 2132 4934 et.
2152 4879 2182 4932 7
2214 4878 2287 4932 De
2314 4877 2504 4932 ctelcsti
2529 4876 2817 4938 hieran/1.,
2854 4872 3199 4945 ὲμπρηστάς,
3234 4881 3287 4926 et
3318 4868 3639 4942 Θερμαίνον-

2069 4988 2185 5034 τας.
2217 4969 2509 5038 Gregorius
2538 4984 2669 5022 vero
2713 4967 2899 5020 ltmuil.
2924 4965 3014 5029 34,
3061 4965 3424 5024 incendentes,
3461 4972 3515 5017 et
3560 4978 3642 5015 ar—

2069 5065 2278 5128 dentes,
2308 5069 2446 5116 utet
2474 5059 2718 5114 Isidorus
2759 5058 2854 5112 lib.
2883 5073 2959 5112 vn
2994 5055 3234 5127 0rigin.,
3265 5070 3385 5123 cap.
3408 5053 3460 5108 5.
3503 5051 3643 5107 Hinc

2071 5153 2394 5209 Severianus
2449 5151 2692 5208 bomil.l
2760 5149 2832 5204 De
2881 5148 3091 5216 cpi/icio
3149 5147 3368 5211 mundi,
3421 5144 3642 5216 angelos

2069 5247 2247 5316 ignem
2287 5259 2407 5300 esse
2438 5244 2602 5299 dicit:
2641 5244 2716 5296 Οὐ
2759 5242 2868 5312 γὰρ
2905 5240 3088 5312 μόνον,
3130 5238 3322 5308 inquit,
3372 5235 3530 5292 τοῦτο
3579 5236 3642 5289 τὺ

2068 5336 2182 5408 πῦρ
2210 5338 2378 5399 ἐστιν,
2405 5333 2540 5388 ἀλλὰ
2573 5333 2666 5386 καὶ
2693 5333 2752 5386 αἱ
2783 5331 2908 5386 ἄνω,
2938 5329 3196 5401 δυνάμεις
3243 5326 3351 5400 πῦρ
3379 5329 3504 5392 εἰσι,
3549 5325 3643 5382 καὶ

2069 5424 2329 5495 συγγενές
2376 5427 2493 5478 ἐστι
2528 5424 2590 5477 τὸ
2638 5423 2747 5477 ἄνω
2784 5421 2893 5497 πῦρ
2938 5419 3127 5477 τούτου
3172 5418 3266 5472 τοῦ
3311 5422 3444 5490 παρ’
3485 5418 3638 5489 ἡμῖν.

2077 5533 2094 5566 σ
2125 5516 2240 5569 Νοη
2271 5515 2414 5567 enim
2458 5517 2605 5569 solus
2649 5522 2728 5566 est
2773 5512 2860 5565 hic
2909 5510 3082 5579 ignis,
3124 5509 3215 5564 sed
3252 5517 3305 5562 et
3333 5507 3641 5577 superiores

2071 5607 2302 5662 virtutes
2337 5607 2474 5676 ignis
2513 5614 2676 5667 sunt,
2725 5612 2778 5656 et
2823 5611 3082 5672 cognatus
3129 5612 3214 5654 est
3259 5599 3507 5668 superior
3551 5599 3641 5653 ille

2070 5698 2210 5769 ignis
2275 5699 2433 5767 ltujns
2485 5697 2674 5752 nostri.
2705 5713 2722 5747 I
2780 5696 2974 5750 Eodem
3019 5696 3235 5766 quidem
3295 5692 3460 5748 refert
3507 5689 3637 5746 illud

2883 5877 2925 5908 ἐ
2955 5874 3110 5931 Num.
3149 5891 3258 5939 xvi,
3293 5871 3386 5930 35.
