4160 6396
553 364 660 423 855

1835 364 1895 421 P.
1941 351 2260 421 DANIELIS
2297 359 2533 418 HUETII

3692 344 3798 423 sse

554 484 829 555 prapheta-
872 480 1106 535 Joannes
1154 478 1517 534 Damascenus
1570 480 1662 536 lib.
1709 481 1748 535 i1
1798 480 1873 534 De
1918 491 2126 534 ortnoa.
2160 488 2202 538 Α
2230 481 2323 534 sed
2348 494 2468 534 cum
2492 472 2781 547 synagagis
2808 467 3088 541 gentium:
3130 484 3148 516 ι
3178 464 3289 555 Nec
3313 477 3440 518 vero
3462 461 3679 555 mirum.
3716 464 3802 518 ῖηο

551 574 678 643 ﬁde,
715 588 830 643 cap.
852 572 918 638 5;
953 572 1045 625 scd
1075 571 1320 641 spiritum
1345 580 1399 625 et
1420 571 1599 641 ignem
1633 573 1872 625 materia:
1901 586 1963 625 ac.
1997 586 2123 626 cor-

552 668 700 739 poris
749 676 1024 736 expertem
1075 663 1293 735 angelos
1341 678 1465 719 esse
1528 662 1819 731 pertendit.
1881 662 1958 715 Ex
2021 662 2123 717 hoc

550 759 760 829 psalmo
786 758 1039 812 inductus
1070 754 1281 811 videtur
1310 755 1571 827 Origenes
1601 763 1660 810 ut
1695 755 1851 822 ignea
1890 770 2120 825 corpora

550 846 759 918 angelis
786 844 1067 909 tribueret,
1104 860 1227 899 eum
1261 846 1559 913 praesertim
1602 845 1729 900 deos
1760 843 1913 899 Plato
1940 846 2125 916 igneos

550 951 669 991 esse
704 935 1055 1000 decrevisset,
1093 945 1150 990 ut
1192 946 1276 992 est
1310 938 1448 1007 apud
1493 935 1768 992 Laertium
1812 937 1863 991 in
1901 936 2125 994 Platone

551 1039 604 1083 et
642 1029 949 1094 Aristotele,
1001 1029 1091 1098 qui
1137 1029 1319 1083 subdit
1368 1039 1547 1084 tamen
1598 1029 1755 1100 paulo
1803 1038 1924 1099 post
1971 1046 2124 1086 asse-

551 1135 767 1175 verasse
798 1120 971 1187 ipsum
999 1136 1225 1191 corpore
1251 1121 1416 1176 Deum
1450 1131 1504 1178 et
1536 1125 1716 1177 anima
1745 1138 1957 1187 carere,
1981 1125 2123 1193 quod

549 1222 605 1267 et
650 1211 778 1266 alibi
822 1213 1002 1268 iterat.
1051 1213 1231 1283 Atque
1275 1214 1389 1269 haec
1436 1213 1508 1268 ita
1556 1213 1833 1269 conciliari
1882 1224 2119 1284 possunt,

550 1321 821 1361 summum
893 1306 1133 1360 omnium
1197 1306 1528 1360 conditorem
1599 1319 1663 1360 ac
1726 1305 2122 1362 moderatorem

552 1394 990 1466 Deum'corpore
1032 1398 1347 1453 destitutum
1386 1412 1529 1463 esse,
1578 1413 1735 1453 secus
1768 1408 1945 1453 autem
1982 1398 2123 1454 infe-

551 1492 725 1545 riares
781 1491 911 1546 deos
954 1492 1189 1560 supremi
1236 1490 1379 1545 illius
1425 1491 1722 1547 ministros.
1767 1492 1918 1558 Quod
1968 1492 2126 1562 plane

550 1583 619 1638 ab
652 1584 885 1653 Origene
915 1598 1231 1652 expressum
1277 1592 1378 1646 est,
1416 1597 1536 1637 cum
1567 1581 1678 1638 Dea
1726 1584 1963 1638 detraxit
2002 1599 2125 1638 cor-

550 1690 687 1743 pus,
733 1675 938 1745 angelis
967 1675 1235 1745 adjunxit.
1276 1672 1482 1729 Caetera
1525 1676 1640 1745 ejus
1682 1676 1749 1730 de
1790 1676 1996 1747 angelis
2031 1677 2124 1732 do-

550 1774 749 1835 gmata,
788 1782 818 1819 e
850 1764 1245 1820 Platonicorum
1275 1764 1389 1820 fere
1435 1767 1652 1822 exedris
1690 1768 1933 1823 derivata
1970 1775 2119 1823 sunt.

619 1853 689 1910 Χ.
749 1855 1113 1912 Offensianem
1169 1872 1385 1927 quoque
1438 1855 1628 1911 habuit
1684 1859 1827 1928 quod
1873 1857 2125 1913 Genesim

550 1948 845 2018 eXplanans
890 1948 1067 2009 dixit.
1119 1949 1275 2019 aquis
1328 1963 1447 2019 qua:
1497 1962 1661 2018 supra
1718 1950 2125 2004 ﬁrmamentum

550 2047 696 2107 sunt,
739 2046 794 2093 et
840 2054 960 2109 quze
993 2037 1129 2093 infra
1156 2080 1172 2102 ,
1211 2039 1464 2095 caelestes
1506 2039 1858 2109 infernasque
1898 2041 2127 2096 virtutes

550 2129 757 2199 tropice
795 2128 1121 2200 signiﬁcari;
1164 2139 1332 2199 atque
1377 2130 1504 2185 hinc
1552 2144 1724 2200 aquas
1758 2130 1879 2185 illas
1914 2131 1981 2185 ad
2011 2131 2128 2185 lau-

549 2221 648 2275 des
720 2219 928 2275 Domini
1004 2220 1260 2276 dicendas
1322 2222 1605 2290 provocari
1670 2220 1804 2290 psal.
1882 2237 2123 2289 chvm,

549 2307 606 2377 Δ,
658 2317 715 2366 et
764 2312 897 2367 Dan.
938 2327 1021 2377 Ill,
1060 2311 1149 2368 60.
1186 2309 1314 2367 Haec
1353 2313 1601 2381 quamvis
1647 2313 1935 2384 allegorice
1982 2314 2124 2369 dicta

551 2412 812 2473 agnoscat
856 2402 1085 2459 Basilius
1130 2403 1294 2458 homil
1341 2404 1375 2458 ὅ
1424 2405 1480 2457 in
1524 2400 1821 2469 Hexaem.,
1878 2406 2127 2475 repudiat

559 2494 934 2563 nihilominus,
971 2506 1024 2552 et
1062 2505 1321 2566 tanquam
1349 2497 1683 2551 somniorum
1716 2496 2046 2567 coniecturis
2072 2509 2126 2555 et

550 2586 784 2643 anilibus
816 2588 1007 2643 fabulis
1042 2588 1236 2643 similia
1268 2589 1561 2659 redarguit.
1602 2590 1896 2659 Rcdarguit
1922 2599 1976 2646 et
2001 2591 2126 2661 Epi-

550 2680 780 2749 phanius
812 2681 866 2734 in
902 2680 1128 2749 epistola
1161 2681 1228 2735 ad
1265 2678 1527 2736 Joannem
1561 2679 1927 2753 Jerosolymit.
1951 2724 1964 2745 .
2001 2698 2121 2753 cap.

549 2767 584 2827 5
608 2813 623 2834 ,
654 2780 709 2826 et
733 2771 864 2826 haer.
891 2787 1044 2839 thv,
1071 2787 1193 2842 cap.
1230 2772 1285 2827 4.
1337 2772 1631 2843 Redarguit
1666 2784 1722 2829 et
1760 2774 2124 2847 Hieronymus

549 2862 712 2928 epist.
746 2862 803 2916 61
858 2862 925 2916 ad
973 2861 1327 2927 Pammach.,
1371 2877 1495 2933 cap.
1525 2863 1577 2920 '5.
1616 2861 1915 2934 Redarguit
1959 2877 2015 2919 et
2057 2879 2123 2920 ex

552 2947 735 3008 Basilii
770 2954 951 3011 verbis
974 2953 1316 3009 Justinianus
1345 2954 1396 3007 in
1428 2954 1654 3024 epistola
1694 2954 1760 3009 ad
1796 2954 2031 3021 Menam,
2070 2965 2127 3010 et

552 3046 604 3098 in
657 3060 720 3101 ea
774 3046 918 3102 hunc
959 3056 1278 3116 contorquet
1318 3045 1879 3100 anathematismum:
1928 3045 1997 3099 El'
2042 3063 2124 3112 τις

549 3132 696 3205 λέγει
727 3134 973 3208 οὐρανὸν,
1006 3138 1097 3191 καὶ
1129 3138 1299 3209 ἥλιον,
1340 3138 1435 3191 καὶ
1464 3137 1711 3209 σελήνην,
1743 3139 1837 3191 καὶ
1868 3138 2120 3207 ἀστέρας,

551 3229 646 3284 καὶ
691 3228 860 3283 ὕδατα.
903 3229 972 3283 τὰ
1014 3230 1268 3300 ὑπεράνω
1306 3228 1415 3283 τῶν
1456 3227 1700 3300 οὐρανῶν
1727 3229 2002 3301 ἐμψύχους
2031 3232 2125 3283 καὶ

556 3319 745 3384 ὑλικὰς
775 3321 935 3392 (lege,
973 3321 1219 3390 λογικάς,
1255 3321 1398 3390 quod
1429 3321 1561 3376 vidit
1589 3319 1949 3392 Gaudentius)
1982 3317 2124 3377 εἷναί

550 3428 702 3475 τινας
734 3412 1018 3483 δυνάμεις,
1063 3412 1311 3483 ἀνάθεμα
1339 3412 1496 3466 ἔστω.
1537 3432 1555 3464 t
1581 3412 1637 3466 Si
1684 3413 1806 3483 quis
1839 3414 1971 3468 dicit
2013 3428 2128 3469 cm-

555 3503 684 3568 lum,
732 3514 788 3557 et
824 3507 989 3558 solem
1037 3512 1093 3557 et
1136 3504 1317 3558 lunam
1365 3513 1421 3559 et
1466 3504 1670 3571 stellas,
1717 3515 1775 3560 et
1809 3520 1976 3575 aquas
2013 3520 2128 3577 quae

555 3608 717 3662 super
743 3592 911 3648 caelos
944 3605 1089 3660 sunt,
1124 3595 1391 3650 animatas
1417 3605 1473 3650 et
1504 3596 1799 3653 rationales
1820 3610 1942 3652 esse
1964 3613 2126 3667 quas-

555 3686 678 3739 dam
712 3685 961 3752 virtutes,
999 3687 1286 3741 anathema
1322 3686 1415 3741 sit.
1453 3705 1472 3738 »
1500 3687 1650 3753 Quod
1677 3697 1731 3744 et
1753 3703 1785 3743 a
1816 3688 2127 3760 Sophronia

557 3777 611 3833 in
648 3778 872 3847 epistola
919 3779 986 3834 ad
1021 3777 1273 3850 Sergium
1310 3781 1619 3834 damnatur.

626 3869 740 3941 (50)
802 3870 970 3940 llujns
1022 3870 1241 3940 quidem
1289 3872 1551 3927 doctrinae
1606 3872 1828 3944 vestigia
1882 3876 2126 3944 quaedam

554 3960 822 4029 reperisse
863 3961 991 4014 mihi
1038 3961 1220 4015 videor
1270 3960 1452 4015 homil.
1496 3960 1568 4017 25
1614 3962 1672 4016 in
1714 3961 1843 4017 Luc.
1886 3977 1905 4016 :
1948 3963 2126 4019 «Pro-

555 4050 731 4120 pheta:
756 4063 968 4119 quoque
996 4049 1119 4120 ipsi,
1150 4051 1326 4120 inquit
1344 4049 1625 4120 Origenes,
1643 4062 1697 4106 et
1720 4053 1945 4122 apostoli
1969 4069 2130 4111 omne

556 4143 701 4215 quod
730 4152 1004 4209 resonant,
1034 4158 1140 4198 non
1174 4142 1345 4198 solum
1387 4143 1721 4209 hominibus,
1751 4146 1846 4199 sed
1876 4154 1930 4200 et
1961 4160 2126 4216 augeo

557 4234 623 4290 lis
646 4234 960 4305 praedicant.
988 4232 1139 4302 Quod
1170 4243 1229 4289 ut
1265 4236 1407 4291 scias
1440 4249 1626 4290 verum
1654 4254 1668 4290 :
1707 4254 1725 4288 ι
1757 4238 2007 4305 Attende,
2046 4239 2127 4293 iu-

554 4328 692 4397 quit,
722 4326 943 4390 ccelum,
971 4334 1027 4381 et
1058 4325 1248 4396 loquar
1272 4326 1354 4394 ";
1401 4327 1454 4382 in
1485 4337 1777 4398 conspectu
1814 4328 2127 4399 angelorum

555 4419 777 4490 psallam
805 4419 900 4474 tibi
926 4418 1031 4486 ης»
1054 4427 1140 4475 et:
1165 4420 1451 4488 «Laudate,
1467 4420 1587 4476 caeli
1607 4419 1889 4487 calorum,
1907 4432 1959 4476 et
1978 4437 2133 4493 aqua:

2229 568 2369 637 quit,
2414 567 2555 635 quod
2582 563 2842 630 Origenes
2876 560 3134 628 pleraque
3166 555 3219 609 in
3252 554 3417 608 Deum
3463 552 3640 607 minus
3672 567 3800 608 con-

2231 657 2499 713 venientia
2528 660 2865 710 commentus
2886 660 2941 705 et
2970 647 3305 720 prolocutus,
3329 643 3638 714 paradisum
3669 658 3800 713 quo-

2229 765 2334 820 que
2364 758 2419 805 et
2443 762 2631 817 aquas,
2661 758 2781 814 quae
2813 752 2919 796 tam
2957 740 3094 794 infra
3126 752 3285 807 quam
3308 750 3470 804 supra
3492 734 3803 790 ﬁrmamen—-

2232 852 2342 896 tum
2379 853 2501 894 esse
2534 838 2811 899 dicuntur,
2860 829 3196 901 allegaricfos
3220 836 3453 897 exponat
3492 826 3618 897 (hoc
3654 827 3799 880 enim

2230 932 2297 986 de
2334 930 2452 999 ipso
2488 942 2594 983 non
2628 940 2828 996 parvus
2862 921 3231 993 professarum
3262 916 3507 972 veritatis
3544 930 3802 972 numerus

2230 1020 2480 1093 asserit);
2524 1034 2624 1075 nec
2662 1031 2831 1087 aquas
2875 1030 2997 1069 cum
3046 1010 3317 1068 nonnullis
3347 1009 3656 1063 doctoribus
3699 1008 3804 1063 He-

2232 1117 2414 1179 braeis,
2459 1122 2567 1167 tam
2603 1111 2800 1182 priscis
2826 1122 2988 1178 quam
3017 1103 3441 1168 recentioribus,
3492 1101 3558 1156 ad
3602 1101 3804 1172 angeli-

2231 1221 2323 1262 eas
2365 1206 2586 1260 ordines
2624 1201 2813 1268 refert,
2858 1200 2951 1255 sed
2996 1198 3232 1268 gentium
3265 1193 3550 1264 synagogis
3590 1209 3805 1248 accom-

2232 1297 2438 1358 modat,
2464 1309 2584 1363 qua:
2615 1291 2834 1363 quidem
2867 1286 3292 1343 scaturientibus
3321 1284 3475 1354 aquis
3509 1283 3712 1339 similes
3750 1283 3803 1337 in

2233 1383 2542 1452 multiiugae
2590 1381 2747 1445 ﬁdes,
2794 1386 2850 1433 et
2888 1374 3181 1431 multiﬁdas
3228 1372 3481 1426 derivata:
3522 1380 3577 1425 et
3619 1368 3806 1424 eﬂusae

2234 1482 2379 1538 sunt,
2423 1473 2594 1527 donec
2651 1470 2703 1524 in
2756 1483 2916 1523 unam
2957 1465 3291 1536 Synagagam
3340 1461 3541 1517 Christi
3592 1460 3805 1531 appari-

2235 1565 2381 1619 tione
2415 1578 2510 1633 per
2547 1570 2775 1633 augusta
2818 1560 3245 1629 confragasaque
3276 1555 3388 1609 loca
3417 1553 3644 1607 ﬂuentes
3676 1566 3803 1606 eoa-

2237 1656 2473 1711 luerunt.
2506 1672 2525 1707 I
2575 1654 2727 1720 Quod
2759 1651 2936 1722 palam
2965 1652 3031 1704 de
3058 1648 3291 1718 Origene
3316 1645 3677 1716 pradicarunt
3704 1643 3805 1697 viri

2237 1761 2451 1819 graves,
2492 1746 2545 1800 id
2589 1744 2862 1799 inﬁciatur
2902 1741 3142 1806 Nicetas,
3178 1740 3221 1794 si
3261 1738 3420 1792 modo
3466 1735 3597 1790 ﬁdes
3633 1735 3803 1789 inter-

2162 1844 2206 1900 B
2235 1835 2524 1906 pretationi
2558 1833 2765 1888 Latinae
2809 1832 3109 1887 adhibenda
3151 1838 3256 1884 est.
3308 1826 3537 1881 Notetur
3589 1824 3803 1880 interim

2230 1938 2494 1994 aquarum
2540 1922 2880 1994 ἐπουρανίων
2910 1919 3301 1991 expositionem
3331 1921 3399 1973 ab
3429 1916 3668 1972 Hebraeis
3694 1930 3809 1971 ma-

2228 2018 2412 2089 gistris
2444 2016 2785 2086 proﬂuxisse.

2304 2109 2382 2164 Ex
2416 2108 2788 2178 superioribus
2810 2104 2991 2174 colligi
3016 2113 3209 2175 potest,
3240 2104 3355 2158 haec
3381 2101 3609 2157 diversis
3633 2101 3807 2157 modis

2234 2203 2303 2258 ab
2335 2201 2570 2272 Origene
2600 2200 2768 2255 fuisse
2802 2199 3080 2268 exposita;
3127 2194 3510 2267 multiplicibus
3547 2205 3600 2249 et
3639 2194 3806 2249 variis

2228 2295 2479 2352 sensibus
2525 2308 2589 2349 ex
2629 2292 2863 2363 simplici
2911 2291 3110 2345 littera:
3148 2297 3400 2344 contextu
3438 2303 3537 2358 pro
3568 2296 3807 2356 tempore

2227 2386 2399 2443 erutis
2431 2395 2486 2442 et
2511 2386 2782 2451 evolutis,
2825 2398 2931 2438 non
2975 2382 3253 2437 destructo
3294 2390 3471 2434 tamen
3506 2389 3562 2434 et
3606 2379 3806 2434 abolito

2227 2481 2422 2537 litterae
2449 2495 2633 2536 sensu.
2662 2477 2721 2534 Si
2750 2479 2929 2534 minus
2956 2493 3018 2533 ea
3044 2477 3219 2545 placet
3237 2476 3533 2540 excusatio,
3562 2476 3807 2530 admitte-

2228 2581 2318 2628 tur
2351 2572 2574 2628 lorsitan
2602 2570 2721 2626 haec
2747 2571 2940 2635 altera,
2975 2570 3195 2640 angelos
3227 2568 3447 2638 intelligi
3484 2568 3551 2621 ab
3575 2566 3807 2637 Origene

2230 2666 2320 2736 qui
2362 2664 2517 2735 aquis
2555 2670 2819 2733 praesunt,
2861 2662 3000 2717 sicut
3038 2661 3415 2715 universarum
3447 2675 3630 2713 rerum
3670 2673 3806 2730 prae-

2227 2756 2373 2812 sides
2405 2754 2627 2826 angelos
2667 2754 2845 2811 ﬁnxit.
2897 2753 3134 2824 Legatur
3171 2753 3380 2807 decima
3420 2752 3536 2820 ejus
3567 2753 3623 2805 in
3657 2751 3807 2805 lere-

2228 2850 2390 2904 miam
2448 2848 2707 2913 homilia,
2768 2864 2915 2901 num.
2954 2847 3018 2913 6,
3073 2846 3126 2900 iu
3177 2862 3280 2916 qua
3322 2846 3624 2901 doctrinam
3667 2845 3806 2900 hanc

2229 2943 2489 3011 explicat,
2535 2952 2696 3010 atque
2743 2939 2815 2993 ita
2858 2938 3168 2994 concludit:
3208 2936 3394 3001 Οὕτως
3432 2936 3495 3009 δὴ
3538 2935 3669 3008 ἐρῶ,
3710 2938 3805 2991 καὶ

2230 3034 2336 3105 γῆν
2382 3032 2635 3101 λέγεσθαι
2683 3031 2774 3084 τὸν
2795 3031 2887 3084 ἐπὶ
2934 3030 3036 3101 γῆς
3054 3029 3383 3099 τεταγμένον
3413 3029 3663 3097 ἄγγελον,
3712 3028 3807 3082 καὶ

2229 3125 2373 3196 ὕδωρ
2401 3123 2651 3193 λέγεσθαι
2678 3123 2769 3177 τὸν
2808 3121 2899 3176 ἐπὶ
2934 3120 3126 3184 ὓδατος
3184 3120 3513 3196 τεταγμένον
3556 3120 3803 3190 ἄγγελον,

2228 3192 2352 3271 καθξ
2396 3217 2423 3271 ὃ
2470 3192 2713 3270 λέλεκται
2735 3234 2749 3247 ο
2797 3214 3065 3270 Εῐδοσάν
3089 3231 3162 3268 σε
3203 3192 3407 3277 ῦδαὲα,
3453 3217 3486 3267 ό
3524 3215 3687 3281 Θεὸς,
3720 3215 3806 3269 el-

2227 3306 2421 3360 δοσάν
2457 3321 2533 3360 σε
2560 3306 2780 3363 ὕδατα.

2299 3397 2356 3454 In
2394 3398 2648 3469 Origenis
2690 3397 3015 3454 sontentiam
3066 3394 3179 3452 fere
3232 3397 3482 3452 concedit
3520 3396 3809 3467 Gregorius

2229 3489 2506 3562 Nyssenus
2533 3489 2628 3545 lib.
2656 3489 2709 3543 in
2732 3488 3128 3554 Hexaemeron;
3159 3503 3283 3542 nam
3314 3504 3483 3559 aquas
3521 3490 3641 3544 illas
3670 3505 3809 3558 quas

2229 3586 2298 3636 ah
2339 3581 2494 3652 aquis
2526 3580 2873 3636 inferioribus
2899 3581 3064 3634 Deum
3092 3581 3345 3636 divisisse
3382 3591 3568 3636 narrat
3599 3581 3807 3653 Moyses

2231 3674 2470 3729 secundo
2494 3674 2790 3727 creationis
2814 3672 2923 3735 die,
2948 3671 3201 3728 ctelestes
3225 3672 3452 3728 virtutes
3481 3673 3806 3743 interpreta-

2231 3775 2353 3831 tur;
2395 3772 2453 3817 at
2492 3762 2780 3820 inferiores
2825 3779 2996 3833 aquas
3040 3779 3136 3834 pro
3184 3764 3340 3820 malis
3385 3766 3593 3836 angelis
3628 3767 3808 3821 neuti-

2234 3871 2396 3927 quam
2431 3856 2680 3925 accipere
2726 3871 2787 3911 se
2830 3856 3089 3910 declarat.
3135 3856 3349 3911 Placuit
3379 3870 3592 3927 quoque
3624 3858 3811 3926 opinio

2231 3950 2424 4005 isthzec
2457 3948 2763 4017 Augustino
2814 3948 2908 4004 lib.
2938 3964 3037 4004 xm
3075 3947 3348 4018 συντίθει,
3394 3966 3515 4020 cap.
3551 3950 3636 4005 l5.
3679 3950 3811 4007 Tale

2232 4045 2396 4099 etiam
2421 4043 2626 4113 aliquid
2651 4045 2713 4096 ad
2737 4040 2995 4112 Origenis
3027 4042 3330 4112 exemplum
3359 4052 3697 4098 commentus
3724 4052 3811 4098 est

2234 4135 2472 4193 Isidorus
2501 4137 2709 4207 Origin.
2742 4135 2835 4190 lib.
2867 4150 2978 4203 vtt,
3009 4150 3129 4206 cap.
3154 4135 3209 4190 5.
3248 4154 3268 4187 ι
3302 4134 3488 4201 Unde,
3521 4136 3724 4206 inquit,
3755 4143 3814 4191 et

2233 4238 2353 4298 post
2383 4228 2504 4283 ειεξΙὶ
2551 4228 2882 4283 creationem
2926 4230 2980 4281 in
3027 4228 3295 4298 principio
3327 4227 3593 4297 reperitur
3630 4245 3643 4281 :
3682 4225 3812 4282 Fiat

2237 4320 2645 4388 ﬁrmamentum,
2671 4330 2717 4372 et
2742 4327 2981 4373 vocatum
3004 4328 3078 4373 est
3101 4319 3490 4388 ﬁrmamentum
3513 4318 3697 4372 (telum
3724 4318 3808 4386 '°;

2240 4413 2493 4466 nimirum
2539 4412 2831 4467 ostendens
2877 4412 3022 4481 quod
3069 4420 3192 4481 post
3244 4412 3455 4465 ruinam
3495 4410 3810 4482 angelorum

554 4526 675 4582 qua:
697 4526 857 4580 super
883 4511 1049 4567 caelos
1069 4520 1218 4575 sunt,
1260 4526 1455 4568 nomen
1484 4511 1695 4566 Domini
1720 4512 1787 4566 ¹⁹.
1810 4530 1829 4564 ι
1873 4512 2127 4568 Attamen
2168 4520 2209 4574 ι)
2242 4504 2509 4559 malorum
2541 4503 2597 4558 bi
2630 4503 2721 4573 qui
2754 4514 3165 4573 permanserunt
3188 4542 3203 4567 .
3252 4502 3561 4557 ﬁrmitatem
3593 4513 3812 4557 adorna!

554 4602 613 4658 in
640 4602 812 4673 prima
836 4603 892 4657 in
927 4600 1167 4657 Genesim
1197 4603 1443 4669 homilia,
1475 4620 1621 4659 num.
1650 4604 1706 4670 2,
1735 4619 1855 4675 quae
1887 4606 1954 4660 de
1978 4607 2135 4676 aquis

556 4694 659 4751 illis
699 4695 1064 4765 superioribus
1107 4704 1161 4751 et
1214 4696 1563 4751 inferioribus
1607 4696 1754 4767 agit,
1788 4696 1969 4751 simile
1998 4698 2132 4752 nihil

2240 4596 2661 4665 perseverantiae
2678 4597 2955 4653 consecuti
2977 4606 3124 4659 sunt,
3150 4594 3293 4649 nullo
3310 4594 3420 4663 jam
3440 4593 3591 4662 lapsu
3608 4594 3809 4662 aversi,

2242 4687 2389 4742 nulla
2414 4687 2665 4757 superbia
2695 4688 2971 4750 cadentes,
3004 4688 3099 4743 sed
3136 4688 3365 4743 ﬁrmiter
3401 4688 3452 4741 in
3500 4686 3592 4741 Dei
3623 4702 3811 4743 amore

556 4785 822 4853 oﬂ‘endas,
867 4786 959 4841 sed
993 4787 1304 4842 consimiles
1333 4786 1646 4857 allegorias,
1688 4787 1884 4855 quibus
1914 4787 2053 4843 caelo
2080 4798 2136 4844 et
2238 4791 2293 4835 et
2319 4780 2776 4849 contemplatione
2810 4786 3110 4843 manentes,
3164 4780 3297 4835 niltil
3337 4779 3481 4836 aliud
3510 4779 3667 4837 dulce
3709 4779 3810 4835 ha-

560 4878 903 4933 llrmamento
940 4878 1204 4948 spiritalia
1248 4887 1307 4933 et
1349 4891 1610 4946 corporea
1649 4877 1945 4947 signiﬁcari
1980 4879 2128 4946 vult;

556 4972 711 5042 aquis
752 4986 883 5026 vero
933 4984 1055 5042 qua:
1106 4981 1233 5026 sunt
1275 4984 1438 5040 supra
1473 4970 1891 5034 ﬁrmamentum,
1946 4986 2127 5025 rerum

554 5064 862 5118 caelestium
897 5062 1177 5134 mysteria.
1210 5062 1374 5115 Certe
1399 5058 1615 5114 Nicetas
1658 5058 1752 5113 lib.
1778 5075 1832 5114 tv
1869 5059 2127 5117 Thesaur.

496 5154 503 5160 '
556 5152 836 5208 orthodox.
886 5153 981 5220 ῥά.
1005 5192 1020 5213 ,
1056 5151 1185 5205 haer.
1232 5164 1362 5204 xxx!
1386 5190 1402 5216 ,
1438 5164 1608 5219 aquas
1648 5149 1767 5204 illas
1807 5165 1931 5203 cum
1967 5166 2132 5220 ange-

555 5240 677 5296 licis
722 5242 1008 5297 ordinibus
1043 5239 1331 5311 Origenem
1377 5254 1646 5308 nusquam
1684 5240 1982 5297 contulisse
2031 5242 2129 5309 ait,

626 5334 668 5366 "
701 5336 857 5391 Deut.
888 5352 1039 5391 xxxtt
1067 5376 1083 5401 ,
1119 5335 1171 5390 1.
1248 5334 1292 5367 ¹⁶
1324 5333 1471 5390 Psal.
1499 5350 1742 5402 cxxxvn,
1776 5336 1826 5390 1.

628 5428 742 5501 (30)
777 5431 951 5501 Hujus
977 5433 1185 5503 quidem
1209 5432 1465 5503 doctrinm»
1484 5432 1696 5503 vestigia
1730 5431 1993 5501 quaedam,
2018 5444 2125 5490 etc.

556 5501 769 5555 Catenae
816 5504 865 5555 in
918 5501 1051 5571 psal.
1083 5518 1274 5559 xxvul.
1308 5502 1361 5565 5,
1420 5501 1561 5555 aliud
1588 5502 1945 5571 fragmentum
1977 5504 2131 5556 exhi-

559 5571 707 5643 bent.
744 5575 795 5624 in
816 5588 923 5643 quo
950 5574 1150 5643 clarius
1175 5572 1563 5643 doctrinahaac
1590 5571 1918 5643 exprimitur
1939 5591 1952 5623 :
1976 5574 2129 5643 Φωνὴ

560 5640 659 5710 μὲν
684 5641 888 5709 Κυρίου
931 5642 1115 5705 ἁπλῶς
1152 5643 1243 5693 ἐπὶ
1268 5642 1373 5694 τῶν
1402 5640 1629 5701 ὑδάτων,
1678 5641 1837 5703 αὐτὸς
1879 5641 1934 5693 δὲ
1967 5643 1994 5692 ὁ
2022 5640 2132 5695 Κύὲ

562 5722 674 5782 ριος
703 5710 795 5761 ἐπὶ
829 5711 1033 5782 ὑδάτων
1063 5711 1287 5764 πολλῶν.
1330 5710 1659 5782 ᾼογικὰςδὲ
1689 5710 1877 5782 φύσεις
1913 5711 2005 5763 νῦν
2036 5730 2131 5782 ση-

564 5781 855 5853 universi:
901 5780 1082 5836 ὕδατα.
1130 5779 1476 5848 Γενηθήτω,
1534 5781 1696 5853 φησὶ,
1747 5780 1805 5835 τὸ
1842 5779 2139 5853 στερέωμα

2237 4872 2389 4935 bent,
2423 4870 2524 4924 nisi
2552 4882 2674 4925 eum
2707 4887 2736 4923 a
2765 4885 2874 4939 quo
2905 4872 3076 4925 creati
3110 4879 3255 4926 sunt.
3288 4890 3307 4924 ι

2309 4965 2400 5020 XI.
2435 4964 2510 5018 De
2535 4963 2850 5032 angelorum
2896 4961 3169 5029 libertate,
3206 4963 3435 5030 meritis,
3477 4964 3670 5035 gratia,
3725 4977 3811 5019 re-

2241 5057 2615 5111 muneratione
2664 5070 2729 5109 ac
2758 5054 2936 5125 poenis
2968 5056 3136 5109 multa
3162 5055 3429 5125 Origenes
3460 5057 3527 5111 ab
3552 5057 3811 5113 Ecclesia:

2241 5165 2428 5205 norma
2466 5150 2669 5204 deﬂexa
2718 5149 3066 5217 excogitavit.
3112 5148 3345 5205 Naturas
3375 5152 3576 5221 quippe
3623 5167 3813 5207 omnes

2242 5243 2450 5297 ratione
2503 5243 2758 5310 praeditas
2817 5243 2977 5297 unius
3032 5256 3153 5298 esse
3206 5241 3559 5314 ejusdemque
3610 5245 3812 5313 speciei

1907 5335 1951 5367 ¹⁹
1986 5333 2126 5391 Psal.
2156 5353 2378 5404 amnt,
2410 5337 2465 5391 4.
2542 5334 2589 5367 ¹⁰
2617 5336 2752 5392 Gen.
2786 5351 2825 5403 ι,
2858 5338 2911 5399 6,
2943 5335 2996 5389 8.

2234 5435 2304 5487 ἐν
2328 5433 2496 5503 μέσῳ
2523 5430 2629 5485 τοῦ
2656 5432 2873 5498 ὕδατος
2894 5472 2909 5495 ,
2945 5432 3037 5485 καὶ
3071 5433 3227 5486 ἔστω
3258 5431 3620 5501 διαχωριζον.
3663 5433 3815 5490 ενοι

2236 5506 2451 5575 quidem
2500 5504 2707 5575 Domini
2761 5504 3083 5571 simpliciter
3128 5513 3211 5557 est
3242 5519 3404 5575 super
3437 5519 3607 5575 aquas
3635 5520 3650 5568 ;
3678 5505 3817 5575 ipse

2240 5573 2419 5628 autem
2446 5574 2701 5628 Dominus
2757 5590 2917 5642 super
2967 5587 3138 5642 aquas
3181 5573 3814 5642 multasaliationabiles

2242 5656 2447 5698 natura:
2478 5646 2577 5698 hoc
2612 5643 2729 5698 loco
2764 5641 2917 5711 aquis
2964 5641 3353 5713 signiﬁcantur.
3406 5641 3574 5710 Fiat,
3611 5645 3813 5712 inquit,

2244 5715 2627 5783 ﬁrmamentum
2654 5715 2707 5767 in
2742 5715 2909 5766 medio
2945 5729 3096 5783 aqum
3116 5754 3131 5779 ,
3162 5722 3207 5765 et
3238 5715 3303 5767 sit
3334 5714 3587 5769 dividens.
3620 5734 3640 5767 ι
3684 5716 3815 5773 llaec

2246 5796 2457 5842 exstant
2486 5793 2683 5841 nostra:
2717 5784 2967 5840 editionis
3003 5794 3132 5839 lOll).
3166 5783 3228 5852 ll,
3268 5799 3386 5855 pag.
3419 5783 3541 5838 639.
