4160 6476
483 413 586 469 857

1294 410 1875 470 ORIGENIANORUM
1918 411 2050 468 LIB.
2092 411 2159 481 II,
2194 413 2348 471 CAP.
2391 413 2457 484 II,
2493 412 2772 485 QUIEST.
2811 415 2878 472 ν.

3626 421 3732 478 858

482 535 728 592 credidit.
757 535 992 606 Angelos
1024 543 1201 592 autem
1234 536 1404 592 bonos
1434 545 1490 591 et
1524 538 1715 602 malos,
1763 547 1819 592 et
1847 537 2056 592 animas
2087 543 2133 600 Α
2163 539 2244 595 dis
2276 535 2584 608 opinionem
2633 540 2774 596 inter
2803 539 3103 612 praecipuos
3141 555 3357 596 errores
3384 539 3600 611 Origoni
3637 557 3733 596 ex-

485 629 791 684 hominibus
813 643 878 683 ac
909 628 1180 684 sideribus
1211 629 1414 683 inditas
1446 629 1498 682 in
1542 644 1666 684 eum
1709 644 1931 685 censum
1967 645 2055 683 re-

484 717 627 792 tulit,
668 727 727 773 ιιι
775 733 940 788 supra
988 725 1266 773 ostensum
1315 713 1421 773 est.
1474 718 1580 772 llas
1619 728 1745 773 ante
1799 721 2056 775 mundum

480 820 705 866 naturas
736 826 765 865 a
802 810 913 866 Deo
944 811 1190 866 conditas
1243 811 1410 867 fuisse
1459 821 1610 866 ratus
1646 821 1764 876 est,
1813 827 1877 866 ac
1924 812 2060 868 bene

480 905 565 959 vel
617 903 755 959 male
806 903 999 973 agendi
1041 903 1301 957 facultate
1349 905 1663 967 instructas,
1719 919 1826 974 qua
1878 905 2058 972 prius-

480 1009 640 1062 quam
671 1004 982 1059 uterentur,
1030 994 1188 1060 νόας,
1243 995 1346 1050 hoc
1379 1005 1462 1050 est
1506 1006 1700 1050 mentes
1731 995 1932 1060 fuisse;
1963 996 2058 1050 sed

481 1084 666 1138 statim
689 1098 752 1138 ea
783 1099 928 1151 usas,
957 1093 1011 1137 et
1039 1085 1271 1140 diversis
1297 1086 1515 1155 quidem
1549 1087 1747 1152 modis,
1779 1102 1906 1142 cum
1937 1087 2059 1144 alite

481 1174 532 1228 in
570 1176 778 1237 vitium,
819 1176 873 1230 in
929 1177 1186 1232 virtutem
1226 1177 1345 1233 alia:
1394 1179 1687 1244 ferrentur,
1724 1195 1822 1250 pro
1851 1180 2058 1236 meritis

477 1279 598 1321 esse
637 1266 874 1332 habitas,
907 1278 962 1324 et
991 1269 1188 1340 partim
1230 1269 1470 1325 admisso
1502 1272 1710 1326 scelere
1744 1270 1798 1326 in
1829 1271 2057 1341 proluu-

480 1355 607 1410 dum
673 1356 1020 1422 deturbatas,
1071 1358 1270 1428 partim
1334 1360 1499 1414 etiam
1551 1369 1773 1430 propter
1825 1361 2059 1416 leviores

476 1461 649 1502 noxas
692 1461 724 1503 e
765 1449 1135 1517 superioribus
1187 1449 1470 1506 ordinibus
1515 1451 1755 1520 dejectas
1800 1454 1868 1507 ad
1926 1442 2061 1507 infe-

482 1540 654 1595 riores
687 1541 984 1606 transiisse,
1014 1553 1066 1598 et
1092 1546 1159 1598 ad
1199 1543 1488 1598 animanda
1517 1557 1734 1612 quoque
1774 1542 2056 1598 hominum

477 1646 703 1700 corpora
750 1648 870 1688 esse
916 1634 1218 1701 demissas;
1273 1635 1408 1690 adeo
1460 1643 1518 1689 ut
1564 1649 1890 1704 quocunque
1938 1634 2058 1690 loco

476 1721 606 1787 sint,
637 1733 918 1792 acceptum
949 1724 1000 1778 id
1028 1726 1238 1780 meritis
1276 1727 1390 1781 suis
1419 1724 1624 1780 referre
1651 1725 1920 1780 debeant:
1951 1725 2056 1796 ψυ-

476 1813 578 1884 χὰς
602 1825 805 1881 autem,
840 1815 940 1870 hoc
963 1825 1047 1870 est
1071 1817 1301 1880 animos,
1333 1826 1456 1870 tunc
1479 1817 1741 1880 evasisse,
1771 1825 2055 1886 postquam

2155 630 2402 700 probrari
2441 629 2634 685 solitos
2673 639 2960 684 enumerat
3007 639 3198 685 auctor
3246 645 3546 700 anonymus
3592 631 3731 698 apud

2157 717 2406 774 Photium
2451 721 2573 776 cod.
2613 735 2780 774 cxvn.
2828 720 3123 775 Enumerat
3163 728 3219 774 et
3265 721 3426 774 istum
3461 738 3476 772 :
3517 721 3639 772 Ὅτι
3669 723 3734 773 ἐκ

2160 805 2563 871 καταπτώσεως
2601 803 2764 878 ἦλθον
2799 809 2848 860 οἱ
2889 808 3033 876 ἂγιοι
3065 808 3204 880 (lego
3243 807 3481 879 ἄγγελοι)
3522 810 3600 873 εἰς
3639 808 3734 864 τὸν

2161 898 2363 969 κόσμον
2384 941 2398 966 ,
2441 899 2555 952 ἀλλ’
2587 901 2647 952 οὺ
2679 899 2744 952 δι’
2771 897 2970 972 ἑτέρων
3008 899 3322 972 θεραπείαν.
3358 919 3376 950 ι
3408 901 3639 970 Angelus
3679 903 3732 954 in

2161 990 2414 1043 tnnndum
2448 1004 2513 1042 ex
2540 988 2716 1058 lapsu,
2761 1005 2866 1044 non
2909 1002 3132 1061 propter
3161 991 3386 1046 aliorum
3414 993 3730 1061 obsequium

2160 1079 2394 1136 venisse.
2423 1099 2442 1130 ι
2479 1080 2820 1134 Justinianus
2851 1091 3111 1150 praaterea
3148 1083 3200 1136 in
3229 1083 3455 1152 epistola
3487 1083 3553 1136 ad
3583 1083 3734 1154 quin-

2160 1179 2266 1226 tam
2300 1172 2562 1242 synodum
2586 1213 2600 1236 ,
2643 1188 2802 1242 quam
2836 1173 3028 1228 recitat
3053 1171 3358 1240 Cedrenus,
3398 1183 3454 1229 et
3496 1174 3734 1244 Sophro-

2161 1262 2282 1316 nius
2318 1263 2370 1316 in
2407 1263 2634 1333 epistola
2677 1265 2745 1318 ad
2774 1263 3043 1336 Sergium,
3073 1265 3310 1335 ejusdem
3342 1267 3586 1320 criminis
3611 1266 3732 1321 Ori-

2161 1367 2352 1420 genem
2396 1364 2710 1421 arcessunt;
2768 1356 2993 1411 arcessit
3029 1357 3260 1424 denique
3307 1366 3361 1410 et
3394 1355 3453 1414 S.
3495 1355 3734 1412 Thomas

2157 1429 2214 1514 p.
2256 1460 2310 1510 ι,
2336 1458 2390 1512 q.
2421 1444 2490 1497 64
2513 1485 2528 1509 ,
2568 1460 2618 1500 a.
2649 1446 2715 1512 2,
2749 1455 2804 1502 et
2845 1447 2898 1501 in
2949 1447 3296 1516 Expositione
3338 1463 3500 1502 aurea
3527 1449 3584 1501 in
3609 1448 3731 1502 ,Ιοὸὶ

2161 1546 2312 1604 caput
2350 1551 2423 1597 tv,
2454 1538 2753 1591 cavendum
2785 1538 2863 1592 ait
2888 1539 2956 1592 ab
2988 1539 3228 1609 hoc-ejus
3255 1554 3460 1602 errore,
3488 1557 3593 1609 quo
3622 1541 3733 1610 spi-

2161 1627 2297 1682 ritus
2346 1643 2699 1699 quoscunque
2750 1642 2966 1686 creatos
3023 1631 3307 1686 instabiles
3366 1633 3616 1697 asseruit,
3674 1641 3730 1687 et

2157 1733 2315 1790 posse
2345 1720 2410 1773 ad
2442 1723 2768 1789 pravitatem
2799 1721 3044 1791 perduci.

2229 1810 2364 1866 XIII.
2383 1811 2756 1868 Consulendus
2776 1815 2841 1868 ad
2856 1815 2969 1869 haec
2993 1815 3256 1868 Maximus
3273 1825 3480 1884 martyr
3497 1817 3548 1868 in
3571 1799 3733 1869 scho-

477 1905 544 1959 ab
585 1922 771 1962 amore
800 1905 890 1961 Dei
923 1906 1142 1963 fuerunt
1173 1907 1540 1978 ἁποψυγεῖσαι
1563 1947 1579 1973 ,
1625 1907 1727 1964 hac
1763 1923 1887 1963 vero
1913 1909 2058 1963 arbi-
2088 1903 2130 1959 B
2159 1902 2244 1958 liis
2267 1903 2336 1958 ad
2364 1918 2485 1973 cap.
2515 1903 2549 1958 6
2577 1903 2822 1975 Dionysii
2855 1904 2931 1960 De
2955 1907 3289 1960 ecclesiastic.
3326 1906 3614 1970 hieran/1.,
3640 1907 3730 1960 ubi

479 1995 564 2050 trii
607 1995 855 2050 libertate
884 1999 1185 2052 etiamnum
1229 2011 1456 2054 naturas
1506 1999 1622 2054 illas
1659 2000 1951 2054 rationales
1980 2001 2051 2055 ita

477 2085 606 2151 t‘rui,
647 2087 762 2142 sive
795 2087 1046 2144 humanis
1085 2090 1402 2158 corporibus
1438 2090 1727 2161 implicata:
1749 2131 1764 2154 ,
1793 2091 1908 2146 sive
1938 2091 2050 2146 dxe-

478 2195 664 2235 mones
711 2178 865 2234 factae
909 2181 1056 2246 sint,
1107 2182 1220 2236 sive
1271 2182 1576 2253 angelicum
1631 2184 1877 2238 ordinem
1922 2183 2052 2236 reti-

480 2281 674 2338 neant,
708 2283 764 2326 ut
803 2287 938 2327 nova
971 2274 1202 2328 subinde
1250 2283 1468 2344 peccata
1513 2274 1566 2328 in
1616 2290 1674 2329 se
1719 2274 2049 2344 concipiant,

480 2363 562 2417 vel
591 2363 838 2418 virtutem
877 2365 1297 2434 amplectantur,
1329 2376 1383 2420 et
1427 2381 1524 2435 pro
1561 2374 1708 2421 recte
1737 2375 1830 2420 aut
1861 2368 2052 2436 nequi-

479 2464 558 2510 ter
583 2457 770 2523 gestis,
808 2457 893 2510 vel
919 2459 1293 2528 deprimantnr
1319 2459 1371 2512 in
1420 2455 1699 2522 inferiora,
1733 2459 1814 2513 vel
1852 2460 1919 2514 ad
1961 2475 2052 2515 su-

477 2546 690 2615 periora
721 2548 1130 2602 conscendant:
1164 2549 1463 2618 permutari
1490 2563 1620 2621 ergo
1663 2551 1885 2605 ordines
1911 2550 2048 2617 illos,

475 2649 530 2693 et
567 2655 633 2694 ex
669 2641 872 2710 angelis
916 2641 1182 2706 homines,
1221 2657 1285 2696 ex
1322 2641 1632 2697 hominibus
1672 2644 1966 2708 daemones,
1997 2651 2053 2698 et

479 2729 714 2786 vicissim
755 2731 920 2797 alios,
961 2733 1205 2801 aliosque
1244 2734 1476 2788 evadere
1510 2751 1524 2787 :
1571 2733 1844 2789 diabolum
1894 2749 1922 2788 a
1955 2749 2051 2789 ne.

475 2821 646 2891 qnitia
673 2821 889 2890 quidem
918 2822 983 2876 ad
1012 2823 1232 2877 meliora
1272 2836 1431 2892 posse
1457 2823 1724 2887 converti,
1754 2823 1849 2878 sed
1884 2823 2046 2888 nolle,

474 2918 530 2966 et
559 2911 608 2964 in
644 2912 863 2982 perﬁdia
894 2927 986 2966 sua
1016 2913 1342 2968 destinatum
1370 2912 1664 2970 obdurare.
1688 2912 1888 2970 Gratiae
1919 2929 2050 2970 vero

477 3003 756 3068 auxilium,
798 3004 938 3072 quod
971 3005 1189 3074 angelos
1231 3005 1284 3058 in
1321 3007 1612 3062 sanctitate
1659 3007 1964 3071 conllrmat,
1996 3015 2052 3062 et

474 3108 506 3150 δ
537 3094 774 3165 peccatis
805 3094 1089 3164 prohibet;
1131 3096 1216 3151 vel
1247 3095 1486 3165 ejusdem
1531 3099 1722 3168 gratiae
1753 3098 2048 3163 delectum,

474 3201 582 3254 quo
612 3187 689 3251 lit,
722 3197 780 3240 ut
811 3202 839 3240 a
870 3188 1108 3257 nequitia
1135 3188 1406 3244 daemones
1439 3204 1543 3244 non
1569 3200 1874 3260 emergant,
1904 3189 2050 3245 nullo

476 3275 636 3331 modo
665 3275 874 3331 videtur
907 3291 1222 3345 agnoscere.
1253 3277 1516 3332 Futurum
1547 3289 1730 3334 autem
1757 3279 2049 3348 aliquandi-

477 3377 652 3436 putat,
682 3376 740 3421 ut
767 3377 974 3423 naturae
1009 3368 1114 3423 illa:
1143 3383 1354 3432 omnes,
1385 3370 1499 3425 sive
1547 3370 1884 3440 angelorum,
1932 3370 2052 3427 sive

475 3458 802 3523 daemonum,
823 3459 937 3513 sive
956 3460 1254 3525 hominum,
1276 3475 1494 3515 causam
1517 3462 1702 3516 dicant
1721 3477 1900 3518 coram
1916 3461 2050 3528 Deo,

475 3558 531 3603 et
561 3564 737 3602 rerum
775 3565 804 3602 a
855 3564 915 3603 se
947 3559 1218 3616 gestarum
1255 3551 1516 3604 rationem
1557 3552 1800 3618 reddant,
1845 3568 1910 3609 ac
1954 3568 2054 3621 pro

481 3635 692 3690 meritis
729 3646 1101 3702 exornentur;
1161 3636 1380 3690 interim
1421 3645 1614 3708 gtamen
1681 3643 1860 3696 varios
1933 3642 2052 3698 illos

475 3727 694 3782 ordines
739 3741 802 3780 ac
831 3736 1006 3781 status
1045 3742 1143 3797 pro
1181 3729 1470 3785 virtutibus
1497 3744 1562 3785 ac
1591 3732 1738 3787 vitiis
1769 3734 2048 3804 consequi.

550 3815 664 3872 XII.
715 3815 939 3872 Summa
990 3821 1104 3874 haec
1145 3829 1229 3874 est
1257 3819 1596 3891 Origenianaa
1638 3822 1705 3878 de
1739 3825 2050 3893 angelorum

478 3919 677 3965 natura
723 3919 778 3964 et
821 3909 1029 3965 meritis
1075 3911 1370 3978 doctrinae,
1419 3927 1581 3983 quam
1629 3917 1890 3972 conviciis
1940 3919 2052 3973 suis

480 4002 736 4058 Ecclesia:
767 4002 958 4058 Patres
1006 4005 1389 4069 perlnderunt;
1427 4005 1734 4063 Methodius
1783 4009 2053 4080 praecipue

478 4093 531 4147 in
563 4093 700 4150 libro
724 4092 798 4148 De
828 4095 1245 4160 resurrectione;
1282 4093 1615 4165 Theophilus
1639 4099 2049 4156 Alexandrinus

477 4183 725 4239 Paschal.
752 4187 777 4239 l
807 4198 862 4240 et
883 4185 952 4251 2;
993 4185 1326 4254 Epiphanius
1353 4187 1406 4241 in
1431 4189 1592 4257 epist.
1620 4191 1687 4244 ad
1712 4190 1866 4246 Joan.
1899 4192 2052 4247 Jeru-

473 4262 669 4343 solym.
693 4314 709 4339 ,
756 4289 875 4343 cap.
904 4273 1030 4338 λοι
1061 4276 1275 4342 haeres.
1305 4292 1462 4342 ωιιν,
1496 4294 1616 4348 cap.
1649 4279 1722 4346 4;
1773 4279 2052 4337 Nemesius

478 4365 557 4420 De
594 4379 784 4422 natura
813 4369 1058 4432 hominis,
1096 4383 1215 4439 cap.
1239 4371 1312 4436 ὃς
1350 4370 1608 4427 Leontius
1641 4373 1900 4430 Scholior.
1930 4375 2047 4429 Act.

479 4454 568 4523 10,
594 4457 747 4526 cujus
776 4460 938 4514 verba
965 4475 1127 4529 supra
1155 4461 1518 4530 adduximus;
1553 4463 1908 4534 Hieronymus
1925 4480 2046 4519 cum

477 4642 567 4696 ubi
612 4651 811 4712 praeter
860 4641 964 4696 alia
1014 4643 1224 4714 insigne
1271 4647 1430 4711 istud,
1476 4646 1640 4701 habet
1686 4662 1701 4700 :
1765 4647 2054 4718 (Cumque

475 4736 654 4792 omnia
699 4735 848 4790 vario
905 4751 1156 4792 sermone
1212 4747 1499 4794 tractasset
1547 4738 1853 4812 (Origenes)
1906 4756 2056 4796 asse-

476 4841 601 4883 rens
629 4826 896 4882 diaholum
943 4845 1048 4884 non
1084 4829 1400 4898 incapacem
1446 4845 1567 4887 esse
1595 4831 1812 4886 virtutis
1835 4873 1852 4898 ,
1887 4841 1943 4887 et
1974 4842 2054 4887 ta-

477 4932 601 4973 men
636 4919 863 4974 necdnm
895 4919 1034 4975 velle
1073 4938 1268 4993 capere
1301 4923 1597 4989 virtutem;
1640 4924 1707 4978 ad
1748 4935 2052 4981 extremum

477 5025 726 5067 sermone
778 5011 1042 5069 latissimo
1085 5015 1381 5084 disputavit
1433 5014 1722 5085 angelum,
1777 5017 1894 5070 sive
1931 5017 2050 5072 ani-

480 5117 622 5157 mam
651 5144 666 5170 ,
693 5115 785 5159 aut
815 5118 962 5163 certe
991 5109 1316 5173 daamonem,
1349 5123 1486 5177 quos
1515 5107 1675 5162 unius
1707 5109 1903 5162 asserit
1934 5123 2055 5166 esse

478 5207 706 5264 natura},
754 5203 849 5256 sed
888 5201 1224 5256 diversarum
1253 5199 1622 5264 voluntatum,
1657 5215 1754 5270 pro
1784 5202 2054 5270 tnaguitu-

479 5287 603 5343 dine
636 5289 975 5360 negligentia:
1002 5301 1055 5347 et
1083 5293 1323 5347 stultitiae
1349 5291 1651 5359 jumentum
1699 5307 1856 5361 posse
1899 5293 2051 5347 lieri:

475 5388 530 5437 et
556 5395 654 5452 pro
685 5382 873 5438 dolore
903 5397 1213 5454 pinnarum,
1245 5393 1300 5437 et
1335 5383 1474 5454 ignis
1504 5383 1723 5446 ardore,
1753 5385 1924 5452 magis
1950 5383 2052 5439 eIi-

476 5485 602 5540 gere
640 5482 700 5527 ut
755 5474 971 5528 brutum
1018 5477 1219 5529 animal
1248 5476 1362 5538 sit,
1399 5486 1455 5530 et
1485 5475 1536 5529 in
1579 5478 1741 5545 aquis
1771 5475 1975 5530 habitet
2003 5484 2060 5532 et

476 5562 758 5632 ﬂuctibus,
795 5579 858 5620 ac
901 5582 1094 5638 corpus
1138 5582 1417 5621 assumere
1459 5567 1624 5636 hujus
1657 5567 1740 5621 vel
1773 5567 1916 5622 illius
1956 5583 2054 5636 pe—

479 5656 622 5712 ccris
661 5677 674 5711 :
713 5667 773 5711 ut
821 5657 977 5713 nobis
1013 5674 1119 5713 non
1155 5657 1329 5712 solum
1382 5659 1823 5726 quadrupedum,
1872 5659 1966 5714 sed
2001 5666 2058 5712 et

477 5745 707 5816 piscium
737 5761 964 5814 corpora
997 5748 1105 5802 sint
1139 5730 1395 5800 timenda.
1428 5765 1446 5798 ι
1479 5749 1656 5816 Atque
1691 5749 1833 5803 hanc
1864 5753 1930 5803 de
1958 5766 2055 5803 na-

479 5840 610 5896 turis
644 5839 1000 5897 rationalibus
1026 5841 1078 5896 in
1107 5840 1466 5905 iumentorum
1499 5855 1726 5909 corpora
1761 5839 2052 5898 demitten-

2155 1993 2622 2049 animadversione
2638 1995 2855 2066 dignum
2873 2006 2955 2050 est
2972 1997 3112 2064 quod
3137 2000 3213 2052 ait
3231 2014 3296 2052 ex
3315 1996 3568 2068 Origene,
3588 1997 3731 2052 κατὰ

2155 2084 2255 2154 τὴν
2273 2084 2562 2152 ἀναλογίαν
2584 2084 2684 2156 τῆς
2712 2087 3066 2157 παρατροπῆς
3089 2086 3316 2139 ἕκαστον
3335 2087 3442 2140 τῶν
3467 2089 3734 2158 οὐρανίων

2156 2175 2453 2246 ταγμάτων
2479 2175 2726 2247 σώμασιν
2756 2176 3030 2248 ἐνδεθῆναι
3059 2176 3419 2249 λεπτοτέροις.
3451 2198 3468 2230 ι
3497 2179 3601 2234 Pro
3624 2181 3730 2235 cri-

2155 2271 2317 2325 minis
2371 2271 2580 2325 ratione
2636 2287 3072 2340 unumquemque
3127 2275 3380 2328 ordinum
3430 2275 3728 2330 cmlestinm

2153 2363 2474 2431 corporibus
2505 2364 2842 2417 tenuioribus
2872 2363 3088 2433 illigari.
3121 2383 3138 2416 ι
3173 2364 3464 2420 Contraria
3498 2368 3733 2424 Maximo

2155 2455 2318 2510 tradit
2346 2453 2676 2524 Augustinus
2711 2453 2885 2508 III).'XI
2915 2453 2990 2508 De
3011 2455 3154 2510 εἰιιὶι.
3187 2457 3298 2523 Dei,
3332 2471 3449 2526 cap.
3479 2459 3570 2526 25,
3601 2473 3729 2514 sen-

2152 2545 2289 2600 sisse
2333 2545 2517 2601 dicens
2552 2543 2840 2614 Origenem
2887 2545 3098 2600 animas
3148 2563 3244 2616 pro
3294 2549 3502 2603 ratione
3533 2564 3728 2618 pecca-

2152 2645 2328 2693 torum
2365 2651 2585 2691 suorum
2613 2637 2865 2706 graviora
2911 2653 3140 2706 corpora
3184 2639 3444 2706 induere;
3479 2642 3622 2711 quod
3657 2643 3729 2696 ita

2152 2731 2451 2801 impugnat,
2480 2729 2532 2784 id
2569 2730 2613 2783 si
2650 2729 2721 2784 sit
2746 2766 2762 2794 ,
2793 2729 3012 2799 gravius
3040 2730 3265 2783 ιιιιιιιιοιιί
3291 2731 3503 2800 adjungi
3533 2731 3732 2786 debere

2151 2835 2352 2889 corpus
2375 2837 2536 2890 quam
2578 2821 2808 2887 homini,
2841 2830 3024 2889 utpote
3052 2821 3140 2888 qui
3173 2821 3292 2890 plus
3323 2823 3583 2891 peccarit.
3621 2821 3731 2876 Du-

2153 2914 2288 2968 bitat
2334 2913 2576 2982 profecto
2615 2913 2877 2983 Origenes
2919 2921 3040 2966 utra
3084 2911 3313 2968 inferior
3358 2914 3430 2968 sit
3470 2914 3733 2969 dzemonis

2153 3015 2368 3070 natura,
2400 3019 2464 3057 an
2497 3003 2732 3058 hominis
2766 3004 2948 3074 (quam
2990 3005 3229 3076 angelica
3255 3006 3423 3058 etiam
3465 3015 3731 3072 prmstan-

2155 3097 2346 3152 tiorem
2401 3110 2523 3152 esse
2565 3093 2932 3152 Tertullianus
2984 3097 3078 3152 lib.
3126 3113 3162 3150 ιι
3215 3108 3395 3150 contra
3429 3096 3729 3162 Marciam,

2153 3206 2273 3262 cap.
2301 3190 2354 3254 8,
2386 3188 2709 3259 autumavit)
2757 3189 3092 3259 proindcque
3137 3190 3367 3244 delinire
3414 3206 3518 3244 non
3554 3200 3732 3259 potest

2155 3291 2327 3336 utram
2366 3281 2609 3349 suscipit,
2641 3281 2732 3351 qui
2785 3281 3096 3351 graviorum
3150 3280 3415 3335 scelerum
3467 3294 3589 3334 reus
3621 3279 3677 3334 ﬁt
3713 3299 3727 3335 :

2165 3371 2488 3443 Ἐπίστησον
2535 3371 2625 3436 δὲ,
2675 3371 2847 3440 inquit
2893 3381 3064 3425 tom.t
3113 3373 3168 3426 in
3204 3371 3407 3437 luam,
3456 3388 3606 3428 num.
3638 3374 3731 3440 54,

2153 3461 2378 3534 πότερον
2405 3459 2692 3533 ἄνθρωπός
2734 3463 2849 3514 ἐστι
2888 3461 2948 3514 τὸ
2976 3461 3222 3531 ἔσχατον,
3261 3461 3294 3533 ἢ
3323 3461 3390 3515 τὰ
3425 3462 3734 3534 καλούμενα.

2153 3552 2501 3624 καταχθόνια,
2543 3545 2618 3606 ὧν
2655 3554 2760 3606 εισι
2798 3553 2892 3607 καὶ
2931 3555 2978 3606 οἱ
3023 3553 3312 3624 δαίμονες,
3348 3554 3465 3624 ἤτοι
3507 3555 3730 3621 πάντες,

2153 3647 2188 3718 ἧ
2214 3664 2379 3711 τινες.
2414 3647 2477 3700 Ει
2501 3644 2658 3716 paulo
2687 3645 2944 3715 superius
2971 3663 2982 3697 :
3017 3644 3174 3698 Οὕτω
3192 3646 3287 3699 καὶ
3301 3646 3376 3718 τῷ
3401 3645 3602 3717 λογικῷ
3628 3664 3730 3700 κα-

2151 3738 2414 3791 ταϐατέον
2450 3738 2543 3791 ἐπὶ
2569 3737 2793 3808 ἔσχατον
2825 3737 3063 3806 λογικὸν,
3099 3737 3240 3807 τάχα
3266 3738 3366 3789 οὐκ
3392 3737 3518 3790 ἄλλο
3559 3756 3609 3791 τι
3637 3739 3732 3792 τοῦ

2151 3829 2438 3900 ἀνθρώπου
2463 3829 2749 3899 τυγχάνον.
2789 3826 3129 3882 Postremum
3163 3829 3250 3882 hic
3281 3827 3456 3883 locum
3499 3831 3733 3883 homini-

2151 3921 2253 3976 bus
2285 3921 2544 3990 assignat.
2577 3920 2778 3974 Contra
2823 3929 2960 3974 tum.
2988 3936 3056 3974 xv
3100 3921 3154 3972 in
3191 3919 3384 3973 Matth.
3410 3959 3426 3984 ,
3462 3937 3608 3974 num.
3636 3921 3728 3988 27,

2152 4012 2385 4082 priorem
2440 4012 2615 4065 locum
2665 4011 2906 4079 angelis,
2961 4011 3320 4080 posteriorem
3371 4013 3728 4078 daemonibus,

2158 4103 2392 4157 medium
2449 4102 2759 4157 hominibus
2813 4102 3040 4156 tribuit:
3078 4103 3140 4154 Oi
3179 4101 3234 4154 δὲ
3272 4101 3567 4174 ἄνθρωποι,
3607 4105 3733 4158 ὅσον

2151 4196 2231 4256 εἰς
2258 4192 2542 4265 σύγκρισιν
2566 4194 2812 4262 ἀγγέλων
2834 4193 3053 4265 ἔσχατοι
3081 4194 3460 4263 τυγχάνοντες,
3490 4195 3731 4262 γίνονται

2151 4282 2397 4352 ἀγγέλων
2447 4281 2674 4350 πρῶτοι,
2714 4281 2820 4334 τῶν
2861 4284 2934 4354 μὴ
2980 4283 3332 4352 τηρησὰντων
3378 4283 3477 4354 τὴν
3523 4285 3732 4338 ἑαυτῶν

2153 4376 2348 4446 ἀρχήν.
2393 4374 2525 4428 Cum
2575 4373 2883 4428 hominibus
2917 4389 3046 4443 ergo
3077 4375 3405 4443 quandoque
3438 4381 3728 4441 tlzentones,

2151 4467 2400 4522 homines
2455 4480 2586 4519 vero
2640 4466 2966 4534 quandoque
3031 4473 3318 4534 postponat
3370 4467 3727 4533 daemonibus,

390 4561 398 4584 ι
475 4549 600 4604 alibi
630 4564 792 4619 saepe,
831 4559 942 4604 tum
971 4552 1204 4606 maxime
1230 4553 1390 4621 epist.
1448 4553 1542 4617 59,
1581 4556 1832 4620 adAvit.,
1856 4557 2046 4626 eap.l,
2083 4570 2125 4625 ι)
2157 4566 2379 4610 naturas
2427 4555 2721 4610 rationales
2779 4569 2875 4624 pro
2925 4555 3194 4624 gravitate
3237 4556 3500 4612 scelerum
3533 4558 3729 4613 huma-

2153 4664 2275 4703 nam
2297 4649 2520 4702 induere
2555 4656 2839 4709 naturam,
2869 4655 2924 4700 et
2951 4647 3336 4717 gravissimum
3366 4664 3565 4718 corpus
3597 4652 3725 4706 sub-

2151 4739 2231 4793 ire
2291 4751 2676 4805 nonnunquam
2714 4736 2944 4801 statuit,
2993 4752 3384 4806 nonnunquam
3432 4755 3562 4795 vero
3615 4742 3731 4796 da:-

2153 4841 2370 4880 monum
2427 4835 2714 4887 naturam,
2779 4823 3138 4891 subtiliusque
3191 4840 3387 4897 corpus
3434 4829 3727 4885 asciscere.

2153 4917 2292 4985 Quin
2321 4916 2483 4971 etiam
2515 4915 2788 4973 dtemones
2815 4915 2970 4968 novis
2999 4915 3257 4973 admissis
3285 4919 3585 4976 sceleribus
3628 4925 3727 4979 ho-

2159 5007 2330 5061 mines
2358 5005 2496 5070 lleri,
2523 5015 2578 5059 et
2613 5003 2861 5059 homines
2885 5001 3124 5059 vicissim
3155 5022 3416 5063 novarum
3450 5010 3728 5079 culparum

2159 5114 2280 5155 reos
2305 5099 2356 5151 in
2388 5100 2693 5153 daemonum
2729 5107 2980 5152 naturam
3006 5107 3060 5151 et
3090 5111 3287 5168 corpus
3321 5103 3556 5155 transire
3581 5119 3731 5158 asse-

2158 5192 2231 5246 rit
2279 5191 2420 5260 apud
2455 5189 2843 5262 Hieronymum
2889 5193 3051 5261 epist.
3078 5191 3147 5247 59
3194 5194 3261 5246 ad
3285 5194 3430 5248 Avit.
3463 5233 3480 5258 ,
3508 5209 3626 5262 cap.
3665 5197 3730 5251 l:

2163 5299 2181 5331 ι
2210 5279 2286 5334 Ita
2323 5290 2543 5343 cuncta,
2581 5279 2779 5348 inquit,
2828 5281 3029 5335 variari
3071 5281 3447 5356 (arbitramur)
3483 5293 3617 5340 utet
3640 5289 3731 5357 qui

2161 5383 2302 5427 nunc
2337 5369 2502 5424 homo
2531 5380 2643 5437 est,
2692 5371 2863 5439 possit
2892 5373 2942 5426 in
2977 5374 3084 5430 alio
3117 5375 3317 5428 mundo
3341 5377 3552 5430 daemon
3584 5379 3731 5447 ﬁeri;

2153 5478 2210 5521 et
2242 5465 2333 5536 qui
2367 5466 2575 5519 daemon
2611 5475 2714 5531 est,
2755 5475 2810 5519 et
2845 5466 3204 5537 negligentius
3245 5469 3418 5538 egerit
3445 5510 3460 5533 ,
3500 5470 3554 5524 in
3588 5487 3737 5526 cras-

2151 5560 2297 5615 siora
2346 5573 2574 5627 corpora
2623 5557 2926 5627 relegetur,
2975 5559 3024 5610 id
3083 5569 3206 5623 est,
3257 5569 3314 5611 ut
3364 5561 3524 5614 homo
3570 5562 3681 5614 liat.
3711 5581 3728 5613 ι

2152 5649 2297 5705 Idem
2339 5649 2700 5718 Hieronymus
2732 5649 2785 5702 in
2839 5649 2964 5702 illud
3010 5647 3210 5705 Jerem.
3243 5667 3408 5716 xxix,
3448 5652 3516 5707 Μ
3554 5673 3567 5707 :
3618 5672 3636 5704 ι
3673 5656 3737 5708 Et

2158 5745 2415 5798 reducam
2447 5742 2818 5810 captivitatem
2863 5752 3127 5808 vestram,
3167 5753 3222 5797 et
3269 5746 3608 5815 congregabo
3637 5762 3731 5800 vos

2165 5839 2227 5895 ιιι
2255 5835 2520 5892 universis
2556 5833 2836 5905 gentibus,
2873 5843 2926 5890 et
2969 5835 3035 5891 de
3062 5835 3475 5905 cunctis-locis,
3507 5838 3572 5891 ad
3613 5849 3735 5908 qua:
