4160 6476
440 406 545 463 859

1710 402 1773 457 P.
1815 398 2129 456 DANIELIS
2166 399 2401 456 HUETH

3594 403 3700 462 860

441 529 623 602 expuli
659 544 794 591 vos,
828 527 960 584 dicit
990 526 1274 586 Dominus.
1324 530 1389 586 Et
1438 531 1635 587 reverti
1677 544 1775 585 vos
1830 529 2021 582 faciam
2053 531 2097 587 Α
2126 540 2287 593 supra
2347 524 2733 594 descripsimus
2812 520 3019 578 sanctis
3076 520 3359 592 bellisque
3415 520 3701 578 ordinibus

443 626 509 681 de
568 627 684 682 loco
740 625 805 679 ad
841 638 1001 694 quem
1048 625 1440 693 transmigrare
1484 639 1579 679 vos
1625 622 1745 677 feci.
1777 641 1795 674 ι
1833 618 2024 689 Orige-

443 738 604 789 nem,
644 736 805 791 quem
861 718 1096 774 delirum
1153 717 1505 785 interpretem
1559 713 1823 784 appellat,
1873 726 2022 766 som-

444 815 596 869 niare
627 814 703 867 ait
739 812 950 867 ruinam
981 810 1226 865 caelestis
1259 807 1556 862 Jerusalem
1589 807 1674 861 his
1707 805 2024 876 significari,

444 918 499 960 et
527 922 620 961 eos
653 914 902 975 spectare
930 903 1246 957 vaticinium
1268 942 1282 963 ,
1309 902 1397 969 qui
1443 902 1565 954 inde
1592 900 1801 954 dimissi
1839 898 1890 951 in
1924 898 2027 951 hoc

445 1000 647 1051 mundo
672 1007 982 1060 versantur,
1018 996 1368 1063 futurumque
1402 1005 1459 1045 ut
1489 1002 1607 1062 post
1635 1008 1735 1045 Lxx
1772 1007 1943 1046 annos
1972 991 2023 1045 itt

445 1089 619 1142 locum
650 1088 940 1157 pristinum
976 1087 1357 1148 restituantur,
1388 1085 1432 1139 si
1463 1086 1621 1138 modo
1653 1085 1704 1139 id
1732 1085 1886 1139 bouis
1913 1086 2026 1139 suis

444 1181 700 1247 operibus
734 1179 1017 1248 promeriti
1052 1179 1195 1240 sint,
1229 1189 1416 1245 utpote
1457 1178 1547 1246 qui
1597 1188 1788 1245 sponte
1826 1178 1877 1230 in
1913 1178 2024 1232 haec

446 1285 676 1338 corpora
718 1270 1113 1323 descendentes
1144 1279 1297 1323 recte
1323 1272 1534 1338 egerint
1572 1288 1584 1322 :
1622 1270 1712 1337 qui
1744 1278 1923 1323 autem
1958 1268 2026 1322 ad

450 1362 665 1408 terrena
706 1355 821 1409 haec
848 1370 968 1410 sese
1012 1365 1204 1424 sponte
1235 1357 1541 1423 demittere,
1570 1367 1624 1412 et
1671 1358 1866 1412 fratres
1897 1374 2026 1412 suos

448 1446 651 1499 imitari
702 1447 997 1513 noluerint,
1048 1448 1281 1518 idipsum
1329 1464 1584 1519 passuros
1617 1452 1757 1519 quod
1789 1450 2027 1505 Sedeeia:

447 1539 724 1608 ipsiusque
780 1540 976 1608 populo
1030 1541 1396 1595 comminatur
1449 1542 1743 1607 Dominus,
1786 1544 2023 1597 futurum

447 1646 643 1700 nempe
669 1642 727 1683 ut
760 1633 941 1685 mittat
986 1633 1038 1685 in
1070 1647 1166 1687 eos
1212 1633 1472 1702 gladium,
1510 1644 1563 1689 et
1601 1636 1819 1701 famem,
1846 1646 1899 1690 et
1930 1652 2026 1705 pe-

446 1733 621 1788 stem;
661 1742 679 1773 c
708 1733 763 1775 et
789 1724 875 1777 det
905 1725 956 1777 in
984 1724 1321 1778 vexationem
1351 1726 1618 1781 universis
1644 1728 1821 1797 regnis
1848 1738 2025 1792 terrae,

446 1828 555 1882 quo
587 1814 793 1867 scilicet
831 1830 1171 1884 nequaquam
1211 1816 1488 1881 homines,
1538 1819 1630 1883 sed
1678 1822 1809 1873 fiant
1854 1834 2025 1875 aereae

446 1916 764 1975 potestates,
805 1918 859 1961 et
909 1908 1019 1962 sint
1065 1911 1203 1975 apud
1236 1920 1461 1963 cunctos
1492 1910 1714 1980 angelos
1760 1910 1848 1981 qui
1894 1927 2026 1979 pra:-

447 2000 557 2052 sint
603 1998 832 2066 singulis
879 2000 1174 2067 provinciis
1216 2000 1268 2053 in
1322 2001 1799 2067 maledictionem,
1860 2014 1916 2057 et
1972 2005 2024 2059 in

448 2097 747 2158 stuporem,
796 2090 849 2144 in
905 2091 1145 2157 sibilum,
1195 2099 1248 2144 et
1310 2092 1361 2145 in
1416 2092 1765 2162 opprobrium
1820 2096 2028 2150 cunctis

448 2180 739 2248 gentibus;
776 2190 828 2234 et
862 2181 962 2236 hoc
994 2196 1089 2235 eos
1134 2182 1342 2235 idcirco
1388 2198 1664 2250 passuros,
1704 2184 1828 2252 quia
1865 2185 2026 2239 verba

450 2271 839 2339 prophetarum
871 2272 922 2327 in
965 2273 1171 2328 ctelesti
1200 2272 1497 2328 Jerusalem
1519 2276 1707 2343 audire
1735 2278 2025 2343 noluerint,

447 2361 539 2430 qui
572 2376 664 2415 eos
698 2362 1061 2417 hortabantur
1086 2373 1143 2417 ut
1182 2364 1248 2417 ad
1289 2373 1503 2419 terrena
1529 2366 1939 2432 descenderent,
1975 2377 2030 2424 et

446 2466 643 2519 corpus
657 2452 977 2507 humilitatis
996 2463 1415 2520 assumerent,et
1433 2463 1548 2509 acta
1570 2459 1884 2525 pmnitentia
1907 2470 2031 2527 post

448 2559 634 2598 verum
661 2544 1048 2601 sabbatismum
1070 2545 1242 2600 locum
1288 2548 1574 2615 pristinum
1609 2551 1965 2619 possiderent.
2002 2571 2020 2604 θ

523 2633 659 2689 XIV.
694 2636 980 2691 Erroribus
1011 2652 1172 2706 porro
1200 2638 1306 2693 illis
1329 2654 1547 2709 aspersa
1575 2651 1699 2697 sunt
1722 2643 2028 2700 Adamantii

448 2742 611 2796 epcra
649 2744 769 2798 qme
803 2740 1038 2793 exstant,
1076 2746 1212 2800 quos
1242 2732 1285 2785 si
1312 2732 1592 2802 sigillatim
1623 2735 1862 2792 indicare
1920 2748 2031 2793 sat-

449 2832 694 2887 aganms.
746 2821 1033 2876 abutemur
1075 2823 1187 2876 otio
1239 2834 1447 2892 nostro,
1519 2836 1572 2881 et
1653 2827 1839 2885 lectori
1879 2829 2031 2885 fasti-

450 2911 596 2964 dium
656 2913 1012 2967 movebimus.
1068 2914 1301 2970 lllustria
1359 2927 1537 2973 tamen
1588 2920 1857 2988 seligenda
1904 2934 2030 2978 sunt

451 3005 720 3071 quaedam,
753 3020 860 3074 quo
882 3006 1045 3061 dictis
1070 3008 1269 3063 nostris
1297 3010 1431 3065 fides
1462 3012 1805 3084 adjungatur.
1845 3016 2030 3070 Tertio

450 3109 579 3164 ergo
626 3096 765 3150 libro
815 3098 952 3167 Περὶ
995 3101 1229 3171 ἀρχῶν,
1268 3119 1387 3175 cap.
1419 3105 1452 3159 5
1478 3144 1495 3169 ,
1550 3122 1697 3161 num.
1725 3108 1791 3174 4,
1830 3108 2031 3163 sicdis-

2126 618 2351 686 subjeCti
2404 627 2531 673 sunt
2561 632 2625 671 ac
2675 615 2896 687 regendi
2935 628 2952 668 :
2996 629 3227 683 quorum
3281 612 3548 681 adjutorio
3593 615 3698 681 usi,

2124 722 2180 764 et
2207 710 2634 765 institutionibus
2663 725 2728 763 ac
2782 707 3084 777 disciplinis
3138 706 3467 761 salutaribus
3528 706 3703 762 refor-

2127 805 2281 867 mati,
2322 804 2498 857 redire
2523 818 2587 857 ac
2627 800 2838 856 restitui
2864 801 2931 854 ad
2963 808 3159 855 statum
3190 797 3543 852 beatitudinis
3573 813 3701 867 pos-

2128 905 2271 951 sunt.
2310 896 2389 949 Ex
2424 896 2621 965 quibus
2655 894 2935 955 existimo,
2974 900 3137 960 prout
3185 906 3283 961 ego
3328 891 3533 945 sentire
3575 905 3701 959 pos-

2126 1004 2267 1053 sum,
2305 989 2449 1042 hunc
2505 987 2751 1041 ordinem
2816 985 3037 1038 humani
3098 982 3315 1053 generis
3372 983 3698 1047 institutum,

2127 1081 2217 1151 qni
2258 1082 2441 1150 utique
2479 1079 2531 1134 in
2561 1079 2743 1134 futuro
2778 1076 3007 1141 szeculo,
3068 1078 3150 1131 vel
3196 1077 3702 1145 supervenientibus

2126 1173 2359 1238 saeculis,
2391 1188 2512 1228 cum
2546 1172 2745 1227 coelum
2782 1185 2976 1224 novum
3001 1209 3015 1233 ,
3045 1178 3101 1223 et
3130 1178 3272 1223 terra
3334 1184 3469 1224 nova
3509 1182 3702 1222 secun—

2127 1267 2253 1320 dum
2284 1266 2479 1320 Isaiam
2509 1265 2615 1319 erit
2644 1265 2712 1327 “,
2751 1262 3071 1317 restituetur
3114 1261 3167 1315 in
3224 1260 3371 1315 illam
3413 1261 3700 1324 unitatem,

2126 1373 2286 1429 quam
2310 1358 2577 1425 promittit
2622 1356 2880 1410 Dominus
2915 1351 3092 1409 Jesus.
3130 1372 3150 1406 ι
3185 1353 3251 1407 Ει
3289 1368 3412 1407 mox
3444 1368 3593 1406 num.
3624 1353 3698 1408 3:

2134 1469 2153 1502 ‹
2190 1450 2477 1505 Sciendum
2513 1459 2690 1503 tamen
2714 1456 2797 1502 est
2820 1447 3106 1516 quosdam,
3140 1446 3229 1516 qui
3277 1461 3341 1500 ex
3396 1461 3504 1500 uno
3555 1449 3703 1516 prin-

2127 1543 2291 1611 cipio,
2322 1545 2466 1612 quod
2497 1556 2662 1611 supra
2692 1541 2951 1604 diximus,
2985 1538 3187 1606 delapsi
3220 1548 3367 1603 sunt,
3407 1540 3458 1593 in
3495 1549 3699 1593 tantam

2130 1636 2505 1705 indignitatem
2564 1649 2629 1688 ac
2684 1633 2945 1686 malitiam
2996 1645 3055 1686 se
3108 1631 3346 1697 dedisse,
3397 1639 3455 1684 ut
3499 1631 3700 1702 indigni

2129 1728 2301 1783 habiti
2352 1727 2460 1782 sint
2509 1726 2855 1781 institutione
2908 1726 3029 1791 hac,
3068 1724 3154 1779 vel
3207 1724 3537 1791 eruditione,
3594 1739 3700 1793 qua

2128 1837 2226 1892 per
2257 1837 2474 1876 carnem
2533 1820 2830 1874 humanum
2896 1832 3066 1886 genus
3122 1816 3392 1885 adiutorio
3440 1816 3700 1872 virtutum

2129 1914 2434 1971 ctelestium
2470 1912 2772 1967 instituitur
2806 1921 2968 1981 atque
2992 1910 3275 1975 eruditur;
3336 1910 3431 1964 sed
3493 1921 3525 1963 e
3580 1922 3704 1961 con-

2130 2009 2302 2063 trario
2363 2007 2524 2061 etiam
2554 2005 2855 2059 adversarii
2914 2014 3077 2073 atque
3109 2012 3471 2073 repugnantes
3495 2000 3579 2056 his
3607 2000 3702 2070 qui

2132 2102 2459 2157 erudiuntur
2521 2108 2684 2167 atque
2748 2096 3086 2161 imbuuntur,
3142 2096 3429 2150 exsistunt.
3488 2112 3507 2146 ι
3563 2090 3700 2146 Tum

2131 2190 2291 2261 paulo
2319 2189 2541 2244 inferius
2568 2205 2583 2241 :
2626 2208 2643 2240 ι
2679 2189 2898 2242 Interim
2926 2198 3032 2241 tam
3076 2189 3129 2242 in
3162 2188 3246 2242 his
3274 2202 3393 2258 qua:
3426 2186 3700 2248 videntur,

2129 2290 2184 2337 et
2210 2279 2598 2348 temporalibus
2628 2280 2871 2344 saeculis,
2908 2295 3071 2349 quam
3100 2280 3151 2333 in
3185 2279 3293 2333 illis
3326 2293 3449 2348 qua
3488 2292 3592 2332 non
3624 2277 3704 2331 vi»

2130 2375 2349 2436 dentur,
2378 2381 2432 2426 et
2461 2382 2661 2426 aeterna
2696 2380 2841 2434 sunt,
2871 2387 3061 2427 omnes
3095 2373 3181 2427 isti
3215 2388 3312 2443 pro
3363 2372 3570 2436 ordine,
3603 2386 3704 2440 pro

2132 2467 2365 2530 ratione,
2393 2480 2490 2532 pro
2521 2466 2702 2529 modo,
2729 2474 2784 2519 et
2833 2465 3150 2519 meritorum
3203 2462 3555 2534 dignitatibus
3595 2463 3705 2517 dis-

2133 2566 2449 2629 pensantur,
2484 2568 2540 2609 ut
2570 2557 2658 2610 alii
2687 2557 2739 2610 in
2774 2557 2987 2626 primis,
3027 2556 3117 2611 alii
3170 2557 3223 2611 in
3254 2556 3534 2623 secundis,
3562 2570 3703 2609 non-

2130 2649 2261 2704 nulli
2289 2649 2449 2705 etiam
2483 2650 2535 2703 in
2570 2648 2773 2705 ultimis
2800 2648 3133 2718 temporibus
3157 2690 3172 2717 ,
3204 2657 3257 2703 et
3288 2664 3383 2719 per
3411 2648 3611 2718 majora
3638 2661 3703 2702 ac

2131 2744 2380 2813 graviora
2430 2742 2717 2812 supplicia,
2743 2758 2952 2797 necnon
2984 2751 3039 2797 et
3079 2743 3331 2797 diuturna
3353 2782 3368 2804 ,
3401 2755 3465 2795 ac
3494 2738 3706 2804 multis,

2132 2845 2190 2887 ut
2222 2834 2292 2887 ita
2325 2833 2528 2897 dicam,
2581 2833 2795 2888 sarculis
2847 2833 3093 2898 tolerata,
3123 2832 3490 2902 asperioribus
3521 2844 3704 2886 emen-

2132 2924 2443 2978 dationibus
2476 2924 2733 2994 reparati,
2764 2933 2819 2978 et
2840 2924 3073 2979 restituti
3105 2923 3503 2980 eruditionibus
3529 2925 3705 2993 primo

2134 3015 2416 3085 angelicis,
2454 3025 2565 3069 tum
2593 3016 2789 3070 deinde
2830 3016 2997 3071 etiam
3049 3016 3390 3084 superiorum
3439 3017 3703 3086 graduum

2130 3108 2446 3171 virtutibus,
2491 3117 2547 3163 et
2577 3108 2655 3162 sic
2695 3124 2791 3178 per
2818 3108 3028 3177 singula
3069 3109 3134 3162 ad
3178 3108 3458 3176 superiora
3517 3123 3707 3177 prove-

448 3199 648 3259 putat:
691 3210 709 3241 ι
767 3191 940 3248 Unius
988 3210 1223 3265 namque
1277 3208 1484 3253 natura:
1533 3214 1654 3254 esse
1707 3216 1894 3255 omnes
1944 3218 2028 3255 ra-
2058 3221 2099 3279 ο
2133 3202 2231 3267 eti,
2287 3217 2459 3271 usque
2498 3202 2564 3255 ad
2620 3217 2683 3255 ea
2736 3217 2856 3271 quae
2914 3212 3040 3255 sunt
3071 3201 3356 3255 invisibilia
3416 3209 3472 3255 et
3504 3211 3706 3255 aeterna

452 3280 736 3336 tionabiles
783 3294 1068 3340 creaturas
1114 3302 1180 3340 ex
1229 3289 1411 3342 multis
1446 3292 1839 3347 assertionibus
1884 3309 2031 3348 com-

450 3372 747 3437 probatur;
803 3388 901 3441 per
951 3375 1091 3441 quod
1149 3377 1321 3429 solum
1373 3378 1463 3433 Dei
1512 3377 1721 3445 justitia
1764 3382 1814 3435 in
1858 3384 2032 3436 omni-

452 3462 554 3515 bus
605 3476 792 3515 earum
840 3465 1339 3532 dispensationibus
1383 3468 1596 3523 defendi
1645 3481 1856 3539 potest,
1904 3475 2029 3527 dum

450 3568 788 3621 unaquaeque
819 3554 870 3608 in
913 3559 1200 3628 Semetipsa
1234 3559 1392 3614 habet
1421 3577 1635 3626 causas,
1662 3566 1802 3632 quod
1830 3566 1882 3619 in
1940 3566 2032 3621 illo

452 3646 535 3699 vel
567 3647 618 3700 in
645 3646 735 3699 illo
758 3647 882 3702 vitae
907 3650 1098 3704 ordine
1131 3651 1301 3720 posita
1328 3653 1416 3707 sit.
1463 3672 1482 3705 ›
1520 3653 1653 3709 Hinc
1682 3656 1868 3725 triplex
1900 3673 2033 3713 enu-

457 3752 629 3793 merat
663 3740 1063 3795 rationabilinm
1095 3755 1411 3797 naturarum
1445 3760 1612 3815 genus
1646 3747 1749 3801 huc
1780 3748 2029 3817 delapsa-

456 3848 594 3895 rnm,
619 3849 804 3888 carum
841 3833 1047 3889 St‘iliCCl
1087 3821 1216 3905 quae.
1248 3839 1414 3907 gestis
1444 3839 1557 3894 suis
1594 3838 1645 3893 id
1684 3839 1881 3895 fuerint
1906 3857 2032 3909 pro-

458 3927 723 3991 merita);
802 3928 1030 3981 aliarum
1087 3945 1208 3999 qua:
1274 3931 1680 4000 aspcctabilium
1741 3934 2033 4003 cupiditate

457 4032 623 4087 rapte
645 4020 747 4074 sint
773 4039 786 4083 ;
811 4031 863 4075 et
890 4021 1101 4075 illarum
1125 4022 1340 4077 demum
1386 4040 1506 4093 qua:
1532 4026 1693 4078 etiam
1725 4025 1906 4081 invita:
1963 4029 2029 4083 ad

451 4114 621 4167 ofl‘cia
646 4114 766 4169 aliis
786 4115 1091 4171 exhibenda
1123 4131 1151 4169 a
1179 4116 1289 4172 Deo
1321 4117 1588 4186 deputatae
1620 4119 1815 4184 sint,et
1844 4120 1894 4173 in
1920 4122 2033 4176 haec

454 4206 570 4259 lora
606 4206 880 4278 relegatae.
905 4208 1111 4275 Quibus
1142 4210 1424 4265 hominum
1473 4211 1681 4265 animas
1728 4211 2029 4282 significat;

454 4309 569 4354 ttnn
617 4303 838 4371 angelos
892 4301 1011 4356 illos
1055 4303 1145 4372 qui
1201 4303 1458 4358 mulieres
1512 4304 1800 4358 adamasse
1842 4306 2029 4360 crediti

454 4407 580 4450 sunt
611 4410 639 4448 a
668 4395 1044 4464 plerisque";
1082 4410 1146 4449 ac
1192 4396 1415 4467 angelos
1453 4397 1684 4465 denique
1717 4397 1897 4451 tutelae
1938 4399 2033 4455 bo-

452 4488 661 4544 tninuttt
697 4488 998 4558 prmfcctos,
1025 4487 1111 4542 vel
1139 4504 1233 4545 eos
1265 4505 1405 4560 quos
1431 4505 1458 4542 a
1518 4489 1628 4543 Deo
1660 4505 1764 4544 non
1814 4491 2027 4557 missos,

2134 3294 2475 3364 perveniant,
2505 3292 2732 3362 singulis
2762 3292 3014 3348 videlicet
3054 3292 3355 3362 quibusque
3401 3293 3703 3348 caelestium

2133 3384 2392 3437 virtutum
2442 3383 2634 3437 oﬂiciis
2680 3383 2908 3452 quadam
2953 3385 3313 3438 eruditionum
3365 3384 3545 3454 specie
3584 3398 3707 3453 per-

2133 3475 2353 3545 agratis.
2390 3474 2463 3529 Ex
2497 3490 2624 3544 quo,
2658 3485 2717 3527 ut
2754 3474 2965 3539 opinor,
3022 3474 3123 3529 hoc
3154 3476 3538 3545 consequentia
3585 3474 3698 3544 ipsa

2131 3569 2346 3623 videtur
2393 3568 2686 3623 ostendere
2720 3608 2735 3634 ,
2811 3582 3249 3637 unamquamque
3321 3566 3696 3622 rationabilem

2130 3672 2382 3715 naturam
2412 3675 2573 3730 posse
2625 3660 2693 3715 ab
2719 3675 2825 3715 uno
2855 3660 2907 3714 in
2953 3659 3185 3713 alterum
3222 3658 3463 3712 ordinem
3527 3667 3709 3711 trans-

2131 3761 2345 3806 euntem
2396 3766 2491 3819 per
2525 3750 2770 3818 singulos
2818 3750 2868 3803 in
2892 3751 3113 3813 'omnes,
3146 3756 3202 3801 et
3247 3747 3316 3801 ab
3338 3745 3591 3801 omnibus
3653 3746 3709 3799 in

2133 3843 2373 3913 singulos
2421 3845 2729 3913 pervenire,
2763 3842 2891 3897 dum
2935 3855 3190 3896 accessus
3220 3838 3555 3908 profectuum
3617 3837 3713 3890 de-

2133 3938 2440 3993 fectumnve
2468 3937 2649 3991 varios
2679 3950 2778 4005 pro
2819 3935 3056 3989 motibus
3104 3932 3186 3986 vel
3244 3931 3529 3986 conatibus
3585 3944 3711 3998 pro-

2130 4031 2267 4101 priis
2300 4029 2672 4099 unusquisque
2697 4043 2795 4098 pro
2819 4026 2978 4081 liberi
3023 4023 3236 4078 atbitrii
3285 4020 3538 4075 facultate
3591 4035 3713 4090 per-

2134 4125 2355 4195 petitur.
2396 4142 2414 4175 )
2452 4120 2717 4177 Nonnulla
2740 4134 2805 4173 ex
2841 4120 2926 4173 his
2953 4118 3143 4173 Grmce
3174 4112 3439 4182 descripta
3473 4110 3713 4179 reperies

2135 4218 2188 4272 in
2213 4216 2317 4271 line
2348 4214 2589 4284 epistola:
2620 4211 2912 4270 Justiniani
2937 4211 3000 4263 ad
3036 4208 3246 4263 Menam
3279 4215 3335 4259 et
3380 4202 3519 4272 apud
3547 4200 3712 4254 Maxi-

2133 4326 2279 4364 mum
2323 4305 3005 4374 Constantinepolitanum,
3065 4302 3183 4356 loco
3233 4298 3477 4369 proxime
3523 4296 3711 4350 citato.

2136 4402 2243 4456 Has
2285 4415 2497 4471 quoque
2522 4398 2907 4454 conversiones
2931 4404 2986 4450 et
3015 4393 3338 4464 dignitatum
3362 4406 3425 4445 ac
3451 4388 3704 4442 ordinum

2134 4492 2557 4563 permutationes
2596 4490 2786 4545 statuit
2829 4499 2959 4543 tom.
3005 4504 3074 4542 xv
3103 4487 3157 4540 in
3205 4483 3419 4549 Mattio,
3446 4498 3595 4537 num.
3618 4480 3711 4534 27.

454 4581 508 4636 in
550 4583 693 4637 hunc
728 4582 1010 4645 mundum,
1040 4582 1343 4636 doctrinam
1402 4581 1483 4636 vel
1527 4582 1866 4651 prophetiam
1906 4599 2026 4651 pl'O-
2064 4587 2105 4641 υ
2134 4587 2304 4642 Tomo
2330 4600 2460 4639 vero
2495 4598 2759 4653 xut,pag.
2795 4581 2922 4644 594,
2956 4580 3213 4634 intricato
3243 4578 3389 4641 licet,
3417 4585 3472 4629 et
3501 4591 3530 4629 a
3553 4575 3714 4627 libra-

455 4675 733 4729 mittentes
782 4676 998 4727 venisse
1025 4675 1102 4728 ait
1152 4686 1284 4732 tom.
1322 4692 1391 4729 xx
1442 4675 1496 4727 in
1537 4673 1727 4738 Joan.,
1769 4691 1914 4728 num.
1941 4676 2025 4730 l7.

452 4766 642 4823 Priorc
683 4776 862 4820 autem
897 4766 1037 4834 Περὶ
1076 4767 1279 4837 ἀρχῶν
1328 4768 1497 4834 libro,
1530 4784 1650 4838 cap.
1680 4768 1734 4835 6,
1765 4785 1909 4822 ntnn.
1943 4768 1978 4822 2
2010 4785 2025 4823 :

456 4881 477 4916 ς
511 4863 587 4916 Ex
624 4861 709 4915 bis
758 4874 910 4925 sane,
944 4861 1143 4930 inquit,
1172 4861 1263 4931 qui
1302 4861 1354 4916 in
1406 4861 1497 4916 illo
1524 4861 1677 4916 initio
1718 4874 2031 4930 permanse-

453 4964 605 5018 runt,
639 4952 787 5021 quod.
836 4954 1018 5009 futuro
1073 4954 1164 5007 fini
1208 4954 1385 5009 simile
1440 4969 1561 5009 esse
1619 4954 2026 5023 descripsimus,

450 5047 671 5116 quidam
705 5061 773 5101 ex
836 5046 970 5117 ipsis
1012 5047 1062 5101 in
1117 5048 1462 5103 ordinatione
1512 5064 1576 5102 ac
1628 5048 2030 5117 dispensatione

452 5140 641 5216 mundi
675 5140 921 5195 ordinem
961 5139 1266 5210 angelicum
1322 5142 1658 5204 sortiuntur,
1716 5140 1805 5193 alii
1854 5141 2029 5195 virtu-

454 5243 609 5299 tum,
677 5220 769 5287 alii
829 5234 1260 5304 principatnnm,
1317 5234 1406 5287 alii
1467 5242 1864 5301 potestatum...
1913 5250 2032 5302 quze

451 5325 634 5380 omnia
665 5325 745 5380 eis
769 5341 867 5395 pro
895 5327 1114 5392 merito,
1144 5337 1198 5381 et
1228 5325 1560 5395 profectibus
1586 5326 1721 5392 suis,
1756 5324 1952 5393 quibus
1978 5328 2029 5379 in

454 5418 549 5473 Dei
591 5419 1068 5488 participationem
1134 5420 1605 5490 imitationemque
1666 5417 2029 5488 profecerant,

453 5526 609 5581 mque
658 5509 917 5581 justeque
944 5512 1152 5581 judicio
1178 5512 1359 5566 divina
1394 5509 1627 5566 contulit
1659 5509 2027 5563 Providentia.

454 5602 518 5659 Hi
546 5618 675 5658 vero
696 5605 787 5673 qui
813 5607 878 5658 de
900 5614 1043 5660 statu
1066 5606 1253 5675 primm
1280 5604 1626 5658 beatitudinis
1659 5604 1787 5658 moti
1815 5602 2030 5672 quidem

454 5707 603 5763 sunt,
641 5712 751 5751 non
795 5708 975 5753 tamen
1016 5696 1489 5753 irremediabiliter
1541 5697 1694 5765 moti,
1742 5697 1849 5752 illis
1898 5711 2034 5765 quos

524 5896 569 5929 ¹¹
593 5893 723 5951 Gen.
749 5912 820 5961 vt,
847 5895 901 5948 2.
995 5898 1037 5927 ²²
1064 5894 1165 5951 lsa.
1194 5912 1337 5962 uvt,
1357 5894 1444 5947 ‘22.

2137 4682 2235 4736 riis
2267 4679 2498 4733 fortasse
2524 4686 2781 4746 corrupto
2830 4688 3079 4729 sermone
3114 4669 3455 4725 adversarias
3482 4676 3716 4738 potesta-

2137 4784 2219 4831 tes
2244 4783 2461 4843 pr0pter
2489 4770 2816 4826 oflensiones
2847 4766 3160 4823 hominibus
3199 4763 3453 4833 praebitas
3487 4773 3716 4830 corpora

2137 4870 2373 4925 humana
2414 4865 2616 4929 subire,
2650 4865 2702 4918 in
2729 4877 2902 4932 eoque
2935 4875 3124 4930 poenas
3161 4858 3311 4912 luere
3339 4854 3523 4910 tradit.
3571 4852 3715 4907 Idem

2137 4979 2256 5033 cap.
2296 4960 2473 5017 8libri
2497 4959 2654 5029 primi
2684 4956 2823 5025 Περὶ
2846 4956 3066 5023 ἅρχων,
3110 4968 3259 5006 num.
3294 4950 3319 5005 1
3352 4960 3406 5003 et
3450 4948 3505 5014 4,
3568 4944 3716 5015 paria

2136 5051 2452 5123 repetendo,
2486 5048 2719 5103 inculcat
2750 5066 2769 5099 ‹
2810 5045 3122 5116 angelorum
3149 5043 3384 5099 uﬂicium
3410 5039 3624 5097 nonnisi
3648 5054 3717 5091 ex

2136 5145 2332 5200 merito
2354 5151 2636 5205 constare;
2681 5159 2699 5192 ι
2736 5140 3009 5194 daemones
3045 5152 3195 5201 vero,
3264 5153 3281 5187 ι
3320 5150 3419 5206 pro
3479 5133 3716 5190 motibus

2139 5238 2251 5292 suis
2272 5246 2326 5290 et
2362 5235 2717 5306 profectibus,
2745 5232 2943 5302 quibus
2986 5230 3041 5285 in
3078 5229 3286 5286 scelere
3347 5228 3713 5299 profecerunt,

2138 5329 2239 5385 hos
2264 5329 2480 5383 malitiae
2508 5327 2736 5381 sortitos
2763 5339 2883 5380 esse
2928 5324 3162 5395 gradus,
3202 5342 3225 5377 ι
3269 5332 3433 5391 atque
3479 5321 3552 5375 ita
3596 5316 3718 5373 sese

2142 5422 2396 5491 nequitia:
2423 5419 2656 5481 dedisse,
2688 5421 2871 5487 utjam
2914 5417 3123 5472 libidini
3158 5415 3230 5470 sit
3261 5430 3324 5470 ae
3368 5411 3715 5469 delectationi

2142 5523 2445 5583 peccatum,
2478 5520 2528 5564 et
2554 5530 2571 5562 ι
2613 5519 2671 5564 ιιι
2707 5511 2952 5566 revocari
2979 5510 3187 5575 nolint,
3208 5508 3379 5579 magis
3407 5522 3570 5577 quam
3608 5521 3717 5560 non

2140 5606 2368 5673 possint,
2394 5622 2412 5656 ι
2441 5602 2552 5659 Deo
2595 5618 2690 5671 pro
2717 5618 2813 5658 sua
2845 5602 3177 5671 benignitate
3204 5600 3384 5656 omnia
3418 5600 3485 5653 ad
3539 5597 3718 5653 beati-

2143 5698 2380 5755 tudinem
2439 5697 2747 5754 attrabcnte
2787 5707 2836 5753 et
2883 5703 3250 5767 provocante:
3284 5708 3316 5750 e
3375 5688 3718 5758 rationalium
