  <div class='ocr_page' id='page_1' title='image "/cluster/home/n/w/nwhite01/storage/ocr_20150623/17:no.7/coo.31924054872977/442.png"; bbox 0 0 4160 6442; ppageno 0'>
   <div class='ocr_carea' id='block_1_1' title="bbox 440 362 3690 436">
    <p class='ocr_par' dir='ltr' id='par_1_1' title="bbox 440 362 3690 436">
     <span class='ocr_line' id='line_1_1' title="bbox 440 362 3690 436; baseline 0.001 -12"><span class='ocrx_word' id='word_1_1' title='bbox 440 371 538 425; x_wconf 78' lang='grc'><strong>861</strong></span> <span class='ocrx_word' id='word_1_2' title='bbox 859 363 862 366; x_wconf 67' lang='grc'><strong>’</strong></span> <span class='ocrx_word' id='word_1_3' title='bbox 1263 362 1842 420; x_wconf 79' lang='lat' dir='ltr'><strong>ORIGENIANORUM</strong></span> <span class='ocrx_word' id='word_1_4' title='bbox 1880 363 2009 419; x_wconf 83' lang='lat' dir='ltr'><strong>LIB.</strong></span> <span class='ocrx_word' id='word_1_5' title='bbox 2050 363 2114 431; x_wconf 91' lang='grc'><strong>11,</strong></span> <span class='ocrx_word' id='word_1_6' title='bbox 2155 364 2307 420; x_wconf 82' lang='lat' dir='ltr'><strong>CAP.</strong></span> <span class='ocrx_word' id='word_1_7' title='bbox 2347 365 2410 433; x_wconf 87' lang='lat' dir='ltr'><strong>ll,</strong></span> <span class='ocrx_word' id='word_1_8' title='bbox 2451 365 2729 434; x_wconf 61' lang='lat' dir='ltr'><strong>QUIEST.</strong></span> <span class='ocrx_word' id='word_1_9' title='bbox 2771 369 2836 426; x_wconf 87' lang='lat' dir='ltr'><strong>V.</strong></span> <span class='ocrx_word' id='word_1_10' title='bbox 3583 380 3690 436; x_wconf 77' lang='lat'><strong>862</strong></span> 
     </span>
    </p>
   </div>
   <div class='ocr_carea' id='block_1_2' title="bbox 436 479 2014 562">
    <p class='ocr_par' dir='ltr' id='par_1_2' title="bbox 436 479 2012 553">
     <span class='ocr_line' id='line_1_2' title="bbox 436 479 2012 553; baseline -0.004 -13"><span class='ocrx_word' id='word_1_11' title='bbox 436 499 567 540; x_wconf 90' lang='lat' dir='ltr'><strong>vero</strong></span> <span class='ocrx_word' id='word_1_12' title='bbox 597 491 912 538; x_wconf 77' lang='lat' dir='ltr'><strong>naturarum</strong></span> <span class='ocrx_word' id='word_1_13' title='bbox 943 479 1132 538; x_wconf 87' lang='lat' dir='ltr'><strong>ordine</strong></span> <span class='ocrx_word' id='word_1_14' title='bbox 1169 483 1234 534; x_wconf 88' lang='lat' dir='ltr'><strong>ad</strong></span> <span class='ocrx_word' id='word_1_15' title='bbox 1275 480 1565 536; x_wconf 86' lang='lat' dir='ltr'><strong>humanum</strong></span> <span class='ocrx_word' id='word_1_16' title='bbox 1599 496 1771 553; x_wconf 88' lang='lat' dir='ltr'><strong>genus</strong></span> <span class='ocrx_word' id='word_1_17' title='bbox 1792 483 2012 552; x_wconf 68' lang='lat' dir='ltr'><strong>explen-</strong></span> 
     </span>
    </p>
   </div>
   <div class='ocr_carea' id='block_1_3' title="bbox 2119 479 3692 562">
    <p class='ocr_par' dir='ltr' id='par_1_3' title="bbox 2119 482 3692 562">
     <span class='ocr_line' id='line_1_3' title="bbox 2119 482 3692 562; baseline 0.008 -27"><span class='ocrx_word' id='word_1_18' title='bbox 2119 482 2420 555; x_wconf 76' lang='grc' dir='ltr'><strong>ἐτάχθησαν</strong></span> <span class='ocrx_word' id='word_1_19' title='bbox 2445 485 2493 537; x_wconf 83' lang='grc' dir='ltr'><strong>οί</strong></span> <span class='ocrx_word' id='word_1_20' title='bbox 2522 484 2664 541; x_wconf 79' lang='grc' dir='ltr'>οὕτω</span> <span class='ocrx_word' id='word_1_21' title='bbox 2695 488 3246 562; x_wconf 74' lang='grc' dir='ltr'><strong>προσαγορευόμενοι,</strong></span> <span class='ocrx_word' id='word_1_22' title='bbox 3268 484 3342 547; x_wconf 82' lang='grc' dir='ltr'>ὧν</span> <span class='ocrx_word' id='word_1_23' title='bbox 3367 491 3426 544; x_wconf 75' lang='grc' dir='ltr'>τὸ</span> <span class='ocrx_word' id='word_1_24' title='bbox 3475 492 3692 547; x_wconf 82' lang='grc' dir='ltr'>ὑποκεί-</span> 
     </span>
    </p>
   </div>
   <div class='ocr_carea' id='block_1_4' title="bbox 439 574 2014 654">
    <p class='ocr_par' dir='ltr' id='par_1_4' title="bbox 439 574 2013 646">
     <span class='ocr_line' id='line_1_4' title="bbox 439 574 2013 646; baseline -0.001 -14"><span class='ocrx_word' id='word_1_25' title='bbox 439 577 565 632; x_wconf 91' lang='lat' dir='ltr'><strong>dum</strong></span> <span class='ocrx_word' id='word_1_26' title='bbox 597 576 805 631; x_wconf 87' lang='lat' dir='ltr'><strong>animas</strong></span> <span class='ocrx_word' id='word_1_27' title='bbox 830 575 1138 646; x_wconf 72' lang='lat' dir='ltr'><strong>seligi,qua:</strong></span> <span class='ocrx_word' id='word_1_28' title='bbox 1168 583 1287 643; x_wconf 90' lang='lat' dir='ltr'><strong>post</strong></span> <span class='ocrx_word' id='word_1_29' title='bbox 1315 574 1399 644; x_wconf 91' lang='lat' dir='ltr'><strong>pie</strong></span> <span class='ocrx_word' id='word_1_30' title='bbox 1432 575 1863 630; x_wconf 86' lang='lat' dir='ltr'><strong>administratum</strong></span> <span class='ocrx_word' id='word_1_31' title='bbox 1892 577 2013 630; x_wconf 70' lang='lat' dir='ltr'><strong>vitae</strong></span> 
     </span>
    </p>
   </div>
   <div class='ocr_carea' id='block_1_5' title="bbox 2119 574 3694 654">
    <p class='ocr_par' dir='ltr' id='par_1_5' title="bbox 2119 574 3694 654">
     <span class='ocr_line' id='line_1_5' title="bbox 2119 574 3694 654; baseline 0.01 -30"><span class='ocrx_word' id='word_1_32' title='bbox 2119 589 2277 644; x_wconf 87' lang='grc' dir='ltr'>μενον</span> <span class='ocrx_word' id='word_1_33' title='bbox 2306 574 2404 629; x_wconf 84' lang='grc' dir='ltr'><strong>οὐκ</strong></span> <span class='ocrx_word' id='word_1_34' title='bbox 2432 575 2560 631; x_wconf 78' lang='grc' dir='ltr'>ἄλλο</span> <span class='ocrx_word' id='word_1_35' title='bbox 2593 579 2646 632; x_wconf 90' lang='grc' dir='ltr'><strong>τί</strong></span> <span class='ocrx_word' id='word_1_36' title='bbox 2673 579 2873 650; x_wconf 77' lang='grc' dir='ltr'>ἐστινῆ</span> <span class='ocrx_word' id='word_1_37' title='bbox 2904 579 3206 650; x_wconf 82' lang='grc' dir='ltr'>ἄνθρωπος,</span> <span class='ocrx_word' id='word_1_38' title='bbox 3247 584 3340 637; x_wconf 76' lang='grc' dir='ltr'>καὶ</span> <span class='ocrx_word' id='word_1_39' title='bbox 3365 583 3442 654; x_wconf 85' lang='grc' dir='ltr'>τῷ</span> <span class='ocrx_word' id='word_1_40' title='bbox 3472 585 3694 639; x_wconf 76' lang='grc' dir='ltr'>ὑποκει-</span> 
     </span>
    </p>
   </div>
   <div class='ocr_carea' id='block_1_6' title="bbox 439 667 2008 742">
    <p class='ocr_par' dir='ltr' id='par_1_6' title="bbox 439 667 2008 742">
     <span class='ocr_line' id='line_1_6' title="bbox 439 667 2008 742; baseline -0.001 -17"><span class='ocrx_word' id='word_1_41' title='bbox 439 679 674 742; x_wconf 77' lang='lat' dir='ltr'><strong>tempus,</strong></span> <span class='ocrx_word' id='word_1_42' title='bbox 703 669 754 724; x_wconf 90' lang='lat' dir='ltr'><strong>in</strong></span> <span class='ocrx_word' id='word_1_43' title='bbox 779 667 1088 738; x_wconf 80' lang='lat' dir='ltr'><strong>angelorum</strong></span> <span class='ocrx_word' id='word_1_44' title='bbox 1124 667 1368 722; x_wconf 83' lang='lat' dir='ltr'><strong>ordinem</strong></span> <span class='ocrx_word' id='word_1_45' title='bbox 1412 667 1606 723; x_wconf 91' lang='lat' dir='ltr'><strong>iterum</strong></span> <span class='ocrx_word' id='word_1_46' title='bbox 1636 677 2008 724; x_wconf 87' lang='lat' dir='ltr'><strong>assumuntur.</strong></span> 
     </span>
    </p>
   </div>
   <div class='ocr_carea' id='block_1_7' title="bbox 436 757 2011 830">
    <p class='ocr_par' dir='ltr' id='par_1_7' title="bbox 436 757 2011 830">
     <span class='ocr_line' id='line_1_7' title="bbox 436 757 2011 830; baseline -0.003 -11"><span class='ocrx_word' id='word_1_47' title='bbox 436 760 515 819; x_wconf 82' lang='lat' dir='ltr'><strong>De</strong></span> <span class='ocrx_word' id='word_1_48' title='bbox 580 761 794 818; x_wconf 76' lang='lat' dir='ltr'><strong>diabolo</strong></span> <span class='ocrx_word' id='word_1_49' title='bbox 844 762 1040 814; x_wconf 80' lang='lat' dir='ltr'><strong>iterum</strong></span> <span class='ocrx_word' id='word_1_50' title='bbox 1074 757 1167 813; x_wconf 91' lang='lat' dir='ltr'><strong>lib.</strong></span> <span class='ocrx_word' id='word_1_51' title='bbox 1234 775 1295 813; x_wconf 85' lang='grc' dir='ltr'>ιιι</span> <span class='ocrx_word' id='word_1_52' title='bbox 1347 761 1489 828; x_wconf 77' lang='grc' dir='ltr'><strong>Περὶ</strong></span> <span class='ocrx_word' id='word_1_53' title='bbox 1532 759 1756 829; x_wconf 79' lang='grc' dir='ltr'>ἀρχῶν,</span> <span class='ocrx_word' id='word_1_54' title='bbox 1807 776 1928 830; x_wconf 85' lang='lat' dir='ltr'><strong>cap.</strong></span> <span class='ocrx_word' id='word_1_55' title='bbox 1956 759 2011 826; x_wconf 88' lang='lat'><strong>6,</strong></span> 
     </span>
    </p>
   </div>
   <div class='ocr_carea' id='block_1_8' title="bbox 439 852 2014 921">
    <p class='ocr_par' dir='ltr' id='par_1_8' title="bbox 439 852 2014 921">
     <span class='ocr_line' id='line_1_8' title="bbox 439 852 2014 921; baseline -0.002 -13"><span class='ocrx_word' id='word_1_56' title='bbox 439 869 589 910; x_wconf 89' lang='lat' dir='ltr'><strong>num.</strong></span> <span class='ocrx_word' id='word_1_57' title='bbox 615 853 649 908; x_wconf 84' lang='lat'><strong>5</strong></span> <span class='ocrx_word' id='word_1_58' title='bbox 686 875 698 911; x_wconf 77' lang='grc' dir='ltr'>ε</span> <span class='ocrx_word' id='word_1_59' title='bbox 732 873 751 905; x_wconf 80' lang='grc' dir='ltr'>ι</span> <span class='ocrx_word' id='word_1_60' title='bbox 785 852 996 907; x_wconf 82' lang='lat' dir='ltr'><strong>Destrui</strong></span> <span class='ocrx_word' id='word_1_61' title='bbox 1045 866 1194 918; x_wconf 85' lang='lat' dir='ltr'><strong>sane,</strong></span> <span class='ocrx_word' id='word_1_62' title='bbox 1241 853 1437 921; x_wconf 87' lang='lat' dir='ltr'><strong>inquit,</strong></span> <span class='ocrx_word' id='word_1_63' title='bbox 1472 852 1804 909; x_wconf 72' lang='lat' dir='ltr'><strong>novissimus</strong></span> <span class='ocrx_word' id='word_1_64' title='bbox 1833 852 2014 907; x_wconf 84' lang='lat' dir='ltr'><strong>inimi-</strong></span> 
     </span>
    </p>
   </div>
   <div class='ocr_carea' id='block_1_9' title="bbox 436 943 2010 1015">
    <p class='ocr_par' dir='ltr' id='par_1_9' title="bbox 436 943 2010 1015">
     <span class='ocr_line' id='line_1_9' title="bbox 436 943 2010 1015; baseline -0.003 -12"><span class='ocrx_word' id='word_1_65' title='bbox 436 964 532 1004; x_wconf 91' lang='lat' dir='ltr'><strong>cus</strong></span> <span class='ocrx_word' id='word_1_66' title='bbox 589 949 663 1002; x_wconf 86' lang='lat' dir='ltr'><strong>ita</strong></span> <span class='ocrx_word' id='word_1_67' title='bbox 705 946 1086 1015; x_wconf 77' lang='lat' dir='ltr'><strong>intelligendus</strong></span> <span class='ocrx_word' id='word_1_68' title='bbox 1127 954 1233 1008; x_wconf 91' lang='lat' dir='ltr'><strong>est,</strong></span> <span class='ocrx_word' id='word_1_69' title='bbox 1266 961 1370 1000; x_wconf 92' lang='lat' dir='ltr'><strong>non</strong></span> <span class='ocrx_word' id='word_1_70' title='bbox 1407 955 1462 998; x_wconf 93' lang='lat' dir='ltr'><strong>ut</strong></span> <span class='ocrx_word' id='word_1_71' title='bbox 1518 944 1821 999; x_wconf 90' lang='lat' dir='ltr'><strong>substantia</strong></span> <span class='ocrx_word' id='word_1_72' title='bbox 1873 943 2010 1012; x_wconf 84' lang='lat' dir='ltr'><strong>ejus,</strong></span> 
     </span>
    </p>
   </div>
   <div class='ocr_carea' id='block_1_10' title="bbox 439 1031 2014 1110">
    <p class='ocr_par' dir='ltr' id='par_1_10' title="bbox 439 1031 2014 1110">
     <span class='ocr_line' id='line_1_10' title="bbox 439 1031 2014 1110; baseline -0.003 -16"><span class='ocrx_word' id='word_1_73' title='bbox 439 1057 559 1110; x_wconf 58' lang='lat' dir='ltr'><strong>qua»</strong></span> <span class='ocrx_word' id='word_1_74' title='bbox 591 1056 618 1094; x_wconf 91' lang='lat' dir='ltr'><strong>a</strong></span> <span class='ocrx_word' id='word_1_75' title='bbox 665 1039 776 1094; x_wconf 87' lang='lat' dir='ltr'><strong>Deo</strong></span> <span class='ocrx_word' id='word_1_76' title='bbox 807 1037 948 1092; x_wconf 78' lang='lat' dir='ltr'><strong>facta</strong></span> <span class='ocrx_word' id='word_1_77' title='bbox 978 1047 1080 1103; x_wconf 90' lang='lat' dir='ltr'><strong>est,</strong></span> <span class='ocrx_word' id='word_1_78' title='bbox 1111 1047 1320 1106; x_wconf 89' lang='lat' dir='ltr'><strong>pereat,</strong></span> <span class='ocrx_word' id='word_1_79' title='bbox 1352 1039 1446 1092; x_wconf 90' lang='lat' dir='ltr'><strong>sed</strong></span> <span class='ocrx_word' id='word_1_80' title='bbox 1483 1048 1541 1091; x_wconf 94' lang='lat' dir='ltr'><strong>nt</strong></span> <span class='ocrx_word' id='word_1_81' title='bbox 1568 1031 1924 1106; x_wconf 81' lang='lat' dir='ltr'><strong>propositum,</strong></span> <span class='ocrx_word' id='word_1_82' title='bbox 1958 1044 2014 1090; x_wconf 88' lang='lat' dir='ltr'><strong>et</strong></span> 
     </span>
    </p>
   </div>
   <div class='ocr_carea' id='block_1_11' title="bbox 435 1129 2016 1200">
    <p class='ocr_par' dir='ltr' id='par_1_11' title="bbox 435 1129 2016 1200">
     <span class='ocr_line' id='line_1_11' title="bbox 435 1129 2016 1200; baseline -0.003 -12"><span class='ocrx_word' id='word_1_83' title='bbox 435 1133 690 1188; x_wconf 82' lang='lat' dir='ltr'><strong>voluntas</strong></span> <span class='ocrx_word' id='word_1_84' title='bbox 717 1132 963 1196; x_wconf 90' lang='lat' dir='ltr'><strong>inimica,</strong></span> <span class='ocrx_word' id='word_1_85' title='bbox 991 1145 1112 1200; x_wconf 67' lang='lat' dir='ltr'><strong>qua:</strong></span> <span class='ocrx_word' id='word_1_86' title='bbox 1141 1146 1245 1185; x_wconf 93' lang='lat' dir='ltr'><strong>non</strong></span> <span class='ocrx_word' id='word_1_87' title='bbox 1277 1147 1306 1184; x_wconf 75' lang='grc' dir='ltr'>ιι</span> <span class='ocrx_word' id='word_1_88' title='bbox 1337 1131 1469 1195; x_wconf 90' lang='lat' dir='ltr'><strong>Deo,</strong></span> <span class='ocrx_word' id='word_1_89' title='bbox 1501 1131 1594 1185; x_wconf 88' lang='lat' dir='ltr'><strong>sed</strong></span> <span class='ocrx_word' id='word_1_90' title='bbox 1640 1131 1707 1183; x_wconf 87' lang='lat' dir='ltr'><strong>ab</strong></span> <span class='ocrx_word' id='word_1_91' title='bbox 1733 1129 1850 1198; x_wconf 83' lang='lat' dir='ltr'><strong>ipso</strong></span> <span class='ocrx_word' id='word_1_92' title='bbox 1887 1144 2016 1198; x_wconf 86' lang='lat' dir='ltr'><strong>pro-</strong></span> 
     </span>
    </p>
   </div>
   <div class='ocr_carea' id='block_1_12' title="bbox 438 1222 2012 1292">
    <p class='ocr_par' dir='ltr' id='par_1_12' title="bbox 438 1222 2012 1292">
     <span class='ocr_line' id='line_1_12' title="bbox 438 1222 2012 1292; baseline -0.001 -12"><span class='ocrx_word' id='word_1_93' title='bbox 438 1224 624 1288; x_wconf 87' lang='lat' dir='ltr'><strong>cessit,</strong></span> <span class='ocrx_word' id='word_1_94' title='bbox 659 1225 911 1278; x_wconf 86' lang='lat' dir='ltr'><strong>intereat.</strong></span> <span class='ocrx_word' id='word_1_95' title='bbox 945 1241 967 1275; x_wconf 76' lang='grc' dir='ltr'>ι</span> <span class='ocrx_word' id='word_1_96' title='bbox 998 1222 1228 1278; x_wconf 85' lang='lat' dir='ltr'><strong>Homilia</strong></span> <span class='ocrx_word' id='word_1_97' title='bbox 1258 1223 1328 1277; x_wconf 69' lang='grc'>25</span> <span class='ocrx_word' id='word_1_98' title='bbox 1365 1224 1419 1276; x_wconf 83' lang='lat' dir='ltr'><strong>in</strong></span> <span class='ocrx_word' id='word_1_99' title='bbox 1461 1222 1590 1278; x_wconf 82' lang='lat' dir='ltr'><strong>Luc.</strong></span> <span class='ocrx_word' id='word_1_100' title='bbox 1615 1222 1836 1292; x_wconf 80' lang='lat' dir='ltr'><strong>angelos</strong></span> <span class='ocrx_word' id='word_1_101' title='bbox 1867 1222 2012 1289; x_wconf 81' lang='lat' dir='ltr'><strong>illos,</strong></span> 
     </span>
    </p>
   </div>
   <div class='ocr_carea' id='block_1_13' title="bbox 434 1315 2012 1386">
    <p class='ocr_par' dir='ltr' id='par_1_13' title="bbox 434 1315 2012 1386">
     <span class='ocr_line' id='line_1_13' title="bbox 434 1315 2012 1386; baseline -0.001 -15"><span class='ocrx_word' id='word_1_102' title='bbox 434 1317 502 1371; x_wconf 92' lang='lat' dir='ltr'><strong>de</strong></span> <span class='ocrx_word' id='word_1_103' title='bbox 539 1317 735 1386; x_wconf 88' lang='lat' dir='ltr'><strong>quibus</strong></span> <span class='ocrx_word' id='word_1_104' title='bbox 781 1317 958 1386; x_wconf 88' lang='lat' dir='ltr'><strong>agitur</strong></span> <span class='ocrx_word' id='word_1_105' title='bbox 1001 1317 1168 1386; x_wconf 85' lang='lat' dir='ltr'><strong>Apoc.</strong></span> <span class='ocrx_word' id='word_1_106' title='bbox 1209 1332 1248 1370; x_wconf 92' lang='grc' dir='ltr'><strong>ιι</strong></span> <span class='ocrx_word' id='word_1_107' title='bbox 1279 1325 1332 1370; x_wconf 90' lang='lat' dir='ltr'><strong>et</strong></span> <span class='ocrx_word' id='word_1_108' title='bbox 1366 1331 1425 1370; x_wconf 85' lang='grc' dir='ltr'><strong>ιιι</strong></span> <span class='ocrx_word' id='word_1_109' title='bbox 1460 1329 1738 1385; x_wconf 79' lang='lat' dir='ltr'><strong>peccasse,</strong></span> <span class='ocrx_word' id='word_1_110' title='bbox 1782 1315 2012 1384; x_wconf 79' lang='lat' dir='ltr'><strong>ideoque</strong></span> 
     </span>
    </p>
   </div>
   <div class='ocr_carea' id='block_1_14' title="bbox 438 1407 2013 1476">
    <p class='ocr_par' dir='ltr' id='par_1_14' title="bbox 438 1407 2013 1476">
     <span class='ocr_line' id='line_1_14' title="bbox 438 1407 2013 1476; baseline 0 -14"><span class='ocrx_word' id='word_1_111' title='bbox 438 1407 606 1463; x_wconf 80' lang='lat' dir='ltr'><strong>fuisse</strong></span> <span class='ocrx_word' id='word_1_112' title='bbox 640 1424 669 1462; x_wconf 89' lang='lat' dir='ltr'><strong>a</strong></span> <span class='ocrx_word' id='word_1_113' title='bbox 698 1408 906 1465; x_wconf 80' lang='lat' dir='ltr'><strong>Joanne</strong></span> <span class='ocrx_word' id='word_1_114' title='bbox 949 1411 1308 1476; x_wconf 89' lang='lat' dir='ltr'><strong>reprehensos</strong></span> <span class='ocrx_word' id='word_1_115' title='bbox 1343 1409 1439 1473; x_wconf 89' lang='lat' dir='ltr'><strong>ait,</strong></span> <span class='ocrx_word' id='word_1_116' title='bbox 1491 1407 1726 1476; x_wconf 81' lang='lat' dir='ltr'><strong>ipsisque</strong></span> <span class='ocrx_word' id='word_1_117' title='bbox 1765 1420 1887 1460; x_wconf 89' lang='lat' dir='ltr'><strong>enm</strong></span> <span class='ocrx_word' id='word_1_118' title='bbox 1949 1422 2013 1463; x_wconf 89' lang='lat' dir='ltr'><strong>ac</strong></span> 
     </span>
    </p>
   </div>
   <div class='ocr_carea' id='block_1_15' title="bbox 439 1495 2008 1566">
    <p class='ocr_par' dir='ltr' id='par_1_15' title="bbox 439 1495 2008 1566">
     <span class='ocr_line' id='line_1_15' title="bbox 439 1495 2008 1566; baseline -0.003 -13"><span class='ocrx_word' id='word_1_119' title='bbox 439 1497 749 1553; x_wconf 89' lang='lat' dir='ltr'><strong>hominibus</strong></span> <span class='ocrx_word' id='word_1_120' title='bbox 817 1497 1110 1552; x_wconf 84' lang='lat' dir='ltr'><strong>salutarem</strong></span> <span class='ocrx_word' id='word_1_121' title='bbox 1191 1496 1563 1566; x_wconf 63' lang='lat' dir='ltr'><strong>paenitentiam</strong></span> <span class='ocrx_word' id='word_1_122' title='bbox 1639 1495 2008 1564; x_wconf 61' lang='lat' dir='ltr'><strong>prmdicasse,</strong></span> 
     </span>
    </p>
   </div>
   <div class='ocr_carea' id='block_1_16' title="bbox 440 1585 2013 1654">
    <p class='ocr_par' dir='ltr' id='par_1_16' title="bbox 440 1585 2013 1654">
     <span class='ocr_line' id='line_1_16' title="bbox 440 1585 2013 1654; baseline -0.001 -13"><span class='ocrx_word' id='word_1_123' title='bbox 440 1589 890 1654; x_wconf 83' lang='lat' dir='ltr'><strong>quemadmodum</strong></span> <span class='ocrx_word' id='word_1_124' title='bbox 946 1597 1004 1641; x_wconf 90' lang='lat' dir='ltr'><strong>et</strong></span> <span class='ocrx_word' id='word_1_125' title='bbox 1060 1587 1430 1641; x_wconf 83' lang='lat' dir='ltr'><strong>Servatorem.</strong></span> <span class='ocrx_word' id='word_1_126' title='bbox 1488 1585 1625 1640; x_wconf 82' lang='lat' dir='ltr'><strong>Hirro</strong></span> <span class='ocrx_word' id='word_1_127' title='bbox 1669 1585 1914 1640; x_wconf 71' lang='lat' dir='ltr'><strong>homil.4</strong></span> <span class='ocrx_word' id='word_1_128' title='bbox 1958 1588 2013 1640; x_wconf 82' lang='lat' dir='ltr'><strong>in</strong></span> 
     </span>
    </p>
   </div>
   <div class='ocr_carea' id='block_1_17' title="bbox 438 1675 2010 1746">
    <p class='ocr_par' dir='ltr' id='par_1_17' title="bbox 438 1675 2010 1746">
     <span class='ocr_line' id='line_1_17' title="bbox 438 1675 2010 1746; baseline 0.001 -17"><span class='ocrx_word' id='word_1_129' title='bbox 438 1676 656 1740; x_wconf 73' lang='lat' dir='ltr'><strong>Ezech.,</strong></span> <span class='ocrx_word' id='word_1_130' title='bbox 692 1693 840 1731; x_wconf 92' lang='lat' dir='ltr'><strong>num.</strong></span> <span class='ocrx_word' id='word_1_131' title='bbox 873 1677 925 1741; x_wconf 76' lang='grc'>1,</span> <span class='ocrx_word' id='word_1_132' title='bbox 972 1691 1092 1746; x_wconf 84' lang='lat' dir='ltr'><strong>pag.</strong></span> <span class='ocrx_word' id='word_1_133' title='bbox 1125 1675 1250 1740; x_wconf 75' lang='lat'><strong>570,</strong></span> <span class='ocrx_word' id='word_1_134' title='bbox 1288 1693 1306 1726; x_wconf 82' lang='grc' dir='ltr'><strong>ι</strong></span> <span class='ocrx_word' id='word_1_135' title='bbox 1353 1675 1580 1741; x_wconf 81' lang='lat' dir='ltr'><strong>Quando</strong></span> <span class='ocrx_word' id='word_1_136' title='bbox 1618 1690 1769 1746; x_wconf 83' lang='lat' dir='ltr'><strong>ergo,</strong></span> <span class='ocrx_word' id='word_1_137' title='bbox 1816 1675 2010 1745; x_wconf 87' lang='lat' dir='ltr'><strong>inquit,</strong></span> 
     </span>
    </p>
   </div>
   <div class='ocr_carea' id='block_1_18' title="bbox 436 1765 2007 1839">
    <p class='ocr_par' dir='ltr' id='par_1_18' title="bbox 436 1765 2007 1839">
     <span class='ocr_line' id='line_1_18' title="bbox 436 1765 2007 1839; baseline -0.001 -17"><span class='ocrx_word' id='word_1_138' title='bbox 436 1769 610 1839; x_wconf 81' lang='lat' dir='ltr'><strong>angeli</strong></span> <span class='ocrx_word' id='word_1_139' title='bbox 644 1768 1090 1838; x_wconf 71' lang='lat' dir='ltr'><strong>prmvaricantur,</strong></span> <span class='ocrx_word' id='word_1_140' title='bbox 1115 1776 1165 1821; x_wconf 91' lang='lat' dir='ltr'><strong>et</strong></span> <span class='ocrx_word' id='word_1_141' title='bbox 1205 1765 1291 1819; x_wconf 88' lang='lat' dir='ltr'><strong>alii</strong></span> <span class='ocrx_word' id='word_1_142' title='bbox 1320 1774 1444 1820; x_wconf 88' lang='lat' dir='ltr'><strong>sunt</strong></span> <span class='ocrx_word' id='word_1_143' title='bbox 1483 1766 1574 1835; x_wconf 91' lang='lat' dir='ltr'><strong>qui</strong></span> <span class='ocrx_word' id='word_1_144' title='bbox 1606 1767 1696 1820; x_wconf 88' lang='lat' dir='ltr'><strong>Dei</strong></span> <span class='ocrx_word' id='word_1_145' title='bbox 1743 1776 2007 1836; x_wconf 70' lang='lat' dir='ltr'><strong>praecepta</strong></span> 
     </span>
    </p>
   </div>
   <div class='ocr_carea' id='block_1_19' title="bbox 2119 663 3693 749">
    <p class='ocr_par' dir='ltr' id='par_1_19' title="bbox 2119 663 3693 749">
     <span class='ocr_line' id='line_1_19' title="bbox 2119 663 3693 749; baseline 0.01 -33"><span class='ocrx_word' id='word_1_146' title='bbox 2119 663 2265 733; x_wconf 79' lang='grc' dir='ltr'>μένῳ</span> <span class='ocrx_word' id='word_1_147' title='bbox 2328 667 2641 740; x_wconf 78' lang='grc' dir='ltr'><strong>συμϐέϐηκε</strong></span> <span class='ocrx_word' id='word_1_148' title='bbox 2701 669 2763 722; x_wconf 84' lang='grc' dir='ltr'><strong>τὸ</strong></span> <span class='ocrx_word' id='word_1_149' title='bbox 2821 671 2994 743; x_wconf 81' lang='grc' dir='ltr'>θρόνῳ</span> <span class='ocrx_word' id='word_1_150' title='bbox 3043 669 3266 745; x_wconf 81' lang='grc' dir='ltr'>εἷναι,ἢ</span> <span class='ocrx_word' id='word_1_151' title='bbox 3326 677 3626 748; x_wconf 79' lang='grc' dir='ltr'>κυριότητι,</span> <span class='ocrx_word' id='word_1_152' title='bbox 3656 676 3693 749; x_wconf 82' lang='grc' dir='ltr'><strong>ἦ</strong></span> 
     </span>
    </p>
   </div>
   <div class='ocr_carea' id='block_1_20' title="bbox 2116 753 3694 839">
    <p class='ocr_par' dir='ltr' id='par_1_20' title="bbox 2116 753 3694 839">
     <span class='ocr_line' id='line_1_20' title="bbox 2116 753 3694 839; baseline 0.008 -30"><span class='ocrx_word' id='word_1_153' title='bbox 2116 753 2280 825; x_wconf 79' lang='grc' dir='ltr'>ἀρχῇ,</span> <span class='ocrx_word' id='word_1_154' title='bbox 2309 756 2341 826; x_wconf 83' lang='grc' dir='ltr'>ἧ</span> <span class='ocrx_word' id='word_1_155' title='bbox 2376 756 2594 830; x_wconf 68' lang='grc' dir='ltr'>ἐξουσίᾳ</span> <span class='ocrx_word' id='word_1_156' title='bbox 2617 778 2630 790; x_wconf 91' lang='grc'>·</span> <span class='ocrx_word' id='word_1_157' title='bbox 2669 762 2763 813; x_wconf 79' lang='grc' dir='ltr'><strong>καὶ</strong></span> <span class='ocrx_word' id='word_1_158' title='bbox 2788 763 2846 814; x_wconf 83' lang='grc' dir='ltr'>ἐν</span> <span class='ocrx_word' id='word_1_159' title='bbox 2870 762 2946 832; x_wconf 85' lang='grc' dir='ltr'><strong>τῷ</strong></span> <span class='ocrx_word' id='word_1_160' title='bbox 2985 765 3157 834; x_wconf 79' lang='grc' dir='ltr'>Ἰησοῦ</span> <span class='ocrx_word' id='word_1_161' title='bbox 3201 766 3257 818; x_wconf 87' lang='grc' dir='ltr'><strong>δὲ</strong></span> <span class='ocrx_word' id='word_1_162' title='bbox 3284 767 3360 838; x_wconf 80' lang='grc' dir='ltr'><strong>τῷ</strong></span> <span class='ocrx_word' id='word_1_163' title='bbox 3388 768 3481 821; x_wconf 79' lang='grc' dir='ltr'>τοῦ</span> <span class='ocrx_word' id='word_1_164' title='bbox 3533 769 3694 839; x_wconf 81' lang='grc' dir='ltr'><strong>Ναυῆ</strong></span> 
     </span>
    </p>
   </div>
   <div class='ocr_carea' id='block_1_21' title="bbox 2114 848 3696 933">
    <p class='ocr_par' dir='ltr' id='par_1_21' title="bbox 2114 848 3696 933">
     <span class='ocr_line' id='line_1_21' title="bbox 2114 848 3696 933; baseline 0.012 -36"><span class='ocrx_word' id='word_1_165' title='bbox 2114 849 2288 900; x_wconf 86' lang='grc' dir='ltr'>κεῖται</span> <span class='ocrx_word' id='word_1_166' title='bbox 2311 848 2371 900; x_wconf 87' lang='grc' dir='ltr'>τό</span> <span class='ocrx_word' id='word_1_167' title='bbox 2394 867 2408 878; x_wconf 90' lang='grc'><strong>·</strong></span> <span class='ocrx_word' id='word_1_168' title='bbox 2444 851 2616 919; x_wconf 79' lang='grc' dir='ltr'>Ὠφθη</span> <span class='ocrx_word' id='word_1_169' title='bbox 2651 853 2729 922; x_wconf 83' lang='grc' dir='ltr'><strong>τῷ</strong></span> <span class='ocrx_word' id='word_1_170' title='bbox 2775 855 2946 925; x_wconf 78' lang='grc' dir='ltr'>Ἰησοῦ</span> <span class='ocrx_word' id='word_1_171' title='bbox 2975 856 3256 928; x_wconf 78' lang='grc' dir='ltr'>ἄνθρωπος</span> <span class='ocrx_word' id='word_1_172' title='bbox 3283 860 3341 912; x_wconf 87' lang='grc' dir='ltr'><strong>ἐν</strong></span> <span class='ocrx_word' id='word_1_173' title='bbox 3376 861 3604 933; x_wconf 85' lang='grc' dir='ltr'>’ῐεριχῶ,</span> <span class='ocrx_word' id='word_1_174' title='bbox 3635 862 3696 926; x_wconf 84' lang='grc' dir='ltr'>ὃς</span> 
     </span>
    </p>
   </div>
   <div class='ocr_carea' id='block_1_22' title="bbox 2119 941 3695 1024">
    <p class='ocr_par' dir='ltr' id='par_1_22' title="bbox 2119 941 3695 1024">
     <span class='ocr_line' id='line_1_22' title="bbox 2119 941 3695 1024; baseline 0.005 -24"><span class='ocrx_word' id='word_1_175' title='bbox 2119 955 2301 1008; x_wconf 76' lang='grc' dir='ltr'>φησιν’</span> <span class='ocrx_word' id='word_1_176' title='bbox 2349 941 2487 1009; x_wconf 83' lang='grc' dir='ltr'><strong>Ἐγὼ</strong></span> <span class='ocrx_word' id='word_1_177' title='bbox 2536 945 2971 1016; x_wconf 78' lang='grc' dir='ltr'><strong>ἀρχιστράτηγος</strong></span> <span class='ocrx_word' id='word_1_178' title='bbox 3018 950 3222 1019; x_wconf 80' lang='grc' dir='ltr'>Κυρίου</span> <span class='ocrx_word' id='word_1_179' title='bbox 3269 952 3549 1024; x_wconf 85' lang='grc' dir='ltr'>δυνάμεως</span> <span class='ocrx_word' id='word_1_180' title='bbox 3575 955 3695 1008; x_wconf 75' lang='grc' dir='ltr'>νυνὶ</span> 
     </span>
    </p>
   </div>
   <div class='ocr_carea' id='block_1_23' title="bbox 2122 1031 3684 1115">
    <p class='ocr_par' dir='ltr' id='par_1_23' title="bbox 2122 1031 3684 1115">
     <span class='ocr_line' id='line_1_23' title="bbox 2122 1031 3684 1115; baseline 0.012 -33"><span class='ocrx_word' id='word_1_181' title='bbox 2122 1031 2493 1102; x_wconf 80' lang='grc' dir='ltr'>παραγέγονα.</span> <span class='ocrx_word' id='word_1_182' title='bbox 2517 1034 2640 1088; x_wconf 83' lang='lat' dir='ltr'><strong>Inde</strong></span> <span class='ocrx_word' id='word_1_183' title='bbox 2664 1036 2748 1088; x_wconf 75' lang='lat' dir='ltr'><strong>lux</strong></span> <span class='ocrx_word' id='word_1_184' title='bbox 2774 1037 2896 1091; x_wconf 85' lang='lat' dir='ltr'><strong>huic</strong></span> <span class='ocrx_word' id='word_1_185' title='bbox 2925 1039 3040 1092; x_wconf 89' lang='lat' dir='ltr'><strong>loco</strong></span> <span class='ocrx_word' id='word_1_186' title='bbox 3064 1039 3376 1113; x_wconf 81' lang='lat' dir='ltr'><strong>Hieronymi</strong></span> <span class='ocrx_word' id='word_1_187' title='bbox 3406 1045 3568 1115; x_wconf 88' lang='lat' dir='ltr'><strong>epist.</strong></span> <span class='ocrx_word' id='word_1_188' title='bbox 3621 1045 3684 1102; x_wconf 83' lang='lat'><strong>6|</strong></span> 
     </span>
    </p>
   </div>
   <div class='ocr_carea' id='block_1_24' title="bbox 2118 1121 3689 1201">
    <p class='ocr_par' dir='ltr' id='par_1_24' title="bbox 2118 1121 3689 1201">
     <span class='ocr_line' id='line_1_24' title="bbox 2118 1121 3689 1201; baseline 0.011 -26"><span class='ocrx_word' id='word_1_189' title='bbox 2118 1123 2184 1175; x_wconf 86' lang='lat' dir='ltr'><strong>ad</strong></span> <span class='ocrx_word' id='word_1_190' title='bbox 2224 1121 2560 1187; x_wconf 86' lang='lat' dir='ltr'><strong>Pannnach.,</strong></span> <span class='ocrx_word' id='word_1_191' title='bbox 2587 1140 2703 1196; x_wconf 86' lang='lat' dir='ltr'><strong>cap.</strong></span> <span class='ocrx_word' id='word_1_192' title='bbox 2727 1125 2762 1179; x_wconf 83' lang='lat'><strong>5</strong></span> <span class='ocrx_word' id='word_1_193' title='bbox 2789 1143 2802 1178; x_wconf 93' lang='lat'>:</span> <span class='ocrx_word' id='word_1_194' title='bbox 2836 1127 2974 1184; x_wconf 72' lang='lat' dir='ltr'><strong>«Nec</strong></span> <span class='ocrx_word' id='word_1_195' title='bbox 2996 1127 3256 1201; x_wconf 84' lang='lat' dir='ltr'><strong>Origenes</strong></span> <span class='ocrx_word' id='word_1_196' title='bbox 3288 1148 3525 1201; x_wconf 81' lang='lat' dir='ltr'><strong>unquam</strong></span> <span class='ocrx_word' id='word_1_197' title='bbox 3550 1135 3689 1192; x_wconf 72' lang='lat' dir='ltr'><strong>dixit</strong></span> 
     </span>
    </p>
   </div>
   <div class='ocr_carea' id='block_1_25' title="bbox 2120 1213 3684 1292">
    <p class='ocr_par' dir='ltr' id='par_1_25' title="bbox 2120 1213 3684 1292">
     <span class='ocr_line' id='line_1_25' title="bbox 2120 1213 3684 1292; baseline 0.01 -26"><span class='ocrx_word' id='word_1_198' title='bbox 2120 1226 2188 1266; x_wconf 79' lang='lat' dir='ltr'><strong>ex</strong></span> <span class='ocrx_word' id='word_1_199' title='bbox 2228 1213 2432 1280; x_wconf 79' lang='lat' dir='ltr'><strong>angelis</strong></span> <span class='ocrx_word' id='word_1_200' title='bbox 2473 1215 2684 1271; x_wconf 80' lang='lat' dir='ltr'><strong>animus</strong></span> <span class='ocrx_word' id='word_1_201' title='bbox 2727 1218 2876 1283; x_wconf 73' lang='lat' dir='ltr'><strong>fieri;</strong></span> <span class='ocrx_word' id='word_1_202' title='bbox 2907 1235 3030 1273; x_wconf 90' lang='lat' dir='ltr'><strong>cum</strong></span> <span class='ocrx_word' id='word_1_203' title='bbox 3062 1222 3205 1291; x_wconf 79' lang='lat' dir='ltr'><strong>ipsos</strong></span> <span class='ocrx_word' id='word_1_204' title='bbox 3235 1224 3458 1292; x_wconf 86' lang='lat' dir='ltr'><strong>angelos</strong></span> <span class='ocrx_word' id='word_1_205' title='bbox 3487 1241 3684 1282; x_wconf 83' lang='lat' dir='ltr'><strong>nomen</strong></span> 
     </span>
    </p>
   </div>
   <div class='ocr_carea' id='block_1_26' title="bbox 2117 1302 3686 1386">
    <p class='ocr_par' dir='ltr' id='par_1_26' title="bbox 2117 1302 3686 1386">
     <span class='ocr_line' id='line_1_26' title="bbox 2117 1302 3686 1386; baseline 0.011 -31"><span class='ocrx_word' id='word_1_206' title='bbox 2117 1316 2238 1357; x_wconf 89' lang='lat' dir='ltr'><strong>esse</strong></span> <span class='ocrx_word' id='word_1_207' title='bbox 2261 1302 2418 1358; x_wconf 81' lang='lat' dir='ltr'><strong>ollicii</strong></span> <span class='ocrx_word' id='word_1_208' title='bbox 2448 1305 2659 1372; x_wconf 88' lang='lat' dir='ltr'><strong>doceat,</strong></span> <span class='ocrx_word' id='word_1_209' title='bbox 2691 1323 2795 1361; x_wconf 93' lang='lat' dir='ltr'><strong>non</strong></span> <span class='ocrx_word' id='word_1_210' title='bbox 2837 1319 3066 1366; x_wconf 73' lang='lat' dir='ltr'><strong>naturae.</strong></span> <span class='ocrx_word' id='word_1_211' title='bbox 3102 1331 3120 1363; x_wconf 78' lang='grc' dir='ltr'>ι</span> <span class='ocrx_word' id='word_1_212' title='bbox 3159 1311 3272 1368; x_wconf 83' lang='lat' dir='ltr'><strong>Hoc</strong></span> <span class='ocrx_word' id='word_1_213' title='bbox 3305 1325 3407 1380; x_wconf 91' lang='lat' dir='ltr'><strong>est,</strong></span> <span class='ocrx_word' id='word_1_214' title='bbox 3455 1332 3560 1370; x_wconf 90' lang='lat' dir='ltr'><strong>non</strong></span> <span class='ocrx_word' id='word_1_215' title='bbox 3591 1332 3686 1386; x_wconf 87' lang='lat' dir='ltr'><strong>per</strong></span> 
     </span>
    </p>
   </div>
   <div class='ocr_carea' id='block_1_27' title="bbox 2122 1399 3695 1479">
    <p class='ocr_par' dir='ltr' id='par_1_27' title="bbox 2122 1399 3695 1479">
     <span class='ocr_line' id='line_1_27' title="bbox 2122 1399 3695 1479; baseline 0.013 -33"><span class='ocrx_word' id='word_1_216' title='bbox 2122 1405 2332 1450; x_wconf 72' lang='lat' dir='ltr'><strong>natura:</strong></span> <span class='ocrx_word' id='word_1_217' title='bbox 2362 1399 2769 1454; x_wconf 81' lang='lat' dir='ltr'><strong>conversionem</strong></span> <span class='ocrx_word' id='word_1_218' title='bbox 2801 1402 3025 1472; x_wconf 79' lang='lat' dir='ltr'><strong>angelus</strong></span> <span class='ocrx_word' id='word_1_219' title='bbox 3061 1405 3238 1458; x_wconf 82' lang='lat' dir='ltr'><strong>anima</strong></span> <span class='ocrx_word' id='word_1_220' title='bbox 3277 1406 3529 1473; x_wconf 75' lang='lat' dir='ltr'><strong>elﬁcitur,</strong></span> <span class='ocrx_word' id='word_1_221' title='bbox 3549 1410 3695 1479; x_wconf 79' lang='lat' dir='ltr'><strong>ejus-</strong></span> 
     </span>
    </p>
   </div>
   <div class='ocr_carea' id='block_1_28' title="bbox 2116 1486 3696 1563">
    <p class='ocr_par' dir='ltr' id='par_1_28' title="bbox 2116 1486 3696 1563">
     <span class='ocr_line' id='line_1_28' title="bbox 2116 1486 3696 1563; baseline 0.01 -24"><span class='ocrx_word' id='word_1_222' title='bbox 2116 1487 2236 1540; x_wconf 88' lang='lat' dir='ltr'><strong>dem</strong></span> <span class='ocrx_word' id='word_1_223' title='bbox 2273 1486 2470 1556; x_wconf 93' lang='lat' dir='ltr'><strong>quippe</strong></span> <span class='ocrx_word' id='word_1_224' title='bbox 2496 1498 2700 1542; x_wconf 52' lang='lat' dir='ltr'><strong>natura).</strong></span> <span class='ocrx_word' id='word_1_225' title='bbox 2735 1501 2890 1557; x_wconf 84' lang='lat' dir='ltr'><strong>sunt;</strong></span> <span class='ocrx_word' id='word_1_226' title='bbox 2930 1494 3022 1546; x_wconf 88' lang='lat' dir='ltr'><strong>sed</strong></span> <span class='ocrx_word' id='word_1_227' title='bbox 3058 1509 3155 1563; x_wconf 90' lang='lat' dir='ltr'><strong>per</strong></span> <span class='ocrx_word' id='word_1_228' title='bbox 3206 1495 3364 1552; x_wconf 84' lang='lat' dir='ltr'><strong>oﬂicii</strong></span> <span class='ocrx_word' id='word_1_229' title='bbox 3393 1510 3696 1555; x_wconf 77' lang='lat' dir='ltr'><strong>commuta-</strong></span> 
     </span>
    </p>
   </div>
   <div class='ocr_carea' id='block_1_29' title="bbox 2122 1576 3690 1659">
    <p class='ocr_par' dir='ltr' id='par_1_29' title="bbox 2122 1576 3690 1659">
     <span class='ocr_line' id='line_1_29' title="bbox 2122 1576 3690 1659; baseline 0.012 -31"><span class='ocrx_word' id='word_1_230' title='bbox 2122 1576 2347 1641; x_wconf 85' lang='lat' dir='ltr'><strong>tionem,</strong></span> <span class='ocrx_word' id='word_1_231' title='bbox 2381 1587 2436 1631; x_wconf 93' lang='lat' dir='ltr'><strong>et</strong></span> <span class='ocrx_word' id='word_1_232' title='bbox 2469 1580 2622 1648; x_wconf 90' lang='lat' dir='ltr'><strong>quasi</strong></span> <span class='ocrx_word' id='word_1_233' title='bbox 2659 1580 2712 1633; x_wconf 91' lang='lat' dir='ltr'><strong>in</strong></span> <span class='ocrx_word' id='word_1_234' title='bbox 2750 1581 2894 1634; x_wconf 86' lang='lat' dir='ltr'><strong>aliud</strong></span> <span class='ocrx_word' id='word_1_235' title='bbox 2929 1584 3260 1640; x_wconf 90' lang='lat' dir='ltr'><strong>domicilium</strong></span> <span class='ocrx_word' id='word_1_236' title='bbox 3294 1591 3690 1659; x_wconf 78' lang='lat' dir='ltr'><strong>migrationem.</strong></span> 
     </span>
    </p>
   </div>
   <div class='ocr_carea' id='block_1_30' title="bbox 2122 1664 3694 1740">
    <p class='ocr_par' dir='ltr' id='par_1_30' title="bbox 2122 1664 3694 1740">
     <span class='ocr_line' id='line_1_30' title="bbox 2122 1664 3694 1740; baseline 0.011 -20"><span class='ocrx_word' id='word_1_237' title='bbox 2122 1664 2228 1722; x_wconf 87' lang='lat' dir='ltr'><strong>Sed</strong></span> <span class='ocrx_word' id='word_1_238' title='bbox 2251 1675 2306 1721; x_wconf 87' lang='lat' dir='ltr'><strong>et</strong></span> <span class='ocrx_word' id='word_1_239' title='bbox 2338 1680 2468 1723; x_wconf 79' lang='lat' dir='ltr'><strong>toni.</strong></span> <span class='ocrx_word' id='word_1_240' title='bbox 2507 1686 2636 1726; x_wconf 73' lang='lat' dir='ltr'><strong>xvrn</strong></span> <span class='ocrx_word' id='word_1_241' title='bbox 2666 1673 2716 1725; x_wconf 80' lang='lat' dir='ltr'><strong>iu</strong></span> <span class='ocrx_word' id='word_1_242' title='bbox 2749 1671 2935 1738; x_wconf 83' lang='lat' dir='ltr'><strong>Joau.,</strong></span> <span class='ocrx_word' id='word_1_243' title='bbox 2973 1691 3120 1728; x_wconf 90' lang='lat' dir='ltr'><strong>rnnn.</strong></span> <span class='ocrx_word' id='word_1_244' title='bbox 3155 1676 3245 1740; x_wconf 77' lang='lat'><strong>58,</strong></span> <span class='ocrx_word' id='word_1_245' title='bbox 3277 1680 3590 1736; x_wconf 76' lang='lat' dir='ltr'><strong>existimare</strong></span> <span class='ocrx_word' id='word_1_246' title='bbox 3633 1695 3694 1737; x_wconf 85' lang='lat' dir='ltr'><strong>se</strong></span> 
     </span>
    </p>
   </div>
   <div class='ocr_carea' id='block_1_31' title="bbox 2117 1756 3694 1834">
    <p class='ocr_par' dir='ltr' id='par_1_31' title="bbox 2117 1756 3694 1834">
     <span class='ocr_line' id='line_1_31' title="bbox 2117 1756 3694 1834; baseline 0.011 -26"><span class='ocrx_word' id='word_1_247' title='bbox 2117 1756 2194 1809; x_wconf 90' lang='lat' dir='ltr'><strong>ait</strong></span> <span class='ocrx_word' id='word_1_248' title='bbox 2228 1757 2513 1813; x_wconf 86' lang='lat' dir='ltr'><strong>divinitate</strong></span> <span class='ocrx_word' id='word_1_249' title='bbox 2546 1759 2672 1817; x_wconf 86' lang='lat' dir='ltr'><strong>Jesu</strong></span> <span class='ocrx_word' id='word_1_250' title='bbox 2701 1764 3032 1832; x_wconf 77' lang='lat' dir='ltr'><strong>stupefactos</strong></span> <span class='ocrx_word' id='word_1_251' title='bbox 3057 1767 3318 1834; x_wconf 89' lang='lat' dir='ltr'><strong>quosdam</strong></span> <span class='ocrx_word' id='word_1_252' title='bbox 3360 1782 3392 1822; x_wconf 94' lang='lat' dir='ltr'><strong>e</strong></span> <span class='ocrx_word' id='word_1_253' title='bbox 3434 1771 3694 1824; x_wconf 70' lang='lat' dir='ltr'><strong>daemoni-</strong></span> 
     </span>
    </p>
   </div>
   <div class='ocr_carea' id='block_1_32' title="bbox 438 1827 3694 1932">
    <p class='ocr_par' dir='ltr' id='par_1_32' title="bbox 438 1827 3694 1932">
     <span class='ocr_line' id='line_1_32' title="bbox 438 1827 3694 1932; baseline 0.002 -22"><span class='ocrx_word' id='word_1_254' title='bbox 438 1827 770 1924; x_wconf 49' lang='lat' dir='ltr'><strong>custodi-unt,</strong></span> <span class='ocrx_word' id='word_1_255' title='bbox 816 1869 871 1912; x_wconf 90' lang='lat' dir='ltr'><strong>et</strong></span> <span class='ocrx_word' id='word_1_256' title='bbox 921 1827 1182 1926; x_wconf 85' lang='lat' dir='ltr'><strong>judicium</strong></span> <span class='ocrx_word' id='word_1_257' title='bbox 1218 1857 1622 1926; x_wconf 72' lang='lat' dir='ltr'><strong>praestolamur,</strong></span> <span class='ocrx_word' id='word_1_258' title='bbox 1663 1873 1766 1910; x_wconf 92' lang='lat' dir='ltr'><strong>non</strong></span> <span class='ocrx_word' id='word_1_259' title='bbox 1835 1858 2009 1912; x_wconf 91' lang='lat' dir='ltr'><strong>solum</strong></span> <span class='ocrx_word' id='word_1_260' title='bbox 2042 1827 2086 1882; x_wconf 70' lang='grc' dir='ltr'><strong>Β</strong></span> <span class='ocrx_word' id='word_1_261' title='bbox 2118 1850 2248 1914; x_wconf 69' lang='lat' dir='ltr'><strong>bus.</strong></span> <span class='ocrx_word' id='word_1_262' title='bbox 2282 1851 2601 1918; x_wconf 71' lang='grc' dir='ltr'><strong>Ρωηίιοιιιὶτι</strong></span> <span class='ocrx_word' id='word_1_263' title='bbox 2635 1858 2824 1910; x_wconf 77' lang='lat' dir='ltr'><strong>ductos</strong></span> <span class='ocrx_word' id='word_1_264' title='bbox 2845 1859 2912 1910; x_wconf 88' lang='lat' dir='ltr'><strong>ad</strong></span> <span class='ocrx_word' id='word_1_265' title='bbox 2945 1857 3120 1925; x_wconf 83' lang='lat' dir='ltr'><strong>ipsum</strong></span> <span class='ocrx_word' id='word_1_266' title='bbox 3147 1858 3474 1929; x_wconf 80' lang='lat' dir='ltr'><strong>confugisse,</strong></span> <span class='ocrx_word' id='word_1_267' title='bbox 3494 1861 3694 1932; x_wconf 86' lang='lat' dir='ltr'><strong>quippe</strong></span> 
     </span>
    </p>
   </div>
   <div class='ocr_carea' id='block_1_33' title="bbox 411 1950 2010 2020">
    <p class='ocr_par' dir='ltr' id='par_1_33' title="bbox 411 1950 2010 2020">
     <span class='ocr_line' id='line_1_33' title="bbox 411 1950 2010 2020; baseline -0.001 -13"><span class='ocrx_word' id='word_1_268' title='bbox 411 1953 736 2016; x_wconf 76' lang='lat' dir='ltr'><strong>hominum,</strong></span> <span class='ocrx_word' id='word_1_269' title='bbox 775 1967 958 2009; x_wconf 81' lang='lat' dir='ltr'><strong>verum</strong></span> <span class='ocrx_word' id='word_1_270' title='bbox 988 1953 1148 2006; x_wconf 89' lang='lat' dir='ltr'><strong>etiam</strong></span> <span class='ocrx_word' id='word_1_271' title='bbox 1186 1951 1301 2016; x_wconf 91' lang='lat' dir='ltr'><strong>Dei,</strong></span> <span class='ocrx_word' id='word_1_272' title='bbox 1323 1960 1380 2004; x_wconf 94' lang='lat' dir='ltr'><strong>ut</strong></span> <span class='ocrx_word' id='word_1_273' title='bbox 1413 1950 1726 2020; x_wconf 82' lang='lat' dir='ltr'><strong>frequenter</strong></span> <span class='ocrx_word' id='word_1_274' title='bbox 1755 1951 2010 2018; x_wconf 80' lang='lat' dir='ltr'><strong>diximus,</strong></span> 
     </span>
    </p>
   </div>
   <div class='ocr_carea' id='block_1_34' title="bbox 436 2043 2012 2114">
    <p class='ocr_par' dir='ltr' id='par_1_34' title="bbox 436 2043 2012 2114">
     <span class='ocr_line' id='line_1_34' title="bbox 436 2043 2012 2114; baseline 0.002 -19"><span class='ocrx_word' id='word_1_275' title='bbox 436 2054 544 2097; x_wconf 89' lang='lat' dir='ltr'><strong>tam</strong></span> <span class='ocrx_word' id='word_1_276' title='bbox 595 2045 661 2099; x_wconf 88' lang='lat' dir='ltr'><strong>de</strong></span> <span class='ocrx_word' id='word_1_277' title='bbox 711 2045 794 2098; x_wconf 93' lang='lat' dir='ltr'><strong>his</strong></span> <span class='ocrx_word' id='word_1_278' title='bbox 826 2059 945 2112; x_wconf 77' lang='lat' dir='ltr'><strong>qua:</strong></span> <span class='ocrx_word' id='word_1_279' title='bbox 993 2044 1046 2098; x_wconf 90' lang='lat' dir='ltr'><strong>in</strong></span> <span class='ocrx_word' id='word_1_280' title='bbox 1084 2043 1460 2113; x_wconf 78' lang='lat' dir='ltr'><strong>Apocalypsim</strong></span> <span class='ocrx_word' id='word_1_281' title='bbox 1509 2043 1818 2114; x_wconf 89' lang='lat' dir='ltr'><strong>conscripta</strong></span> <span class='ocrx_word' id='word_1_282' title='bbox 1863 2054 2012 2112; x_wconf 89' lang='lat' dir='ltr'><strong>sunt,</strong></span> 
     </span>
    </p>
   </div>
   <div class='ocr_carea' id='block_1_35' title="bbox 435 2134 2012 2206">
    <p class='ocr_par' dir='ltr' id='par_1_35' title="bbox 435 2134 2012 2206">
     <span class='ocr_line' id='line_1_35' title="bbox 435 2134 2012 2206; baseline 0 -17"><span class='ocrx_word' id='word_1_283' title='bbox 435 2151 595 2206; x_wconf 89' lang='lat' dir='ltr'><strong>quam</strong></span> <span class='ocrx_word' id='word_1_284' title='bbox 650 2149 717 2188; x_wconf 81' lang='lat' dir='ltr'><strong>ex</strong></span> <span class='ocrx_word' id='word_1_285' title='bbox 771 2135 892 2190; x_wconf 87' lang='lat' dir='ltr'><strong>aliis</strong></span> <span class='ocrx_word' id='word_1_286' title='bbox 945 2134 1469 2200; x_wconf 75' lang='lat' dir='ltr'><strong>innumerabilibus;</strong></span> <span class='ocrx_word' id='word_1_287' title='bbox 1524 2151 1718 2204; x_wconf 88' lang='lat' dir='ltr'><strong>quare,</strong></span> <span class='ocrx_word' id='word_1_288' title='bbox 1768 2136 2012 2206; x_wconf 89' lang='lat' dir='ltr'><strong>inquam,</strong></span> 
     </span>
    </p>
   </div>
   <div class='ocr_carea' id='block_1_36' title="bbox 435 2225 2011 2295">
    <p class='ocr_par' dir='ltr' id='par_1_36' title="bbox 435 2225 2011 2295">
     <span class='ocr_line' id='line_1_36' title="bbox 435 2225 2011 2295; baseline -0.001 -14"><span class='ocrx_word' id='word_1_289' title='bbox 435 2244 539 2282; x_wconf 91' lang='lat' dir='ltr'><strong>non</strong></span> <span class='ocrx_word' id='word_1_290' title='bbox 567 2237 727 2282; x_wconf 66' lang='lat' dir='ltr'><strong>terrae</strong></span> <span class='ocrx_word' id='word_1_291' title='bbox 756 2236 811 2281; x_wconf 91' lang='lat' dir='ltr'><strong>et</strong></span> <span class='ocrx_word' id='word_1_292' title='bbox 841 2228 983 2281; x_wconf 88' lang='lat' dir='ltr'><strong>aeris</strong></span> <span class='ocrx_word' id='word_1_293' title='bbox 1013 2225 1272 2295; x_wconf 89' lang='lat' dir='ltr'><strong>judicium</strong></span> <span class='ocrx_word' id='word_1_294' title='bbox 1301 2226 1372 2282; x_wconf 91' lang='lat' dir='ltr'><strong>sit</strong></span> <span class='ocrx_word' id='word_1_295' title='bbox 1398 2225 1682 2281; x_wconf 79' lang='lat' dir='ltr'><strong>futurum?</strong></span> <span class='ocrx_word' id='word_1_296' title='bbox 1722 2247 1742 2280; x_wconf 75' lang='grc' dir='ltr'>ι</span> <span class='ocrx_word' id='word_1_297' title='bbox 1809 2226 1864 2280; x_wconf 90' lang='lat' dir='ltr'><strong>ln</strong></span> <span class='ocrx_word' id='word_1_298' title='bbox 1906 2226 2011 2282; x_wconf 88' lang='lat' dir='ltr'><strong>Ca-</strong></span> 
     </span>
    </p>
   </div>
   <div class='ocr_carea' id='block_1_37' title="bbox 437 2316 2010 2388">
    <p class='ocr_par' dir='ltr' id='par_1_37' title="bbox 437 2316 2010 2388">
     <span class='ocr_line' id='line_1_37' title="bbox 437 2316 2010 2388; baseline -0.001 -14"><span class='ocrx_word' id='word_1_299' title='bbox 437 2320 576 2374; x_wconf 89' lang='lat' dir='ltr'><strong>tenis</strong></span> <span class='ocrx_word' id='word_1_300' title='bbox 625 2318 788 2388; x_wconf 86' lang='lat' dir='ltr'><strong>regiis</strong></span> <span class='ocrx_word' id='word_1_301' title='bbox 819 2319 869 2371; x_wconf 88' lang='lat' dir='ltr'><strong>in</strong></span> <span class='ocrx_word' id='word_1_302' title='bbox 894 2316 1170 2382; x_wconf 82' lang='lat' dir='ltr'><strong>Psalmos,</strong></span> <span class='ocrx_word' id='word_1_303' title='bbox 1203 2319 1269 2371; x_wconf 88' lang='lat' dir='ltr'><strong>ad</strong></span> <span class='ocrx_word' id='word_1_304' title='bbox 1314 2318 1511 2386; x_wconf 86' lang='lat' dir='ltr'><strong>psalm.</strong></span> <span class='ocrx_word' id='word_1_305' title='bbox 1540 2333 1712 2382; x_wconf 67' lang='grc' dir='ltr'>χχχιι,</span> <span class='ocrx_word' id='word_1_306' title='bbox 1737 2318 1794 2382; x_wconf 90' lang='lat'><strong>6,</strong></span> <span class='ocrx_word' id='word_1_307' title='bbox 1847 2320 2010 2373; x_wconf 88' lang='lat' dir='ltr'><strong>verba</strong></span> 
     </span>
    </p>
   </div>
   <div class='ocr_carea' id='block_1_38' title="bbox 434 2409 2011 2480">
    <p class='ocr_par' dir='ltr' id='par_1_38' title="bbox 434 2409 2011 2480">
     <span class='ocr_line' id='line_1_38' title="bbox 434 2409 2011 2480; baseline -0.001 -18"><span class='ocrx_word' id='word_1_308' title='bbox 434 2413 547 2464; x_wconf 69' lang='lat' dir='ltr'><strong>lucc</strong></span> <span class='ocrx_word' id='word_1_309' title='bbox 582 2410 679 2480; x_wconf 85' lang='lat' dir='ltr'><strong>ipsi</strong></span> <span class='ocrx_word' id='word_1_310' title='bbox 709 2409 1015 2463; x_wconf 85' lang='lat' dir='ltr'><strong>tribuuntur</strong></span> <span class='ocrx_word' id='word_1_311' title='bbox 1048 2427 1061 2462; x_wconf 93' lang='lat'>:</span> <span class='ocrx_word' id='word_1_312' title='bbox 1093 2409 1168 2461; x_wconf 78' lang='grc' dir='ltr'><strong>Οὐ</strong></span> <span class='ocrx_word' id='word_1_313' title='bbox 1197 2409 1308 2478; x_wconf 81' lang='grc' dir='ltr'><strong>γὰρ</strong></span> <span class='ocrx_word' id='word_1_314' title='bbox 1339 2411 1522 2479; x_wconf 79' lang='grc' dir='ltr'>νήπιοι</span> <span class='ocrx_word' id='word_1_315' title='bbox 1555 2409 1869 2473; x_wconf 83' lang='grc' dir='ltr'><strong>κτισθέντες</strong></span> <span class='ocrx_word' id='word_1_316' title='bbox 1893 2411 2011 2463; x_wconf 83' lang='grc' dir='ltr'>κατ’</span> 
     </span>
    </p>
   </div>
   <div class='ocr_carea' id='block_1_39' title="bbox 429 2497 2012 2571">
    <p class='ocr_par' dir='ltr' id='par_1_39' title="bbox 429 2497 2012 2571">
     <span class='ocr_line' id='line_1_39' title="bbox 429 2497 2012 2571; baseline 0.001 -19"><span class='ocrx_word' id='word_1_317' title='bbox 429 2499 609 2567; x_wconf 82' lang='grc' dir='ltr'><strong>ὀλίγον</strong></span> <span class='ocrx_word' id='word_1_318' title='bbox 641 2497 838 2570; x_wconf 77' lang='grc' dir='ltr'>μελέτῃ</span> <span class='ocrx_word' id='word_1_319' title='bbox 869 2499 970 2568; x_wconf 81' lang='grc' dir='ltr'><strong>τῆς</strong></span> <span class='ocrx_word' id='word_1_320' title='bbox 994 2497 1089 2551; x_wconf 82' lang='grc' dir='ltr'>τοῦ</span> <span class='ocrx_word' id='word_1_321' title='bbox 1139 2499 1448 2570; x_wconf 79' lang='grc' dir='ltr'>πνεύματος</span> <span class='ocrx_word' id='word_1_322' title='bbox 1480 2499 1748 2571; x_wconf 82' lang='grc' dir='ltr'><strong>ὑποδοχῆς</strong></span> <span class='ocrx_word' id='word_1_323' title='bbox 1783 2501 2012 2568; x_wconf 87' lang='grc' dir='ltr'>γεγόνα-</span> 
     </span>
    </p>
   </div>
   <div class='ocr_carea' id='block_1_40' title="bbox 433 2589 2013 2662">
    <p class='ocr_par' dir='ltr' id='par_1_40' title="bbox 433 2589 2013 2662">
     <span class='ocr_line' id='line_1_40' title="bbox 433 2589 2013 2662; baseline -0.001 -17"><span class='ocrx_word' id='word_1_324' title='bbox 433 2608 516 2645; x_wconf 90' lang='grc' dir='ltr'><strong>σιν</strong></span> <span class='ocrx_word' id='word_1_325' title='bbox 544 2591 718 2658; x_wconf 81' lang='grc' dir='ltr'>ἄξιοι·</span> <span class='ocrx_word' id='word_1_326' title='bbox 744 2589 860 2645; x_wconf 83' lang='grc' dir='ltr'><strong>ἀλλ’</strong></span> <span class='ocrx_word' id='word_1_327' title='bbox 895 2592 952 2645; x_wconf 81' lang='grc' dir='ltr'>ὲν</span> <span class='ocrx_word' id='word_1_328' title='bbox 977 2593 1043 2662; x_wconf 75' lang='grc' dir='ltr'>τῇ</span> <span class='ocrx_word' id='word_1_329' title='bbox 1076 2589 1270 2661; x_wconf 78' lang='grc' dir='ltr'>πρώτῃ</span> <span class='ocrx_word' id='word_1_330' title='bbox 1307 2590 1562 2643; x_wconf 84' lang='grc' dir='ltr'>συστάσει</span> <span class='ocrx_word' id='word_1_331' title='bbox 1595 2593 1690 2644; x_wconf 78' lang='grc' dir='ltr'>καὶ</span> <span class='ocrx_word' id='word_1_332' title='bbox 1738 2590 1816 2662; x_wconf 85' lang='grc' dir='ltr'>τῷ</span> <span class='ocrx_word' id='word_1_333' title='bbox 1851 2591 2013 2644; x_wconf 63' lang='grc' dir='ltr'><strong>οἱονεὶ⁴</strong></span> 
     </span>
    </p>
   </div>
   <div class='ocr_carea' id='block_1_41' title="bbox 431 2681 2012 2755">
    <p class='ocr_par' dir='ltr' id='par_1_41' title="bbox 431 2681 2012 2755">
     <span class='ocr_line' id='line_1_41' title="bbox 431 2681 2012 2755; baseline -0.001 -19"><span class='ocrx_word' id='word_1_334' title='bbox 431 2685 711 2755; x_wconf 85' lang='grc' dir='ltr'>φυράματι</span> <span class='ocrx_word' id='word_1_335' title='bbox 737 2683 837 2754; x_wconf 80' lang='grc' dir='ltr'>τῆς</span> <span class='ocrx_word' id='word_1_336' title='bbox 867 2682 1056 2745; x_wconf 79' lang='grc' dir='ltr'>οὐσίας</span> <span class='ocrx_word' id='word_1_337' title='bbox 1084 2681 1265 2735; x_wconf 79' lang='grc' dir='ltr'>αὐτῶν</span> <span class='ocrx_word' id='word_1_338' title='bbox 1292 2681 1827 2752; x_wconf 79' lang='grc' dir='ltr'>συγκαταϐληθεῑσαν</span> <span class='ocrx_word' id='word_1_339' title='bbox 1855 2683 2012 2754; x_wconf 78' lang='grc' dir='ltr'>ἔσχον</span> 
     </span>
    </p>
   </div>
   <div class='ocr_carea' id='block_1_42' title="bbox 429 2775 2012 2848">
    <p class='ocr_par' dir='ltr' id='par_1_42' title="bbox 429 2775 2012 2848">
     <span class='ocr_line' id='line_1_42' title="bbox 429 2775 2012 2848; baseline -0.003 -16"><span class='ocrx_word' id='word_1_340' title='bbox 429 2777 526 2848; x_wconf 85' lang='grc' dir='ltr'>τὴν</span> <span class='ocrx_word' id='word_1_341' title='bbox 554 2777 849 2846; x_wconf 75' lang='grc' dir='ltr'>ἁγίοτηταο</span> <span class='ocrx_word' id='word_1_342' title='bbox 897 2775 976 2828; x_wconf 82' lang='grc' dir='ltr'><strong>διὸ</strong></span> <span class='ocrx_word' id='word_1_343' title='bbox 1025 2776 1119 2828; x_wconf 73' lang='grc' dir='ltr'><strong>καὶ</strong></span> <span class='ocrx_word' id='word_1_344' title='bbox 1169 2775 1556 2845; x_wconf 85' lang='grc' dir='ltr'>δυσμετάθετοι</span> <span class='ocrx_word' id='word_1_345' title='bbox 1615 2775 1750 2846; x_wconf 80' lang='grc' dir='ltr'>πρὸς</span> <span class='ocrx_word' id='word_1_346' title='bbox 1813 2776 2012 2830; x_wconf 78' lang='grc' dir='ltr'>κακίαν</span> 
     </span>
    </p>
   </div>
   <div class='ocr_carea' id='block_1_43' title="bbox 431 2866 2012 2938">
    <p class='ocr_par' dir='ltr' id='par_1_43' title="bbox 431 2866 2012 2938">
     <span class='ocr_line' id='line_1_43' title="bbox 431 2866 2012 2938; baseline -0.001 -17"><span class='ocrx_word' id='word_1_347' title='bbox 431 2869 590 2932; x_wconf 73' lang='grc' dir='ltr'>είσὶν,</span> <span class='ocrx_word' id='word_1_348' title='bbox 644 2867 806 2930; x_wconf 81' lang='grc' dir='ltr'>εὐθὺς</span> <span class='ocrx_word' id='word_1_349' title='bbox 850 2867 1010 2920; x_wconf 77' lang='grc' dir='ltr'>οἱονεὶ</span> <span class='ocrx_word' id='word_1_350' title='bbox 1067 2866 1214 2938; x_wconf 84' lang='grc' dir='ltr'>βαφῇ</span> <span class='ocrx_word' id='word_1_351' title='bbox 1269 2867 1345 2938; x_wconf 81' lang='grc' dir='ltr'><strong>τῷ</strong></span> <span class='ocrx_word' id='word_1_352' title='bbox 1397 2867 1655 2938; x_wconf 84' lang='grc' dir='ltr'><strong>ἁγιασμῷ</strong></span> <span class='ocrx_word' id='word_1_353' title='bbox 1707 2866 2012 2938; x_wconf 81' lang='grc' dir='ltr'>στομωθέν-</span> 
     </span>
    </p>
   </div>
   <div class='ocr_carea' id='block_1_44' title="bbox 430 2959 2012 3031">
    <p class='ocr_par' dir='ltr' id='par_1_44' title="bbox 430 2959 2012 3031">
     <span class='ocr_line' id='line_1_44' title="bbox 430 2959 2012 3031; baseline 0 -17"><span class='ocrx_word' id='word_1_354' title='bbox 430 2977 541 3024; x_wconf 85' lang='grc' dir='ltr'>τες.</span> <span class='ocrx_word' id='word_1_355' title='bbox 573 2962 637 3015; x_wconf 85' lang='grc' dir='ltr'>Ει</span> <span class='ocrx_word' id='word_1_356' title='bbox 658 2960 745 3014; x_wconf 90' lang='lat' dir='ltr'><strong>illa</strong></span> <span class='ocrx_word' id='word_1_357' title='bbox 776 2976 988 3029; x_wconf 89' lang='lat' dir='ltr'><strong>quoque</strong></span> <span class='ocrx_word' id='word_1_358' title='bbox 1016 2963 1082 3015; x_wconf 92' lang='lat' dir='ltr'><strong>ad</strong></span> <span class='ocrx_word' id='word_1_359' title='bbox 1134 2961 1328 3031; x_wconf 82' lang='lat' dir='ltr'><strong>psalm.</strong></span> <span class='ocrx_word' id='word_1_360' title='bbox 1357 2976 1547 3026; x_wconf 83' lang='lat' dir='ltr'><strong>cxvur,</strong></span> <span class='ocrx_word' id='word_1_361' title='bbox 1590 2961 1683 3024; x_wconf 84' lang='lat'><strong>89,</strong></span> <span class='ocrx_word' id='word_1_362' title='bbox 1717 2976 1838 3030; x_wconf 73' lang='lat' dir='ltr'><strong>qua:</strong></span> <span class='ocrx_word' id='word_1_363' title='bbox 1895 2959 2012 3014; x_wconf 69' lang='lat' dir='ltr'><strong>alia:</strong></span> 
     </span>
    </p>
   </div>
   <div class='ocr_carea' id='block_1_45' title="bbox 434 3051 2010 3124">
    <p class='ocr_par' dir='ltr' id='par_1_45' title="bbox 434 3051 2010 3124">
     <span class='ocr_line' id='line_1_45' title="bbox 434 3051 2010 3124; baseline -0.001 -18"><span class='ocrx_word' id='word_1_364' title='bbox 434 3063 614 3106; x_wconf 82' lang='lat' dir='ltr'><strong>tamen</strong></span> <span class='ocrx_word' id='word_1_365' title='bbox 653 3052 871 3108; x_wconf 68' lang='lat' dir='ltr'><strong>Catena:</strong></span> <span class='ocrx_word' id='word_1_366' title='bbox 902 3051 1129 3122; x_wconf 83' lang='lat' dir='ltr'><strong>Didymo</strong></span> <span class='ocrx_word' id='word_1_367' title='bbox 1157 3053 1439 3107; x_wconf 87' lang='lat' dir='ltr'><strong>ascribunt</strong></span> <span class='ocrx_word' id='word_1_368' title='bbox 1474 3068 1488 3105; x_wconf 89' lang='lat'>:</span> <span class='ocrx_word' id='word_1_369' title='bbox 1521 3051 1582 3104; x_wconf 79' lang='lat' dir='ltr'><strong>El</strong></span> <span class='ocrx_word' id='word_1_370' title='bbox 1607 3051 1663 3104; x_wconf 89' lang='grc' dir='ltr'>δὲ</span> <span class='ocrx_word' id='word_1_371' title='bbox 1692 3053 1820 3124; x_wconf 76' lang='grc' dir='ltr'>περὶ</span> <span class='ocrx_word' id='word_1_372' title='bbox 1842 3052 2010 3121; x_wconf 80' lang='grc' dir='ltr'>ἁγίων</span> 
     </span>
    </p>
   </div>
   <div class='ocr_carea' id='block_1_46' title="bbox 430 3143 2081 3233">
    <p class='ocr_par' dir='ltr' id='par_1_46' title="bbox 430 3143 2081 3233">
     <span class='ocr_line' id='line_1_46' title="bbox 430 3143 2081 3233; baseline 0.002 -38"><span class='ocrx_word' id='word_1_373' title='bbox 430 3143 711 3214; x_wconf 78' lang='grc' dir='ltr'><strong>δυνάμεων</strong></span> <span class='ocrx_word' id='word_1_374' title='bbox 757 3146 882 3215; x_wconf 82' lang='grc' dir='ltr'>φῆς,</span> <span class='ocrx_word' id='word_1_375' title='bbox 918 3144 1164 3214; x_wconf 82' lang='grc' dir='ltr'>ἀγγέλων</span> <span class='ocrx_word' id='word_1_376' title='bbox 1193 3143 1336 3215; x_wconf 76' lang='grc' dir='ltr'>φημὶ</span> <span class='ocrx_word' id='word_1_377' title='bbox 1368 3144 1462 3197; x_wconf 78' lang='grc' dir='ltr'>καὶ</span> <span class='ocrx_word' id='word_1_378' title='bbox 1511 3143 1885 3215; x_wconf 79' lang='grc' dir='ltr'>ἀρχαγγέλων,</span> <span class='ocrx_word' id='word_1_379' title='bbox 1914 3161 2011 3198; x_wconf 86' lang='grc' dir='ltr'>κα-</span> <span class='ocrx_word' id='word_1_380' title='bbox 2037 3174 2081 3233; x_wconf 75' lang='lat' dir='ltr'><strong>C</strong></span> 
     </span>
    </p>
   </div>
   <div class='ocr_carea' id='block_1_47' title="bbox 430 3232 2010 3306">
    <p class='ocr_par' dir='ltr' id='par_1_47' title="bbox 430 3232 2010 3306">
     <span class='ocr_line' id='line_1_47' title="bbox 430 3232 2010 3306; baseline 0.002 -19"><span class='ocrx_word' id='word_1_381' title='bbox 430 3232 537 3298; x_wconf 78' lang='grc' dir='ltr'>λῶς</span> <span class='ocrx_word' id='word_1_382' title='bbox 567 3235 674 3306; x_wconf 80' lang='grc' dir='ltr'>φῆς</span> <span class='ocrx_word' id='word_1_383' title='bbox 694 3275 708 3299; x_wconf 90' lang='grc'><strong>,</strong></span> <span class='ocrx_word' id='word_1_384' title='bbox 740 3234 983 3305; x_wconf 79' lang='grc' dir='ltr'>ἀκίνητοι</span> <span class='ocrx_word' id='word_1_385' title='bbox 1024 3236 1132 3306; x_wconf 82' lang='grc' dir='ltr'>γὰρ</span> <span class='ocrx_word' id='word_1_386' title='bbox 1151 3275 1166 3299; x_wconf 91' lang='grc'><strong>,</strong></span> <span class='ocrx_word' id='word_1_387' title='bbox 1210 3234 1408 3306; x_wconf 77' lang='grc' dir='ltr'>μᾶλλον</span> <span class='ocrx_word' id='word_1_388' title='bbox 1439 3235 1496 3287; x_wconf 82' lang='grc' dir='ltr'><strong>δὲ</strong></span> <span class='ocrx_word' id='word_1_389' title='bbox 1549 3235 1856 3306; x_wconf 81' lang='grc' dir='ltr'>δυσκίνητοί</span> <span class='ocrx_word' id='word_1_390' title='bbox 1906 3239 2010 3290; x_wconf 80' lang='grc' dir='ltr'>εἰσι</span> 
     </span>
    </p>
   </div>
   <div class='ocr_carea' id='block_1_48' title="bbox 433 3323 2012 3398">
    <p class='ocr_par' dir='ltr' id='par_1_48' title="bbox 433 3323 2012 3398">
     <span class='ocr_line' id='line_1_48' title="bbox 433 3323 2012 3398; baseline 0.002 -21"><span class='ocrx_word' id='word_1_391' title='bbox 433 3325 568 3396; x_wconf 79' lang='grc' dir='ltr'>πρὸς</span> <span class='ocrx_word' id='word_1_392' title='bbox 599 3326 660 3379; x_wconf 82' lang='grc' dir='ltr'><strong>τὸ</strong></span> <span class='ocrx_word' id='word_1_393' title='bbox 683 3325 850 3379; x_wconf 85' lang='grc' dir='ltr'>κακόν</span> <span class='ocrx_word' id='word_1_394' title='bbox 870 3343 883 3356; x_wconf 90' lang='grc'><strong>·</strong></span> <span class='ocrx_word' id='word_1_395' title='bbox 909 3325 1067 3379; x_wconf 80' lang='grc' dir='ltr'>τοῦτο</span> <span class='ocrx_word' id='word_1_396' title='bbox 1097 3325 1206 3398; x_wconf 78' lang='grc' dir='ltr'><strong>γάρ</strong></span> <span class='ocrx_word' id='word_1_397' title='bbox 1235 3325 1412 3378; x_wconf 82' lang='grc' dir='ltr'><strong>πείθει</strong></span> <span class='ocrx_word' id='word_1_398' title='bbox 1446 3342 1513 3396; x_wconf 86' lang='grc' dir='ltr'><strong>με</strong></span> <span class='ocrx_word' id='word_1_399' title='bbox 1543 3323 1719 3394; x_wconf 83' lang='grc' dir='ltr'>λέγειν</span> <span class='ocrx_word' id='word_1_400' title='bbox 1749 3328 1777 3378; x_wconf 85' lang='grc' dir='ltr'>ὁ</span> <span class='ocrx_word' id='word_1_401' title='bbox 1831 3325 2012 3380; x_wconf 88' lang='grc' dir='ltr'>πεσὼν</span> 
     </span>
    </p>
   </div>
   <div class='ocr_carea' id='block_1_49' title="bbox 433 3418 2012 3490">
    <p class='ocr_par' dir='ltr' id='par_1_49' title="bbox 433 3418 2012 3490">
     <span class='ocr_line' id='line_1_49' title="bbox 433 3418 2012 3490; baseline 0.001 -18"><span class='ocrx_word' id='word_1_402' title='bbox 433 3418 708 3490; x_wconf 74' lang='grc' dir='ltr'>ἑωσφόρος</span> <span class='ocrx_word' id='word_1_403' title='bbox 738 3419 804 3471; x_wconf 85' lang='grc' dir='ltr'><strong>δι’</strong></span> <span class='ocrx_word' id='word_1_404' title='bbox 834 3419 1086 3490; x_wconf 79' lang='grc' dir='ltr'>ἔπαρσιν.</span> <span class='ocrx_word' id='word_1_405' title='bbox 1115 3418 1398 3472; x_wconf 79' lang='lat' dir='ltr'><strong>Sexcentis</strong></span> <span class='ocrx_word' id='word_1_406' title='bbox 1428 3419 1498 3472; x_wconf 84' lang='lat' dir='ltr'><strong>ad</strong></span> <span class='ocrx_word' id='word_1_407' title='bbox 1532 3418 1646 3473; x_wconf 69' lang='lat' dir='ltr'><strong>lucc</strong></span> <span class='ocrx_word' id='word_1_408' title='bbox 1677 3418 1813 3474; x_wconf 75' lang='lat' dir='ltr'><strong>locis</strong></span> <span class='ocrx_word' id='word_1_409' title='bbox 1851 3433 2012 3488; x_wconf 81' lang='lat' dir='ltr'><strong>ange-</strong></span> 
     </span>
    </p>
   </div>
   <div class='ocr_carea' id='block_1_50' title="bbox 437 3508 2013 3579">
    <p class='ocr_par' dir='ltr' id='par_1_50' title="bbox 437 3508 2013 3579">
     <span class='ocr_line' id='line_1_50' title="bbox 437 3508 2013 3579; baseline 0.001 -17"><span class='ocrx_word' id='word_1_410' title='bbox 437 3509 519 3564; x_wconf 90' lang='lat' dir='ltr'><strong>los</strong></span> <span class='ocrx_word' id='word_1_411' title='bbox 551 3511 826 3564; x_wconf 86' lang='lat' dir='ltr'><strong>hominum</strong></span> <span class='ocrx_word' id='word_1_412' title='bbox 857 3509 1118 3564; x_wconf 71' lang='lat' dir='ltr'><strong>cnstodiaa</strong></span> <span class='ocrx_word' id='word_1_413' title='bbox 1149 3508 1434 3577; x_wconf 69' lang='lat' dir='ltr'><strong>prmfectos</strong></span> <span class='ocrx_word' id='word_1_414' title='bbox 1463 3524 1662 3563; x_wconf 91' lang='lat' dir='ltr'><strong>munus</strong></span> <span class='ocrx_word' id='word_1_415' title='bbox 1691 3509 1797 3564; x_wconf 89' lang='lat' dir='ltr'><strong>sibi</strong></span> <span class='ocrx_word' id='word_1_416' title='bbox 1840 3509 2013 3579; x_wconf 87' lang='lat' dir='ltr'><strong>impo-</strong></span> 
     </span>
    </p>
   </div>
   <div class='ocr_carea' id='block_1_51' title="bbox 433 3601 2011 3672">
    <p class='ocr_par' dir='ltr' id='par_1_51' title="bbox 433 3601 2011 3672">
     <span class='ocr_line' id='line_1_51' title="bbox 433 3601 2011 3672; baseline -0.001 -15"><span class='ocrx_word' id='word_1_417' title='bbox 433 3604 596 3657; x_wconf 81' lang='lat' dir='ltr'><strong>situm</strong></span> <span class='ocrx_word' id='word_1_418' title='bbox 629 3601 1362 3672; x_wconf 88' lang='lat' dir='ltr'><strong>negligenternonnunquam</strong></span> <span class='ocrx_word' id='word_1_419' title='bbox 1393 3601 1570 3666; x_wconf 89' lang='lat' dir='ltr'><strong>obire,</strong></span> <span class='ocrx_word' id='word_1_420' title='bbox 1595 3611 1650 3655; x_wconf 87' lang='lat' dir='ltr'><strong>et</strong></span> <span class='ocrx_word' id='word_1_421' title='bbox 1671 3611 2011 3670; x_wconf 85' lang='lat' dir='ltr'><strong>peccatorum</strong></span> 
     </span>
    </p>
   </div>
   <div class='ocr_carea' id='block_1_52' title="bbox 433 3695 2011 3760">
    <p class='ocr_par' dir='ltr' id='par_1_52' title="bbox 433 3695 2011 3760">
     <span class='ocr_line' id='line_1_52' title="bbox 433 3695 2011 3760; baseline -0.001 -11"><span class='ocrx_word' id='word_1_422' title='bbox 433 3699 502 3751; x_wconf 85' lang='lat' dir='ltr'><strong>ab</strong></span> <span class='ocrx_word' id='word_1_423' title='bbox 555 3696 866 3751; x_wconf 84' lang='lat' dir='ltr'><strong>hominibus</strong></span> <span class='ocrx_word' id='word_1_424' title='bbox 928 3695 1289 3750; x_wconf 83' lang='lat' dir='ltr'><strong>admissurum</strong></span> <span class='ocrx_word' id='word_1_425' title='bbox 1319 3695 1568 3750; x_wconf 89' lang='lat' dir='ltr'><strong>conscios</strong></span> <span class='ocrx_word' id='word_1_426' title='bbox 1611 3710 1735 3750; x_wconf 89' lang='lat' dir='ltr'><strong>esse</strong></span> <span class='ocrx_word' id='word_1_427' title='bbox 1769 3712 1834 3750; x_wconf 88' lang='lat' dir='ltr'><strong>ac</strong></span> <span class='ocrx_word' id='word_1_428' title='bbox 1871 3710 2011 3760; x_wconf 90' lang='lat' dir='ltr'><strong>reos,</strong></span> 
     </span>
    </p>
   </div>
   <div class='ocr_carea' id='block_1_53' title="bbox 434 3787 2015 3858">
    <p class='ocr_par' dir='ltr' id='par_1_53' title="bbox 434 3787 2015 3858">
     <span class='ocr_line' id='line_1_53' title="bbox 434 3787 2015 3858; baseline -0.001 -16"><span class='ocrx_word' id='word_1_429' title='bbox 434 3799 830 3858; x_wconf 89' lang='lat' dir='ltr'><strong>proptereaque</strong></span> <span class='ocrx_word' id='word_1_430' title='bbox 853 3787 1027 3858; x_wconf 78' lang='lat' dir='ltr'><strong>pcenis</strong></span> <span class='ocrx_word' id='word_1_431' title='bbox 1073 3787 1348 3841; x_wconf 89' lang='lat' dir='ltr'><strong>addictum</strong></span> <span class='ocrx_word' id='word_1_432' title='bbox 1393 3787 1462 3842; x_wconf 88' lang='lat' dir='ltr'><strong>iri</strong></span> <span class='ocrx_word' id='word_1_433' title='bbox 1502 3787 1711 3842; x_wconf 81' lang='lat' dir='ltr'><strong>deﬁnit.</strong></span> <span class='ocrx_word' id='word_1_434' title='bbox 1781 3787 2015 3841; x_wconf 88' lang='lat' dir='ltr'><strong>lllnstris</strong></span> 
     </span>
    </p>
   </div>
   <div class='ocr_carea' id='block_1_54' title="bbox 433 3877 2011 3949">
    <p class='ocr_par' dir='ltr' id='par_1_54' title="bbox 433 3877 2011 3949">
     <span class='ocr_line' id='line_1_54' title="bbox 433 3877 2011 3949; baseline -0.003 -15"><span class='ocrx_word' id='word_1_435' title='bbox 433 3897 563 3934; x_wconf 91' lang='lat' dir='ltr'><strong>vero</strong></span> <span class='ocrx_word' id='word_1_436' title='bbox 591 3896 700 3949; x_wconf 67' lang='lat' dir='ltr'><strong>prce</strong></span> <span class='ocrx_word' id='word_1_437' title='bbox 729 3880 951 3948; x_wconf 89' lang='lat' dir='ltr'><strong>reliquis</strong></span> <span class='ocrx_word' id='word_1_438' title='bbox 977 3879 1129 3933; x_wconf 90' lang='lat' dir='ltr'><strong>locus</strong></span> <span class='ocrx_word' id='word_1_439' title='bbox 1165 3877 1253 3932; x_wconf 92' lang='lat' dir='ltr'><strong>ille</strong></span> <span class='ocrx_word' id='word_1_440' title='bbox 1276 3887 1359 3931; x_wconf 84' lang='lat' dir='ltr'><strong>est</strong></span> <span class='ocrx_word' id='word_1_441' title='bbox 1389 3893 1421 3932; x_wconf 92' lang='lat' dir='ltr'><strong>e</strong></span> <span class='ocrx_word' id='word_1_442' title='bbox 1450 3888 1580 3932; x_wconf 89' lang='lat' dir='ltr'><strong>tom.</strong></span> <span class='ocrx_word' id='word_1_443' title='bbox 1617 3893 1684 3932; x_wconf 83' lang='lat' dir='ltr'><strong>xv</strong></span> <span class='ocrx_word' id='word_1_444' title='bbox 1711 3881 1764 3932; x_wconf 80' lang='lat' dir='ltr'><strong>in</strong></span> <span class='ocrx_word' id='word_1_445' title='bbox 1796 3877 2011 3942; x_wconf 77' lang='lat' dir='ltr'><strong>Maltlr.,</strong></span> 
     </span>
    </p>
   </div>
   <div class='ocr_carea' id='block_1_55' title="bbox 436 3969 2013 4039">
    <p class='ocr_par' dir='ltr' id='par_1_55' title="bbox 436 3969 2013 4039">
     <span class='ocr_line' id='line_1_55' title="bbox 436 3969 2013 4039; baseline -0.002 -14"><span class='ocrx_word' id='word_1_446' title='bbox 436 3987 582 4025; x_wconf 91' lang='lat' dir='ltr'><strong>num.</strong></span> <span class='ocrx_word' id='word_1_447' title='bbox 609 3969 702 4034; x_wconf 70' lang='lat'><strong>27,</strong></span> <span class='ocrx_word' id='word_1_448' title='bbox 726 3971 811 4023; x_wconf 92' lang='lat' dir='ltr'><strong>nbi</strong></span> <span class='ocrx_word' id='word_1_449' title='bbox 839 3979 1124 4039; x_wconf 87' lang='lat' dir='ltr'><strong>postquam</strong></span> <span class='ocrx_word' id='word_1_450' title='bbox 1153 3969 1375 4039; x_wconf 82' lang='lat' dir='ltr'><strong>angelos</strong></span> <span class='ocrx_word' id='word_1_451' title='bbox 1417 3983 1523 4022; x_wconf 92' lang='lat' dir='ltr'><strong>non</strong></span> <span class='ocrx_word' id='word_1_452' title='bbox 1572 3970 1789 4023; x_wconf 89' lang='lat' dir='ltr'><strong>homine</strong></span> <span class='ocrx_word' id='word_1_453' title='bbox 1815 3970 2013 4029; x_wconf 85' lang='lat' dir='ltr'><strong>solum.</strong></span> 
     </span>
    </p>
   </div>
   <div class='ocr_carea' id='block_1_56' title="bbox 433 4061 2014 4131">
    <p class='ocr_par' dir='ltr' id='par_1_56' title="bbox 433 4061 2014 4131">
     <span class='ocr_line' id='line_1_56' title="bbox 433 4061 2014 4131; baseline -0.001 -14"><span class='ocrx_word' id='word_1_454' title='bbox 433 4062 526 4118; x_wconf 86' lang='lat' dir='ltr'><strong>sed</strong></span> <span class='ocrx_word' id='word_1_455' title='bbox 547 4072 602 4117; x_wconf 89' lang='lat' dir='ltr'><strong>et</strong></span> <span class='ocrx_word' id='word_1_456' title='bbox 631 4063 838 4131; x_wconf 89' lang='lat' dir='ltr'><strong>reliquo</strong></span> <span class='ocrx_word' id='word_1_457' title='bbox 865 4061 1046 4115; x_wconf 90' lang='lat' dir='ltr'><strong>mundi</strong></span> <span class='ocrx_word' id='word_1_458' title='bbox 1099 4061 1315 4131; x_wconf 79' lang='lat' dir='ltr'><strong>Opiﬁcio</strong></span> <span class='ocrx_word' id='word_1_459' title='bbox 1356 4061 1766 4130; x_wconf 61' lang='lat' dir='ltr'><strong>pratstantiores</strong></span> <span class='ocrx_word' id='word_1_460' title='bbox 1791 4071 1846 4116; x_wconf 91' lang='lat' dir='ltr'><strong>et</strong></span> <span class='ocrx_word' id='word_1_461' title='bbox 1871 4061 2014 4116; x_wconf 90' lang='lat' dir='ltr'><strong>anti-</strong></span> 
     </span>
    </p>
   </div>
   <div class='ocr_carea' id='block_1_57' title="bbox 433 4151 2014 4228">
    <p class='ocr_par' dir='ltr' id='par_1_57' title="bbox 433 4151 2014 4228">
     <span class='ocr_line' id='line_1_57' title="bbox 433 4151 2014 4228; baseline -0.002 -18"><span class='ocrx_word' id='word_1_462' title='bbox 433 4158 654 4228; x_wconf 82' lang='lat' dir='ltr'><strong>quiores</strong></span> <span class='ocrx_word' id='word_1_463' title='bbox 679 4171 799 4210; x_wconf 89' lang='lat' dir='ltr'><strong>esse</strong></span> <span class='ocrx_word' id='word_1_464' title='bbox 827 4154 1003 4208; x_wconf 79' lang='lat' dir='ltr'><strong>dixit:</strong></span> <span class='ocrx_word' id='word_1_465' title='bbox 1037 4155 1316 4226; x_wconf 81' lang='grc' dir='ltr'>Τὸλμησαι</span> <span class='ocrx_word' id='word_1_466' title='bbox 1339 4195 1354 4220; x_wconf 90' lang='grc'><strong>,</strong></span> <span class='ocrx_word' id='word_1_467' title='bbox 1393 4154 1587 4223; x_wconf 91' lang='lat' dir='ltr'><strong>inquit,</strong></span> <span class='ocrx_word' id='word_1_468' title='bbox 1633 4151 2014 4224; x_wconf 79' lang='grc' dir='ltr'>ἀποφήνασθαι</span> 
     </span>
    </p>
   </div>
   <div class='ocr_carea' id='block_1_58' title="bbox 433 4241 2012 4318">
    <p class='ocr_par' dir='ltr' id='par_1_58' title="bbox 433 4241 2012 4318">
     <span class='ocr_line' id='line_1_58' title="bbox 433 4241 2012 4318; baseline -0.003 -18"><span class='ocrx_word' id='word_1_469' title='bbox 433 4249 514 4301; x_wconf 86' lang='grc' dir='ltr'>ὅτι</span> <span class='ocrx_word' id='word_1_470' title='bbox 544 4247 727 4300; x_wconf 74' lang='grc' dir='ltr'>πολλοὶ</span> <span class='ocrx_word' id='word_1_471' title='bbox 757 4248 854 4318; x_wconf 85' lang='grc' dir='ltr'><strong>μὲν</strong></span> <span class='ocrx_word' id='word_1_472' title='bbox 885 4247 1152 4316; x_wconf 82' lang='grc' dir='ltr'>ἀγγέλων,</span> <span class='ocrx_word' id='word_1_473' title='bbox 1175 4246 1224 4299; x_wconf 81' lang='grc' dir='ltr'>οἳ</span> <span class='ocrx_word' id='word_1_474' title='bbox 1270 4245 1478 4317; x_wconf 86' lang='grc' dir='ltr'>πρῶτοι</span> <span class='ocrx_word' id='word_1_475' title='bbox 1522 4241 1661 4316; x_wconf 80' lang='grc' dir='ltr'>ἦσαν</span> <span class='ocrx_word' id='word_1_476' title='bbox 1711 4241 2012 4314; x_wconf 82' lang='grc' dir='ltr'>ἀνθρώπων</span> 
     </span>
    </p>
   </div>
   <div class='ocr_carea' id='block_1_59' title="bbox 435 4334 2013 4412">
    <p class='ocr_par' dir='ltr' id='par_1_59' title="bbox 435 4334 2013 4412">
     <span class='ocr_line' id='line_1_59' title="bbox 435 4334 2013 4412; baseline -0.003 -18"><span class='ocrx_word' id='word_1_477' title='bbox 435 4341 672 4394; x_wconf 75' lang='grc' dir='ltr'>γίνονταί</span> <span class='ocrx_word' id='word_1_478' title='bbox 698 4359 855 4394; x_wconf 88' lang='grc' dir='ltr'>τινων</span> <span class='ocrx_word' id='word_1_479' title='bbox 883 4340 1184 4412; x_wconf 82' lang='grc' dir='ltr'>ἀνθρώπων</span> <span class='ocrx_word' id='word_1_480' title='bbox 1214 4339 1431 4410; x_wconf 79' lang='grc' dir='ltr'>ἔσχατοι</span> <span class='ocrx_word' id='word_1_481' title='bbox 1462 4357 1474 4369; x_wconf 81' lang='grc'><em>’</em></span> <span class='ocrx_word' id='word_1_482' title='bbox 1508 4337 1692 4390; x_wconf 72' lang='grc' dir='ltr'>πολλοὶ</span> <span class='ocrx_word' id='word_1_483' title='bbox 1707 4337 1763 4390; x_wconf 87' lang='grc' dir='ltr'><strong>δὲ</strong></span> <span class='ocrx_word' id='word_1_484' title='bbox 1783 4337 1877 4390; x_wconf 76' lang='grc' dir='ltr'>καὶ</span> <span class='ocrx_word' id='word_1_485' title='bbox 1906 4334 2013 4390; x_wconf 85' lang='grc' dir='ltr'>τῶν</span> 
     </span>
    </p>
   </div>
   <div class='ocr_carea' id='block_1_60' title="bbox 433 4427 2014 4504">
    <p class='ocr_par' dir='ltr' id='par_1_60' title="bbox 433 4427 2014 4504">
     <span class='ocr_line' id='line_1_60' title="bbox 433 4427 2014 4504; baseline -0.004 -19"><span class='ocrx_word' id='word_1_486' title='bbox 433 4431 756 4504; x_wconf 85' lang='grc' dir='ltr'>ἀνθρώπων,</span> <span class='ocrx_word' id='word_1_487' title='bbox 782 4433 830 4484; x_wconf 84' lang='grc' dir='ltr'>οἳ</span> <span class='ocrx_word' id='word_1_488' title='bbox 862 4431 1079 4502; x_wconf 70' lang='grc' dir='ltr'>ἔσχατοι</span> <span class='ocrx_word' id='word_1_489' title='bbox 1106 4433 1173 4502; x_wconf 81' lang='grc' dir='ltr'>τῇ</span> <span class='ocrx_word' id='word_1_490' title='bbox 1199 4431 1358 4500; x_wconf 82' lang='grc' dir='ltr'>φύσει</span> <span class='ocrx_word' id='word_1_491' title='bbox 1379 4432 1704 4500; x_wconf 86' lang='grc' dir='ltr'>τυγχάνουσι</span> <span class='ocrx_word' id='word_1_492' title='bbox 1720 4427 1827 4480; x_wconf 83' lang='grc' dir='ltr'><strong>τῶν</strong></span> <span class='ocrx_word' id='word_1_493' title='bbox 1849 4427 2014 4497; x_wconf 80' lang='grc' dir='ltr'>ἀγγέ-</span> 
     </span>
    </p>
   </div>
   <div class='ocr_carea' id='block_1_61' title="bbox 2121 1940 3692 2017">
    <p class='ocr_par' dir='ltr' id='par_1_61' title="bbox 2121 1940 3692 2017">
     <span class='ocr_line' id='line_1_61' title="bbox 2121 1940 3692 2017; baseline 0.011 -25"><span class='ocrx_word' id='word_1_494' title='bbox 2121 1940 2213 2008; x_wconf 90' lang='lat' dir='ltr'><strong>qui</strong></span> <span class='ocrx_word' id='word_1_495' title='bbox 2247 1942 2464 1997; x_wconf 90' lang='lat' dir='ltr'><strong>virtutis</strong></span> <span class='ocrx_word' id='word_1_496' title='bbox 2496 1946 2813 2013; x_wconf 76' lang='lat' dir='ltr'><strong>capaciores</strong></span> <span class='ocrx_word' id='word_1_497' title='bbox 2865 1949 3000 2014; x_wconf 87' lang='lat' dir='ltr'><strong>sint,</strong></span> <span class='ocrx_word' id='word_1_498' title='bbox 3035 1964 3198 2017; x_wconf 86' lang='lat' dir='ltr'><strong>quam</strong></span> <span class='ocrx_word' id='word_1_499' title='bbox 3253 1949 3528 2016; x_wconf 85' lang='lat' dir='ltr'><strong>homines;</strong></span> <span class='ocrx_word' id='word_1_500' title='bbox 3567 1968 3692 2008; x_wconf 89' lang='lat' dir='ltr'><strong>cum</strong></span> 
     </span>
    </p>
   </div>
   <div class='ocr_carea' id='block_1_62' title="bbox 2119 2033 3695 2112">
    <p class='ocr_par' dir='ltr' id='par_1_62' title="bbox 2119 2033 3695 2112">
     <span class='ocr_line' id='line_1_62' title="bbox 2119 2033 3695 2112; baseline 0.01 -27"><span class='ocrx_word' id='word_1_501' title='bbox 2119 2033 2379 2102; x_wconf 89' lang='lat' dir='ltr'><strong>spiritalis</strong></span> <span class='ocrx_word' id='word_1_502' title='bbox 2435 2045 2647 2090; x_wconf 65' lang='lat' dir='ltr'><strong>natura:</strong></span> <span class='ocrx_word' id='word_1_503' title='bbox 2697 2038 2824 2105; x_wconf 85' lang='lat' dir='ltr'><strong>sint,</strong></span> <span class='ocrx_word' id='word_1_504' title='bbox 2861 2040 3105 2094; x_wconf 87' lang='lat' dir='ltr'><strong>homines</strong></span> <span class='ocrx_word' id='word_1_505' title='bbox 3135 2055 3263 2096; x_wconf 89' lang='lat' dir='ltr'><strong>vero</strong></span> <span class='ocrx_word' id='word_1_506' title='bbox 3304 2058 3578 2112; x_wconf 70' lang='lat' dir='ltr'><strong>corporeae</strong></span> <span class='ocrx_word' id='word_1_507' title='bbox 3638 2055 3695 2100; x_wconf 85' lang='lat' dir='ltr'><strong>et</strong></span> 
     </span>
    </p>
   </div>
   <div class='ocr_carea' id='block_1_63' title="bbox 2117 2125 3666 2204">
    <p class='ocr_par' dir='ltr' id='par_1_63' title="bbox 2117 2125 3666 2204">
     <span class='ocr_line' id='line_1_63' title="bbox 2117 2125 3666 2204; baseline 0.008 -26"><span class='ocrx_word' id='word_1_508' title='bbox 2117 2125 2423 2180; x_wconf 87' lang='lat' dir='ltr'><strong>crassioris.</strong></span> <span class='ocrx_word' id='word_1_509' title='bbox 2487 2127 2736 2197; x_wconf 88' lang='lat' dir='ltr'><strong>Inprimis</strong></span> <span class='ocrx_word' id='word_1_510' title='bbox 2767 2146 2896 2200; x_wconf 82' lang='lat' dir='ltr'><strong>vero</strong></span> <span class='ocrx_word' id='word_1_511' title='bbox 2949 2133 3148 2204; x_wconf 80' lang='lat' dir='ltr'><strong>perlegi</strong></span> <span class='ocrx_word' id='word_1_512' title='bbox 3197 2134 3357 2189; x_wconf 90' lang='lat' dir='ltr'><strong>velim</strong></span> <span class='ocrx_word' id='word_1_513' title='bbox 3397 2135 3546 2191; x_wconf 89' lang='lat' dir='ltr'><strong>locos</strong></span> <span class='ocrx_word' id='word_1_514' title='bbox 3569 2135 3666 2193; x_wconf 74' lang='grc' dir='ltr'><strong>Οιιὶ</strong></span> 
     </span>
    </p>
   </div>
   <div class='ocr_carea' id='block_1_64' title="bbox 2116 2216 3692 2296">
    <p class='ocr_par' dir='ltr' id='par_1_64' title="bbox 2116 2216 3692 2296">
     <span class='ocr_line' id='line_1_64' title="bbox 2116 2216 3692 2296; baseline 0.008 -28"><span class='ocrx_word' id='word_1_515' title='bbox 2116 2216 2270 2286; x_wconf 86' lang='lat' dir='ltr'><strong>genis</strong></span> <span class='ocrx_word' id='word_1_516' title='bbox 2303 2217 2371 2270; x_wconf 90' lang='lat' dir='ltr'><strong>ab</strong></span> <span class='ocrx_word' id='word_1_517' title='bbox 2403 2217 2732 2289; x_wconf 80' lang='lat' dir='ltr'><strong>Hieronymo</strong></span> <span class='ocrx_word' id='word_1_518' title='bbox 2760 2220 3103 2290; x_wconf 90' lang='lat' dir='ltr'><strong>depromptos</strong></span> <span class='ocrx_word' id='word_1_519' title='bbox 3128 2223 3288 2292; x_wconf 85' lang='lat' dir='ltr'><strong>epist.</strong></span> <span class='ocrx_word' id='word_1_520' title='bbox 3318 2223 3388 2280; x_wconf 85' lang='lat'><strong>59</strong></span> <span class='ocrx_word' id='word_1_521' title='bbox 3427 2226 3492 2280; x_wconf 92' lang='lat' dir='ltr'><strong>ad</strong></span> <span class='ocrx_word' id='word_1_522' title='bbox 3520 2227 3692 2296; x_wconf 85' lang='lat' dir='ltr'><strong>Avit.,</strong></span> 
     </span>
    </p>
   </div>
   <div class='ocr_carea' id='block_1_65' title="bbox 2114 2307 3693 2386">
    <p class='ocr_par' dir='ltr' id='par_1_65' title="bbox 2114 2307 3693 2386">
     <span class='ocr_line' id='line_1_65' title="bbox 2114 2307 3693 2386; baseline 0.008 -25"><span class='ocrx_word' id='word_1_523' title='bbox 2114 2321 2238 2375; x_wconf 87' lang='lat' dir='ltr'><strong>cap.</strong></span> <span class='ocrx_word' id='word_1_524' title='bbox 2275 2307 2328 2372; x_wconf 79' lang='grc'>1,</span> <span class='ocrx_word' id='word_1_525' title='bbox 2367 2309 2643 2378; x_wconf 89' lang='lat' dir='ltr'><strong>inquibus</strong></span> <span class='ocrx_word' id='word_1_526' title='bbox 2675 2313 2900 2366; x_wconf 89' lang='lat' dir='ltr'><strong>rationis</strong></span> <span class='ocrx_word' id='word_1_527' title='bbox 2923 2315 3210 2383; x_wconf 85' lang='lat' dir='ltr'><strong>participes</strong></span> <span class='ocrx_word' id='word_1_528' title='bbox 3237 2317 3693 2386; x_wconf 82' lang='lat' dir='ltr'><strong>naturasjumen-</strong></span> 
     </span>
    </p>
   </div>
   <div class='ocr_carea' id='block_1_66' title="bbox 2120 2401 3822 2477">
    <p class='ocr_par' dir='ltr' id='par_1_66' title="bbox 2120 2401 3822 2477">
     <span class='ocr_line' id='line_1_66' title="bbox 2120 2401 3822 2477; baseline 0.009 -26"><span class='ocrx_word' id='word_1_529' title='bbox 2120 2407 2294 2452; x_wconf 90' lang='lat' dir='ltr'><strong>torum</strong></span> <span class='ocrx_word' id='word_1_530' title='bbox 2335 2401 2657 2469; x_wconf 87' lang='lat' dir='ltr'><strong>corporibus</strong></span> <span class='ocrx_word' id='word_1_531' title='bbox 2690 2404 2935 2472; x_wconf 81' lang='lat' dir='ltr'><strong>colligari</strong></span> <span class='ocrx_word' id='word_1_532' title='bbox 2971 2416 3186 2474; x_wconf 84' lang='lat' dir='ltr'><strong>propter</strong></span> <span class='ocrx_word' id='word_1_533' title='bbox 3217 2408 3410 2462; x_wconf 86' lang='lat' dir='ltr'><strong>delicta</strong></span> <span class='ocrx_word' id='word_1_534' title='bbox 3459 2409 3691 2477; x_wconf 83' lang='lat' dir='ltr'><strong>asserit;</strong></span> <span class='ocrx_word' id='word_1_535' title='bbox 3790 2427 3822 2440; x_wconf 60' lang='grc' dir='ltr'><strong>ι’</strong></span> 
     </span>
    </p>
   </div>
   <div class='ocr_carea' id='block_1_67' title="bbox 2116 2488 3692 2567">
    <p class='ocr_par' dir='ltr' id='par_1_67' title="bbox 2116 2488 3692 2567">
     <span class='ocr_line' id='line_1_67' title="bbox 2116 2488 3692 2567; baseline 0.008 -25"><span class='ocrx_word' id='word_1_536' title='bbox 2116 2488 2438 2554; x_wconf 67' lang='lat' dir='ltr'><strong>dasrnonum,</strong></span> <span class='ocrx_word' id='word_1_537' title='bbox 2468 2492 2748 2547; x_wconf 91' lang='lat' dir='ltr'><strong>hominum</strong></span> <span class='ocrx_word' id='word_1_538' title='bbox 2805 2494 3227 2567; x_wconf 87' lang='lat' dir='ltr'><strong>angelorurnqne</strong></span> <span class='ocrx_word' id='word_1_539' title='bbox 3280 2510 3504 2554; x_wconf 88' lang='lat' dir='ltr'><strong>naturas</strong></span> <span class='ocrx_word' id='word_1_540' title='bbox 3529 2501 3692 2556; x_wconf 89' lang='lat' dir='ltr'><strong>simul</strong></span> 
     </span>
    </p>
   </div>
   <div class='ocr_carea' id='block_1_68' title="bbox 2115 2585 3691 2660">
    <p class='ocr_par' dir='ltr' id='par_1_68' title="bbox 2115 2585 3691 2660">
     <span class='ocr_line' id='line_1_68' title="bbox 2115 2585 3691 2660; baseline 0.009 -26"><span class='ocrx_word' id='word_1_541' title='bbox 2115 2585 2408 2652; x_wconf 89' lang='lat' dir='ltr'><strong>permutari</strong></span> <span class='ocrx_word' id='word_1_542' title='bbox 2447 2599 2510 2640; x_wconf 91' lang='lat' dir='ltr'><strong>ac</strong></span> <span class='ocrx_word' id='word_1_543' title='bbox 2535 2587 2849 2656; x_wconf 87' lang='lat' dir='ltr'><strong>permisceri</strong></span> <span class='ocrx_word' id='word_1_544' title='bbox 2876 2605 2892 2653; x_wconf 91' lang='lat'><strong>;</strong></span> <span class='ocrx_word' id='word_1_545' title='bbox 2926 2591 3164 2645; x_wconf 87' lang='lat' dir='ltr'><strong>siderum</strong></span> <span class='ocrx_word' id='word_1_546' title='bbox 3192 2593 3428 2660; x_wconf 89' lang='lat' dir='ltr'><strong>ipsorum</strong></span> <span class='ocrx_word' id='word_1_547' title='bbox 3460 2594 3691 2658; x_wconf 88' lang='lat' dir='ltr'><strong>aniruas,</strong></span> 
     </span>
    </p>
   </div>
   <div class='ocr_carea' id='block_1_69' title="bbox 2114 2674 3691 2750">
    <p class='ocr_par' dir='ltr' id='par_1_69' title="bbox 2114 2674 3691 2750">
     <span class='ocr_line' id='line_1_69' title="bbox 2114 2674 3691 2750; baseline 0.008 -24"><span class='ocrx_word' id='word_1_548' title='bbox 2114 2681 2300 2742; x_wconf 88' lang='lat' dir='ltr'><strong>utpote</strong></span> <span class='ocrx_word' id='word_1_549' title='bbox 2335 2674 2548 2730; x_wconf 87' lang='lat' dir='ltr'><strong>ratione</strong></span> <span class='ocrx_word' id='word_1_550' title='bbox 2585 2677 2866 2746; x_wconf 62' lang='lat' dir='ltr'><strong>praeditas,</strong></span> <span class='ocrx_word' id='word_1_551' title='bbox 2895 2680 2966 2734; x_wconf 92' lang='lat' dir='ltr'><strong>ob</strong></span> <span class='ocrx_word' id='word_1_552' title='bbox 3017 2691 3238 2750; x_wconf 88' lang='lat' dir='ltr'><strong>peccata</strong></span> <span class='ocrx_word' id='word_1_553' title='bbox 3271 2685 3354 2736; x_wconf 88' lang='lat' dir='ltr'><strong>his</strong></span> <span class='ocrx_word' id='word_1_554' title='bbox 3395 2683 3564 2739; x_wconf 78' lang='lat' dir='ltr'><strong>fuisse</strong></span> <span class='ocrx_word' id='word_1_555' title='bbox 3590 2685 3691 2738; x_wconf 87' lang='lat' dir='ltr'><strong>ad-</strong></span> 
     </span>
    </p>
   </div>
   <div class='ocr_carea' id='block_1_70' title="bbox 2111 2762 3689 2844">
    <p class='ocr_par' dir='ltr' id='par_1_70' title="bbox 2111 2762 3689 2844">
     <span class='ocr_line' id='line_1_70' title="bbox 2111 2762 3689 2844; baseline 0.01 -29"><span class='ocrx_word' id='word_1_556' title='bbox 2111 2762 2323 2832; x_wconf 79' lang='lat' dir='ltr'><strong>iunctas</strong></span> <span class='ocrx_word' id='word_1_557' title='bbox 2352 2769 2695 2836; x_wconf 89' lang='lat' dir='ltr'><strong>corporibus,</strong></span> <span class='ocrx_word' id='word_1_558' title='bbox 2728 2785 2850 2840; x_wconf 79' lang='lat' dir='ltr'><strong>qua:</strong></span> <span class='ocrx_word' id='word_1_559' title='bbox 2874 2771 2952 2824; x_wconf 89' lang='lat' dir='ltr'><strong>vel</strong></span> <span class='ocrx_word' id='word_1_560' title='bbox 2978 2772 3122 2841; x_wconf 86' lang='lat' dir='ltr'><strong>plus,</strong></span> <span class='ocrx_word' id='word_1_561' title='bbox 3141 2773 3223 2828; x_wconf 86' lang='lat' dir='ltr'><strong>vel</strong></span> <span class='ocrx_word' id='word_1_562' title='bbox 3249 2775 3427 2830; x_wconf 90' lang='lat' dir='ltr'><strong>minus</strong></span> <span class='ocrx_word' id='word_1_563' title='bbox 3454 2777 3689 2844; x_wconf 88' lang='lat' dir='ltr'><strong>luceant,</strong></span> 
     </span>
    </p>
   </div>
   <div class='ocr_carea' id='block_1_71' title="bbox 2115 2859 3153 2931">
    <p class='ocr_par' dir='ltr' id='par_1_71' title="bbox 2115 2859 3153 2931">
     <span class='ocr_line' id='line_1_71' title="bbox 2115 2859 3153 2931; baseline 0.01 -23"><span class='ocrx_word' id='word_1_564' title='bbox 2115 2866 2272 2925; x_wconf 91' lang='lat' dir='ltr'><strong>prout</strong></span> <span class='ocrx_word' id='word_1_565' title='bbox 2307 2866 2452 2913; x_wconf 90' lang='lat' dir='ltr'><strong>recte</strong></span> <span class='ocrx_word' id='word_1_566' title='bbox 2479 2859 2561 2914; x_wconf 90' lang='lat' dir='ltr'><strong>vel</strong></span> <span class='ocrx_word' id='word_1_567' title='bbox 2590 2861 2732 2915; x_wconf 89' lang='lat' dir='ltr'><strong>male</strong></span> <span class='ocrx_word' id='word_1_568' title='bbox 2761 2877 2819 2915; x_wconf 90' lang='lat' dir='ltr'><strong>se</strong></span> <span class='ocrx_word' id='word_1_569' title='bbox 2849 2875 3153 2931; x_wconf 81' lang='lat' dir='ltr'><strong>gesserunt.</strong></span> 
     </span>
    </p>
   </div>
   <div class='ocr_carea' id='block_1_72' title="bbox 2188 2949 3690 3030">
    <p class='ocr_par' dir='ltr' id='par_1_72' title="bbox 2188 2949 3690 3030">
     <span class='ocr_line' id='line_1_72' title="bbox 2188 2949 3690 3030; baseline 0.009 -27"><span class='ocrx_word' id='word_1_570' title='bbox 2188 2949 2340 3016; x_wconf 87' lang='lat' dir='ltr'><strong>Quod</strong></span> <span class='ocrx_word' id='word_1_571' title='bbox 2375 2961 2554 3007; x_wconf 90' lang='lat' dir='ltr'><strong>autem</strong></span> <span class='ocrx_word' id='word_1_572' title='bbox 2574 2955 2765 3009; x_wconf 90' lang='lat' dir='ltr'><strong>scribit</strong></span> <span class='ocrx_word' id='word_1_573' title='bbox 2791 2955 3127 3026; x_wconf 87' lang='lat' dir='ltr'><strong>Epiphanius</strong></span> <span class='ocrx_word' id='word_1_574' title='bbox 3151 2959 3203 3013; x_wconf 90' lang='lat' dir='ltr'><strong>in</strong></span> <span class='ocrx_word' id='word_1_575' title='bbox 3237 2961 3458 3030; x_wconf 81' lang='lat' dir='ltr'><strong>synopsi</strong></span> <span class='ocrx_word' id='word_1_576' title='bbox 3491 2962 3619 3016; x_wconf 91' lang='lat' dir='ltr'><strong>tomi</strong></span> <span class='ocrx_word' id='word_1_577' title='bbox 3648 2961 3690 3025; x_wconf 89' lang='lat' dir='ltr'><strong>l,</strong></span> 
     </span>
    </p>
   </div>
   <div class='ocr_carea' id='block_1_73' title="bbox 2116 3040 3694 3119">
    <p class='ocr_par' dir='ltr' id='par_1_73' title="bbox 2116 3040 3694 3119">
     <span class='ocr_line' id='line_1_73' title="bbox 2116 3040 3694 3119; baseline 0.008 -24"><span class='ocrx_word' id='word_1_578' title='bbox 2116 3040 2214 3096; x_wconf 90' lang='lat' dir='ltr'><strong>lib.</strong></span> <span class='ocrx_word' id='word_1_579' title='bbox 2257 3057 2317 3109; x_wconf 83' lang='grc' dir='ltr'>ιι,</span> <span class='ocrx_word' id='word_1_580' title='bbox 2351 3059 2473 3114; x_wconf 85' lang='lat' dir='ltr'><strong>cap.</strong></span> <span class='ocrx_word' id='word_1_581' title='bbox 2507 3043 2599 3110; x_wconf 79' lang='grc'><strong>18,</strong></span> <span class='ocrx_word' id='word_1_582' title='bbox 2642 3046 2895 3102; x_wconf 88' lang='lat' dir='ltr'><strong>docuisse</strong></span> <span class='ocrx_word' id='word_1_583' title='bbox 2947 3047 3234 3119; x_wconf 88' lang='lat' dir='ltr'><strong>Origenem</strong></span> <span class='ocrx_word' id='word_1_584' title='bbox 3277 3053 3546 3109; x_wconf 83' lang='lat' dir='ltr'><strong>desituros</strong></span> <span class='ocrx_word' id='word_1_585' title='bbox 3593 3053 3694 3109; x_wconf 83' lang='lat' dir='ltr'><strong>ali-</strong></span> 
     </span>
    </p>
   </div>
   <div class='ocr_carea' id='block_1_74' title="bbox 2116 3135 3692 3210">
    <p class='ocr_par' dir='ltr' id='par_1_74' title="bbox 2116 3135 3692 3210">
     <span class='ocr_line' id='line_1_74' title="bbox 2116 3135 3692 3210; baseline 0.008 -23"><span class='ocrx_word' id='word_1_586' title='bbox 2116 3135 2337 3204; x_wconf 66' lang='lat' dir='ltr'><strong>quando</strong></span> <span class='ocrx_word' id='word_1_587' title='bbox 2390 3137 2634 3208; x_wconf 88' lang='lat' dir='ltr'><strong>angelos,</strong></span> <span class='ocrx_word' id='word_1_588' title='bbox 2701 3139 2781 3195; x_wconf 88' lang='lat' dir='ltr'><strong>sic</strong></span> <span class='ocrx_word' id='word_1_589' title='bbox 2845 3141 3254 3210; x_wconf 82' lang='lat' dir='ltr'><strong>intelligendum</strong></span> <span class='ocrx_word' id='word_1_590' title='bbox 3305 3154 3412 3208; x_wconf 85' lang='lat' dir='ltr'><strong>est,</strong></span> <span class='ocrx_word' id='word_1_591' title='bbox 3455 3143 3692 3200; x_wconf 79' lang='lat' dir='ltr'><strong>futuram</strong></span> 
     </span>
    </p>
   </div>
   <div class='ocr_carea' id='block_1_75' title="bbox 2114 3225 3692 3291">
    <p class='ocr_par' dir='ltr' id='par_1_75' title="bbox 2114 3225 3692 3291">
     <span class='ocr_line' id='line_1_75' title="bbox 2114 3225 3692 3291; baseline 0.007 -11"><span class='ocrx_word' id='word_1_592' title='bbox 2114 3225 2242 3280; x_wconf 90' lang='lat' dir='ltr'><strong>olim</strong></span> <span class='ocrx_word' id='word_1_593' title='bbox 2275 3241 2458 3281; x_wconf 91' lang='lat' dir='ltr'><strong>rerum</strong></span> <span class='ocrx_word' id='word_1_594' title='bbox 2487 3229 2728 3283; x_wconf 89' lang='lat' dir='ltr'><strong>omniurn</strong></span> <span class='ocrx_word' id='word_1_595' title='bbox 2756 3233 3164 3287; x_wconf 78' lang='lat' dir='ltr'><strong>conversionem</strong></span> <span class='ocrx_word' id='word_1_596' title='bbox 3197 3241 3252 3288; x_wconf 91' lang='lat' dir='ltr'><strong>et</strong></span> <span class='ocrx_word' id='word_1_597' title='bbox 3299 3234 3692 3291; x_wconf 82' lang='grc' dir='ltr'>ἀποκατάστα-</span> 
     </span>
    </p>
   </div>
   <div class='ocr_carea' id='block_1_76' title="bbox 2118 3318 3696 3398">
    <p class='ocr_par' dir='ltr' id='par_1_76' title="bbox 2118 3318 3696 3398">
     <span class='ocr_line' id='line_1_76' title="bbox 2118 3318 3696 3398; baseline 0.008 -27"><span class='ocrx_word' id='word_1_598' title='bbox 2118 3334 2226 3382; x_wconf 87' lang='grc' dir='ltr'>σιν,</span> <span class='ocrx_word' id='word_1_599' title='bbox 2253 3318 2604 3389; x_wconf 83' lang='lat' dir='ltr'><strong>redituraque</strong></span> <span class='ocrx_word' id='word_1_600' title='bbox 2629 3319 2694 3374; x_wconf 88' lang='lat' dir='ltr'><strong>ad</strong></span> <span class='ocrx_word' id='word_1_601' title='bbox 2719 3322 3007 3389; x_wconf 87' lang='lat' dir='ltr'><strong>pristinum</strong></span> <span class='ocrx_word' id='word_1_602' title='bbox 3064 3334 3263 3379; x_wconf 87' lang='lat' dir='ltr'><strong>statum</strong></span> <span class='ocrx_word' id='word_1_603' title='bbox 3296 3326 3501 3393; x_wconf 86' lang='lat' dir='ltr'><strong>omnia,</strong></span> <span class='ocrx_word' id='word_1_604' title='bbox 3531 3337 3696 3398; x_wconf 86' lang='lat' dir='ltr'><strong>ange-</strong></span> 
     </span>
    </p>
   </div>
   <div class='ocr_carea' id='block_1_77' title="bbox 2115 3405 3696 3487">
    <p class='ocr_par' dir='ltr' id='par_1_77' title="bbox 2115 3405 3696 3487">
     <span class='ocr_line' id='line_1_77' title="bbox 2115 3405 3696 3487; baseline 0.006 -26"><span class='ocrx_word' id='word_1_605' title='bbox 2115 3405 2308 3478; x_wconf 88' lang='lat' dir='ltr'><strong>losque</strong></span> <span class='ocrx_word' id='word_1_606' title='bbox 2349 3411 2484 3463; x_wconf 92' lang='lat' dir='ltr'><strong>adeo</strong></span> <span class='ocrx_word' id='word_1_607' title='bbox 2516 3424 2581 3465; x_wconf 90' lang='lat' dir='ltr'><strong>ac</strong></span> <span class='ocrx_word' id='word_1_608' title='bbox 2630 3411 2905 3465; x_wconf 68' lang='lat' dir='ltr'><strong>dmmones</strong></span> <span class='ocrx_word' id='word_1_609' title='bbox 2951 3413 3142 3468; x_wconf 88' lang='lat' dir='ltr'><strong>eodem</strong></span> <span class='ocrx_word' id='word_1_610' title='bbox 3185 3414 3396 3472; x_wconf 81' lang='lat' dir='ltr'><strong>futuros</strong></span> <span class='ocrx_word' id='word_1_611' title='bbox 3450 3416 3568 3473; x_wconf 92' lang='lat' dir='ltr'><strong>loco</strong></span> <span class='ocrx_word' id='word_1_612' title='bbox 3586 3432 3696 3487; x_wconf 89' lang='lat' dir='ltr'><strong>quo</strong></span> 
     </span>
    </p>
   </div>
   <div class='ocr_carea' id='block_1_78' title="bbox 2114 3498 3697 3578">
    <p class='ocr_par' dir='ltr' id='par_1_78' title="bbox 2114 3498 3697 3578">
     <span class='ocr_line' id='line_1_78' title="bbox 2114 3498 3697 3578; baseline 0.008 -25"><span class='ocrx_word' id='word_1_613' title='bbox 2114 3498 2363 3565; x_wconf 82' lang='lat' dir='ltr'><strong>fuerunt,</strong></span> <span class='ocrx_word' id='word_1_614' title='bbox 2393 3511 2686 3571; x_wconf 88' lang='lat' dir='ltr'><strong>antequam</strong></span> <span class='ocrx_word' id='word_1_615' title='bbox 2725 3503 3020 3559; x_wconf 84' lang='lat' dir='ltr'><strong>virtutibus</strong></span> <span class='ocrx_word' id='word_1_616' title='bbox 3057 3506 3172 3561; x_wconf 87' lang='lat' dir='ltr'><strong>suis</strong></span> <span class='ocrx_word' id='word_1_617' title='bbox 3212 3507 3294 3561; x_wconf 88' lang='lat' dir='ltr'><strong>vel</strong></span> <span class='ocrx_word' id='word_1_618' title='bbox 3326 3510 3567 3578; x_wconf 86' lang='lat' dir='ltr'><strong>peccatis</strong></span> <span class='ocrx_word' id='word_1_619' title='bbox 3628 3511 3697 3565; x_wconf 88' lang='lat' dir='ltr'><strong>ad</strong></span> 
     </span>
    </p>
   </div>
   <div class='ocr_carea' id='block_1_79' title="bbox 2117 3590 3700 3668">
    <p class='ocr_par' dir='ltr' id='par_1_79' title="bbox 2117 3590 3700 3668">
     <span class='ocr_line' id='line_1_79' title="bbox 2117 3590 3700 3668; baseline 0.008 -25"><span class='ocrx_word' id='word_1_620' title='bbox 2117 3590 2452 3660; x_wconf 87' lang='lat' dir='ltr'><strong>angelorum,</strong></span> <span class='ocrx_word' id='word_1_621' title='bbox 2503 3592 2878 3649; x_wconf 69' lang='lat' dir='ltr'><strong>daemonumve</strong></span> <span class='ocrx_word' id='word_1_622' title='bbox 2923 3605 3174 3650; x_wconf 89' lang='lat' dir='ltr'><strong>naturam</strong></span> <span class='ocrx_word' id='word_1_623' title='bbox 3211 3597 3428 3668; x_wconf 86' lang='lat' dir='ltr'><strong>adjnngi</strong></span> <span class='ocrx_word' id='word_1_624' title='bbox 3466 3600 3700 3656; x_wconf 87' lang='lat' dir='ltr'><strong>meruis-</strong></span> 
     </span>
    </p>
   </div>
   <div class='ocr_carea' id='block_1_80' title="bbox 2115 3679 3700 3760">
    <p class='ocr_par' dir='ltr' id='par_1_80' title="bbox 2115 3679 3700 3760">
     <span class='ocr_line' id='line_1_80' title="bbox 2115 3679 3700 3760; baseline 0.006 -24"><span class='ocrx_word' id='word_1_625' title='bbox 2115 3689 2259 3736; x_wconf 77' lang='lat' dir='ltr'><strong>sent.</strong></span> <span class='ocrx_word' id='word_1_626' title='bbox 2291 3679 2460 3736; x_wconf 86' lang='lat' dir='ltr'><strong>Recte</strong></span> <span class='ocrx_word' id='word_1_627' title='bbox 2485 3683 2536 3736; x_wconf 91' lang='lat' dir='ltr'><strong>id</strong></span> <span class='ocrx_word' id='word_1_628' title='bbox 2561 3682 2713 3751; x_wconf 82' lang='lat' dir='ltr'><strong>juxta</strong></span> <span class='ocrx_word' id='word_1_629' title='bbox 2745 3684 3000 3756; x_wconf 80' lang='lat' dir='ltr'><strong>Origenis</strong></span> <span class='ocrx_word' id='word_1_630' title='bbox 3019 3688 3341 3742; x_wconf 85' lang='lat' dir='ltr'><strong>sententiam</strong></span> <span class='ocrx_word' id='word_1_631' title='bbox 3366 3689 3588 3760; x_wconf 80' lang='lat' dir='ltr'><strong>exponit</strong></span> <span class='ocrx_word' id='word_1_632' title='bbox 3609 3689 3700 3746; x_wconf 80' lang='lat' dir='ltr'><strong>Ju-</strong></span> 
     </span>
    </p>
   </div>
   <div class='ocr_carea' id='block_1_81' title="bbox 2116 3772 3695 3852">
    <p class='ocr_par' dir='ltr' id='par_1_81' title="bbox 2116 3772 3695 3852">
     <span class='ocr_line' id='line_1_81' title="bbox 2116 3772 3695 3852; baseline 0.007 -26"><span class='ocrx_word' id='word_1_633' title='bbox 2116 3772 2387 3827; x_wconf 88' lang='lat' dir='ltr'><strong>stinianus</strong></span> <span class='ocrx_word' id='word_1_634' title='bbox 2445 3773 2497 3827; x_wconf 90' lang='lat' dir='ltr'><strong>in</strong></span> <span class='ocrx_word' id='word_1_635' title='bbox 2547 3775 2775 3844; x_wconf 89' lang='lat' dir='ltr'><strong>epistola</strong></span> <span class='ocrx_word' id='word_1_636' title='bbox 2806 3777 2874 3831; x_wconf 87' lang='lat' dir='ltr'><strong>ad</strong></span> <span class='ocrx_word' id='word_1_637' title='bbox 2905 3776 3153 3847; x_wconf 87' lang='lat' dir='ltr'><strong>quintam</strong></span> <span class='ocrx_word' id='word_1_638' title='bbox 3193 3779 3485 3849; x_wconf 85' lang='lat' dir='ltr'><strong>synodum,</strong></span> <span class='ocrx_word' id='word_1_639' title='bbox 3533 3795 3695 3852; x_wconf 87' lang='lat' dir='ltr'><strong>quam</strong></span> 
     </span>
    </p>
   </div>
   <div class='ocr_carea' id='block_1_82' title="bbox 2118 3857 2630 3916">
    <p class='ocr_par' dir='ltr' id='par_1_82' title="bbox 2118 3857 2630 3916">
     <span class='ocr_line' id='line_1_82' title="bbox 2118 3857 2630 3916; baseline 0.01 -5"><span class='ocrx_word' id='word_1_640' title='bbox 2118 3861 2314 3912; x_wconf 88' lang='lat' dir='ltr'><strong>recitat</strong></span> <span class='ocrx_word' id='word_1_641' title='bbox 2333 3857 2630 3916; x_wconf 89' lang='lat' dir='ltr'><strong>Cedrenus.</strong></span> 
     </span>
    </p>
   </div>
   <div class='ocr_carea' id='block_1_83' title="bbox 2193 3969 3697 4047">
    <p class='ocr_par' dir='ltr' id='par_1_83' title="bbox 2193 3969 3697 4047">
     <span class='ocr_line' id='line_1_83' title="bbox 2193 3969 3697 4047; baseline 0.013 -23"><span class='ocrx_word' id='word_1_642' title='bbox 2193 3969 2312 4025; x_wconf 76' lang='lat' dir='ltr'><strong>XV.</strong></span> <span class='ocrx_word' id='word_1_643' title='bbox 2351 3970 2755 4040; x_wconf 87' lang='lat' dir='ltr'><strong>Verumtamen,</strong></span> <span class='ocrx_word' id='word_1_644' title='bbox 2783 3977 3091 4047; x_wconf 89' lang='lat' dir='ltr'><strong>perspicuis</strong></span> <span class='ocrx_word' id='word_1_645' title='bbox 3129 3978 3256 4035; x_wconf 88' lang='lat' dir='ltr'><strong>licet</strong></span> <span class='ocrx_word' id='word_1_646' title='bbox 3301 3990 3356 4036; x_wconf 91' lang='lat' dir='ltr'><strong>et</strong></span> <span class='ocrx_word' id='word_1_647' title='bbox 3393 3981 3697 4043; x_wconf 87' lang='lat' dir='ltr'><strong>illustribus</strong></span> 
     </span>
    </p>
   </div>
   <div class='ocr_carea' id='block_1_84' title="bbox 2117 4053 3697 4146">
    <p class='ocr_par' dir='ltr' id='par_1_84' title="bbox 2117 4053 3697 4146">
     <span class='ocr_line' id='line_1_84' title="bbox 2117 4053 3697 4146; baseline 0.012 -31"><span class='ocrx_word' id='word_1_648' title='bbox 2117 4063 2444 4120; x_wconf 87' lang='lat' dir='ltr'><strong>testimoniis</strong></span> <span class='ocrx_word' id='word_1_649' title='bbox 2488 4053 2842 4122; x_wconf 78' lang='lat' dir='ltr'><strong>deliramenta</strong></span> <span class='ocrx_word' id='word_1_650' title='bbox 2864 4069 3128 4139; x_wconf 87' lang='lat' dir='ltr'><strong>ejusmodi</strong></span> <span class='ocrx_word' id='word_1_651' title='bbox 3152 4073 3511 4132; x_wconf 84' lang='lat' dir='ltr'><strong>Adamantius</strong></span> <span class='ocrx_word' id='word_1_652' title='bbox 3551 4092 3697 4146; x_wconf 59' lang='lat' dir='ltr'><strong>saepe</strong></span> 
     </span>
    </p>
   </div>
   <div class='ocr_carea' id='block_1_85' title="bbox 2116 4152 3696 4236">
    <p class='ocr_par' dir='ltr' id='par_1_85' title="bbox 2116 4152 3696 4236">
     <span class='ocr_line' id='line_1_85' title="bbox 2116 4152 3696 4236; baseline 0.013 -31"><span class='ocrx_word' id='word_1_653' title='bbox 2116 4152 2436 4220; x_wconf 90' lang='lat' dir='ltr'><strong>prodiderit,</strong></span> <span class='ocrx_word' id='word_1_654' title='bbox 2470 4156 2764 4228; x_wconf 88' lang='lat' dir='ltr'><strong>aliquando</strong></span> <span class='ocrx_word' id='word_1_655' title='bbox 2791 4168 2988 4227; x_wconf 89' lang='lat' dir='ltr'><strong>tamen,</strong></span> <span class='ocrx_word' id='word_1_656' title='bbox 3025 4163 3178 4231; x_wconf 89' lang='lat' dir='ltr'><strong>quasi</strong></span> <span class='ocrx_word' id='word_1_657' title='bbox 3221 4162 3499 4236; x_wconf 73' lang='lat' dir='ltr'><strong>Penelopa:</strong></span> <span class='ocrx_word' id='word_1_658' title='bbox 3533 4168 3696 4225; x_wconf 85' lang='lat' dir='ltr'><strong>telam</strong></span> 
     </span>
    </p>
   </div>
   <div class='ocr_carea' id='block_1_86' title="bbox 2117 4250 3689 4332">
    <p class='ocr_par' dir='ltr' id='par_1_86' title="bbox 2117 4250 3689 4332">
     <span class='ocr_line' id='line_1_86' title="bbox 2117 4250 3689 4332; baseline 0.013 -36"><span class='ocrx_word' id='word_1_659' title='bbox 2117 4250 2393 4310; x_wconf 74' lang='lat' dir='ltr'><strong>retexens,</strong></span> <span class='ocrx_word' id='word_1_660' title='bbox 2422 4250 2606 4315; x_wconf 86' lang='lat' dir='ltr'><strong>priora</strong></span> <span class='ocrx_word' id='word_1_661' title='bbox 2649 4250 2864 4306; x_wconf 88' lang='lat' dir='ltr'><strong>videtur</strong></span> <span class='ocrx_word' id='word_1_662' title='bbox 2905 4261 3222 4310; x_wconf 86' lang='lat' dir='ltr'><strong>retractare.</strong></span> <span class='ocrx_word' id='word_1_663' title='bbox 3257 4275 3274 4308; x_wconf 83' lang='grc' dir='ltr'>ι</span> <span class='ocrx_word' id='word_1_664' title='bbox 3319 4258 3448 4313; x_wconf 87' lang='lat' dir='ltr'><strong>Vide</strong></span> <span class='ocrx_word' id='word_1_665' title='bbox 3476 4275 3627 4332; x_wconf 87' lang='lat' dir='ltr'><strong>ergo,</strong></span> <span class='ocrx_word' id='word_1_666' title='bbox 3668 4281 3689 4317; x_wconf 80' lang='grc' dir='ltr'>ι</span> 
     </span>
    </p>
   </div>
   <div class='ocr_carea' id='block_1_87' title="bbox 2119 4333 3695 4416">
    <p class='ocr_par' dir='ltr' id='par_1_87' title="bbox 2119 4333 3695 4416">
     <span class='ocr_line' id='line_1_87' title="bbox 2119 4333 3695 4416; baseline 0.015 -29"><span class='ocrx_word' id='word_1_667' title='bbox 2119 4333 2296 4403; x_wconf 92' lang='lat' dir='ltr'><strong>inquit</strong></span> <span class='ocrx_word' id='word_1_668' title='bbox 2328 4335 2518 4395; x_wconf 89' lang='lat' dir='ltr'><strong>homil.</strong></span> <span class='ocrx_word' id='word_1_669' title='bbox 2549 4339 2585 4392; x_wconf 63' lang='grc' dir='ltr'><strong>ἓ</strong></span> <span class='ocrx_word' id='word_1_670' title='bbox 2612 4341 2664 4395; x_wconf 85' lang='lat' dir='ltr'><strong>in</strong></span> <span class='ocrx_word' id='word_1_671' title='bbox 2689 4342 2878 4407; x_wconf 82' lang='lat' dir='ltr'><strong>Levit.,</strong></span> <span class='ocrx_word' id='word_1_672' title='bbox 2908 4361 3057 4399; x_wconf 87' lang='lat' dir='ltr'><strong>rmru.</strong></span> <span class='ocrx_word' id='word_1_673' title='bbox 3097 4347 3152 4411; x_wconf 77' lang='grc'>5,</span> <span class='ocrx_word' id='word_1_674' title='bbox 3197 4367 3215 4400; x_wconf 78' lang='grc' dir='ltr'>ι</span> <span class='ocrx_word' id='word_1_675' title='bbox 3253 4363 3319 4404; x_wconf 92' lang='lat' dir='ltr'><strong>ne</strong></span> <span class='ocrx_word' id='word_1_676' title='bbox 3346 4349 3485 4406; x_wconf 81' lang='lat' dir='ltr'><strong>forte</strong></span> <span class='ocrx_word' id='word_1_677' title='bbox 3515 4351 3695 4416; x_wconf 77' lang='lat' dir='ltr'><strong>Jesus.</strong></span> 
     </span>
    </p>
   </div>
   <div class='ocr_carea' id='block_1_88' title="bbox 2117 4426 3696 4516">
    <p class='ocr_par' dir='ltr' id='par_1_88' title="bbox 2117 4426 3696 4516">
     <span class='ocr_line' id='line_1_88' title="bbox 2117 4426 3696 4516; baseline 0.014 -37"><span class='ocrx_word' id='word_1_678' title='bbox 2117 4441 2278 4496; x_wconf 90' lang='lat' dir='ltr'><strong>quem</strong></span> <span class='ocrx_word' id='word_1_679' title='bbox 2329 4426 2528 4486; x_wconf 88' lang='lat' dir='ltr'><strong>Paulus</strong></span> <span class='ocrx_word' id='word_1_680' title='bbox 2551 4432 2598 4464; x_wconf 80' lang='lat'>“</span> <span class='ocrx_word' id='word_1_681' title='bbox 2655 4435 2790 4491; x_wconf 89' lang='lat' dir='ltr'><strong>dicit</strong></span> <span class='ocrx_word' id='word_1_682' title='bbox 2847 4438 3168 4508; x_wconf 82' lang='lat' dir='ltr'><strong>paciﬁcasse</strong></span> <span class='ocrx_word' id='word_1_683' title='bbox 3225 4458 3319 4511; x_wconf 89' lang='lat' dir='ltr'><strong>per</strong></span> <span class='ocrx_word' id='word_1_684' title='bbox 3378 4445 3696 4516; x_wconf 88' lang='lat' dir='ltr'><strong>sanguinem</strong></span> 
     </span>
    </p>
   </div>
   <div class='ocr_carea' id='block_1_89' title="bbox 433 4518 2014 4602">
    <p class='ocr_par' dir='ltr' id='par_1_89' title="bbox 433 4518 2010 4592">
     <span class='ocr_line' id='line_1_89' title="bbox 433 4518 2010 4592; baseline -0.003 -17"><span class='ocrx_word' id='word_1_685' title='bbox 433 4520 560 4585; x_wconf 86' lang='grc' dir='ltr'>λων,</span> <span class='ocrx_word' id='word_1_686' title='bbox 581 4521 820 4590; x_wconf 76' lang='grc' dir='ltr'>γίνονται</span> <span class='ocrx_word' id='word_1_687' title='bbox 852 4521 940 4576; x_wconf 77' lang='grc' dir='ltr'>διὰ</span> <span class='ocrx_word' id='word_1_688' title='bbox 968 4520 1059 4574; x_wconf 84' lang='grc' dir='ltr'><strong>τὸν</strong></span> <span class='ocrx_word' id='word_1_689' title='bbox 1093 4521 1236 4592; x_wconf 84' lang='grc' dir='ltr'>βίον,</span> <span class='ocrx_word' id='word_1_690' title='bbox 1270 4521 1476 4574; x_wconf 74' lang='grc' dir='ltr'>καὶτὸν</span> <span class='ocrx_word' id='word_1_691' title='bbox 1520 4519 1613 4572; x_wconf 84' lang='grc' dir='ltr'>τοῦ</span> <span class='ocrx_word' id='word_1_692' title='bbox 1667 4518 1803 4572; x_wconf 79' lang='grc' dir='ltr'><strong>Θεοῦ</strong></span> <span class='ocrx_word' id='word_1_693' title='bbox 1832 4518 2010 4587; x_wconf 87' lang='grc' dir='ltr'>λόγον,</span> 
     </span>
    </p>
   </div>
   <div class='ocr_carea' id='block_1_90' title="bbox 2119 4518 3700 4602">
    <p class='ocr_par' dir='ltr' id='par_1_90' title="bbox 2119 4521 3700 4602">
     <span class='ocr_line' id='line_1_90' title="bbox 2119 4521 3700 4602; baseline 0.014 -31"><span class='ocrx_word' id='word_1_694' title='bbox 2119 4530 2298 4582; x_wconf 89' lang='lat' dir='ltr'><strong>suum,</strong></span> <span class='ocrx_word' id='word_1_695' title='bbox 2323 4525 2432 4573; x_wconf 86' lang='lat' dir='ltr'><strong>non‘</strong></span> <span class='ocrx_word' id='word_1_696' title='bbox 2461 4521 2636 4577; x_wconf 87' lang='lat' dir='ltr'><strong>solum</strong></span> <span class='ocrx_word' id='word_1_697' title='bbox 2662 4539 2781 4594; x_wconf 74' lang='lat' dir='ltr'><strong>qua:</strong></span> <span class='ocrx_word' id='word_1_698' title='bbox 2831 4528 2884 4582; x_wconf 92' lang='lat' dir='ltr'><strong>in</strong></span> <span class='ocrx_word' id='word_1_699' title='bbox 2921 4529 3102 4596; x_wconf 88' lang='lat' dir='ltr'><strong>terris,</strong></span> <span class='ocrx_word' id='word_1_700' title='bbox 3132 4534 3227 4586; x_wconf 90' lang='lat' dir='ltr'><strong>sed</strong></span> <span class='ocrx_word' id='word_1_701' title='bbox 3272 4542 3325 4586; x_wconf 90' lang='lat' dir='ltr'><strong>et</strong></span> <span class='ocrx_word' id='word_1_702' title='bbox 3354 4549 3474 4602; x_wconf 74' lang='lat' dir='ltr'><strong>qua:</strong></span> <span class='ocrx_word' id='word_1_703' title='bbox 3502 4535 3555 4590; x_wconf 92' lang='lat' dir='ltr'><strong>in</strong></span> <span class='ocrx_word' id='word_1_704' title='bbox 3586 4550 3700 4592; x_wconf 75' lang='grc' dir='ltr'>οω-</span> 
     </span>
    </p>
   </div>
   <div class='ocr_carea' id='block_1_91' title="bbox 433 4610 2016 4686">
    <p class='ocr_par' dir='ltr' id='par_1_91' title="bbox 433 4610 2016 4686">
     <span class='ocr_line' id='line_1_91' title="bbox 433 4610 2016 4686; baseline -0.002 -20"><span class='ocrx_word' id='word_1_705' title='bbox 433 4613 592 4666; x_wconf 87' lang='grc' dir='ltr'>τινῶν</span> <span class='ocrx_word' id='word_1_706' title='bbox 620 4614 865 4682; x_wconf 76' lang='grc' dir='ltr'>ἀγγέλων</span> <span class='ocrx_word' id='word_1_707' title='bbox 903 4615 961 4667; x_wconf 83' lang='grc' dir='ltr'>ἐν</span> <span class='ocrx_word' id='word_1_708' title='bbox 989 4612 1227 4686; x_wconf 85' lang='grc' dir='ltr'>πρώτοις</span> <span class='ocrx_word' id='word_1_709' title='bbox 1267 4613 1365 4683; x_wconf 79' lang='grc' dir='ltr'><strong>μὲν</strong></span> <span class='ocrx_word' id='word_1_710' title='bbox 1388 4610 1761 4683; x_wconf 84' lang='grc' dir='ltr'>τεταγμένων,</span> <span class='ocrx_word' id='word_1_711' title='bbox 1789 4611 2016 4681; x_wconf 80' lang='grc' dir='ltr'>γενομέ-</span> 
     </span>
    </p>
   </div>
   <div class='ocr_carea' id='block_1_92' title="bbox 435 4701 2017 4773">
    <p class='ocr_par' dir='ltr' id='par_1_92' title="bbox 435 4701 2017 4773">
     <span class='ocr_line' id='line_1_92' title="bbox 435 4701 2017 4773; baseline -0.001 -15"><span class='ocrx_word' id='word_1_712' title='bbox 435 4722 540 4758; x_wconf 91' lang='grc' dir='ltr'>νων</span> <span class='ocrx_word' id='word_1_713' title='bbox 589 4705 646 4758; x_wconf 81' lang='grc' dir='ltr'><strong>δὲ</strong></span> <span class='ocrx_word' id='word_1_714' title='bbox 709 4705 772 4757; x_wconf 78' lang='grc' dir='ltr'><em>ἐκ</em></span> <span class='ocrx_word' id='word_1_715' title='bbox 820 4722 981 4758; x_wconf 89' lang='grc' dir='ltr'>τινων</span> <span class='ocrx_word' id='word_1_716' title='bbox 1005 4701 1194 4756; x_wconf 85' lang='grc' dir='ltr'>αἰτιῶν</span> <span class='ocrx_word' id='word_1_717' title='bbox 1238 4703 1503 4772; x_wconf 83' lang='grc' dir='ltr'>ἐσχάτων,</span> <span class='ocrx_word' id='word_1_718' title='bbox 1540 4701 1767 4773; x_wconf 84' lang='grc' dir='ltr'>πρῶτοι.</span> <span class='ocrx_word' id='word_1_719' title='bbox 1811 4701 2017 4768; x_wconf 79' lang='lat' dir='ltr'><strong>Quibus</strong></span> 
     </span>
    </p>
   </div>
   <div class='ocr_carea' id='block_1_93' title="bbox 438 4792 2016 4867">
    <p class='ocr_par' dir='ltr' id='par_1_93' title="bbox 438 4792 2016 4867">
     <span class='ocr_line' id='line_1_93' title="bbox 438 4792 2016 4867; baseline -0.004 -17"><span class='ocrx_word' id='word_1_720' title='bbox 438 4799 644 4867; x_wconf 87' lang='lat' dir='ltr'><strong>reliqua</strong></span> <span class='ocrx_word' id='word_1_721' title='bbox 690 4798 1057 4852; x_wconf 86' lang='lat' dir='ltr'><strong>consentiunt.</strong></span> <span class='ocrx_word' id='word_1_722' title='bbox 1110 4795 1340 4849; x_wconf 89' lang='lat' dir='ltr'><strong>lllustris</strong></span> <span class='ocrx_word' id='word_1_723' title='bbox 1387 4803 1442 4848; x_wconf 89' lang='lat' dir='ltr'><strong>et</strong></span> <span class='ocrx_word' id='word_1_724' title='bbox 1491 4794 1595 4848; x_wconf 88' lang='lat' dir='ltr'><strong>iste</strong></span> <span class='ocrx_word' id='word_1_725' title='bbox 1645 4807 1677 4848; x_wconf 90' lang='lat' dir='ltr'><strong>e</strong></span> <span class='ocrx_word' id='word_1_726' title='bbox 1727 4801 1856 4848; x_wconf 85' lang='lat' dir='ltr'><strong>tom.</strong></span> <span class='ocrx_word' id='word_1_727' title='bbox 1894 4807 1932 4845; x_wconf 93' lang='grc' dir='ltr'>ιι</span> <span class='ocrx_word' id='word_1_728' title='bbox 1962 4792 2016 4845; x_wconf 82' lang='lat' dir='ltr'><strong>in</strong></span> 
     </span>
    </p>
   </div>
   <div class='ocr_carea' id='block_1_94' title="bbox 434 4884 2014 4958">
    <p class='ocr_par' dir='ltr' id='par_1_94' title="bbox 434 4884 2014 4958">
     <span class='ocr_line' id='line_1_94' title="bbox 434 4884 2014 4958; baseline -0.006 -14"><span class='ocrx_word' id='word_1_729' title='bbox 434 4889 624 4954; x_wconf 86' lang='lat' dir='ltr'><strong>Joan.,</strong></span> <span class='ocrx_word' id='word_1_730' title='bbox 654 4904 804 4942; x_wconf 92' lang='lat' dir='ltr'><strong>num.</strong></span> <span class='ocrx_word' id='word_1_731' title='bbox 833 4888 898 4942; x_wconf 78' lang='lat' dir='ltr'><strong>l7</strong></span> <span class='ocrx_word' id='word_1_732' title='bbox 921 4929 936 4951; x_wconf 92' lang='lat'><strong>,</strong></span> <span class='ocrx_word' id='word_1_733' title='bbox 971 4890 1023 4942; x_wconf 93' lang='lat' dir='ltr'><strong>in</strong></span> <span class='ocrx_word' id='word_1_734' title='bbox 1059 4903 1168 4958; x_wconf 89' lang='lat' dir='ltr'><strong>quo</strong></span> <span class='ocrx_word' id='word_1_735' title='bbox 1214 4887 1387 4957; x_wconf 86' lang='lat' dir='ltr'><strong>angeli</strong></span> <span class='ocrx_word' id='word_1_736' title='bbox 1417 4895 1471 4938; x_wconf 93' lang='lat' dir='ltr'><strong>et</strong></span> <span class='ocrx_word' id='word_1_737' title='bbox 1523 4884 1760 4939; x_wconf 88' lang='lat' dir='ltr'><strong>hominis</strong></span> <span class='ocrx_word' id='word_1_738' title='bbox 1819 4896 2014 4937; x_wconf 91' lang='lat' dir='ltr'><strong>nomen</strong></span> 
     </span>
    </p>
   </div>
   <div class='ocr_carea' id='block_1_95' title="bbox 436 4975 2017 5049">
    <p class='ocr_par' dir='ltr' id='par_1_95' title="bbox 436 4975 2017 5049">
     <span class='ocr_line' id='line_1_95' title="bbox 436 4975 2017 5049; baseline -0.003 -17"><span class='ocrx_word' id='word_1_739' title='bbox 436 4982 610 5036; x_wconf 73' lang='lat' dir='ltr'><strong>cidem</strong></span> <span class='ocrx_word' id='word_1_740' title='bbox 632 4979 878 5049; x_wconf 88' lang='lat' dir='ltr'><strong>subjecto</strong></span> <span class='ocrx_word' id='word_1_741' title='bbox 910 4993 1296 5048; x_wconf 87' lang='lat' dir='ltr'><strong>nonnunquam</strong></span> <span class='ocrx_word' id='word_1_742' title='bbox 1337 4975 1560 5030; x_wconf 89' lang='lat' dir='ltr'><strong>attribui</strong></span> <span class='ocrx_word' id='word_1_743' title='bbox 1587 4975 1755 5040; x_wconf 87' lang='lat' dir='ltr'><strong>dicit,</strong></span> <span class='ocrx_word' id='word_1_744' title='bbox 1787 4975 1920 5028; x_wconf 88' lang='lat' dir='ltr'><strong>adeo</strong></span> <span class='ocrx_word' id='word_1_745' title='bbox 1960 4984 2017 5028; x_wconf 88' lang='lat' dir='ltr'><strong>ut</strong></span> 
     </span>
    </p>
   </div>
   <div class='ocr_carea' id='block_1_96' title="bbox 339 5065 2019 5142">
    <p class='ocr_par' dir='ltr' id='par_1_96' title="bbox 339 5065 2019 5142">
     <span class='ocr_line' id='line_1_96' title="bbox 339 5065 2019 5142; baseline -0.003 -18"><span class='ocrx_word' id='word_1_746' title='bbox 339 5065 341 5068; x_wconf 29' lang='grc'><em>⁴</em></span> <span class='ocrx_word' id='word_1_747' title='bbox 439 5073 598 5128; x_wconf 88' lang='lat' dir='ltr'><strong>homo</strong></span> <span class='ocrx_word' id='word_1_748' title='bbox 626 5073 852 5142; x_wconf 80' lang='lat' dir='ltr'><strong>angelus</strong></span> <span class='ocrx_word' id='word_1_749' title='bbox 880 5071 1194 5139; x_wconf 86' lang='lat' dir='ltr'><strong>aliquando,</strong></span> <span class='ocrx_word' id='word_1_750' title='bbox 1219 5078 1273 5124; x_wconf 86' lang='lat' dir='ltr'><strong>et</strong></span> <span class='ocrx_word' id='word_1_751' title='bbox 1323 5067 1547 5137; x_wconf 88' lang='lat' dir='ltr'><strong>angelus</strong></span> <span class='ocrx_word' id='word_1_752' title='bbox 1584 5066 1823 5120; x_wconf 85' lang='lat' dir='ltr'><strong>vicissim</strong></span> <span class='ocrx_word' id='word_1_753' title='bbox 1860 5067 2019 5119; x_wconf 90' lang='lat' dir='ltr'><strong>homo</strong></span> 
     </span>
    </p>
   </div>
   <div class='ocr_carea' id='block_1_97' title="bbox 442 5159 2018 5233">
    <p class='ocr_par' dir='ltr' id='par_1_97' title="bbox 442 5159 2018 5233">
     <span class='ocr_line' id='line_1_97' title="bbox 442 5159 2018 5233; baseline -0.006 -15"><span class='ocrx_word' id='word_1_754' title='bbox 442 5165 754 5233; x_wconf 82' lang='lat' dir='ltr'><strong>appelletur.</strong></span> <span class='ocrx_word' id='word_1_755' title='bbox 784 5163 919 5218; x_wconf 90' lang='lat' dir='ltr'><strong>Tum</strong></span> <span class='ocrx_word' id='word_1_756' title='bbox 947 5163 1166 5231; x_wconf 90' lang='lat' dir='ltr'><strong>subjicit</strong></span> <span class='ocrx_word' id='word_1_757' title='bbox 1199 5179 1214 5217; x_wconf 89' lang='lat'><strong>:</strong></span> <span class='ocrx_word' id='word_1_758' title='bbox 1253 5162 1364 5215; x_wconf 77' lang='grc' dir='ltr'><strong>Καὶ</strong></span> <span class='ocrx_word' id='word_1_759' title='bbox 1392 5161 1474 5214; x_wconf 77' lang='grc' dir='ltr'>ἐτι</span> <span class='ocrx_word' id='word_1_760' title='bbox 1525 5159 1724 5229; x_wconf 81' lang='grc' dir='ltr'>μᾶλλον</span> <span class='ocrx_word' id='word_1_761' title='bbox 1763 5173 2018 5228; x_wconf 84' lang='grc' dir='ltr'>παραμυ-</span> 
     </span>
    </p>
   </div>
   <div class='ocr_carea' id='block_1_98' title="bbox 441 5247 2017 5326">
    <p class='ocr_par' dir='ltr' id='par_1_98' title="bbox 441 5247 2017 5326">
     <span class='ocr_line' id='line_1_98' title="bbox 441 5247 2017 5326; baseline -0.004 -20"><span class='ocrx_word' id='word_1_762' title='bbox 441 5255 664 5326; x_wconf 78' lang='grc' dir='ltr'>θὴσεται</span> <span class='ocrx_word' id='word_1_763' title='bbox 715 5255 799 5308; x_wconf 75' lang='grc' dir='ltr'><strong>ὅτι</strong></span> <span class='ocrx_word' id='word_1_764' title='bbox 835 5254 928 5307; x_wconf 81' lang='grc' dir='ltr'>ἐπὶ</span> <span class='ocrx_word' id='word_1_765' title='bbox 971 5253 1081 5306; x_wconf 86' lang='grc' dir='ltr'><strong>τῶν</strong></span> <span class='ocrx_word' id='word_1_766' title='bbox 1123 5251 1445 5324; x_wconf 82' lang='grc' dir='ltr'>κρειττόνων</span> <span class='ocrx_word' id='word_1_767' title='bbox 1490 5251 1772 5322; x_wconf 87' lang='grc' dir='ltr'>δυνάμεων</span> <span class='ocrx_word' id='word_1_768' title='bbox 1807 5249 1876 5302; x_wconf 79' lang='grc' dir='ltr'><strong>τά</strong></span> <span class='ocrx_word' id='word_1_769' title='bbox 1899 5247 2017 5300; x_wconf 79' lang='grc' dir='ltr'><strong>ὀνό⁸</strong></span> 
     </span>
    </p>
   </div>
   <div class='ocr_carea' id='block_1_99' title="bbox 444 5339 2018 5418">
    <p class='ocr_par' dir='ltr' id='par_1_99' title="bbox 444 5339 2018 5418">
     <span class='ocr_line' id='line_1_99' title="bbox 444 5339 2018 5418; baseline -0.006 -18"><span class='ocrx_word' id='word_1_770' title='bbox 444 5366 587 5418; x_wconf 89' lang='grc' dir='ltr'>ματα</span> <span class='ocrx_word' id='word_1_771' title='bbox 613 5348 734 5418; x_wconf 70' lang='grc' dir='ltr'>οὐχὶ</span> <span class='ocrx_word' id='word_1_772' title='bbox 767 5346 980 5417; x_wconf 78' lang='grc' dir='ltr'>φύσεων</span> <span class='ocrx_word' id='word_1_773' title='bbox 1005 5344 1158 5409; x_wconf 81' lang='grc' dir='ltr'>ζώων</span> <span class='ocrx_word' id='word_1_774' title='bbox 1173 5347 1318 5400; x_wconf 66' lang='grc' dir='ltr'>ἐστὶν</span> <span class='ocrx_word' id='word_1_775' title='bbox 1340 5346 1600 5417; x_wconf 84' lang='grc' dir='ltr'>ὀνόματα,</span> <span class='ocrx_word' id='word_1_776' title='bbox 1633 5341 1769 5396; x_wconf 79' lang='grc' dir='ltr'><strong>ἀλλὰ</strong></span> <span class='ocrx_word' id='word_1_777' title='bbox 1792 5339 2018 5404; x_wconf 79' lang='grc' dir='ltr'>τάξεων,</span> 
     </span>
    </p>
   </div>
   <div class='ocr_carea' id='block_1_100' title="bbox 441 5432 2018 5510">
    <p class='ocr_par' dir='ltr' id='par_1_100' title="bbox 441 5432 2018 5510">
     <span class='ocr_line' id='line_1_100' title="bbox 441 5432 2018 5510; baseline -0.003 -20"><span class='ocrx_word' id='word_1_778' title='bbox 441 5432 512 5492; x_wconf 75' lang='grc' dir='ltr'>ὧν</span> <span class='ocrx_word' id='word_1_779' title='bbox 541 5440 635 5510; x_wconf 78' lang='grc' dir='ltr'><strong>ἠδέ</strong></span> <span class='ocrx_word' id='word_1_780' title='bbox 665 5456 767 5503; x_wconf 89' lang='grc' dir='ltr'>τις,</span> <span class='ocrx_word' id='word_1_781' title='bbox 794 5440 886 5492; x_wconf 77' lang='grc' dir='ltr'><strong>καὶ</strong></span> <span class='ocrx_word' id='word_1_782' title='bbox 907 5438 1001 5508; x_wconf 79' lang='grc' dir='ltr'>ἡδὲ</span> <span class='ocrx_word' id='word_1_783' title='bbox 1031 5438 1222 5508; x_wconf 79' lang='grc' dir='ltr'>λογικὴ</span> <span class='ocrx_word' id='word_1_784' title='bbox 1247 5439 1407 5506; x_wconf 83' lang='grc' dir='ltr'>φύσις</span> <span class='ocrx_word' id='word_1_785' title='bbox 1434 5436 1684 5505; x_wconf 79' lang='grc' dir='ltr'>τέτευχεν</span> <span class='ocrx_word' id='word_1_786' title='bbox 1716 5433 1824 5488; x_wconf 79' lang='grc' dir='ltr'><strong>άπὸ</strong></span> <span class='ocrx_word' id='word_1_787' title='bbox 1837 5432 1971 5487; x_wconf 84' lang='grc' dir='ltr'>Θεοῦ</span> <span class='ocrx_word' id='word_1_788' title='bbox 2005 5449 2018 5461; x_wconf 72' lang='grc'><strong>⁸</strong></span> 
     </span>
    </p>
   </div>
   <div class='ocr_carea' id='block_1_101' title="bbox 441 5525 2013 5601">
    <p class='ocr_par' dir='ltr' id='par_1_101' title="bbox 441 5525 2013 5601">
     <span class='ocr_line' id='line_1_101' title="bbox 441 5525 2013 5601; baseline -0.002 -19"><span class='ocrx_word' id='word_1_789' title='bbox 441 5530 628 5601; x_wconf 67' lang='grc' dir='ltr'>θρόνος</span> <span class='ocrx_word' id='word_1_790' title='bbox 651 5531 758 5600; x_wconf 81' lang='grc' dir='ltr'>γὰρ</span> <span class='ocrx_word' id='word_1_791' title='bbox 787 5529 886 5583; x_wconf 76' lang='grc' dir='ltr'>οὐκ</span> <span class='ocrx_word' id='word_1_792' title='bbox 914 5525 1052 5594; x_wconf 73' lang='grc' dir='ltr'>εἶδος</span> <span class='ocrx_word' id='word_1_793' title='bbox 1081 5529 1242 5593; x_wconf 79' lang='grc' dir='ltr'>ζώου,</span> <span class='ocrx_word' id='word_1_794' title='bbox 1265 5528 1385 5582; x_wconf 75' lang='grc' dir='ltr'>οὐδὲ</span> <span class='ocrx_word' id='word_1_795' title='bbox 1413 5529 1574 5600; x_wconf 81' lang='grc' dir='ltr'>ἀρχὴ,</span> <span class='ocrx_word' id='word_1_796' title='bbox 1596 5527 1714 5581; x_wconf 80' lang='grc' dir='ltr'>οὐδὲ</span> <span class='ocrx_word' id='word_1_797' title='bbox 1735 5527 2013 5598; x_wconf 82' lang='grc' dir='ltr'>κυριότης,</span> 
     </span>
    </p>
   </div>
   <div class='ocr_carea' id='block_1_102' title="bbox 443 5614 2018 5692">
    <p class='ocr_par' dir='ltr' id='par_1_102' title="bbox 443 5614 2018 5692">
     <span class='ocr_line' id='line_1_102' title="bbox 443 5614 2018 5692; baseline -0.001 -18"><span class='ocrx_word' id='word_1_798' title='bbox 443 5622 560 5676; x_wconf 63' lang='grc' dir='ltr'>οὐδὲ</span> <span class='ocrx_word' id='word_1_799' title='bbox 615 5620 833 5687; x_wconf 80' lang='grc' dir='ltr'>ἐξουσία</span> <span class='ocrx_word' id='word_1_800' title='bbox 861 5661 876 5685; x_wconf 96' lang='grc'><strong>,</strong></span> <span class='ocrx_word' id='word_1_801' title='bbox 925 5620 1061 5674; x_wconf 73' lang='grc' dir='ltr'><strong>ἀλλὰ</strong></span> <span class='ocrx_word' id='word_1_802' title='bbox 1098 5621 1339 5692; x_wconf 83' lang='grc' dir='ltr'>ὀνόματα</span> <span class='ocrx_word' id='word_1_803' title='bbox 1390 5621 1751 5691; x_wconf 82' lang='grc' dir='ltr'>πραγμάτων,</span> <span class='ocrx_word' id='word_1_804' title='bbox 1813 5622 1896 5689; x_wconf 77' lang='grc' dir='ltr'><strong>ἐφ’</strong></span> <span class='ocrx_word' id='word_1_805' title='bbox 1944 5614 2018 5673; x_wconf 78' lang='grc' dir='ltr'><strong>ὧν</strong></span> 
     </span>
    </p>
   </div>
   <div class='ocr_carea' id='block_1_103' title="bbox 513 5801 988 5869">
    <p class='ocr_par' dir='ltr' id='par_1_103' title="bbox 513 5801 988 5869">
     <span class='ocr_line' id='line_1_103' title="bbox 513 5801 988 5869; baseline -0.002 -12"><span class='ocrx_word' id='word_1_806' title='bbox 513 5801 560 5832; x_wconf 72' lang='grc'><strong>’³</strong></span> <span class='ocrx_word' id='word_1_807' title='bbox 593 5801 800 5858; x_wconf 79' lang='lat' dir='ltr'><strong>Coloss.</strong></span> <span class='ocrx_word' id='word_1_808' title='bbox 830 5817 867 5869; x_wconf 91' lang='grc' dir='ltr'>ι,</span> <span class='ocrx_word' id='word_1_809' title='bbox 899 5801 988 5856; x_wconf 74' lang='lat'><strong>20.</strong></span> 
     </span>
    </p>
   </div>
   <div class='ocr_carea' id='block_1_104' title="bbox 2118 4610 3697 4698">
    <p class='ocr_par' dir='ltr' id='par_1_104' title="bbox 2118 4610 3697 4698">
     <span class='ocr_line' id='line_1_104' title="bbox 2118 4610 3697 4698; baseline 0.012 -33"><span class='ocrx_word' id='word_1_810' title='bbox 2118 4610 2189 4666; x_wconf 90' lang='lat' dir='ltr'><strong>lis</strong></span> <span class='ocrx_word' id='word_1_811' title='bbox 2211 4621 2357 4680; x_wconf 87' lang='lat' dir='ltr'><strong>sunt,</strong></span> <span class='ocrx_word' id='word_1_812' title='bbox 2382 4614 2523 4670; x_wconf 86' lang='lat' dir='ltr'><strong>idern</strong></span> <span class='ocrx_word' id='word_1_813' title='bbox 2550 4616 2664 4686; x_wconf 90' lang='lat' dir='ltr'><strong>ipse</strong></span> <span class='ocrx_word' id='word_1_814' title='bbox 2686 4619 2757 4673; x_wconf 89' lang='lat' dir='ltr'><strong>sit</strong></span> <span class='ocrx_word' id='word_1_815' title='bbox 2794 4619 3016 4684; x_wconf 87' lang='lat' dir='ltr'><strong>vitulus,</strong></span> <span class='ocrx_word' id='word_1_816' title='bbox 3048 4623 3141 4690; x_wconf 88' lang='lat' dir='ltr'><strong>qui</strong></span> <span class='ocrx_word' id='word_1_817' title='bbox 3187 4624 3241 4678; x_wconf 93' lang='lat' dir='ltr'><strong>in</strong></span> <span class='ocrx_word' id='word_1_818' title='bbox 3289 4627 3446 4680; x_wconf 75' lang='lat' dir='ltr'><strong>ctelis</strong></span> <span class='ocrx_word' id='word_1_819' title='bbox 3477 4629 3697 4698; x_wconf 86' lang='lat' dir='ltr'><strong>quidem</strong></span> 
     </span>
    </p>
   </div>
   <div class='ocr_carea' id='block_1_105' title="bbox 2122 4712 3695 4783">
    <p class='ocr_par' dir='ltr' id='par_1_105' title="bbox 2122 4712 3695 4783">
     <span class='ocr_line' id='line_1_105' title="bbox 2122 4712 3695 4783; baseline 0.01 -21"><span class='ocrx_word' id='word_1_820' title='bbox 2122 4721 2230 4762; x_wconf 88' lang='lat' dir='ltr'><strong>non</strong></span> <span class='ocrx_word' id='word_1_821' title='bbox 2261 4722 2357 4777; x_wconf 85' lang='lat' dir='ltr'><strong>pro</strong></span> <span class='ocrx_word' id='word_1_822' title='bbox 2378 4720 2623 4778; x_wconf 90' lang='lat' dir='ltr'><strong>peccato,</strong></span> <span class='ocrx_word' id='word_1_823' title='bbox 2659 4712 2752 4766; x_wconf 89' lang='lat' dir='ltr'><strong>sed</strong></span> <span class='ocrx_word' id='word_1_824' title='bbox 2795 4723 2848 4768; x_wconf 84' lang='lat' dir='ltr'><strong>et</strong></span> <span class='ocrx_word' id='word_1_825' title='bbox 2895 4729 2995 4783; x_wconf 93' lang='lat' dir='ltr'><strong>pro</strong></span> <span class='ocrx_word' id='word_1_826' title='bbox 3035 4730 3260 4772; x_wconf 86' lang='lat' dir='ltr'><strong>munere</strong></span> <span class='ocrx_word' id='word_1_827' title='bbox 3309 4719 3526 4775; x_wconf 88' lang='lat' dir='ltr'><strong>oblatus</strong></span> <span class='ocrx_word' id='word_1_828' title='bbox 3569 4731 3695 4778; x_wconf 89' lang='lat' dir='ltr'><strong>est:</strong></span> 
     </span>
    </p>
   </div>
   <div class='ocr_carea' id='block_1_106' title="bbox 2121 4799 3689 4883">
    <p class='ocr_par' dir='ltr' id='par_1_106' title="bbox 2121 4799 3689 4883">
     <span class='ocr_line' id='line_1_106' title="bbox 2121 4799 3689 4883; baseline 0.009 -29"><span class='ocrx_word' id='word_1_829' title='bbox 2121 4799 2176 4854; x_wconf 88' lang='lat' dir='ltr'><strong>in</strong></span> <span class='ocrx_word' id='word_1_830' title='bbox 2209 4801 2372 4857; x_wconf 89' lang='lat' dir='ltr'><strong>terris</strong></span> <span class='ocrx_word' id='word_1_831' title='bbox 2395 4811 2602 4867; x_wconf 89' lang='lat' dir='ltr'><strong>autem,</strong></span> <span class='ocrx_word' id='word_1_832' title='bbox 2649 4804 2736 4857; x_wconf 93' lang='lat' dir='ltr'><strong>ubi</strong></span> <span class='ocrx_word' id='word_1_833' title='bbox 2781 4803 2850 4858; x_wconf 86' lang='lat' dir='ltr'><strong>ab</strong></span> <span class='ocrx_word' id='word_1_834' title='bbox 2899 4806 3070 4862; x_wconf 89' lang='lat' dir='ltr'><strong>Adam</strong></span> <span class='ocrx_word' id='word_1_835' title='bbox 3131 4824 3303 4878; x_wconf 89' lang='lat' dir='ltr'><strong>usque</strong></span> <span class='ocrx_word' id='word_1_836' title='bbox 3342 4812 3410 4865; x_wconf 89' lang='lat' dir='ltr'><strong>ad</strong></span> <span class='ocrx_word' id='word_1_837' title='bbox 3469 4810 3689 4883; x_wconf 82' lang='lat' dir='ltr'><strong>Moysen</strong></span> 
     </span>
    </p>
   </div>
   <div class='ocr_carea' id='block_1_107' title="bbox 2123 4893 3700 4970">
    <p class='ocr_par' dir='ltr' id='par_1_107' title="bbox 2123 4893 3700 4970">
     <span class='ocr_line' id='line_1_107' title="bbox 2123 4893 3700 4970; baseline 0.01 -24"><span class='ocrx_word' id='word_1_838' title='bbox 2123 4893 2375 4963; x_wconf 88' lang='lat' dir='ltr'><strong>regnavit</strong></span> <span class='ocrx_word' id='word_1_839' title='bbox 2410 4902 2714 4964; x_wconf 87' lang='lat' dir='ltr'><strong>peccatum,</strong></span> <span class='ocrx_word' id='word_1_840' title='bbox 2748 4896 2962 4951; x_wconf 88' lang='lat' dir='ltr'><strong>oblatus</strong></span> <span class='ocrx_word' id='word_1_841' title='bbox 2996 4899 3066 4953; x_wconf 90' lang='lat' dir='ltr'><strong>sit</strong></span> <span class='ocrx_word' id='word_1_842' title='bbox 3089 4913 3186 4968; x_wconf 90' lang='lat' dir='ltr'><strong>pro</strong></span> <span class='ocrx_word' id='word_1_843' title='bbox 3208 4915 3448 4970; x_wconf 85' lang='lat' dir='ltr'><strong>peccato.</strong></span> <span class='ocrx_word' id='word_1_844' title='bbox 3481 4905 3547 4960; x_wconf 80' lang='lat' dir='ltr'><strong>Et</strong></span> <span class='ocrx_word' id='word_1_845' title='bbox 3598 4907 3700 4962; x_wconf 87' lang='lat' dir='ltr'><strong>hoc</strong></span> 
     </span>
    </p>
   </div>
   <div class='ocr_carea' id='block_1_108' title="bbox 2122 4993 3695 5063">
    <p class='ocr_par' dir='ltr' id='par_1_108' title="bbox 2122 4993 3695 5063">
     <span class='ocr_line' id='line_1_108' title="bbox 2122 4993 3695 5063; baseline 0.009 -26"><span class='ocrx_word' id='word_1_846' title='bbox 2122 4993 2205 5038; x_wconf 90' lang='lat' dir='ltr'><strong>est</strong></span> <span class='ocrx_word' id='word_1_847' title='bbox 2228 4999 2449 5053; x_wconf 88' lang='lat' dir='ltr'><strong>passum</strong></span> <span class='ocrx_word' id='word_1_848' title='bbox 2476 5001 2596 5041; x_wconf 91' lang='lat' dir='ltr'><strong>esse</strong></span> <span class='ocrx_word' id='word_1_849' title='bbox 2625 4998 2778 5043; x_wconf 74' lang='lat' dir='ltr'><strong>extra</strong></span> <span class='ocrx_word' id='word_1_850' title='bbox 2809 5003 3009 5046; x_wconf 84' lang='lat' dir='ltr'><strong>castra.</strong></span> <span class='ocrx_word' id='word_1_851' title='bbox 3057 5013 3075 5046; x_wconf 82' lang='grc' dir='ltr'>ι</span> <span class='ocrx_word' id='word_1_852' title='bbox 3130 4994 3206 5048; x_wconf 80' lang='lat' dir='ltr'><strong>Ex</strong></span> <span class='ocrx_word' id='word_1_853' title='bbox 3237 4993 3397 5063; x_wconf 89' lang='lat' dir='ltr'><strong>hujus</strong></span> <span class='ocrx_word' id='word_1_854' title='bbox 3430 4997 3530 5051; x_wconf 89' lang='lat' dir='ltr'><strong>loci</strong></span> <span class='ocrx_word' id='word_1_855' title='bbox 3561 5011 3695 5052; x_wconf 83' lang='lat' dir='ltr'><strong>con-</strong></span> 
     </span>
    </p>
   </div>
   <div class='ocr_carea' id='block_1_109' title="bbox 2126 5076 3701 5154">
    <p class='ocr_par' dir='ltr' id='par_1_109' title="bbox 2126 5076 3701 5154">
     <span class='ocr_line' id='line_1_109' title="bbox 2126 5076 3701 5154; baseline 0.006 -27"><span class='ocrx_word' id='word_1_856' title='bbox 2126 5083 2299 5140; x_wconf 82' lang='lat' dir='ltr'><strong>textu,</strong></span> <span class='ocrx_word' id='word_1_857' title='bbox 2333 5076 2377 5130; x_wconf 90' lang='lat' dir='ltr'><strong>si</strong></span> <span class='ocrx_word' id='word_1_858' title='bbox 2414 5077 2542 5144; x_wconf 91' lang='lat' dir='ltr'><strong>quis</strong></span> <span class='ocrx_word' id='word_1_859' title='bbox 2591 5080 2857 5147; x_wconf 88' lang='lat' dir='ltr'><strong>attemlat,</strong></span> <span class='ocrx_word' id='word_1_860' title='bbox 2881 5080 3111 5136; x_wconf 88' lang='lat' dir='ltr'><strong>ellicltnr</strong></span> <span class='ocrx_word' id='word_1_861' title='bbox 3133 5082 3281 5148; x_wconf 91' lang='lat' dir='ltr'><strong>illud,</strong></span> <span class='ocrx_word' id='word_1_862' title='bbox 3310 5084 3361 5136; x_wconf 93' lang='lat' dir='ltr'><strong>in</strong></span> <span class='ocrx_word' id='word_1_863' title='bbox 3401 5084 3541 5140; x_wconf 65' lang='lat' dir='ltr'><strong>caelo</strong></span> <span class='ocrx_word' id='word_1_864' title='bbox 3573 5099 3701 5154; x_wconf 89' lang='lat' dir='ltr'><strong>pec-</strong></span> 
     </span>
    </p>
   </div>
   <div class='ocr_carea' id='block_1_110' title="bbox 2125 5169 3700 5243">
    <p class='ocr_par' dir='ltr' id='par_1_110' title="bbox 2125 5169 3700 5243">
     <span class='ocr_line' id='line_1_110' title="bbox 2125 5169 3700 5243; baseline 0.007 -25"><span class='ocrx_word' id='word_1_865' title='bbox 2125 5176 2307 5218; x_wconf 88' lang='lat' dir='ltr'><strong>catum</strong></span> <span class='ocrx_word' id='word_1_866' title='bbox 2351 5182 2459 5222; x_wconf 87' lang='lat' dir='ltr'><strong>non</strong></span> <span class='ocrx_word' id='word_1_867' title='bbox 2491 5169 2729 5224; x_wconf 88' lang='lat' dir='ltr'><strong>admitti.</strong></span> <span class='ocrx_word' id='word_1_868' title='bbox 2757 5170 2989 5226; x_wconf 86' lang='lat' dir='ltr'><strong>llornilia</strong></span> <span class='ocrx_word' id='word_1_869' title='bbox 3035 5188 3248 5243; x_wconf 89' lang='lat' dir='ltr'><strong>quoque</strong></span> <span class='ocrx_word' id='word_1_870' title='bbox 3286 5175 3340 5227; x_wconf 81' lang='lat' dir='ltr'><strong>in</strong></span> <span class='ocrx_word' id='word_1_871' title='bbox 3385 5173 3549 5230; x_wconf 81' lang='lat' dir='ltr'><strong>Nam.</strong></span> <span class='ocrx_word' id='word_1_872' title='bbox 3578 5191 3700 5241; x_wconf 79' lang='lat' dir='ltr'><strong>xm,</strong></span> 
     </span>
    </p>
   </div>
   <div class='ocr_carea' id='block_1_111' title="bbox 2125 5257 3697 5330">
    <p class='ocr_par' dir='ltr' id='par_1_111' title="bbox 2125 5257 3697 5330">
     <span class='ocr_line' id='line_1_111' title="bbox 2125 5257 3697 5330; baseline 0.007 -19"><span class='ocrx_word' id='word_1_873' title='bbox 2125 5273 2275 5312; x_wconf 88' lang='lat' dir='ltr'><strong>num.</strong></span> <span class='ocrx_word' id='word_1_874' title='bbox 2307 5257 2358 5324; x_wconf 88' lang='lat'><strong>7,</strong></span> <span class='ocrx_word' id='word_1_875' title='bbox 2394 5274 2517 5312; x_wconf 92' lang='lat' dir='ltr'><strong>cum</strong></span> <span class='ocrx_word' id='word_1_876' title='bbox 2548 5261 2871 5330; x_wconf 71' lang='lat' dir='ltr'><strong>qumsiisset.</strong></span> <span class='ocrx_word' id='word_1_877' title='bbox 2898 5280 2994 5318; x_wconf 87' lang='lat' dir='ltr'><strong>cur</strong></span> <span class='ocrx_word' id='word_1_878' title='bbox 3021 5282 3089 5320; x_wconf 93' lang='lat' dir='ltr'><strong>ne</strong></span> <span class='ocrx_word' id='word_1_879' title='bbox 3116 5283 3145 5322; x_wconf 91' lang='lat' dir='ltr'><strong>a</strong></span> <span class='ocrx_word' id='word_1_880' title='bbox 3213 5265 3467 5323; x_wconf 87' lang='lat' dir='ltr'><strong>Balaarno</strong></span> <span class='ocrx_word' id='word_1_881' title='bbox 3494 5269 3697 5323; x_wconf 68' lang='lat' dir='ltr'><strong>daemo-</strong></span> 
     </span>
    </p>
   </div>
   <div class='ocr_carea' id='block_1_112' title="bbox 2126 5349 3700 5429">
    <p class='ocr_par' dir='ltr' id='par_1_112' title="bbox 2126 5349 3700 5429">
     <span class='ocr_line' id='line_1_112' title="bbox 2126 5349 3700 5429; baseline 0.008 -27"><span class='ocrx_word' id='word_1_882' title='bbox 2126 5363 2221 5403; x_wconf 91' lang='lat' dir='ltr'><strong>nes</strong></span> <span class='ocrx_word' id='word_1_883' title='bbox 2263 5349 2608 5419; x_wconf 84' lang='lat' dir='ltr'><strong>invocentur,</strong></span> <span class='ocrx_word' id='word_1_884' title='bbox 2643 5355 2896 5424; x_wconf 86' lang='lat' dir='ltr'><strong>prohibet</strong></span> <span class='ocrx_word' id='word_1_885' title='bbox 2935 5357 3107 5424; x_wconf 88' lang='lat' dir='ltr'><strong>Deus;</strong></span> <span class='ocrx_word' id='word_1_886' title='bbox 3163 5359 3450 5429; x_wconf 88' lang='lat' dir='ltr'><strong>respondet</strong></span> <span class='ocrx_word' id='word_1_887' title='bbox 3495 5360 3700 5415; x_wconf 89' lang='lat' dir='ltr'><strong>idcirco</strong></span> 
     </span>
    </p>
   </div>
   <div class='ocr_carea' id='block_1_113' title="bbox 2129 5441 3699 5516">
    <p class='ocr_par' dir='ltr' id='par_1_113' title="bbox 2129 5441 3699 5516">
     <span class='ocr_line' id='line_1_113' title="bbox 2129 5441 3699 5516; baseline 0.008 -22"><span class='ocrx_word' id='word_1_888' title='bbox 2129 5441 2329 5497; x_wconf 81' lang='lat' dir='ltr'><strong>factum</strong></span> <span class='ocrx_word' id='word_1_889' title='bbox 2361 5442 2514 5512; x_wconf 90' lang='lat' dir='ltr'><strong>illud,</strong></span> <span class='ocrx_word' id='word_1_890' title='bbox 2556 5448 2698 5516; x_wconf 89' lang='lat' dir='ltr'><strong>quod</strong></span> <span class='ocrx_word' id='word_1_891' title='bbox 2730 5448 2817 5503; x_wconf 94' lang='lat' dir='ltr'><strong>vel</strong></span> <span class='ocrx_word' id='word_1_892' title='bbox 2856 5449 3066 5504; x_wconf 89' lang='lat' dir='ltr'><strong>arbitrii</strong></span> <span class='ocrx_word' id='word_1_893' title='bbox 3123 5450 3314 5505; x_wconf 78' lang='lat' dir='ltr'><strong>fuisset</strong></span> <span class='ocrx_word' id='word_1_894' title='bbox 3365 5451 3699 5508; x_wconf 53' lang='lat' dir='ltr'><strong>daemonibus</strong></span> 
     </span>
    </p>
   </div>
   <div class='ocr_carea' id='block_1_114' title="bbox 2131 5536 3699 5612">
    <p class='ocr_par' dir='ltr' id='par_1_114' title="bbox 2131 5536 3699 5612">
     <span class='ocr_line' id='line_1_114' title="bbox 2131 5536 3699 5612; baseline 0.005 -21"><span class='ocrx_word' id='word_1_895' title='bbox 2131 5536 2484 5605; x_wconf 88' lang='lat' dir='ltr'><strong>relinqnenda</strong></span> <span class='ocrx_word' id='word_1_896' title='bbox 2517 5539 2762 5606; x_wconf 75' lang='lat' dir='ltr'><strong>libertas,</strong></span> <span class='ocrx_word' id='word_1_897' title='bbox 2818 5558 3116 5612; x_wconf 66' lang='lat' dir='ltr'><strong>eorumque</strong></span> <span class='ocrx_word' id='word_1_898' title='bbox 3167 5543 3445 5600; x_wconf 83' lang='lat' dir='ltr'><strong>furoribus</strong></span> <span class='ocrx_word' id='word_1_899' title='bbox 3501 5554 3556 5601; x_wconf 91' lang='lat' dir='ltr'><strong>et</strong></span> <span class='ocrx_word' id='word_1_900' title='bbox 3617 5547 3699 5600; x_wconf 78' lang='lat' dir='ltr'><strong>in-</strong></span> 
     </span>
    </p>
   </div>
   <div class='ocr_carea' id='block_1_115' title="bbox 2129 5630 3697 5706">
    <p class='ocr_par' dir='ltr' id='par_1_115' title="bbox 2129 5630 3697 5706">
     <span class='ocr_line' id='line_1_115' title="bbox 2129 5630 3697 5706; baseline 0.007 -23"><span class='ocrx_word' id='word_1_901' title='bbox 2129 5630 2406 5698; x_wconf 82' lang='lat' dir='ltr'><strong>temperiis</strong></span> <span class='ocrx_word' id='word_1_902' title='bbox 2446 5635 2838 5699; x_wconf 83' lang='lat' dir='ltr'><strong>permittendus</strong></span> <span class='ocrx_word' id='word_1_903' title='bbox 2900 5637 3124 5706; x_wconf 80' lang='lat' dir='ltr'><strong>populus</strong></span> <span class='ocrx_word' id='word_1_904' title='bbox 3181 5637 3272 5691; x_wconf 78' lang='lat' dir='ltr'><strong>Dei</strong></span> <span class='ocrx_word' id='word_1_905' title='bbox 3301 5653 3316 5703; x_wconf 86' lang='lat'><strong>;</strong></span> <span class='ocrx_word' id='word_1_906' title='bbox 3350 5639 3435 5694; x_wconf 89' lang='lat' dir='ltr'><strong>vel</strong></span> <span class='ocrx_word' id='word_1_907' title='bbox 3485 5637 3697 5694; x_wconf 77' lang='lat' dir='ltr'><strong>arbitrii</strong></span> 
     </span>
    </p>
   </div>
  </div>
