  <div class='ocr_page' id='page_1' title='image "/cluster/home/n/w/nwhite01/storage/ocr_20150623/17:no.7/coo.31924054872977/443.png"; bbox 0 0 4160 6470; ppageno 0'>
   <div class='ocr_carea' id='block_1_1' title="bbox 441 409 547 464">
    <p class='ocr_par' dir='ltr' id='par_1_1' title="bbox 441 409 547 464">
     <span class='ocr_line' id='line_1_1' title="bbox 441 409 547 464; baseline 0 0"><span class='ocrx_word' id='word_1_1' title='bbox 441 409 547 464; x_wconf 75' lang='lat'><strong>863</strong></span> 
     </span>
    </p>
   </div>
   <div class='ocr_carea' id='block_1_2' title="bbox 1725 404 2422 462">
    <p class='ocr_par' dir='ltr' id='par_1_2' title="bbox 1725 404 2422 462">
     <span class='ocr_line' id='line_1_2' title="bbox 1725 404 2422 462; baseline 0 -3"><span class='ocrx_word' id='word_1_2' title='bbox 1725 405 1785 459; x_wconf 85' lang='lat' dir='ltr'><strong>P.</strong></span> <span class='ocrx_word' id='word_1_3' title='bbox 1834 404 2150 460; x_wconf 77' lang='lat' dir='ltr'><strong>DANIELIS</strong></span> <span class='ocrx_word' id='word_1_4' title='bbox 2188 404 2422 462; x_wconf 80' lang='lat' dir='ltr'><strong>HUETll</strong></span> 
     </span>
    </p>
   </div>
   <div class='ocr_carea' id='block_1_3' title="bbox 3601 408 3707 466">
    <p class='ocr_par' dir='ltr' id='par_1_3' title="bbox 3601 408 3707 466">
     <span class='ocr_line' id='line_1_3' title="bbox 3601 408 3707 466; baseline 0.019 -2"><span class='ocrx_word' id='word_1_5' title='bbox 3601 408 3707 466; x_wconf 69' lang='grc'><strong>864</strong></span> 
     </span>
    </p>
   </div>
   <div class='ocr_carea' id='block_1_4' title="bbox 445 526 3707 598">
    <p class='ocr_par' dir='ltr' id='par_1_4' title="bbox 445 526 3707 598">
     <span class='ocr_line' id='line_1_4' title="bbox 445 526 3707 598; baseline -0.001 -15"><span class='ocrx_word' id='word_1_6' title='bbox 445 530 695 585; x_wconf 87' lang='lat' dir='ltr'><strong>libertate</strong></span> <span class='ocrx_word' id='word_1_7' title='bbox 734 527 996 597; x_wconf 77' lang='lat' dir='ltr'><strong>spoliandi</strong></span> <span class='ocrx_word' id='word_1_8' title='bbox 1042 527 1270 583; x_wconf 80' lang='lat' dir='ltr'><strong>fuissent</strong></span> <span class='ocrx_word' id='word_1_9' title='bbox 1314 528 1498 594; x_wconf 91' lang='lat' dir='ltr'><strong>iidem,</strong></span> <span class='ocrx_word' id='word_1_10' title='bbox 1550 545 1617 584; x_wconf 90' lang='lat' dir='ltr'><strong>ne</strong></span> <span class='ocrx_word' id='word_1_11' title='bbox 1658 529 1709 582; x_wconf 93' lang='lat' dir='ltr'><strong>in</strong></span> <span class='ocrx_word' id='word_1_12' title='bbox 1755 528 2026 583; x_wconf 85' lang='lat' dir='ltr'><strong>lsraelitas</strong></span> <span class='ocrx_word' id='word_1_13' title='bbox 2057 531 2102 589; x_wconf 81' lang='grc' dir='ltr'><strong>Α</strong></span> <span class='ocrx_word' id='word_1_14' title='bbox 2133 527 2306 595; x_wconf 88' lang='lat' dir='ltr'><strong>lapsu.</strong></span> <span class='ocrx_word' id='word_1_15' title='bbox 2332 526 2485 583; x_wconf 90' lang='lat' dir='ltr'><strong>Tunc</strong></span> <span class='ocrx_word' id='word_1_16' title='bbox 2509 529 2612 584; x_wconf 90' lang='lat' dir='ltr'><strong>erit</strong></span> <span class='ocrx_word' id='word_1_17' title='bbox 2639 531 2779 585; x_wconf 84' lang='lat' dir='ltr'><strong>Deus</strong></span> <span class='ocrx_word' id='word_1_18' title='bbox 2816 530 2995 586; x_wconf 86' lang='lat' dir='ltr'><strong>omnia</strong></span> <span class='ocrx_word' id='word_1_19' title='bbox 3029 531 3080 586; x_wconf 92' lang='lat' dir='ltr'><strong>in</strong></span> <span class='ocrx_word' id='word_1_20' title='bbox 3103 533 3352 586; x_wconf 88' lang='lat' dir='ltr'><strong>omnibus</strong></span> <span class='ocrx_word' id='word_1_21' title='bbox 3378 528 3426 560; x_wconf 82' lang='lat'>&quot;</span> <span class='ocrx_word' id='word_1_22' title='bbox 3453 547 3467 594; x_wconf 88' lang='lat'><strong>;</strong></span> <span class='ocrx_word' id='word_1_23' title='bbox 3499 547 3518 580; x_wconf 74' lang='grc' dir='ltr'><strong><em>ι</em></strong></span> <span class='ocrx_word' id='word_1_24' title='bbox 3562 530 3707 598; x_wconf 87' lang='lat' dir='ltr'><strong>quod</strong></span> 
     </span>
    </p>
   </div>
   <div class='ocr_carea' id='block_1_5' title="bbox 447 619 2025 686">
    <p class='ocr_par' dir='ltr' id='par_1_5' title="bbox 447 619 2025 686">
     <span class='ocr_line' id='line_1_5' title="bbox 447 619 2025 686; baseline -0.001 -12"><span class='ocrx_word' id='word_1_25' title='bbox 447 622 778 686; x_wconf 87' lang='lat' dir='ltr'><strong>impotenter</strong></span> <span class='ocrx_word' id='word_1_26' title='bbox 811 621 1158 674; x_wconf 67' lang='lat' dir='ltr'><strong>desaevirent.</strong></span> <span class='ocrx_word' id='word_1_27' title='bbox 1197 619 1538 677; x_wconf 77' lang='lat' dir='ltr'><strong>Postremum</strong></span> <span class='ocrx_word' id='word_1_28' title='bbox 1576 623 1680 677; x_wconf 92' lang='lat' dir='ltr'><strong>hoc</strong></span> <span class='ocrx_word' id='word_1_29' title='bbox 1710 620 1756 676; x_wconf 87' lang='lat' dir='ltr'><strong>si</strong></span> <span class='ocrx_word' id='word_1_30' title='bbox 1814 621 2025 686; x_wconf 82' lang='lat' dir='ltr'><strong>fuisset,</strong></span> 
     </span>
    </p>
   </div>
   <div class='ocr_carea' id='block_1_6' title="bbox 451 712 2026 781">
    <p class='ocr_par' dir='ltr' id='par_1_6' title="bbox 451 712 2026 781">
     <span class='ocr_line' id='line_1_6' title="bbox 451 712 2026 781; baseline -0.001 -15"><span class='ocrx_word' id='word_1_31' title='bbox 451 729 472 765; x_wconf 69' lang='grc' dir='ltr'><strong><em>ε</em></strong></span> <span class='ocrx_word' id='word_1_32' title='bbox 506 713 605 766; x_wconf 90' lang='lat' dir='ltr'><strong>hoc</strong></span> <span class='ocrx_word' id='word_1_33' title='bbox 637 721 775 777; x_wconf 88' lang='lat' dir='ltr'><strong>erat,</strong></span> <span class='ocrx_word' id='word_1_34' title='bbox 807 712 999 781; x_wconf 88' lang='lat' dir='ltr'><strong>inquit,</strong></span> <span class='ocrx_word' id='word_1_35' title='bbox 1029 715 1318 768; x_wconf 87' lang='lat' dir='ltr'><strong>damnasse</strong></span> <span class='ocrx_word' id='word_1_36' title='bbox 1379 712 1754 767; x_wconf 84' lang='lat' dir='ltr'><strong>rationabilem</strong></span> <span class='ocrx_word' id='word_1_37' title='bbox 1809 722 2026 768; x_wconf 85' lang='lat' dir='ltr'><strong>creatu-</strong></span> 
     </span>
    </p>
   </div>
   <div class='ocr_carea' id='block_1_7' title="bbox 449 801 2028 870">
    <p class='ocr_par' dir='ltr' id='par_1_7' title="bbox 449 801 2028 870">
     <span class='ocr_line' id='line_1_7' title="bbox 449 801 2028 870; baseline 0.001 -16"><span class='ocrx_word' id='word_1_38' title='bbox 449 813 585 864; x_wconf 82' lang='lat' dir='ltr'><strong>ram,</strong></span> <span class='ocrx_word' id='word_1_39' title='bbox 617 812 669 854; x_wconf 90' lang='lat' dir='ltr'><strong>et</strong></span> <span class='ocrx_word' id='word_1_40' title='bbox 709 811 838 855; x_wconf 91' lang='lat' dir='ltr'><strong>ante</strong></span> <span class='ocrx_word' id='word_1_41' title='bbox 891 812 1104 870; x_wconf 87' lang='lat' dir='ltr'><strong>tempus</strong></span> <span class='ocrx_word' id='word_1_42' title='bbox 1140 803 1391 858; x_wconf 90' lang='lat' dir='ltr'><strong>intulisse</strong></span> <span class='ocrx_word' id='word_1_43' title='bbox 1435 801 1722 870; x_wconf 82' lang='lat' dir='ltr'><strong>judicium,</strong></span> <span class='ocrx_word' id='word_1_44' title='bbox 1761 811 1815 855; x_wconf 92' lang='lat' dir='ltr'><strong>et</strong></span> <span class='ocrx_word' id='word_1_45' title='bbox 1860 802 2028 870; x_wconf 88' lang='lat' dir='ltr'><strong>impe-</strong></span> 
     </span>
    </p>
   </div>
   <div class='ocr_carea' id='block_1_8' title="bbox 450 889 2029 960">
    <p class='ocr_par' dir='ltr' id='par_1_8' title="bbox 450 889 2029 960">
     <span class='ocr_line' id='line_1_8' title="bbox 450 889 2029 960; baseline 0.001 -16"><span class='ocrx_word' id='word_1_46' title='bbox 450 889 592 944; x_wconf 80' lang='lat' dir='ltr'><strong>disse</strong></span> <span class='ocrx_word' id='word_1_47' title='bbox 629 891 902 955; x_wconf 87' lang='lat' dir='ltr'><strong>omnibus,</strong></span> <span class='ocrx_word' id='word_1_48' title='bbox 938 893 1030 960; x_wconf 91' lang='lat' dir='ltr'><strong>qui</strong></span> <span class='ocrx_word' id='word_1_49' title='bbox 1055 893 1342 946; x_wconf 85' lang='lat' dir='ltr'><strong>adversum</strong></span> <span class='ocrx_word' id='word_1_50' title='bbox 1382 906 1476 946; x_wconf 91' lang='lat' dir='ltr'><strong>eos</strong></span> <span class='ocrx_word' id='word_1_51' title='bbox 1503 892 1557 945; x_wconf 90' lang='lat' dir='ltr'><strong>in</strong></span> <span class='ocrx_word' id='word_1_52' title='bbox 1583 907 1754 960; x_wconf 80' lang='lat' dir='ltr'><strong>agone</strong></span> <span class='ocrx_word' id='word_1_53' title='bbox 1778 901 2029 959; x_wconf 90' lang='lat' dir='ltr'><strong>poterant</strong></span> 
     </span>
    </p>
   </div>
   <div class='ocr_carea' id='block_1_9' title="bbox 451 982 2030 1050">
    <p class='ocr_par' dir='ltr' id='par_1_9' title="bbox 451 982 2030 1050">
     <span class='ocr_line' id='line_1_9' title="bbox 451 982 2030 1050; baseline 0.001 -15"><span class='ocrx_word' id='word_1_54' title='bbox 451 982 724 1036; x_wconf 86' lang='lat' dir='ltr'><strong>coronari.</strong></span> <span class='ocrx_word' id='word_1_55' title='bbox 767 999 785 1032; x_wconf 77' lang='grc' dir='ltr'>ι</span> <span class='ocrx_word' id='word_1_56' title='bbox 845 982 1010 1048; x_wconf 83' lang='lat' dir='ltr'><strong>Quasi</strong></span> <span class='ocrx_word' id='word_1_57' title='bbox 1061 983 1334 1036; x_wconf 68' lang='lat' dir='ltr'><strong>daemones</strong></span> <span class='ocrx_word' id='word_1_58' title='bbox 1366 982 1419 1036; x_wconf 94' lang='lat' dir='ltr'><strong>in</strong></span> <span class='ocrx_word' id='word_1_59' title='bbox 1453 983 1658 1050; x_wconf 88' lang='lat' dir='ltr'><strong>judicio</strong></span> <span class='ocrx_word' id='word_1_60' title='bbox 1687 982 1947 1036; x_wconf 87' lang='lat' dir='ltr'><strong>adversus</strong></span> <span class='ocrx_word' id='word_1_61' title='bbox 1969 997 2030 1036; x_wconf 88' lang='lat' dir='ltr'><strong>se</strong></span> 
     </span>
    </p>
   </div>
   <div class='ocr_carea' id='block_1_10' title="bbox 447 1071 2030 1143">
    <p class='ocr_par' dir='ltr' id='par_1_10' title="bbox 447 1071 2030 1143">
     <span class='ocr_line' id='line_1_10' title="bbox 447 1071 2030 1143; baseline -0.002 -14"><span class='ocrx_word' id='word_1_62' title='bbox 447 1072 575 1129; x_wconf 81' lang='lat' dir='ltr'><strong>olim</strong></span> <span class='ocrx_word' id='word_1_63' title='bbox 635 1076 922 1128; x_wconf 85' lang='lat' dir='ltr'><strong>statuendo</strong></span> <span class='ocrx_word' id='word_1_64' title='bbox 972 1073 1064 1143; x_wconf 80' lang='lat' dir='ltr'><strong>jus</strong></span> <span class='ocrx_word' id='word_1_65' title='bbox 1126 1073 1393 1127; x_wconf 84' lang='lat' dir='ltr'><strong>libertatis</strong></span> <span class='ocrx_word' id='word_1_66' title='bbox 1461 1073 1679 1127; x_wconf 87' lang='lat' dir='ltr'><strong>tandem</strong></span> <span class='ocrx_word' id='word_1_67' title='bbox 1739 1071 2030 1140; x_wconf 89' lang='lat' dir='ltr'><strong>aliquando</strong></span> 
     </span>
    </p>
   </div>
   <div class='ocr_carea' id='block_1_11' title="bbox 449 1164 2027 1234">
    <p class='ocr_par' dir='ltr' id='par_1_11' title="bbox 449 1164 2027 1234">
     <span class='ocr_line' id='line_1_11' title="bbox 449 1164 2027 1234; baseline -0.001 -14"><span class='ocrx_word' id='word_1_68' title='bbox 449 1166 702 1221; x_wconf 80' lang='lat' dir='ltr'><strong>amissuri</strong></span> <span class='ocrx_word' id='word_1_69' title='bbox 759 1164 888 1220; x_wconf 79' lang='lat' dir='ltr'><strong>sint.</strong></span> <span class='ocrx_word' id='word_1_70' title='bbox 922 1165 1074 1232; x_wconf 83' lang='lat' dir='ltr'><strong>Quod</strong></span> <span class='ocrx_word' id='word_1_71' title='bbox 1123 1166 1370 1234; x_wconf 84' lang='lat' dir='ltr'><strong>quamvis</strong></span> <span class='ocrx_word' id='word_1_72' title='bbox 1393 1182 1500 1220; x_wconf 92' lang='lat' dir='ltr'><strong>non</strong></span> <span class='ocrx_word' id='word_1_73' title='bbox 1537 1165 1744 1234; x_wconf 88' lang='lat' dir='ltr'><strong>liquido</strong></span> <span class='ocrx_word' id='word_1_74' title='bbox 1778 1179 1841 1218; x_wconf 87' lang='lat' dir='ltr'><strong>ex</strong></span> <span class='ocrx_word' id='word_1_75' title='bbox 1866 1179 2027 1234; x_wconf 85' lang='lat' dir='ltr'><strong>supe-</strong></span> 
     </span>
    </p>
   </div>
   <div class='ocr_carea' id='block_1_12' title="bbox 451 1257 2030 1327">
    <p class='ocr_par' dir='ltr' id='par_1_12' title="bbox 451 1257 2030 1327">
     <span class='ocr_line' id='line_1_12' title="bbox 451 1257 2030 1327; baseline 0 -15"><span class='ocrx_word' id='word_1_76' title='bbox 451 1257 708 1324; x_wconf 78' lang='lat' dir='ltr'><strong>rioribus,</strong></span> <span class='ocrx_word' id='word_1_77' title='bbox 736 1272 912 1326; x_wconf 89' lang='lat' dir='ltr'><strong>neque</strong></span> <span class='ocrx_word' id='word_1_78' title='bbox 948 1259 1254 1312; x_wconf 87' lang='lat' dir='ltr'><strong>necessaria</strong></span> <span class='ocrx_word' id='word_1_79' title='bbox 1279 1258 1667 1327; x_wconf 86' lang='lat' dir='ltr'><strong>consequentia</strong></span> <span class='ocrx_word' id='word_1_80' title='bbox 1692 1266 1941 1327; x_wconf 82' lang='lat' dir='ltr'><strong>cogatur,</strong></span> <span class='ocrx_word' id='word_1_81' title='bbox 1965 1270 2030 1312; x_wconf 88' lang='lat' dir='ltr'><strong>eo</strong></span> 
     </span>
    </p>
   </div>
   <div class='ocr_carea' id='block_1_13' title="bbox 452 1348 2030 1416">
    <p class='ocr_par' dir='ltr' id='par_1_13' title="bbox 452 1348 2030 1416">
     <span class='ocr_line' id='line_1_13' title="bbox 452 1348 2030 1416; baseline -0.004 -10"><span class='ocrx_word' id='word_1_82' title='bbox 452 1359 632 1405; x_wconf 90' lang='lat' dir='ltr'><strong>tamen</strong></span> <span class='ocrx_word' id='word_1_83' title='bbox 659 1351 872 1404; x_wconf 88' lang='lat' dir='ltr'><strong>videtur</strong></span> <span class='ocrx_word' id='word_1_84' title='bbox 906 1349 1005 1404; x_wconf 91' lang='lat' dir='ltr'><strong>loci</strong></span> <span class='ocrx_word' id='word_1_85' title='bbox 1063 1350 1220 1416; x_wconf 86' lang='lat' dir='ltr'><strong>hujus</strong></span> <span class='ocrx_word' id='word_1_86' title='bbox 1255 1349 1515 1403; x_wconf 77' lang='lat' dir='ltr'><strong>inclinare</strong></span> <span class='ocrx_word' id='word_1_87' title='bbox 1544 1348 1837 1410; x_wconf 87' lang='lat' dir='ltr'><strong>sententia,</strong></span> <span class='ocrx_word' id='word_1_88' title='bbox 1895 1354 1951 1400; x_wconf 89' lang='lat' dir='ltr'><strong>et</strong></span> <span class='ocrx_word' id='word_1_89' title='bbox 1999 1362 2030 1400; x_wconf 90' lang='lat' dir='ltr'><strong>a</strong></span> 
     </span>
    </p>
   </div>
   <div class='ocr_carea' id='block_1_14' title="bbox 449 1437 2027 1513">
    <p class='ocr_par' dir='ltr' id='par_1_14' title="bbox 449 1437 2027 1513">
     <span class='ocr_line' id='line_1_14' title="bbox 449 1437 2027 1513; baseline -0.003 -17"><span class='ocrx_word' id='word_1_90' title='bbox 449 1441 720 1513; x_wconf 85' lang='lat' dir='ltr'><strong>prioribus</strong></span> <span class='ocrx_word' id='word_1_91' title='bbox 773 1442 982 1509; x_wconf 80' lang='lat' dir='ltr'><strong>placitis</strong></span> <span class='ocrx_word' id='word_1_92' title='bbox 1033 1442 1301 1496; x_wconf 88' lang='lat' dir='ltr'><strong>recedere.</strong></span> <span class='ocrx_word' id='word_1_93' title='bbox 1339 1439 1472 1495; x_wconf 91' lang='lat' dir='ltr'><strong>Cum</strong></span> <span class='ocrx_word' id='word_1_94' title='bbox 1525 1440 1823 1509; x_wconf 77' lang='lat' dir='ltr'><strong>praesertim</strong></span> <span class='ocrx_word' id='word_1_95' title='bbox 1869 1437 1963 1492; x_wconf 92' lang='lat' dir='ltr'><strong>lib.</strong></span> <span class='ocrx_word' id='word_1_96' title='bbox 2011 1453 2027 1492; x_wconf 90' lang='lat' dir='ltr'><strong>I</strong></span> 
     </span>
    </p>
   </div>
   <div class='ocr_carea' id='block_1_15' title="bbox 450 1528 2032 1603">
    <p class='ocr_par' dir='ltr' id='par_1_15' title="bbox 450 1528 2032 1603">
     <span class='ocr_line' id='line_1_15' title="bbox 450 1528 2032 1603; baseline -0.003 -14"><span class='ocrx_word' id='word_1_97' title='bbox 450 1534 589 1601; x_wconf 77' lang='grc' dir='ltr'><strong>Περὶ</strong></span> <span class='ocrx_word' id='word_1_98' title='bbox 614 1533 841 1603; x_wconf 76' lang='grc' dir='ltr'><strong>ἀρχῶν,</strong></span> <span class='ocrx_word' id='word_1_99' title='bbox 871 1549 991 1602; x_wconf 88' lang='lat' dir='ltr'><strong>cap.</strong></span> <span class='ocrx_word' id='word_1_100' title='bbox 1019 1531 1073 1598; x_wconf 85' lang='lat'><strong>6,</strong></span> <span class='ocrx_word' id='word_1_101' title='bbox 1101 1547 1249 1586; x_wconf 92' lang='lat' dir='ltr'><strong>num.</strong></span> <span class='ocrx_word' id='word_1_102' title='bbox 1275 1533 1326 1597; x_wconf 83' lang='lat' dir='ltr'><strong>l,</strong></span> <span class='ocrx_word' id='word_1_103' title='bbox 1357 1533 1422 1586; x_wconf 91' lang='lat' dir='ltr'><strong>de</strong></span> <span class='ocrx_word' id='word_1_104' title='bbox 1445 1528 1754 1602; x_wconf 80' lang='lat' dir='ltr'><strong>angelorum</strong></span> <span class='ocrx_word' id='word_1_105' title='bbox 1786 1531 2032 1585; x_wconf 88' lang='lat' dir='ltr'><strong>libertate</strong></span> 
     </span>
    </p>
   </div>
   <div class='ocr_carea' id='block_1_16' title="bbox 449 1621 2032 1694">
    <p class='ocr_par' dir='ltr' id='par_1_16' title="bbox 449 1621 2032 1694">
     <span class='ocr_line' id='line_1_16' title="bbox 449 1621 2032 1694; baseline -0.002 -15"><span class='ocrx_word' id='word_1_106' title='bbox 449 1627 762 1680; x_wconf 82' lang='lat' dir='ltr'><strong>accuratius</strong></span> <span class='ocrx_word' id='word_1_107' title='bbox 793 1633 1031 1691; x_wconf 91' lang='lat' dir='ltr'><strong>acturus,</strong></span> <span class='ocrx_word' id='word_1_108' title='bbox 1055 1633 1105 1678; x_wconf 91' lang='lat' dir='ltr'><strong>et</strong></span> <span class='ocrx_word' id='word_1_109' title='bbox 1128 1625 1383 1694; x_wconf 78' lang='lat' dir='ltr'><strong>dogmata</strong></span> <span class='ocrx_word' id='word_1_110' title='bbox 1420 1638 1586 1692; x_wconf 85' lang='lat' dir='ltr'><strong>supra</strong></span> <span class='ocrx_word' id='word_1_111' title='bbox 1627 1623 1881 1677; x_wconf 82' lang='lat' dir='ltr'><strong>ventilata</strong></span> <span class='ocrx_word' id='word_1_112' title='bbox 1916 1621 2032 1678; x_wconf 78' lang='lat' dir='ltr'><strong>fuse</strong></span> 
     </span>
    </p>
   </div>
   <div class='ocr_carea' id='block_1_17' title="bbox 449 1715 2030 1786">
    <p class='ocr_par' dir='ltr' id='par_1_17' title="bbox 449 1715 2030 1786">
     <span class='ocr_line' id='line_1_17' title="bbox 449 1715 2030 1786; baseline 0.001 -17"><span class='ocrx_word' id='word_1_113' title='bbox 449 1717 851 1786; x_wconf 89' lang='lat' dir='ltr'><strong>propositurus,</strong></span> <span class='ocrx_word' id='word_1_114' title='bbox 910 1716 983 1769; x_wconf 90' lang='lat' dir='ltr'><strong>ita</strong></span> <span class='ocrx_word' id='word_1_115' title='bbox 1029 1717 1434 1785; x_wconf 87' lang='lat' dir='ltr'><strong>proloqnatur:</strong></span> <span class='ocrx_word' id='word_1_116' title='bbox 1479 1735 1498 1769; x_wconf 85' lang='grc'><em>‹</em></span> <span class='ocrx_word' id='word_1_117' title='bbox 1554 1715 1684 1782; x_wconf 69' lang='lat' dir='ltr'><strong>Qua:</strong></span> <span class='ocrx_word' id='word_1_118' title='bbox 1743 1716 1960 1786; x_wconf 88' lang='lat' dir='ltr'><strong>quidem</strong></span> <span class='ocrx_word' id='word_1_119' title='bbox 2001 1733 2030 1771; x_wconf 92' lang='lat' dir='ltr'><strong>a</strong></span> 
     </span>
    </p>
   </div>
   <div class='ocr_carea' id='block_1_18' title="bbox 455 1807 2030 1877">
    <p class='ocr_par' dir='ltr' id='par_1_18' title="bbox 455 1807 2030 1877">
     <span class='ocr_line' id='line_1_18' title="bbox 455 1807 2030 1877; baseline -0.003 -15"><span class='ocrx_word' id='word_1_120' title='bbox 455 1808 612 1862; x_wconf 88' lang='lat' dir='ltr'><strong>nobis</strong></span> <span class='ocrx_word' id='word_1_121' title='bbox 637 1809 800 1862; x_wconf 91' lang='lat' dir='ltr'><strong>etiam</strong></span> <span class='ocrx_word' id='word_1_122' title='bbox 837 1823 962 1862; x_wconf 88' lang='lat' dir='ltr'><strong>cum</strong></span> <span class='ocrx_word' id='word_1_123' title='bbox 1001 1823 1198 1877; x_wconf 86' lang='lat' dir='ltr'><strong>magno</strong></span> <span class='ocrx_word' id='word_1_124' title='bbox 1229 1817 1376 1862; x_wconf 90' lang='lat' dir='ltr'><strong>metu</strong></span> <span class='ocrx_word' id='word_1_125' title='bbox 1411 1817 1466 1862; x_wconf 91' lang='lat' dir='ltr'><strong>et</strong></span> <span class='ocrx_word' id='word_1_126' title='bbox 1509 1807 1720 1862; x_wconf 85' lang='lat' dir='ltr'><strong>cautela</strong></span> <span class='ocrx_word' id='word_1_127' title='bbox 1757 1808 2030 1869; x_wconf 90' lang='lat' dir='ltr'><strong>dicuntur,</strong></span> 
     </span>
    </p>
   </div>
   <div class='ocr_carea' id='block_1_19' title="bbox 2131 620 3707 691">
    <p class='ocr_par' dir='ltr' id='par_1_19' title="bbox 2131 620 3707 691">
     <span class='ocr_line' id='line_1_19' title="bbox 2131 620 3707 691; baseline 0.001 -20"><span class='ocrx_word' id='word_1_128' title='bbox 2131 620 2371 688; x_wconf 82' lang='lat' dir='ltr'><strong>Apostoli</strong></span> <span class='ocrx_word' id='word_1_129' title='bbox 2409 620 2727 675; x_wconf 88' lang='lat' dir='ltr'><strong>auctoritate</strong></span> <span class='ocrx_word' id='word_1_130' title='bbox 2756 621 3066 687; x_wconf 86' lang='lat' dir='ltr'><strong>conﬁrmat,</strong></span> <span class='ocrx_word' id='word_1_131' title='bbox 3098 622 3188 691; x_wconf 88' lang='lat' dir='ltr'><strong>qui</strong></span> <span class='ocrx_word' id='word_1_132' title='bbox 3238 620 3382 676; x_wconf 91' lang='lat' dir='ltr'><strong>nulla</strong></span> <span class='ocrx_word' id='word_1_133' title='bbox 3418 635 3497 685; x_wconf 92' lang='lat' dir='ltr'><strong>re,</strong></span> <span class='ocrx_word' id='word_1_134' title='bbox 3532 635 3707 690; x_wconf 79' lang='lat' dir='ltr'><strong>quan-</strong></span> 
     </span>
    </p>
   </div>
   <div class='ocr_carea' id='block_1_20' title="bbox 2131 709 3707 781">
    <p class='ocr_par' dir='ltr' id='par_1_20' title="bbox 2131 709 3707 781">
     <span class='ocr_line' id='line_1_20' title="bbox 2131 709 3707 781; baseline 0.005 -21"><span class='ocrx_word' id='word_1_135' title='bbox 2131 709 2381 764; x_wconf 89' lang='lat' dir='ltr'><strong>tumlibet</strong></span> <span class='ocrx_word' id='word_1_136' title='bbox 2415 712 2564 781; x_wconf 81' lang='lat' dir='ltr'><strong>gravi</strong></span> <span class='ocrx_word' id='word_1_137' title='bbox 2589 720 2643 766; x_wconf 88' lang='lat' dir='ltr'><strong>et</strong></span> <span class='ocrx_word' id='word_1_138' title='bbox 2673 712 2917 774; x_wconf 89' lang='lat' dir='ltr'><strong>molesta,</strong></span> <span class='ocrx_word' id='word_1_139' title='bbox 2949 727 2978 765; x_wconf 90' lang='lat' dir='ltr'><strong>a</strong></span> <span class='ocrx_word' id='word_1_140' title='bbox 3035 712 3235 767; x_wconf 86' lang='lat' dir='ltr'><strong>Christi</strong></span> <span class='ocrx_word' id='word_1_141' title='bbox 3266 711 3532 767; x_wconf 77' lang='lat' dir='ltr'><strong>charitste</strong></span> <span class='ocrx_word' id='word_1_142' title='bbox 3583 726 3707 768; x_wconf 80' lang='lat' dir='ltr'><strong>sese</strong></span> 
     </span>
    </p>
   </div>
   <div class='ocr_carea' id='block_1_21' title="bbox 2130 799 3707 871">
    <p class='ocr_par' dir='ltr' id='par_1_21' title="bbox 2130 799 3707 871">
     <span class='ocr_line' id='line_1_21' title="bbox 2130 799 3707 871; baseline 0.002 -18"><span class='ocrx_word' id='word_1_143' title='bbox 2130 799 2310 853; x_wconf 82' lang='lat' dir='ltr'><strong>divelli</strong></span> <span class='ocrx_word' id='word_1_144' title='bbox 2343 815 2502 868; x_wconf 85' lang='lat' dir='ltr'><strong>posse</strong></span> <span class='ocrx_word' id='word_1_145' title='bbox 2529 801 2771 856; x_wconf 85' lang='lat' dir='ltr'><strong>declarat</strong></span> <span class='ocrx_word' id='word_1_146' title='bbox 2802 819 2816 855; x_wconf 91' lang='lat'><strong>:</strong></span> <span class='ocrx_word' id='word_1_147' title='bbox 2851 816 3084 871; x_wconf 87' lang='lat' dir='ltr'><strong>cumque</strong></span> <span class='ocrx_word' id='word_1_148' title='bbox 3119 811 3265 857; x_wconf 92' lang='lat' dir='ltr'><strong>tomo</strong></span> <span class='ocrx_word' id='word_1_149' title='bbox 3305 817 3416 857; x_wconf 87' lang='lat' dir='ltr'><strong>xvu</strong></span> <span class='ocrx_word' id='word_1_150' title='bbox 3469 802 3524 855; x_wconf 86' lang='lat' dir='ltr'><strong>in</strong></span> <span class='ocrx_word' id='word_1_151' title='bbox 3558 800 3707 856; x_wconf 61' lang='lat' dir='ltr'><strong>Mato-</strong></span> 
     </span>
    </p>
   </div>
   <div class='ocr_carea' id='block_1_22' title="bbox 2133 889 3708 962">
    <p class='ocr_par' dir='ltr' id='par_1_22' title="bbox 2133 889 3708 962">
     <span class='ocr_line' id='line_1_22' title="bbox 2133 889 3708 962; baseline 0.004 -20"><span class='ocrx_word' id='word_1_152' title='bbox 2133 889 2324 945; x_wconf 71' lang='lat' dir='ltr'><strong>thwum</strong></span> <span class='ocrx_word' id='word_1_153' title='bbox 2353 933 2369 959; x_wconf 97' lang='lat'><strong>,</strong></span> <span class='ocrx_word' id='word_1_154' title='bbox 2412 908 2560 945; x_wconf 92' lang='lat' dir='ltr'><strong>num.</strong></span> <span class='ocrx_word' id='word_1_155' title='bbox 2595 891 2684 957; x_wconf 75' lang='lat'><strong>50,</strong></span> <span class='ocrx_word' id='word_1_156' title='bbox 2741 907 2860 947; x_wconf 89' lang='lat' dir='ltr'><strong>cmn</strong></span> <span class='ocrx_word' id='word_1_157' title='bbox 2917 902 3186 962; x_wconf 65' lang='lat' dir='ltr'><strong>quaereret</strong></span> <span class='ocrx_word' id='word_1_158' title='bbox 3229 908 3406 946; x_wconf 90' lang='lat' dir='ltr'><strong>annon</strong></span> <span class='ocrx_word' id='word_1_159' title='bbox 3459 893 3708 949; x_wconf 85' lang='lat' dir='ltr'><strong>homines</strong></span> 
     </span>
    </p>
   </div>
   <div class='ocr_carea' id='block_1_23' title="bbox 2132 983 3709 1054">
    <p class='ocr_par' dir='ltr' id='par_1_23' title="bbox 2132 983 3709 1054">
     <span class='ocr_line' id='line_1_23' title="bbox 2132 983 3709 1054; baseline 0.003 -19"><span class='ocrx_word' id='word_1_160' title='bbox 2132 983 2332 1052; x_wconf 90' lang='lat' dir='ltr'><strong>pietate</strong></span> <span class='ocrx_word' id='word_1_161' title='bbox 2385 984 2620 1052; x_wconf 79' lang='lat' dir='ltr'><strong>insignes</strong></span> <span class='ocrx_word' id='word_1_162' title='bbox 2661 984 2837 1054; x_wconf 79' lang='lat' dir='ltr'><strong>angeli</strong></span> <span class='ocrx_word' id='word_1_163' title='bbox 2878 986 3134 1049; x_wconf 87' lang='lat' dir='ltr'><strong>evadant,</strong></span> <span class='ocrx_word' id='word_1_164' title='bbox 3179 984 3518 1038; x_wconf 83' lang='lat' dir='ltr'><strong>dubitantem</strong></span> <span class='ocrx_word' id='word_1_165' title='bbox 3554 997 3615 1038; x_wconf 88' lang='lat' dir='ltr'><strong>se</strong></span> <span class='ocrx_word' id='word_1_166' title='bbox 3652 994 3709 1039; x_wconf 66' lang='lat' dir='ltr'><strong>et</strong></span> 
     </span>
    </p>
   </div>
   <div class='ocr_carea' id='block_1_24' title="bbox 2132 1074 3705 1145">
    <p class='ocr_par' dir='ltr' id='par_1_24' title="bbox 2132 1074 3705 1145">
     <span class='ocr_line' id='line_1_24' title="bbox 2132 1074 3705 1145; baseline 0.002 -17"><span class='ocrx_word' id='word_1_167' title='bbox 2132 1074 2401 1129; x_wconf 90' lang='lat' dir='ltr'><strong>incertum</strong></span> <span class='ocrx_word' id='word_1_168' title='bbox 2432 1075 2548 1130; x_wconf 74' lang='lat' dir='ltr'><strong>haec</strong></span> <span class='ocrx_word' id='word_1_169' title='bbox 2593 1076 2925 1145; x_wconf 91' lang='lat' dir='ltr'><strong>perscrutari</strong></span> <span class='ocrx_word' id='word_1_170' title='bbox 2950 1076 3098 1130; x_wconf 88' lang='lat' dir='ltr'><strong>dicat</strong></span> <span class='ocrx_word' id='word_1_171' title='bbox 3128 1093 3140 1130; x_wconf 95' lang='lat'>:</span> <span class='ocrx_word' id='word_1_172' title='bbox 3171 1090 3402 1145; x_wconf 90' lang='lat' dir='ltr'><strong>cumque</strong></span> <span class='ocrx_word' id='word_1_173' title='bbox 3424 1075 3530 1130; x_wconf 90' lang='lat' dir='ltr'><strong>alio</strong></span> <span class='ocrx_word' id='word_1_174' title='bbox 3565 1074 3705 1140; x_wconf 91' lang='lat' dir='ltr'><strong>loco,</strong></span> 
     </span>
    </p>
   </div>
   <div class='ocr_carea' id='block_1_25' title="bbox 2135 1165 3707 1237">
    <p class='ocr_par' dir='ltr' id='par_1_25' title="bbox 2135 1165 3707 1237">
     <span class='ocr_line' id='line_1_25' title="bbox 2135 1165 3707 1237; baseline 0 -17"><span class='ocrx_word' id='word_1_175' title='bbox 2135 1176 2420 1236; x_wconf 86' lang='lat' dir='ltr'><strong>postquam</strong></span> <span class='ocrx_word' id='word_1_176' title='bbox 2459 1165 2525 1220; x_wconf 89' lang='lat' dir='ltr'><strong>de</strong></span> <span class='ocrx_word' id='word_1_177' title='bbox 2548 1165 2755 1235; x_wconf 82' lang='lat' dir='ltr'><strong>angelis</strong></span> <span class='ocrx_word' id='word_1_178' title='bbox 2790 1167 2919 1236; x_wconf 88' lang='lat' dir='ltr'><strong>quid</strong></span> <span class='ocrx_word' id='word_1_179' title='bbox 2961 1167 3186 1222; x_wconf 88' lang='lat' dir='ltr'><strong>sentiret</strong></span> <span class='ocrx_word' id='word_1_180' title='bbox 3219 1167 3537 1237; x_wconf 82' lang='lat' dir='ltr'><strong>explicavit,</strong></span> <span class='ocrx_word' id='word_1_181' title='bbox 3577 1165 3707 1220; x_wconf 88' lang='lat' dir='ltr'><strong>talia</strong></span> 
     </span>
    </p>
   </div>
   <div class='ocr_carea' id='block_1_26' title="bbox 2133 1255 3706 1324">
    <p class='ocr_par' dir='ltr' id='par_1_26' title="bbox 2133 1255 3706 1324">
     <span class='ocr_line' id='line_1_26' title="bbox 2133 1255 3706 1324; baseline -0.002 -12"><span class='ocrx_word' id='word_1_182' title='bbox 2133 1258 2424 1312; x_wconf 86' lang='lat' dir='ltr'><strong>subuectat</strong></span> <span class='ocrx_word' id='word_1_183' title='bbox 2457 1273 2468 1307; x_wconf 91' lang='lat'><strong>:</strong></span> <span class='ocrx_word' id='word_1_184' title='bbox 2507 1275 2525 1308; x_wconf 70' lang='grc' dir='ltr'><strong>ε</strong></span> <span class='ocrx_word' id='word_1_185' title='bbox 2561 1255 2687 1311; x_wconf 72' lang='lat' dir='ltr'><strong>llaec</strong></span> <span class='ocrx_word' id='word_1_186' title='bbox 2717 1255 2869 1324; x_wconf 82' lang='lat' dir='ltr'><strong>juxta</strong></span> <span class='ocrx_word' id='word_1_187' title='bbox 2915 1265 3158 1311; x_wconf 91' lang='lat' dir='ltr'><strong>nostram</strong></span> <span class='ocrx_word' id='word_1_188' title='bbox 3214 1257 3538 1312; x_wconf 86' lang='lat' dir='ltr'><strong>sententiam</strong></span> <span class='ocrx_word' id='word_1_189' title='bbox 3601 1271 3706 1309; x_wconf 88' lang='lat' dir='ltr'><strong>non</strong></span> 
     </span>
    </p>
   </div>
   <div class='ocr_carea' id='block_1_27' title="bbox 2133 1347 3706 1419">
    <p class='ocr_par' dir='ltr' id='par_1_27' title="bbox 2133 1347 3706 1419">
     <span class='ocr_line' id='line_1_27' title="bbox 2133 1347 3706 1419; baseline -0.002 -15"><span class='ocrx_word' id='word_1_190' title='bbox 2133 1349 2245 1404; x_wconf 89' lang='lat' dir='ltr'><strong>sint</strong></span> <span class='ocrx_word' id='word_1_191' title='bbox 2269 1350 2540 1418; x_wconf 85' lang='lat' dir='ltr'><strong>dogmata,</strong></span> <span class='ocrx_word' id='word_1_192' title='bbox 2577 1349 2671 1403; x_wconf 87' lang='lat' dir='ltr'><strong>sed</strong></span> <span class='ocrx_word' id='word_1_193' title='bbox 2709 1349 2934 1418; x_wconf 66' lang='lat' dir='ltr'><strong>quaesita</strong></span> <span class='ocrx_word' id='word_1_194' title='bbox 2970 1359 3198 1413; x_wconf 92' lang='lat' dir='ltr'><strong>tantum,</strong></span> <span class='ocrx_word' id='word_1_195' title='bbox 3250 1358 3412 1419; x_wconf 89' lang='lat' dir='ltr'><strong>atque</strong></span> <span class='ocrx_word' id='word_1_196' title='bbox 3445 1347 3706 1417; x_wconf 79' lang='lat' dir='ltr'><strong>projects,</strong></span> 
     </span>
    </p>
   </div>
   <div class='ocr_carea' id='block_1_28' title="bbox 2145 1440 3346 1512">
    <p class='ocr_par' dir='ltr' id='par_1_28' title="bbox 2145 1440 3346 1512">
     <span class='ocr_line' id='line_1_28' title="bbox 2145 1440 3346 1512; baseline 0 -17"><span class='ocrx_word' id='word_1_197' title='bbox 2145 1456 2212 1495; x_wconf 91' lang='lat' dir='ltr'><strong>ne</strong></span> <span class='ocrx_word' id='word_1_198' title='bbox 2242 1445 2458 1509; x_wconf 86' lang='lat' dir='ltr'><strong>penitus</strong></span> <span class='ocrx_word' id='word_1_199' title='bbox 2499 1441 2785 1495; x_wconf 88' lang='lat' dir='ltr'><strong>intractata</strong></span> <span class='ocrx_word' id='word_1_200' title='bbox 2811 1441 3118 1496; x_wconf 89' lang='lat' dir='ltr'><strong>viderentur</strong></span> <span class='ocrx_word' id='word_1_201' title='bbox 3147 1440 3280 1512; x_wconf 77' lang='lat' dir='ltr'><strong>(3i).</strong></span> <span class='ocrx_word' id='word_1_202' title='bbox 3327 1459 3346 1494; x_wconf 73' lang='grc' dir='ltr'>ι</span> 
     </span>
    </p>
   </div>
   <div class='ocr_carea' id='block_1_29' title="bbox 2209 1529 3710 1600">
    <p class='ocr_par' dir='ltr' id='par_1_29' title="bbox 2209 1529 3710 1600">
     <span class='ocr_line' id='line_1_29' title="bbox 2209 1529 3710 1600; baseline 0.001 -15"><span class='ocrx_word' id='word_1_203' title='bbox 2209 1529 2349 1585; x_wconf 80' lang='lat' dir='ltr'><strong>XVI.</strong></span> <span class='ocrx_word' id='word_1_204' title='bbox 2377 1531 2496 1586; x_wconf 79' lang='lat' dir='ltr'><strong>Jam</strong></span> <span class='ocrx_word' id='word_1_205' title='bbox 2531 1546 2658 1585; x_wconf 86' lang='lat' dir='ltr'><strong>vero</strong></span> <span class='ocrx_word' id='word_1_206' title='bbox 2695 1531 2853 1600; x_wconf 91' lang='lat' dir='ltr'><strong>ecqui</strong></span> <span class='ocrx_word' id='word_1_207' title='bbox 2905 1533 3175 1586; x_wconf 66' lang='lat' dir='ltr'><strong>damnosae</strong></span> <span class='ocrx_word' id='word_1_208' title='bbox 3222 1532 3348 1587; x_wconf 86' lang='lat' dir='ltr'><strong>huic</strong></span> <span class='ocrx_word' id='word_1_209' title='bbox 3383 1547 3564 1588; x_wconf 58' lang='lat' dir='ltr'><strong>causa}</strong></span> <span class='ocrx_word' id='word_1_210' title='bbox 3593 1531 3710 1588; x_wconf 82' lang='lat' dir='ltr'><strong>suf-</strong></span> 
     </span>
    </p>
   </div>
   <div class='ocr_carea' id='block_1_30' title="bbox 2139 1631 3709 1711">
    <p class='ocr_par' dir='ltr' id='par_1_30' title="bbox 2139 1631 3709 1711">
     <span class='ocr_line' id='line_1_30' title="bbox 2139 1631 3709 1711; baseline 0.001 -25"><span class='ocrx_word' id='word_1_211' title='bbox 2139 1631 2442 1702; x_wconf 82' lang='lat' dir='ltr'><strong>fragentur,</strong></span> <span class='ocrx_word' id='word_1_212' title='bbox 2499 1631 2854 1700; x_wconf 89' lang='lat' dir='ltr'><strong>inquiramus.</strong></span> <span class='ocrx_word' id='word_1_213' title='bbox 2899 1631 2978 1711; x_wconf 84' lang='lat' dir='ltr'><strong>Ac</strong></span> <span class='ocrx_word' id='word_1_214' title='bbox 3008 1631 3238 1700; x_wconf 90' lang='lat' dir='ltr'><strong>primum</strong></span> <span class='ocrx_word' id='word_1_215' title='bbox 3263 1633 3483 1703; x_wconf 87' lang='lat' dir='ltr'><strong>angelos</strong></span> <span class='ocrx_word' id='word_1_216' title='bbox 3508 1644 3563 1688; x_wconf 91' lang='lat' dir='ltr'><strong>et</strong></span> <span class='ocrx_word' id='word_1_217' title='bbox 3610 1634 3709 1688; x_wconf 81' lang='lat' dir='ltr'><strong>ho-</strong></span> 
     </span>
    </p>
   </div>
   <div class='ocr_carea' id='block_1_31' title="bbox 2135 1721 3708 1794">
    <p class='ocr_par' dir='ltr' id='par_1_31' title="bbox 2135 1721 3708 1794">
     <span class='ocr_line' id='line_1_31' title="bbox 2135 1721 3708 1794; baseline 0.001 -17"><span class='ocrx_word' id='word_1_218' title='bbox 2135 1723 2311 1778; x_wconf 86' lang='lat' dir='ltr'><strong>mines</strong></span> <span class='ocrx_word' id='word_1_219' title='bbox 2371 1722 2647 1794; x_wconf 88' lang='lat' dir='ltr'><strong>hypostasi</strong></span> <span class='ocrx_word' id='word_1_220' title='bbox 2699 1721 2916 1790; x_wconf 89' lang='lat' dir='ltr'><strong>quidem</strong></span> <span class='ocrx_word' id='word_1_221' title='bbox 2975 1722 3302 1790; x_wconf 88' lang='lat' dir='ltr'><strong>discrepare,</strong></span> <span class='ocrx_word' id='word_1_222' title='bbox 3354 1733 3410 1778; x_wconf 89' lang='lat' dir='ltr'><strong>at</strong></span> <span class='ocrx_word' id='word_1_223' title='bbox 3464 1725 3708 1779; x_wconf 85' lang='lat' dir='ltr'><strong>eamdem</strong></span> 
     </span>
    </p>
   </div>
   <div class='ocr_carea' id='block_1_32' title="bbox 2136 1813 3712 1870">
    <p class='ocr_par' dir='ltr' id='par_1_32' title="bbox 2136 1813 3712 1870">
     <span class='ocr_line' id='line_1_32' title="bbox 2136 1813 3712 1870; baseline 0.001 -1"><span class='ocrx_word' id='word_1_224' title='bbox 2136 1816 2336 1870; x_wconf 86' lang='lat' dir='ltr'><strong>habere</strong></span> <span class='ocrx_word' id='word_1_225' title='bbox 2399 1825 2648 1868; x_wconf 90' lang='lat' dir='ltr'><strong>naturam</strong></span> <span class='ocrx_word' id='word_1_226' title='bbox 2691 1814 2828 1868; x_wconf 83' lang='lat' dir='ltr'><strong>dixit</strong></span> <span class='ocrx_word' id='word_1_227' title='bbox 2885 1813 3118 1870; x_wconf 77' lang='lat' dir='ltr'><strong>Joannes</strong></span> <span class='ocrx_word' id='word_1_228' title='bbox 3159 1813 3479 1869; x_wconf 80' lang='lat' dir='ltr'><strong>Damascen.</strong></span> <span class='ocrx_word' id='word_1_229' title='bbox 3505 1816 3598 1870; x_wconf 91' lang='lat' dir='ltr'><strong>lib.</strong></span> <span class='ocrx_word' id='word_1_230' title='bbox 3635 1815 3712 1870; x_wconf 80' lang='lat' dir='ltr'><strong>De</strong></span> 
     </span>
    </p>
   </div>
   <div class='ocr_carea' id='block_1_33' title="bbox 450 1887 3713 1978">
    <p class='ocr_par' dir='ltr' id='par_1_33' title="bbox 450 1887 3713 1978">
     <span class='ocr_line' id='line_1_33' title="bbox 450 1887 3713 1978; baseline -0 -26"><span class='ocrx_word' id='word_1_231' title='bbox 450 1899 869 1954; x_wconf 85' lang='lat' dir='ltr'><strong>discutientibus</strong></span> <span class='ocrx_word' id='word_1_232' title='bbox 924 1900 1099 1968; x_wconf 87' lang='lat' dir='ltr'><strong>magis</strong></span> <span class='ocrx_word' id='word_1_233' title='bbox 1130 1910 1183 1953; x_wconf 91' lang='lat' dir='ltr'><strong>et</strong></span> <span class='ocrx_word' id='word_1_234' title='bbox 1214 1899 1696 1968; x_wconf 87' lang='lat' dir='ltr'><strong>pertractantibus,</strong></span> <span class='ocrx_word' id='word_1_235' title='bbox 1728 1914 1890 1968; x_wconf 90' lang='lat' dir='ltr'><strong>quam</strong></span> <span class='ocrx_word' id='word_1_236' title='bbox 1931 1915 2029 1967; x_wconf 87' lang='lat' dir='ltr'><strong>pro</strong></span> <span class='ocrx_word' id='word_1_237' title='bbox 2061 1887 2104 1940; x_wconf 67' lang='grc' dir='ltr'><strong>Β</strong></span> <span class='ocrx_word' id='word_1_238' title='bbox 2140 1906 2348 1960; x_wconf 79' lang='lat' dir='ltr'><strong>duabus</strong></span> <span class='ocrx_word' id='word_1_239' title='bbox 2375 1905 2745 1964; x_wconf 68' lang='lat' dir='ltr'><strong>voluntatibus.</strong></span> <span class='ocrx_word' id='word_1_240' title='bbox 2788 1907 3038 1976; x_wconf 87' lang='lat' dir='ltr'><strong>Ejusdem</strong></span> <span class='ocrx_word' id='word_1_241' title='bbox 3079 1922 3209 1962; x_wconf 91' lang='lat' dir='ltr'><strong>vero</strong></span> <span class='ocrx_word' id='word_1_242' title='bbox 3237 1921 3356 1963; x_wconf 90' lang='lat' dir='ltr'><strong>esse</strong></span> <span class='ocrx_word' id='word_1_243' title='bbox 3383 1908 3601 1978; x_wconf 83' lang='lat' dir='ltr'><strong>angelos</strong></span> <span class='ocrx_word' id='word_1_244' title='bbox 3629 1908 3713 1962; x_wconf 79' lang='lat' dir='ltr'><strong>in.</strong></span> 
     </span>
    </p>
   </div>
   <div class='ocr_carea' id='block_1_34' title="bbox 450 1991 2028 2061">
    <p class='ocr_par' dir='ltr' id='par_1_34' title="bbox 450 1991 2028 2061">
     <span class='ocr_line' id='line_1_34' title="bbox 450 1991 2028 2061; baseline 0.001 -15"><span class='ocrx_word' id='word_1_245' title='bbox 450 2001 603 2046; x_wconf 90' lang='lat' dir='ltr'><strong>certo</strong></span> <span class='ocrx_word' id='word_1_246' title='bbox 635 2006 699 2046; x_wconf 86' lang='lat' dir='ltr'><strong>ac</strong></span> <span class='ocrx_word' id='word_1_247' title='bbox 729 1991 949 2046; x_wconf 78' lang='lat' dir='ltr'><strong>definito</strong></span> <span class='ocrx_word' id='word_1_248' title='bbox 978 1993 1359 2047; x_wconf 88' lang='lat' dir='ltr'><strong>statuenlibus.</strong></span> <span class='ocrx_word' id='word_1_249' title='bbox 1403 1991 1701 2046; x_wconf 89' lang='lat' dir='ltr'><strong>lndicatum</strong></span> <span class='ocrx_word' id='word_1_250' title='bbox 1735 2007 1970 2061; x_wconf 86' lang='lat' dir='ltr'><strong>namque</strong></span> <span class='ocrx_word' id='word_1_251' title='bbox 1999 2008 2028 2047; x_wconf 90' lang='lat' dir='ltr'><strong>a</strong></span> 
     </span>
    </p>
   </div>
   <div class='ocr_carea' id='block_1_35' title="bbox 452 2084 2030 2156">
    <p class='ocr_par' dir='ltr' id='par_1_35' title="bbox 452 2084 2030 2156">
     <span class='ocr_line' id='line_1_35' title="bbox 452 2084 2030 2156; baseline 0.001 -18"><span class='ocrx_word' id='word_1_252' title='bbox 452 2084 608 2138; x_wconf 90' lang='lat' dir='ltr'><strong>nobis</strong></span> <span class='ocrx_word' id='word_1_253' title='bbox 631 2085 683 2138; x_wconf 92' lang='lat' dir='ltr'><strong>in</strong></span> <span class='ocrx_word' id='word_1_254' title='bbox 721 2086 1100 2154; x_wconf 90' lang='lat' dir='ltr'><strong>superioribus</strong></span> <span class='ocrx_word' id='word_1_255' title='bbox 1122 2095 1226 2149; x_wconf 90' lang='lat' dir='ltr'><strong>est,</strong></span> <span class='ocrx_word' id='word_1_256' title='bbox 1256 2101 1373 2152; x_wconf 65' lang='lat' dir='ltr'><strong>quae</strong></span> <span class='ocrx_word' id='word_1_257' title='bbox 1397 2085 1504 2139; x_wconf 87' lang='lat' dir='ltr'><strong>sint</strong></span> <span class='ocrx_word' id='word_1_258' title='bbox 1529 2085 1596 2140; x_wconf 89' lang='lat' dir='ltr'><strong>de</strong></span> <span class='ocrx_word' id='word_1_259' title='bbox 1627 2086 1827 2156; x_wconf 85' lang='lat' dir='ltr'><strong>quibus</strong></span> <span class='ocrx_word' id='word_1_260' title='bbox 1855 2088 2030 2140; x_wconf 89' lang='lat' dir='ltr'><strong>mani-</strong></span> 
     </span>
    </p>
   </div>
   <div class='ocr_carea' id='block_1_36' title="bbox 452 2175 2032 2248">
    <p class='ocr_par' dir='ltr' id='par_1_36' title="bbox 452 2175 2032 2248">
     <span class='ocr_line' id='line_1_36' title="bbox 452 2175 2032 2248; baseline 0.003 -19"><span class='ocrx_word' id='word_1_261' title='bbox 452 2175 589 2232; x_wconf 80' lang='lat' dir='ltr'><strong>festo</strong></span> <span class='ocrx_word' id='word_1_262' title='bbox 613 2178 863 2247; x_wconf 84' lang='lat' dir='ltr'><strong>dogmate</strong></span> <span class='ocrx_word' id='word_1_263' title='bbox 887 2177 1286 2232; x_wconf 87' lang='lat' dir='ltr'><strong>terminandum</strong></span> <span class='ocrx_word' id='word_1_264' title='bbox 1324 2179 1394 2232; x_wconf 93' lang='lat' dir='ltr'><strong>sit</strong></span> <span class='ocrx_word' id='word_1_265' title='bbox 1420 2220 1432 2238; x_wconf 85' lang='lat'><strong>.</strong></span> <span class='ocrx_word' id='word_1_266' title='bbox 1458 2180 1602 2248; x_wconf 89' lang='lat' dir='ltr'><strong>quod</strong></span> <span class='ocrx_word' id='word_1_267' title='bbox 1630 2189 1680 2232; x_wconf 92' lang='lat' dir='ltr'><strong>et</strong></span> <span class='ocrx_word' id='word_1_268' title='bbox 1705 2194 1802 2248; x_wconf 93' lang='lat' dir='ltr'><strong>pro</strong></span> <span class='ocrx_word' id='word_1_269' title='bbox 1828 2179 2032 2234; x_wconf 87' lang='lat' dir='ltr'><strong>viribus</strong></span> 
     </span>
    </p>
   </div>
   <div class='ocr_carea' id='block_1_37' title="bbox 449 2268 2028 2341">
    <p class='ocr_par' dir='ltr' id='par_1_37' title="bbox 449 2268 2028 2341">
     <span class='ocr_line' id='line_1_37' title="bbox 449 2268 2028 2341; baseline 0.003 -20"><span class='ocrx_word' id='word_1_270' title='bbox 449 2284 551 2322; x_wconf 89' lang='lat' dir='ltr'><strong>nos</strong></span> <span class='ocrx_word' id='word_1_271' title='bbox 606 2268 802 2324; x_wconf 80' lang='lat' dir='ltr'><strong>fecisse</strong></span> <span class='ocrx_word' id='word_1_272' title='bbox 854 2279 1006 2339; x_wconf 92' lang='lat' dir='ltr'><strong>puto,</strong></span> <span class='ocrx_word' id='word_1_273' title='bbox 1039 2287 1160 2325; x_wconf 90' lang='lat' dir='ltr'><strong>cum</strong></span> <span class='ocrx_word' id='word_1_274' title='bbox 1217 2271 1281 2324; x_wconf 93' lang='lat' dir='ltr'><strong>de</strong></span> <span class='ocrx_word' id='word_1_275' title='bbox 1334 2269 1604 2325; x_wconf 87' lang='lat' dir='ltr'><strong>Trinitate</strong></span> <span class='ocrx_word' id='word_1_276' title='bbox 1657 2269 2028 2341; x_wconf 86' lang='lat' dir='ltr'><strong>loqueremur.</strong></span> 
     </span>
    </p>
   </div>
   <div class='ocr_carea' id='block_1_38' title="bbox 451 2358 2034 2432">
    <p class='ocr_par' dir='ltr' id='par_1_38' title="bbox 451 2358 2034 2432">
     <span class='ocr_line' id='line_1_38' title="bbox 451 2358 2034 2432; baseline 0.003 -20"><span class='ocrx_word' id='word_1_277' title='bbox 451 2358 606 2415; x_wconf 75' lang='lat' dir='ltr'><strong>Nunc</strong></span> <span class='ocrx_word' id='word_1_278' title='bbox 640 2371 817 2415; x_wconf 88' lang='lat' dir='ltr'><strong>autem</strong></span> <span class='ocrx_word' id='word_1_279' title='bbox 848 2362 1158 2431; x_wconf 91' lang='lat' dir='ltr'><strong>disputandi</strong></span> <span class='ocrx_word' id='word_1_280' title='bbox 1183 2364 1364 2432; x_wconf 89' lang='lat' dir='ltr'><strong>specie</strong></span> <span class='ocrx_word' id='word_1_281' title='bbox 1409 2361 1583 2432; x_wconf 89' lang='lat' dir='ltr'><strong>magis</strong></span> <span class='ocrx_word' id='word_1_282' title='bbox 1610 2401 1625 2424; x_wconf 91' lang='lat'><strong>,</strong></span> <span class='ocrx_word' id='word_1_283' title='bbox 1683 2378 1846 2432; x_wconf 91' lang='lat' dir='ltr'><strong>quam</strong></span> <span class='ocrx_word' id='word_1_284' title='bbox 1900 2363 2034 2419; x_wconf 87' lang='lat' dir='ltr'><strong>deli-</strong></span> 
     </span>
    </p>
   </div>
   <div class='ocr_carea' id='block_1_39' title="bbox 453 2453 2031 2525">
    <p class='ocr_par' dir='ltr' id='par_1_39' title="bbox 453 2453 2031 2525">
     <span class='ocr_line' id='line_1_39' title="bbox 453 2453 2031 2525; baseline 0.001 -16"><span class='ocrx_word' id='word_1_285' title='bbox 453 2453 656 2518; x_wconf 89' lang='lat' dir='ltr'><strong>niendi,</strong></span> <span class='ocrx_word' id='word_1_286' title='bbox 676 2464 833 2522; x_wconf 90' lang='lat' dir='ltr'><strong>prout</strong></span> <span class='ocrx_word' id='word_1_287' title='bbox 850 2470 1155 2524; x_wconf 86' lang='lat' dir='ltr'><strong>possumus,</strong></span> <span class='ocrx_word' id='word_1_288' title='bbox 1177 2469 1498 2508; x_wconf 80' lang='lat' dir='ltr'><strong>exercemur</strong></span> <span class='ocrx_word' id='word_1_289' title='bbox 1516 2473 1529 2520; x_wconf 92' lang='lat'>;</span> <span class='ocrx_word' id='word_1_290' title='bbox 1547 2475 1563 2505; x_wconf 72' lang='grc' dir='ltr'><strong>ι</strong></span> <span class='ocrx_word' id='word_1_291' title='bbox 1583 2472 1811 2525; x_wconf 85' lang='lat' dir='ltr'><strong>rumque</strong></span> <span class='ocrx_word' id='word_1_292' title='bbox 1835 2471 1954 2524; x_wconf 85' lang='lat' dir='ltr'><strong>cap.</strong></span> <span class='ocrx_word' id='word_1_293' title='bbox 1975 2457 2031 2521; x_wconf 87' lang='lat'><strong>8,</strong></span> 
     </span>
    </p>
   </div>
   <div class='ocr_carea' id='block_1_40' title="bbox 454 2545 2035 2616">
    <p class='ocr_par' dir='ltr' id='par_1_40' title="bbox 454 2545 2035 2616">
     <span class='ocr_line' id='line_1_40' title="bbox 454 2545 2035 2616; baseline 0.004 -18"><span class='ocrx_word' id='word_1_294' title='bbox 454 2560 582 2598; x_wconf 91' lang='lat' dir='ltr'><strong>num</strong></span> <span class='ocrx_word' id='word_1_295' title='bbox 638 2545 692 2610; x_wconf 79' lang='grc'><strong>5,</strong></span> <span class='ocrx_word' id='word_1_296' title='bbox 719 2545 877 2616; x_wconf 88' lang='lat' dir='ltr'><strong>hujus</strong></span> <span class='ocrx_word' id='word_1_297' title='bbox 906 2545 1028 2598; x_wconf 87' lang='lat' dir='ltr'><strong>libri</strong></span> <span class='ocrx_word' id='word_1_298' title='bbox 1059 2545 1139 2600; x_wconf 90' lang='lat' dir='ltr'><strong>sic</strong></span> <span class='ocrx_word' id='word_1_299' title='bbox 1168 2545 1407 2614; x_wconf 90' lang='lat' dir='ltr'><strong>disputet</strong></span> <span class='ocrx_word' id='word_1_300' title='bbox 1440 2562 1454 2598; x_wconf 89' lang='lat'><strong>:</strong></span> <span class='ocrx_word' id='word_1_301' title='bbox 1507 2564 1525 2597; x_wconf 75' lang='grc' dir='ltr'>ι</span> <span class='ocrx_word' id='word_1_302' title='bbox 1566 2547 1880 2602; x_wconf 90' lang='lat' dir='ltr'><strong>Secundum</strong></span> <span class='ocrx_word' id='word_1_303' title='bbox 1937 2565 2035 2604; x_wconf 90' lang='lat' dir='ltr'><strong>nos</strong></span> 
     </span>
    </p>
   </div>
   <div class='ocr_carea' id='block_1_41' title="bbox 454 2637 2032 2710">
    <p class='ocr_par' dir='ltr' id='par_1_41' title="bbox 454 2637 2032 2710">
     <span class='ocr_line' id='line_1_41' title="bbox 454 2637 2032 2710; baseline 0.004 -21"><span class='ocrx_word' id='word_1_304' title='bbox 454 2652 586 2691; x_wconf 91' lang='lat' dir='ltr'><strong>vero</strong></span> <span class='ocrx_word' id='word_1_305' title='bbox 619 2637 748 2690; x_wconf 91' lang='lat' dir='ltr'><strong>nihil</strong></span> <span class='ocrx_word' id='word_1_306' title='bbox 792 2646 875 2692; x_wconf 85' lang='lat' dir='ltr'><strong>est</strong></span> <span class='ocrx_word' id='word_1_307' title='bbox 930 2637 984 2690; x_wconf 93' lang='lat' dir='ltr'><strong>in</strong></span> <span class='ocrx_word' id='word_1_308' title='bbox 1025 2638 1169 2690; x_wconf 92' lang='lat' dir='ltr'><strong>omni</strong></span> <span class='ocrx_word' id='word_1_309' title='bbox 1216 2639 1524 2692; x_wconf 89' lang='lat' dir='ltr'><strong>rationabili</strong></span> <span class='ocrx_word' id='word_1_310' title='bbox 1577 2650 1853 2706; x_wconf 89' lang='lat' dir='ltr'><strong>creatura,</strong></span> <span class='ocrx_word' id='word_1_311' title='bbox 1889 2643 2032 2710; x_wconf 87' lang='lat' dir='ltr'><strong>quod</strong></span> 
     </span>
    </p>
   </div>
   <div class='ocr_carea' id='block_1_42' title="bbox 455 2729 2031 2800">
    <p class='ocr_par' dir='ltr' id='par_1_42' title="bbox 455 2729 2031 2800">
     <span class='ocr_line' id='line_1_42' title="bbox 455 2729 2031 2800; baseline 0.002 -17"><span class='ocrx_word' id='word_1_312' title='bbox 455 2745 559 2784; x_wconf 90' lang='lat' dir='ltr'><strong>non</strong></span> <span class='ocrx_word' id='word_1_313' title='bbox 601 2738 708 2783; x_wconf 89' lang='lat' dir='ltr'><strong>tam</strong></span> <span class='ocrx_word' id='word_1_314' title='bbox 745 2730 867 2784; x_wconf 87' lang='lat' dir='ltr'><strong>bOni</strong></span> <span class='ocrx_word' id='word_1_315' title='bbox 899 2745 1060 2800; x_wconf 90' lang='lat' dir='ltr'><strong>quam</strong></span> <span class='ocrx_word' id='word_1_316' title='bbox 1098 2729 1221 2782; x_wconf 90' lang='lat' dir='ltr'><strong>mali</strong></span> <span class='ocrx_word' id='word_1_317' title='bbox 1269 2729 1338 2785; x_wconf 90' lang='lat' dir='ltr'><strong>sit</strong></span> <span class='ocrx_word' id='word_1_318' title='bbox 1373 2745 1544 2800; x_wconf 87' lang='lat' dir='ltr'><strong>capax</strong></span> <span class='ocrx_word' id='word_1_319' title='bbox 1581 2748 1593 2784; x_wconf 91' lang='lat'><strong>:</strong></span> <span class='ocrx_word' id='word_1_320' title='bbox 1624 2732 1717 2784; x_wconf 88' lang='lat' dir='ltr'><strong>sed</strong></span> <span class='ocrx_word' id='word_1_321' title='bbox 1767 2747 1871 2791; x_wconf 90' lang='lat' dir='ltr'><strong>non</strong></span> <span class='ocrx_word' id='word_1_322' title='bbox 1900 2748 2031 2786; x_wconf 86' lang='lat' dir='ltr'><strong>con-</strong></span> 
     </span>
    </p>
   </div>
   <div class='ocr_carea' id='block_1_43' title="bbox 455 2821 2031 2893">
    <p class='ocr_par' dir='ltr' id='par_1_43' title="bbox 455 2821 2031 2893">
     <span class='ocr_line' id='line_1_43' title="bbox 455 2821 2031 2893; baseline 0.003 -17"><span class='ocrx_word' id='word_1_323' title='bbox 455 2824 605 2876; x_wconf 90' lang='lat' dir='ltr'><strong>tinuo</strong></span> <span class='ocrx_word' id='word_1_324' title='bbox 639 2823 766 2893; x_wconf 88' lang='lat' dir='ltr'><strong>quia</strong></span> <span class='ocrx_word' id='word_1_325' title='bbox 798 2823 1027 2877; x_wconf 90' lang='lat' dir='ltr'><strong>dicimus</strong></span> <span class='ocrx_word' id='word_1_326' title='bbox 1086 2821 1284 2875; x_wconf 89' lang='lat' dir='ltr'><strong>nullam</strong></span> <span class='ocrx_word' id='word_1_327' title='bbox 1331 2837 1451 2878; x_wconf 89' lang='lat' dir='ltr'><strong>esse</strong></span> <span class='ocrx_word' id='word_1_328' title='bbox 1489 2833 1734 2877; x_wconf 89' lang='lat' dir='ltr'><strong>naturam</strong></span> <span class='ocrx_word' id='word_1_329' title='bbox 1775 2839 1894 2893; x_wconf 70' lang='lat' dir='ltr'><strong>qua:</strong></span> <span class='ocrx_word' id='word_1_330' title='bbox 1926 2840 2031 2880; x_wconf 91' lang='lat' dir='ltr'><strong>non</strong></span> 
     </span>
    </p>
   </div>
   <div class='ocr_carea' id='block_1_44' title="bbox 453 2912 2031 2984">
    <p class='ocr_par' dir='ltr' id='par_1_44' title="bbox 453 2912 2031 2984">
     <span class='ocr_line' id='line_1_44' title="bbox 453 2912 2031 2984; baseline 0.001 -16"><span class='ocrx_word' id='word_1_331' title='bbox 453 2914 622 2984; x_wconf 87' lang='lat' dir='ltr'><strong>possit</strong></span> <span class='ocrx_word' id='word_1_332' title='bbox 659 2913 897 2982; x_wconf 88' lang='lat' dir='ltr'><strong>recipere</strong></span> <span class='ocrx_word' id='word_1_333' title='bbox 925 2912 1148 2976; x_wconf 89' lang='lat' dir='ltr'><strong>malum,</strong></span> <span class='ocrx_word' id='word_1_334' title='bbox 1177 2913 1380 2969; x_wconf 90' lang='lat' dir='ltr'><strong>idcirco</strong></span> <span class='ocrx_word' id='word_1_335' title='bbox 1405 2914 1798 2970; x_wconf 82' lang='lat' dir='ltr'><strong>conﬁrmamus</strong></span> <span class='ocrx_word' id='word_1_336' title='bbox 1815 2931 2031 2970; x_wconf 89' lang='lat' dir='ltr'><strong>onmem</strong></span> 
     </span>
    </p>
   </div>
   <div class='ocr_carea' id='block_1_45' title="bbox 455 3005 2034 3075">
    <p class='ocr_par' dir='ltr' id='par_1_45' title="bbox 455 3005 2034 3075">
     <span class='ocr_line' id='line_1_45' title="bbox 455 3005 2034 3075; baseline 0.002 -18"><span class='ocrx_word' id='word_1_337' title='bbox 455 3014 700 3058; x_wconf 90' lang='lat' dir='ltr'><strong>naturam</strong></span> <span class='ocrx_word' id='word_1_338' title='bbox 730 3005 997 3075; x_wconf 85' lang='lat' dir='ltr'><strong>recepisse</strong></span> <span class='ocrx_word' id='word_1_339' title='bbox 1039 3005 1262 3067; x_wconf 86' lang='lat' dir='ltr'><strong>malum,</strong></span> <span class='ocrx_word' id='word_1_340' title='bbox 1308 3005 1360 3060; x_wconf 90' lang='lat' dir='ltr'><strong>id</strong></span> <span class='ocrx_word' id='word_1_341' title='bbox 1397 3016 1501 3071; x_wconf 92' lang='lat' dir='ltr'><strong>est,</strong></span> <span class='ocrx_word' id='word_1_342' title='bbox 1529 3006 1725 3060; x_wconf 89' lang='lat' dir='ltr'><strong>malam</strong></span> <span class='ocrx_word' id='word_1_343' title='bbox 1769 3023 1888 3062; x_wconf 91' lang='lat' dir='ltr'><strong>esse</strong></span> <span class='ocrx_word' id='word_1_344' title='bbox 1954 3009 2034 3062; x_wconf 79' lang='lat' dir='ltr'><strong>ef-</strong></span> 
     </span>
    </p>
   </div>
   <div class='ocr_carea' id='block_1_46' title="bbox 455 3097 2034 3165">
    <p class='ocr_par' dir='ltr' id='par_1_46' title="bbox 455 3097 2034 3165">
     <span class='ocr_line' id='line_1_46' title="bbox 455 3097 2034 3165; baseline 0.002 -14"><span class='ocrx_word' id='word_1_345' title='bbox 455 3097 651 3151; x_wconf 78' lang='lat' dir='ltr'><strong>fectam</strong></span> <span class='ocrx_word' id='word_1_346' title='bbox 682 3116 694 3151; x_wconf 88' lang='lat'><strong>:</strong></span> <span class='ocrx_word' id='word_1_347' title='bbox 733 3097 872 3152; x_wconf 89' lang='lat' dir='ltr'><strong>sicut</strong></span> <span class='ocrx_word' id='word_1_348' title='bbox 902 3105 985 3152; x_wconf 85' lang='lat' dir='ltr'><strong>est</strong></span> <span class='ocrx_word' id='word_1_349' title='bbox 1015 3097 1196 3152; x_wconf 84' lang='lat' dir='ltr'><strong>dicere</strong></span> <span class='ocrx_word' id='word_1_350' title='bbox 1231 3097 1372 3165; x_wconf 90' lang='lat' dir='ltr'><strong>quod</strong></span> <span class='ocrx_word' id='word_1_351' title='bbox 1403 3100 1584 3153; x_wconf 91' lang='lat' dir='ltr'><strong>omnis</strong></span> <span class='ocrx_word' id='word_1_352' title='bbox 1608 3101 1844 3154; x_wconf 92' lang='lat' dir='ltr'><strong>hominis</strong></span> <span class='ocrx_word' id='word_1_353' title='bbox 1875 3108 2034 3154; x_wconf 85' lang='lat' dir='ltr'><strong>natu-</strong></span> 
     </span>
    </p>
   </div>
   <div class='ocr_carea' id='block_1_47' title="bbox 460 3188 2034 3259">
    <p class='ocr_par' dir='ltr' id='par_1_47' title="bbox 460 3188 2034 3259">
     <span class='ocr_line' id='line_1_47' title="bbox 460 3188 2034 3259; baseline 0.003 -17"><span class='ocrx_word' id='word_1_354' title='bbox 460 3203 518 3242; x_wconf 87' lang='lat' dir='ltr'><strong>ra</strong></span> <span class='ocrx_word' id='word_1_355' title='bbox 578 3188 771 3257; x_wconf 90' lang='lat' dir='ltr'><strong>recipit</strong></span> <span class='ocrx_word' id='word_1_356' title='bbox 824 3198 883 3243; x_wconf 92' lang='lat' dir='ltr'><strong>ut</strong></span> <span class='ocrx_word' id='word_1_357' title='bbox 941 3189 1113 3257; x_wconf 90' lang='lat' dir='ltr'><strong>possit</strong></span> <span class='ocrx_word' id='word_1_358' title='bbox 1168 3189 1450 3259; x_wconf 84' lang='lat' dir='ltr'><strong>navigare,</strong></span> <span class='ocrx_word' id='word_1_359' title='bbox 1486 3206 1592 3245; x_wconf 92' lang='lat' dir='ltr'><strong>non</strong></span> <span class='ocrx_word' id='word_1_360' title='bbox 1629 3200 1808 3245; x_wconf 89' lang='lat' dir='ltr'><strong>tamen</strong></span> <span class='ocrx_word' id='word_1_361' title='bbox 1863 3207 1928 3246; x_wconf 77' lang='lat' dir='ltr'><strong>ex</strong></span> <span class='ocrx_word' id='word_1_362' title='bbox 1969 3207 2034 3247; x_wconf 90' lang='lat' dir='ltr'><strong>eo</strong></span> 
     </span>
    </p>
   </div>
   <div class='ocr_carea' id='block_1_48' title="bbox 459 3279 2035 3348">
    <p class='ocr_par' dir='ltr' id='par_1_48' title="bbox 459 3279 2035 3348">
     <span class='ocr_line' id='line_1_48' title="bbox 459 3279 2035 3348; baseline 0.003 -15"><span class='ocrx_word' id='word_1_363' title='bbox 459 3281 624 3333; x_wconf 90' lang='lat' dir='ltr'><strong>etiam</strong></span> <span class='ocrx_word' id='word_1_364' title='bbox 657 3279 832 3333; x_wconf 91' lang='lat' dir='ltr'><strong>omnis</strong></span> <span class='ocrx_word' id='word_1_365' title='bbox 858 3280 1017 3335; x_wconf 91' lang='lat' dir='ltr'><strong>homo</strong></span> <span class='ocrx_word' id='word_1_366' title='bbox 1042 3279 1320 3348; x_wconf 76' lang='lat' dir='ltr'><strong>navigabit</strong></span> <span class='ocrx_word' id='word_1_367' title='bbox 1354 3297 1368 3334; x_wconf 93' lang='lat'>:</span> <span class='ocrx_word' id='word_1_368' title='bbox 1405 3291 1461 3336; x_wconf 86' lang='lat' dir='ltr'><strong>et</strong></span> <span class='ocrx_word' id='word_1_369' title='bbox 1505 3284 1701 3335; x_wconf 89' lang='lat' dir='ltr'><strong>iterum</strong></span> <span class='ocrx_word' id='word_1_370' title='bbox 1729 3283 1876 3337; x_wconf 91' lang='lat' dir='ltr'><strong>omni</strong></span> <span class='ocrx_word' id='word_1_371' title='bbox 1933 3285 2035 3337; x_wconf 88' lang='lat' dir='ltr'><strong>ho-</strong></span> 
     </span>
    </p>
   </div>
   <div class='ocr_carea' id='block_1_49' title="bbox 463 3370 2040 3443">
    <p class='ocr_par' dir='ltr' id='par_1_49' title="bbox 463 3370 2040 3443">
     <span class='ocr_line' id='line_1_49' title="bbox 463 3370 2040 3443; baseline 0.003 -20"><span class='ocrx_word' id='word_1_372' title='bbox 463 3371 591 3423; x_wconf 86' lang='lat' dir='ltr'><strong>mini</strong></span> <span class='ocrx_word' id='word_1_373' title='bbox 619 3370 875 3438; x_wconf 86' lang='lat' dir='ltr'><strong>possibile</strong></span> <span class='ocrx_word' id='word_1_374' title='bbox 922 3380 1008 3426; x_wconf 88' lang='lat' dir='ltr'><strong>est</strong></span> <span class='ocrx_word' id='word_1_375' title='bbox 1047 3372 1258 3426; x_wconf 90' lang='lat' dir='ltr'><strong>discere</strong></span> <span class='ocrx_word' id='word_1_376' title='bbox 1315 3381 1485 3426; x_wconf 90' lang='lat' dir='ltr'><strong>artem</strong></span> <span class='ocrx_word' id='word_1_377' title='bbox 1532 3375 1943 3443; x_wconf 85' lang='lat' dir='ltr'><strong>grammaticam</strong></span> <span class='ocrx_word' id='word_1_378' title='bbox 1985 3385 2040 3428; x_wconf 88' lang='lat' dir='ltr'><strong>et</strong></span> 
     </span>
    </p>
   </div>
   <div class='ocr_carea' id='block_1_50' title="bbox 460 3463 2042 3528">
    <p class='ocr_par' dir='ltr' id='par_1_50' title="bbox 460 3463 2042 3528">
     <span class='ocr_line' id='line_1_50' title="bbox 460 3463 2042 3528; baseline 0.001 -10"><span class='ocrx_word' id='word_1_379' title='bbox 460 3463 824 3528; x_wconf 84' lang='lat' dir='ltr'><strong>medicinam;</strong></span> <span class='ocrx_word' id='word_1_380' title='bbox 884 3477 988 3515; x_wconf 91' lang='lat' dir='ltr'><strong>non</strong></span> <span class='ocrx_word' id='word_1_381' title='bbox 1045 3473 1225 3516; x_wconf 89' lang='lat' dir='ltr'><strong>tamen</strong></span> <span class='ocrx_word' id='word_1_382' title='bbox 1263 3463 1465 3519; x_wconf 88' lang='lat' dir='ltr'><strong>idcirco</strong></span> <span class='ocrx_word' id='word_1_383' title='bbox 1508 3467 1810 3520; x_wconf 88' lang='lat' dir='ltr'><strong>ostenditur</strong></span> <span class='ocrx_word' id='word_1_384' title='bbox 1862 3467 2042 3521; x_wconf 91' lang='lat' dir='ltr'><strong>omnis</strong></span> 
     </span>
    </p>
   </div>
   <div class='ocr_carea' id='block_1_51' title="bbox 459 3553 2042 3622">
    <p class='ocr_par' dir='ltr' id='par_1_51' title="bbox 459 3553 2042 3622">
     <span class='ocr_line' id='line_1_51' title="bbox 459 3553 2042 3622; baseline 0.002 -14"><span class='ocrx_word' id='word_1_385' title='bbox 459 3553 624 3608; x_wconf 89' lang='lat' dir='ltr'><strong>homo</strong></span> <span class='ocrx_word' id='word_1_386' title='bbox 656 3553 736 3606; x_wconf 87' lang='lat' dir='ltr'><strong>vel</strong></span> <span class='ocrx_word' id='word_1_387' title='bbox 775 3553 1016 3606; x_wconf 89' lang='lat' dir='ltr'><strong>medicus</strong></span> <span class='ocrx_word' id='word_1_388' title='bbox 1055 3568 1201 3617; x_wconf 89' lang='lat' dir='ltr'><strong>esse,</strong></span> <span class='ocrx_word' id='word_1_389' title='bbox 1242 3553 1324 3608; x_wconf 90' lang='lat' dir='ltr'><strong>vel</strong></span> <span class='ocrx_word' id='word_1_390' title='bbox 1386 3556 1772 3622; x_wconf 88' lang='lat' dir='ltr'><strong>grammaticus</strong></span> <span class='ocrx_word' id='word_1_391' title='bbox 1804 3574 1818 3609; x_wconf 92' lang='lat'>:</span> <span class='ocrx_word' id='word_1_392' title='bbox 1878 3557 1950 3609; x_wconf 89' lang='lat' dir='ltr'><strong>ita</strong></span> <span class='ocrx_word' id='word_1_393' title='bbox 1994 3557 2042 3611; x_wconf 90' lang='lat' dir='ltr'><strong>si</strong></span> 
     </span>
    </p>
   </div>
   <div class='ocr_carea' id='block_1_52' title="bbox 457 3641 2042 3715">
    <p class='ocr_par' dir='ltr' id='par_1_52' title="bbox 457 3641 2042 3715">
     <span class='ocr_line' id='line_1_52' title="bbox 457 3641 2042 3715; baseline 0.002 -19"><span class='ocrx_word' id='word_1_394' title='bbox 457 3641 691 3696; x_wconf 83' lang='lat' dir='ltr'><strong>dicimus</strong></span> <span class='ocrx_word' id='word_1_395' title='bbox 719 3641 920 3696; x_wconf 90' lang='lat' dir='ltr'><strong>nullam</strong></span> <span class='ocrx_word' id='word_1_396' title='bbox 949 3657 1071 3698; x_wconf 88' lang='lat' dir='ltr'><strong>esse</strong></span> <span class='ocrx_word' id='word_1_397' title='bbox 1101 3653 1347 3699; x_wconf 88' lang='lat' dir='ltr'><strong>naturam</strong></span> <span class='ocrx_word' id='word_1_398' title='bbox 1386 3659 1507 3712; x_wconf 65' lang='lat' dir='ltr'><strong>qua:</strong></span> <span class='ocrx_word' id='word_1_399' title='bbox 1551 3661 1656 3698; x_wconf 92' lang='lat' dir='ltr'><strong>non</strong></span> <span class='ocrx_word' id='word_1_400' title='bbox 1689 3646 1858 3715; x_wconf 91' lang='lat' dir='ltr'><strong>possit</strong></span> <span class='ocrx_word' id='word_1_401' title='bbox 1907 3645 2042 3699; x_wconf 85' lang='lat' dir='ltr'><strong>reei-</strong></span> 
     </span>
    </p>
   </div>
   <div class='ocr_carea' id='block_1_53' title="bbox 461 3735 2044 3806">
    <p class='ocr_par' dir='ltr' id='par_1_53' title="bbox 461 3735 2044 3806">
     <span class='ocr_line' id='line_1_53' title="bbox 461 3735 2044 3806; baseline 0.003 -18"><span class='ocrx_word' id='word_1_402' title='bbox 461 3749 591 3806; x_wconf 88' lang='lat' dir='ltr'><strong>pere</strong></span> <span class='ocrx_word' id='word_1_403' title='bbox 621 3735 843 3802; x_wconf 90' lang='lat' dir='ltr'><strong>malum,</strong></span> <span class='ocrx_word' id='word_1_404' title='bbox 877 3750 982 3789; x_wconf 91' lang='lat' dir='ltr'><strong>non</strong></span> <span class='ocrx_word' id='word_1_405' title='bbox 1039 3746 1220 3790; x_wconf 90' lang='lat' dir='ltr'><strong>tamen</strong></span> <span class='ocrx_word' id='word_1_406' title='bbox 1263 3737 1521 3792; x_wconf 91' lang='lat' dir='ltr'><strong>continuo</strong></span> <span class='ocrx_word' id='word_1_407' title='bbox 1562 3737 1726 3790; x_wconf 90' lang='lat' dir='ltr'><strong>etiam</strong></span> <span class='ocrx_word' id='word_1_408' title='bbox 1775 3736 2044 3806; x_wconf 83' lang='lat' dir='ltr'><strong>recepisse</strong></span> 
     </span>
    </p>
   </div>
   <div class='ocr_carea' id='block_1_54' title="bbox 464 3826 2045 3898">
    <p class='ocr_par' dir='ltr' id='par_1_54' title="bbox 464 3826 2045 3898">
     <span class='ocr_line' id='line_1_54' title="bbox 464 3826 2045 3898; baseline 0.001 -18"><span class='ocrx_word' id='word_1_409' title='bbox 464 3826 663 3880; x_wconf 83' lang='lat' dir='ltr'><strong>malum</strong></span> <span class='ocrx_word' id='word_1_410' title='bbox 688 3827 1024 3898; x_wconf 83' lang='lat' dir='ltr'><strong>designatur.</strong></span> <span class='ocrx_word' id='word_1_411' title='bbox 1060 3827 1367 3882; x_wconf 89' lang='lat' dir='ltr'><strong>Secundum</strong></span> <span class='ocrx_word' id='word_1_412' title='bbox 1403 3844 1502 3883; x_wconf 91' lang='lat' dir='ltr'><strong>nos</strong></span> <span class='ocrx_word' id='word_1_413' title='bbox 1539 3843 1775 3898; x_wconf 91' lang='lat' dir='ltr'><strong>namque</strong></span> <span class='ocrx_word' id='word_1_414' title='bbox 1820 3844 1884 3882; x_wconf 91' lang='lat' dir='ltr'><strong>ne</strong></span> <span class='ocrx_word' id='word_1_415' title='bbox 1930 3828 2045 3882; x_wconf 86' lang='lat' dir='ltr'><strong>dia-</strong></span> 
     </span>
    </p>
   </div>
   <div class='ocr_carea' id='block_1_55' title="bbox 467 3919 2045 3988">
    <p class='ocr_par' dir='ltr' id='par_1_55' title="bbox 467 3919 2045 3988">
     <span class='ocr_line' id='line_1_55' title="bbox 467 3919 2045 3988; baseline 0.001 -15"><span class='ocrx_word' id='word_1_416' title='bbox 467 3919 622 3973; x_wconf 88' lang='lat' dir='ltr'><strong>bolus</strong></span> <span class='ocrx_word' id='word_1_417' title='bbox 647 3919 864 3988; x_wconf 84' lang='lat' dir='ltr'><strong>quidem</strong></span> <span class='ocrx_word' id='word_1_418' title='bbox 889 3919 1005 3987; x_wconf 80' lang='lat' dir='ltr'><strong>ipse</strong></span> <span class='ocrx_word' id='word_1_419' title='bbox 1029 3919 1257 3986; x_wconf 81' lang='lat' dir='ltr'><strong>incaan</strong></span> <span class='ocrx_word' id='word_1_420' title='bbox 1291 3919 1392 3972; x_wconf 83' lang='lat' dir='ltr'><strong>fuit</strong></span> <span class='ocrx_word' id='word_1_421' title='bbox 1415 3921 1576 3984; x_wconf 87' lang='lat' dir='ltr'><strong>boni;</strong></span> <span class='ocrx_word' id='word_1_422' title='bbox 1613 3937 1718 3974; x_wconf 91' lang='lat' dir='ltr'><strong>non</strong></span> <span class='ocrx_word' id='word_1_423' title='bbox 1751 3929 1927 3974; x_wconf 90' lang='lat' dir='ltr'><strong>tamen</strong></span> <span class='ocrx_word' id='word_1_424' title='bbox 1963 3920 2045 3974; x_wconf 88' lang='lat' dir='ltr'><strong>id-</strong></span> 
     </span>
    </p>
   </div>
   <div class='ocr_carea' id='block_1_56' title="bbox 457 4010 2044 4079">
    <p class='ocr_par' dir='ltr' id='par_1_56' title="bbox 457 4010 2044 4079">
     <span class='ocr_line' id='line_1_56' title="bbox 457 4010 2044 4079; baseline 0 -15"><span class='ocrx_word' id='word_1_425' title='bbox 457 4010 610 4067; x_wconf 80' lang='lat' dir='ltr'><strong>circo</strong></span> <span class='ocrx_word' id='word_1_426' title='bbox 636 4011 765 4079; x_wconf 86' lang='lat' dir='ltr'><strong>quia</strong></span> <span class='ocrx_word' id='word_1_427' title='bbox 801 4013 978 4078; x_wconf 92' lang='lat' dir='ltr'><strong>potuit</strong></span> <span class='ocrx_word' id='word_1_428' title='bbox 1009 4011 1254 4078; x_wconf 87' lang='lat' dir='ltr'><strong>recipere</strong></span> <span class='ocrx_word' id='word_1_429' title='bbox 1285 4011 1512 4075; x_wconf 87' lang='lat' dir='ltr'><strong>bonum,</strong></span> <span class='ocrx_word' id='word_1_430' title='bbox 1537 4012 1700 4065; x_wconf 90' lang='lat' dir='ltr'><strong>etiam</strong></span> <span class='ocrx_word' id='word_1_431' title='bbox 1723 4011 1912 4078; x_wconf 90' lang='lat' dir='ltr'><strong>voluit,</strong></span> <span class='ocrx_word' id='word_1_432' title='bbox 1961 4010 2044 4066; x_wconf 90' lang='lat' dir='ltr'><strong>vel</strong></span> 
     </span>
    </p>
   </div>
   <div class='ocr_carea' id='block_1_57' title="bbox 467 4102 2041 4173">
    <p class='ocr_par' dir='ltr' id='par_1_57' title="bbox 467 4102 2041 4173">
     <span class='ocr_line' id='line_1_57' title="bbox 467 4102 2041 4173; baseline 0.003 -19"><span class='ocrx_word' id='word_1_433' title='bbox 467 4102 650 4156; x_wconf 84' lang='lat' dir='ltr'><strong>virtuti</strong></span> <span class='ocrx_word' id='word_1_434' title='bbox 701 4117 925 4172; x_wconf 88' lang='lat' dir='ltr'><strong>operam</strong></span> <span class='ocrx_word' id='word_1_435' title='bbox 957 4102 1147 4157; x_wconf 88' lang='lat' dir='ltr'><strong>dedit:</strong></span> <span class='ocrx_word' id='word_1_436' title='bbox 1190 4120 1208 4153; x_wconf 72' lang='grc' dir='ltr'>ι</span> <span class='ocrx_word' id='word_1_437' title='bbox 1280 4114 1336 4156; x_wconf 91' lang='lat' dir='ltr'><strong>et</strong></span> <span class='ocrx_word' id='word_1_438' title='bbox 1391 4103 1548 4171; x_wconf 89' lang='lat' dir='ltr'><strong>paulo</strong></span> <span class='ocrx_word' id='word_1_439' title='bbox 1593 4111 1746 4173; x_wconf 91' lang='lat' dir='ltr'><strong>post,</strong></span> <span class='ocrx_word' id='word_1_440' title='bbox 1789 4117 1939 4157; x_wconf 90' lang='lat' dir='ltr'><strong>num.</strong></span> <span class='ocrx_word' id='word_1_441' title='bbox 1969 4102 2041 4158; x_wconf 65' lang='grc' dir='ltr'><strong>ιε</strong></span> 
     </span>
    </p>
   </div>
   <div class='ocr_carea' id='block_1_58' title="bbox 467 4195 2047 4264">
    <p class='ocr_par' dir='ltr' id='par_1_58' title="bbox 467 4195 2047 4264">
     <span class='ocr_line' id='line_1_58' title="bbox 467 4195 2047 4264; baseline 0.004 -18"><span class='ocrx_word' id='word_1_442' title='bbox 467 4213 488 4246; x_wconf 70' lang='grc' dir='ltr'>ς</span> <span class='ocrx_word' id='word_1_443' title='bbox 517 4195 585 4251; x_wconf 84' lang='lat' dir='ltr'><strong>Et</strong></span> <span class='ocrx_word' id='word_1_444' title='bbox 615 4204 700 4249; x_wconf 91' lang='lat' dir='ltr'><strong>est</strong></span> <span class='ocrx_word' id='word_1_445' title='bbox 728 4196 867 4250; x_wconf 86' lang='lat' dir='ltr'><strong>alter</strong></span> <span class='ocrx_word' id='word_1_446' title='bbox 889 4196 991 4250; x_wconf 91' lang='lat' dir='ltr'><strong>iste</strong></span> <span class='ocrx_word' id='word_1_447' title='bbox 1022 4196 1155 4249; x_wconf 93' lang='lat' dir='ltr'><strong>ordo</strong></span> <span class='ocrx_word' id='word_1_448' title='bbox 1189 4195 1523 4250; x_wconf 83' lang='lat' dir='ltr'><strong>rationabilis</strong></span> <span class='ocrx_word' id='word_1_449' title='bbox 1548 4206 1835 4259; x_wconf 63' lang='lat' dir='ltr'><strong>creatura},</strong></span> <span class='ocrx_word' id='word_1_450' title='bbox 1862 4197 1951 4264; x_wconf 90' lang='lat' dir='ltr'><strong>qui</strong></span> <span class='ocrx_word' id='word_1_451' title='bbox 1987 4211 2047 4253; x_wconf 87' lang='lat' dir='ltr'><strong>se</strong></span> 
     </span>
    </p>
   </div>
   <div class='ocr_carea' id='block_1_59' title="bbox 469 4286 2045 4357">
    <p class='ocr_par' dir='ltr' id='par_1_59' title="bbox 469 4286 2045 4357">
     <span class='ocr_line' id='line_1_59' title="bbox 469 4286 2045 4357; baseline 0.001 -17"><span class='ocrx_word' id='word_1_452' title='bbox 469 4287 543 4340; x_wconf 86' lang='lat' dir='ltr'><strong>ita</strong></span> <span class='ocrx_word' id='word_1_453' title='bbox 573 4301 814 4356; x_wconf 64' lang='lat' dir='ltr'><strong>praeceps</strong></span> <span class='ocrx_word' id='word_1_454' title='bbox 847 4287 1106 4356; x_wconf 66' lang='lat' dir='ltr'><strong>nequitiae</strong></span> <span class='ocrx_word' id='word_1_455' title='bbox 1131 4287 1296 4354; x_wconf 90' lang='lat' dir='ltr'><strong>dedit,</strong></span> <span class='ocrx_word' id='word_1_456' title='bbox 1333 4295 1392 4339; x_wconf 91' lang='lat' dir='ltr'><strong>ut</strong></span> <span class='ocrx_word' id='word_1_457' title='bbox 1435 4287 1678 4341; x_wconf 88' lang='lat' dir='ltr'><strong>revocari</strong></span> <span class='ocrx_word' id='word_1_458' title='bbox 1713 4286 1846 4341; x_wconf 91' lang='lat' dir='ltr'><strong>nolit</strong></span> <span class='ocrx_word' id='word_1_459' title='bbox 1873 4288 2045 4357; x_wconf 87' lang='lat' dir='ltr'><strong>magis</strong></span> 
     </span>
    </p>
   </div>
   <div class='ocr_carea' id='block_1_60' title="bbox 463 4375 2046 4448">
    <p class='ocr_par' dir='ltr' id='par_1_60' title="bbox 463 4375 2046 4448">
     <span class='ocr_line' id='line_1_60' title="bbox 463 4375 2046 4448; baseline 0 -18"><span class='ocrx_word' id='word_1_460' title='bbox 463 4393 626 4447; x_wconf 86' lang='lat' dir='ltr'><strong>quam</strong></span> <span class='ocrx_word' id='word_1_461' title='bbox 663 4394 766 4430; x_wconf 89' lang='lat' dir='ltr'><strong>non</strong></span> <span class='ocrx_word' id='word_1_462' title='bbox 802 4378 1010 4448; x_wconf 90' lang='lat' dir='ltr'><strong>possit,</strong></span> <span class='ocrx_word' id='word_1_463' title='bbox 1039 4380 1168 4430; x_wconf 92' lang='lat' dir='ltr'><strong>dum</strong></span> <span class='ocrx_word' id='word_1_464' title='bbox 1202 4377 1468 4431; x_wconf 89' lang='lat' dir='ltr'><strong>scelerum</strong></span> <span class='ocrx_word' id='word_1_465' title='bbox 1505 4378 1683 4430; x_wconf 88' lang='lat' dir='ltr'><strong>rabies</strong></span> <span class='ocrx_word' id='word_1_466' title='bbox 1725 4375 1837 4445; x_wconf 88' lang='lat' dir='ltr'><strong>jatn</strong></span> <span class='ocrx_word' id='word_1_467' title='bbox 1881 4377 2046 4430; x_wconf 87' lang='lat' dir='ltr'><strong>libido</strong></span> 
     </span>
    </p>
   </div>
   <div class='ocr_carea' id='block_1_61' title="bbox 462 4468 2045 4536">
    <p class='ocr_par' dir='ltr' id='par_1_61' title="bbox 462 4468 2045 4536">
     <span class='ocr_line' id='line_1_61' title="bbox 462 4468 2045 4536; baseline 0 -14"><span class='ocrx_word' id='word_1_468' title='bbox 462 4476 649 4532; x_wconf 80' lang='lat' dir='ltr'><strong>est,et</strong></span> <span class='ocrx_word' id='word_1_469' title='bbox 691 4469 952 4536; x_wconf 79' lang='lat' dir='ltr'><strong>delectat;</strong></span> <span class='ocrx_word' id='word_1_470' title='bbox 986 4489 1004 4522; x_wconf 77' lang='grc' dir='ltr'><strong><em>ι</em></strong></span> <span class='ocrx_word' id='word_1_471' title='bbox 1066 4480 1121 4525; x_wconf 92' lang='lat' dir='ltr'><strong>et</strong></span> <span class='ocrx_word' id='word_1_472' title='bbox 1188 4485 1310 4524; x_wconf 90' lang='lat' dir='ltr'><strong>cum</strong></span> <span class='ocrx_word' id='word_1_473' title='bbox 1353 4469 1446 4523; x_wconf 88' lang='lat' dir='ltr'><strong>lib.</strong></span> <span class='ocrx_word' id='word_1_474' title='bbox 1501 4483 1533 4520; x_wconf 89' lang='lat' dir='ltr'><strong>v</strong></span> <span class='ocrx_word' id='word_1_475' title='bbox 1583 4468 1939 4523; x_wconf 80' lang='lat' dir='ltr'><strong>Commentar.</strong></span> <span class='ocrx_word' id='word_1_476' title='bbox 1990 4471 2045 4522; x_wconf 78' lang='lat' dir='ltr'><strong>in</strong></span> 
     </span>
    </p>
   </div>
   <div class='ocr_carea' id='block_1_62' title="bbox 2143 1998 3707 2065">
    <p class='ocr_par' dir='ltr' id='par_1_62' title="bbox 2143 1998 3707 2065">
     <span class='ocr_line' id='line_1_62' title="bbox 2143 1998 3707 2065; baseline 0 -13"><span class='ocrx_word' id='word_1_477' title='bbox 2143 2009 2225 2053; x_wconf 91' lang='lat' dir='ltr'><strong>ter</strong></span> <span class='ocrx_word' id='word_1_478' title='bbox 2273 2014 2330 2052; x_wconf 92' lang='lat' dir='ltr'><strong>se</strong></span> <span class='ocrx_word' id='word_1_479' title='bbox 2363 2008 2571 2052; x_wconf 68' lang='lat' dir='ltr'><strong>natura:</strong></span> <span class='ocrx_word' id='word_1_480' title='bbox 2617 2007 2772 2052; x_wconf 91' lang='lat' dir='ltr'><strong>tanto</strong></span> <span class='ocrx_word' id='word_1_481' title='bbox 2821 2013 3090 2053; x_wconf 88' lang='lat' dir='ltr'><strong>consensu</strong></span> <span class='ocrx_word' id='word_1_482' title='bbox 3132 1998 3322 2054; x_wconf 90' lang='lat' dir='ltr'><strong>Patres</strong></span> <span class='ocrx_word' id='word_1_483' title='bbox 3356 1998 3707 2065; x_wconf 90' lang='lat' dir='ltr'><strong>allirmarunt,</strong></span> 
     </span>
    </p>
   </div>
   <div class='ocr_carea' id='block_1_63' title="bbox 2143 2090 3712 2146">
    <p class='ocr_par' dir='ltr' id='par_1_63' title="bbox 2143 2090 3712 2146">
     <span class='ocr_line' id='line_1_63' title="bbox 2143 2090 3712 2146; baseline 0.001 -2"><span class='ocrx_word' id='word_1_484' title='bbox 2143 2101 2201 2145; x_wconf 92' lang='lat' dir='ltr'><strong>nt</strong></span> <span class='ocrx_word' id='word_1_485' title='bbox 2235 2092 2374 2145; x_wconf 90' lang='lat' dir='ltr'><strong>hanc</strong></span> <span class='ocrx_word' id='word_1_486' title='bbox 2398 2090 2564 2145; x_wconf 81' lang='lat' dir='ltr'><strong>fuisse</strong></span> <span class='ocrx_word' id='word_1_487' title='bbox 2591 2090 2845 2145; x_wconf 60' lang='lat' dir='ltr'><strong>Ecclesia</strong></span> <span class='ocrx_word' id='word_1_488' title='bbox 2874 2091 3140 2146; x_wconf 74' lang='lat' dir='ltr'><strong>universa:</strong></span> <span class='ocrx_word' id='word_1_489' title='bbox 3169 2091 3472 2146; x_wconf 91' lang='lat' dir='ltr'><strong>doctrinam</strong></span> <span class='ocrx_word' id='word_1_490' title='bbox 3512 2107 3541 2145; x_wconf 90' lang='lat' dir='ltr'><strong>a</strong></span> <span class='ocrx_word' id='word_1_491' title='bbox 3575 2107 3712 2146; x_wconf 87' lang='lat' dir='ltr'><strong>non-</strong></span> 
     </span>
    </p>
   </div>
   <div class='ocr_carea' id='block_1_64' title="bbox 2142 2180 3714 2254">
    <p class='ocr_par' dir='ltr' id='par_1_64' title="bbox 2142 2180 3714 2254">
     <span class='ocr_line' id='line_1_64' title="bbox 2142 2180 3714 2254; baseline 0.003 -20"><span class='ocrx_word' id='word_1_492' title='bbox 2142 2182 2301 2236; x_wconf 90' lang='lat' dir='ltr'><strong>nullis</strong></span> <span class='ocrx_word' id='word_1_493' title='bbox 2335 2183 2604 2250; x_wconf 87' lang='lat' dir='ltr'><strong>proditum</strong></span> <span class='ocrx_word' id='word_1_494' title='bbox 2630 2183 2698 2235; x_wconf 88' lang='lat' dir='ltr'><strong>sit</strong></span> <span class='ocrx_word' id='word_1_495' title='bbox 2743 2199 2756 2235; x_wconf 93' lang='lat'><strong>:</strong></span> <span class='ocrx_word' id='word_1_496' title='bbox 2805 2180 2942 2236; x_wconf 86' lang='lat' dir='ltr'><strong>bene</strong></span> <span class='ocrx_word' id='word_1_497' title='bbox 2986 2190 3166 2236; x_wconf 90' lang='lat' dir='ltr'><strong>autem</strong></span> <span class='ocrx_word' id='word_1_498' title='bbox 3219 2181 3303 2236; x_wconf 87' lang='lat' dir='ltr'><strong>vel</strong></span> <span class='ocrx_word' id='word_1_499' title='bbox 3363 2182 3504 2238; x_wconf 88' lang='lat' dir='ltr'><strong>male</strong></span> <span class='ocrx_word' id='word_1_500' title='bbox 3553 2198 3714 2254; x_wconf 88' lang='lat' dir='ltr'><strong>agere</strong></span> 
     </span>
    </p>
   </div>
   <div class='ocr_carea' id='block_1_65' title="bbox 2141 2273 3714 2345">
    <p class='ocr_par' dir='ltr' id='par_1_65' title="bbox 2141 2273 3714 2345">
     <span class='ocr_line' id='line_1_65' title="bbox 2141 2273 3714 2345; baseline 0.001 -18"><span class='ocrx_word' id='word_1_501' title='bbox 2141 2288 2298 2343; x_wconf 90' lang='lat' dir='ltr'><strong>posse</strong></span> <span class='ocrx_word' id='word_1_502' title='bbox 2325 2273 2542 2342; x_wconf 89' lang='lat' dir='ltr'><strong>angelos</strong></span> <span class='ocrx_word' id='word_1_503' title='bbox 2573 2283 2627 2327; x_wconf 94' lang='lat' dir='ltr'><strong>et</strong></span> <span class='ocrx_word' id='word_1_504' title='bbox 2661 2274 2954 2336; x_wconf 69' lang='lat' dir='ltr'><strong>dmmones,</strong></span> <span class='ocrx_word' id='word_1_505' title='bbox 2988 2281 3110 2343; x_wconf 92' lang='lat' dir='ltr'><strong>post</strong></span> <span class='ocrx_word' id='word_1_506' title='bbox 3136 2273 3425 2344; x_wconf 89' lang='lat' dir='ltr'><strong>Origenem</strong></span> <span class='ocrx_word' id='word_1_507' title='bbox 3456 2275 3555 2330; x_wconf 91' lang='lat' dir='ltr'><strong>viri</strong></span> <span class='ocrx_word' id='word_1_508' title='bbox 3592 2291 3714 2345; x_wconf 84' lang='lat' dir='ltr'><strong>gra-</strong></span> 
     </span>
    </p>
   </div>
   <div class='ocr_carea' id='block_1_66' title="bbox 2142 2365 3711 2437">
    <p class='ocr_par' dir='ltr' id='par_1_66' title="bbox 2142 2365 3711 2437">
     <span class='ocr_line' id='line_1_66' title="bbox 2142 2365 3711 2437; baseline 0.003 -18"><span class='ocrx_word' id='word_1_509' title='bbox 2142 2381 2233 2420; x_wconf 87' lang='lat' dir='ltr'><strong>ves</strong></span> <span class='ocrx_word' id='word_1_510' title='bbox 2265 2366 2467 2437; x_wconf 90' lang='lat' dir='ltr'><strong>opinati</strong></span> <span class='ocrx_word' id='word_1_511' title='bbox 2523 2376 2666 2421; x_wconf 90' lang='lat' dir='ltr'><strong>sunt.</strong></span> <span class='ocrx_word' id='word_1_512' title='bbox 2700 2365 3015 2420; x_wconf 85' lang='lat' dir='ltr'><strong>Ambrosius</strong></span> <span class='ocrx_word' id='word_1_513' title='bbox 3044 2366 3190 2422; x_wconf 92' lang='lat' dir='ltr'><strong>hunc</strong></span> <span class='ocrx_word' id='word_1_514' title='bbox 3231 2383 3508 2437; x_wconf 86' lang='lat' dir='ltr'><strong>exponens</strong></span> <span class='ocrx_word' id='word_1_515' title='bbox 3561 2368 3711 2423; x_wconf 88' lang='lat' dir='ltr'><strong>Pauli</strong></span> 
     </span>
    </p>
   </div>
   <div class='ocr_carea' id='block_1_67' title="bbox 2141 2455 3717 2528">
    <p class='ocr_par' dir='ltr' id='par_1_67' title="bbox 2141 2455 3717 2528">
     <span class='ocr_line' id='line_1_67' title="bbox 2141 2455 3717 2528; baseline 0.004 -18"><span class='ocrx_word' id='word_1_516' title='bbox 2141 2455 2316 2510; x_wconf 88' lang='lat' dir='ltr'><strong>locum</strong></span> <span class='ocrx_word' id='word_1_517' title='bbox 2347 2457 2414 2510; x_wconf 88' lang='lat' dir='ltr'><strong>ad</strong></span> <span class='ocrx_word' id='word_1_518' title='bbox 2444 2455 2646 2528; x_wconf 86' lang='lat' dir='ltr'><strong>Ephes.</strong></span> <span class='ocrx_word' id='word_1_519' title='bbox 2681 2473 2762 2522; x_wconf 83' lang='lat' dir='ltr'><strong>Ill,</strong></span> <span class='ocrx_word' id='word_1_520' title='bbox 2793 2457 2880 2522; x_wconf 77' lang='lat'><strong>10,</strong></span> <span class='ocrx_word' id='word_1_521' title='bbox 2913 2459 3181 2512; x_wconf 65' lang='lat' dir='ltr'><strong>daemones</strong></span> <span class='ocrx_word' id='word_1_522' title='bbox 3223 2461 3291 2512; x_wconf 90' lang='lat' dir='ltr'><strong>ab</strong></span> <span class='ocrx_word' id='word_1_523' title='bbox 3331 2474 3518 2515; x_wconf 89' lang='lat' dir='ltr'><strong>errore</strong></span> <span class='ocrx_word' id='word_1_524' title='bbox 3569 2475 3717 2516; x_wconf 69' lang='lat' dir='ltr'><strong>revo-</strong></span> 
     </span>
    </p>
   </div>
   <div class='ocr_carea' id='block_1_68' title="bbox 2140 2547 3716 2617">
    <p class='ocr_par' dir='ltr' id='par_1_68' title="bbox 2140 2547 3716 2617">
     <span class='ocr_line' id='line_1_68' title="bbox 2140 2547 3716 2617; baseline 0.001 -14"><span class='ocrx_word' id='word_1_525' title='bbox 2140 2547 2254 2603; x_wconf 90' lang='lat' dir='ltr'><strong>cari</strong></span> <span class='ocrx_word' id='word_1_526' title='bbox 2287 2563 2442 2616; x_wconf 90' lang='lat' dir='ltr'><strong>posse</strong></span> <span class='ocrx_word' id='word_1_527' title='bbox 2494 2564 2592 2617; x_wconf 92' lang='lat' dir='ltr'><strong>per</strong></span> <span class='ocrx_word' id='word_1_528' title='bbox 2627 2549 2926 2604; x_wconf 86' lang='lat' dir='ltr'><strong>Eeclesiam</strong></span> <span class='ocrx_word' id='word_1_529' title='bbox 2952 2591 2968 2615; x_wconf 96' lang='lat'><strong>,</strong></span> <span class='ocrx_word' id='word_1_530' title='bbox 3003 2561 3060 2604; x_wconf 92' lang='lat' dir='ltr'><strong>et</strong></span> <span class='ocrx_word' id='word_1_531' title='bbox 3113 2565 3142 2604; x_wconf 87' lang='lat' dir='ltr'><strong>a</strong></span> <span class='ocrx_word' id='word_1_532' title='bbox 3193 2549 3392 2604; x_wconf 91' lang='lat' dir='ltr'><strong>diaboli</strong></span> <span class='ocrx_word' id='word_1_533' title='bbox 3442 2551 3716 2605; x_wconf 91' lang='lat' dir='ltr'><strong>consortio</strong></span> 
     </span>
    </p>
   </div>
   <div class='ocr_carea' id='block_1_69' title="bbox 2146 2639 3716 2712">
    <p class='ocr_par' dir='ltr' id='par_1_69' title="bbox 2146 2639 3716 2712">
     <span class='ocr_line' id='line_1_69' title="bbox 2146 2639 3716 2712; baseline 0 -18"><span class='ocrx_word' id='word_1_534' title='bbox 2146 2639 2423 2710; x_wconf 82' lang='lat' dir='ltr'><strong>segregari</strong></span> <span class='ocrx_word' id='word_1_535' title='bbox 2448 2640 2680 2694; x_wconf 89' lang='lat' dir='ltr'><strong>censuit.</strong></span> <span class='ocrx_word' id='word_1_536' title='bbox 2717 2639 3077 2712; x_wconf 91' lang='lat' dir='ltr'><strong>llieronymns</strong></span> <span class='ocrx_word' id='word_1_537' title='bbox 3104 2639 3156 2693; x_wconf 93' lang='lat' dir='ltr'><strong>in</strong></span> <span class='ocrx_word' id='word_1_538' title='bbox 3188 2641 3427 2709; x_wconf 88' lang='lat' dir='ltr'><strong>ejusdem</strong></span> <span class='ocrx_word' id='word_1_539' title='bbox 3463 2639 3716 2708; x_wconf 76' lang='lat' dir='ltr'><strong>Epistolze</strong></span> 
     </span>
    </p>
   </div>
   <div class='ocr_carea' id='block_1_70' title="bbox 2140 2729 3716 2801">
    <p class='ocr_par' dir='ltr' id='par_1_70' title="bbox 2140 2729 3716 2801">
     <span class='ocr_line' id='line_1_70' title="bbox 2140 2729 3716 2801; baseline 0 -18"><span class='ocrx_word' id='word_1_540' title='bbox 2140 2743 2259 2798; x_wconf 89' lang='lat' dir='ltr'><strong>cap.</strong></span> <span class='ocrx_word' id='word_1_541' title='bbox 2292 2729 2342 2793; x_wconf 83' lang='lat' dir='ltr'><strong>l,</strong></span> <span class='ocrx_word' id='word_1_542' title='bbox 2376 2744 2522 2784; x_wconf 76' lang='lat' dir='ltr'><strong>Vers.</strong></span> <span class='ocrx_word' id='word_1_543' title='bbox 2552 2729 2623 2783; x_wconf 72' lang='grc'><strong>22</strong></span> <span class='ocrx_word' id='word_1_544' title='bbox 2656 2745 2671 2782; x_wconf 90' lang='lat'><strong><em>:</em></strong></span> <span class='ocrx_word' id='word_1_545' title='bbox 2711 2748 2730 2780; x_wconf 77' lang='grc' dir='ltr'>ι</span> <span class='ocrx_word' id='word_1_546' title='bbox 2760 2729 2868 2785; x_wconf 89' lang='lat' dir='ltr'><strong>Cur</strong></span> <span class='ocrx_word' id='word_1_547' title='bbox 2895 2738 3073 2783; x_wconf 90' lang='lat' dir='ltr'><strong>autem</strong></span> <span class='ocrx_word' id='word_1_548' title='bbox 3098 2732 3304 2798; x_wconf 89' lang='lat' dir='ltr'><strong>omnia,</strong></span> <span class='ocrx_word' id='word_1_549' title='bbox 3337 2731 3528 2801; x_wconf 92' lang='lat' dir='ltr'><strong>inquit,</strong></span> <span class='ocrx_word' id='word_1_550' title='bbox 3549 2731 3600 2784; x_wconf 90' lang='lat' dir='ltr'><strong>id</strong></span> <span class='ocrx_word' id='word_1_551' title='bbox 3631 2737 3716 2784; x_wconf 89' lang='lat' dir='ltr'><strong>est</strong></span> 
     </span>
    </p>
   </div>
   <div class='ocr_carea' id='block_1_71' title="bbox 2141 2820 3716 2892">
    <p class='ocr_par' dir='ltr' id='par_1_71' title="bbox 2141 2820 3716 2892">
     <span class='ocr_line' id='line_1_71' title="bbox 2141 2820 3716 2892; baseline 0.002 -19"><span class='ocrx_word' id='word_1_552' title='bbox 2141 2820 2338 2890; x_wconf 81' lang='lat' dir='ltr'><strong>angeli,</strong></span> <span class='ocrx_word' id='word_1_553' title='bbox 2377 2821 2580 2886; x_wconf 87' lang='lat' dir='ltr'><strong>throni,</strong></span> <span class='ocrx_word' id='word_1_554' title='bbox 2612 2822 3028 2886; x_wconf 90' lang='lat' dir='ltr'><strong>dominationes,</strong></span> <span class='ocrx_word' id='word_1_555' title='bbox 3067 2831 3386 2892; x_wconf 88' lang='lat' dir='ltr'><strong>potestates,</strong></span> <span class='ocrx_word' id='word_1_556' title='bbox 3408 2831 3462 2877; x_wconf 90' lang='lat' dir='ltr'><strong>et</strong></span> <span class='ocrx_word' id='word_1_557' title='bbox 3493 2822 3716 2877; x_wconf 74' lang='lat' dir='ltr'><strong>virtutes</strong></span> 
     </span>
    </p>
   </div>
   <div class='ocr_carea' id='block_1_72' title="bbox 2141 2911 3716 2982">
    <p class='ocr_par' dir='ltr' id='par_1_72' title="bbox 2141 2911 3716 2982">
     <span class='ocr_line' id='line_1_72' title="bbox 2141 2911 3716 2982; baseline 0.003 -19"><span class='ocrx_word' id='word_1_558' title='bbox 2141 2922 2369 2976; x_wconf 62' lang='lat' dir='ltr'><strong>caetera&#39;,</strong></span> <span class='ocrx_word' id='word_1_559' title='bbox 2395 2927 2513 2982; x_wconf 78' lang='lat' dir='ltr'><strong>quas</strong></span> <span class='ocrx_word' id='word_1_560' title='bbox 2543 2928 2816 2982; x_wconf 81' lang='lat' dir='ltr'><strong>nunquam</strong></span> <span class='ocrx_word' id='word_1_561' title='bbox 2856 2913 3070 2967; x_wconf 79' lang='lat' dir='ltr'><strong>luerunt</strong></span> <span class='ocrx_word' id='word_1_562' title='bbox 3112 2916 3400 2968; x_wconf 78' lang='lat' dir='ltr'><strong>contraria:</strong></span> <span class='ocrx_word' id='word_1_563' title='bbox 3444 2911 3574 2976; x_wconf 87' lang='lat' dir='ltr'><strong>Deo,</strong></span> <span class='ocrx_word' id='word_1_564' title='bbox 3600 2911 3716 2981; x_wconf 89' lang='lat' dir='ltr'><strong>ejus</strong></span> 
     </span>
    </p>
   </div>
   <div class='ocr_carea' id='block_1_73' title="bbox 2143 3003 3718 3074">
    <p class='ocr_par' dir='ltr' id='par_1_73' title="bbox 2143 3003 3718 3074">
     <span class='ocr_line' id='line_1_73' title="bbox 2143 3003 3718 3074; baseline 0.003 -20"><span class='ocrx_word' id='word_1_565' title='bbox 2143 3003 2372 3071; x_wconf 82' lang='lat' dir='ltr'><strong>pedibus</strong></span> <span class='ocrx_word' id='word_1_566' title='bbox 2427 3003 2826 3074; x_wconf 90' lang='lat' dir='ltr'><strong>subjiciantur,</strong></span> <span class='ocrx_word' id='word_1_567' title='bbox 2895 3007 3109 3062; x_wconf 88' lang='lat' dir='ltr'><strong>videtur</strong></span> <span class='ocrx_word' id='word_1_568' title='bbox 3155 3008 3470 3062; x_wconf 86' lang='lat' dir='ltr'><strong>obscurum.</strong></span> <span class='ocrx_word' id='word_1_569' title='bbox 3534 3003 3718 3060; x_wconf 85' lang='lat' dir='ltr'><strong>Potest</strong></span> 
     </span>
    </p>
   </div>
   <div class='ocr_carea' id='block_1_74' title="bbox 2143 3095 3716 3171">
    <p class='ocr_par' dir='ltr' id='par_1_74' title="bbox 2143 3095 3716 3171">
     <span class='ocr_line' id='line_1_74' title="bbox 2143 3095 3716 3171; baseline 0.002 -21"><span class='ocrx_word' id='word_1_570' title='bbox 2143 3097 2326 3165; x_wconf 90' lang='lat' dir='ltr'><strong>itaque</strong></span> <span class='ocrx_word' id='word_1_571' title='bbox 2359 3095 2674 3164; x_wconf 91' lang='lat' dir='ltr'><strong>responderi</strong></span> <span class='ocrx_word' id='word_1_572' title='bbox 2701 3099 2842 3167; x_wconf 91' lang='lat' dir='ltr'><strong>quod</strong></span> <span class='ocrx_word' id='word_1_573' title='bbox 2873 3101 3074 3171; x_wconf 89' lang='lat' dir='ltr'><strong>absque</strong></span> <span class='ocrx_word' id='word_1_574' title='bbox 3100 3109 3321 3170; x_wconf 89' lang='lat' dir='ltr'><strong>peccato</strong></span> <span class='ocrx_word' id='word_1_575' title='bbox 3353 3097 3530 3153; x_wconf 91' lang='lat' dir='ltr'><strong>nullus</strong></span> <span class='ocrx_word' id='word_1_576' title='bbox 3552 3101 3625 3153; x_wconf 91' lang='lat' dir='ltr'><strong>sit</strong></span> <span class='ocrx_word' id='word_1_577' title='bbox 3647 3098 3716 3164; x_wconf 79' lang='grc'><strong>⁸⁸.</strong></span> 
     </span>
    </p>
   </div>
   <div class='ocr_carea' id='block_1_75' title="bbox 2143 3186 3719 3256">
    <p class='ocr_par' dir='ltr' id='par_1_75' title="bbox 2143 3186 3719 3256">
     <span class='ocr_line' id='line_1_75' title="bbox 2143 3186 3719 3256; baseline 0.002 -15"><span class='ocrx_word' id='word_1_578' title='bbox 2143 3197 2195 3241; x_wconf 93' lang='lat' dir='ltr'><strong>et</strong></span> <span class='ocrx_word' id='word_1_579' title='bbox 2223 3187 2400 3241; x_wconf 87' lang='lat' dir='ltr'><strong>sidera</strong></span> <span class='ocrx_word' id='word_1_580' title='bbox 2431 3186 2545 3256; x_wconf 90' lang='lat' dir='ltr'><strong>ipsa</strong></span> <span class='ocrx_word' id='word_1_581' title='bbox 2579 3203 2682 3241; x_wconf 93' lang='lat' dir='ltr'><strong>non</strong></span> <span class='ocrx_word' id='word_1_582' title='bbox 2721 3191 2832 3244; x_wconf 90' lang='lat' dir='ltr'><strong>sint</strong></span> <span class='ocrx_word' id='word_1_583' title='bbox 2867 3193 3062 3244; x_wconf 89' lang='lat' dir='ltr'><strong>munda</strong></span> <span class='ocrx_word' id='word_1_584' title='bbox 3089 3206 3271 3246; x_wconf 90' lang='lat' dir='ltr'><strong>coram</strong></span> <span class='ocrx_word' id='word_1_585' title='bbox 3300 3189 3486 3256; x_wconf 72' lang='lat' dir='ltr'><strong>Deo&quot;,</strong></span> <span class='ocrx_word' id='word_1_586' title='bbox 3515 3191 3719 3245; x_wconf 88' lang='lat' dir='ltr'><strong>omnis-</strong></span> 
     </span>
    </p>
   </div>
   <div class='ocr_carea' id='block_1_76' title="bbox 2145 3275 3720 3343">
    <p class='ocr_par' dir='ltr' id='par_1_76' title="bbox 2145 3275 3720 3343">
     <span class='ocr_line' id='line_1_76' title="bbox 2145 3275 3720 3343; baseline 0.003 -18"><span class='ocrx_word' id='word_1_587' title='bbox 2145 3288 2250 3342; x_wconf 92' lang='lat' dir='ltr'><strong>que</strong></span> <span class='ocrx_word' id='word_1_588' title='bbox 2281 3284 2532 3328; x_wconf 87' lang='lat' dir='ltr'><strong>creatura</strong></span> <span class='ocrx_word' id='word_1_589' title='bbox 2567 3288 2759 3343; x_wconf 86' lang='lat' dir='ltr'><strong>paveat</strong></span> <span class='ocrx_word' id='word_1_590' title='bbox 2786 3277 3062 3332; x_wconf 86' lang='lat' dir='ltr'><strong>Creatoris</strong></span> <span class='ocrx_word' id='word_1_591' title='bbox 3098 3279 3412 3331; x_wconf 84' lang='lat' dir='ltr'><strong>adventum.</strong></span> <span class='ocrx_word' id='word_1_592' title='bbox 3461 3275 3615 3332; x_wconf 85' lang='lat' dir='ltr'><strong>Unde</strong></span> <span class='ocrx_word' id='word_1_593' title='bbox 3663 3285 3720 3330; x_wconf 90' lang='lat' dir='ltr'><strong>et</strong></span> 
     </span>
    </p>
   </div>
   <div class='ocr_carea' id='block_1_77' title="bbox 2141 3366 3717 3440">
    <p class='ocr_par' dir='ltr' id='par_1_77' title="bbox 2141 3366 3717 3440">
     <span class='ocr_line' id='line_1_77' title="bbox 2141 3366 3717 3440; baseline 0.002 -22"><span class='ocrx_word' id='word_1_594' title='bbox 2141 3381 2278 3419; x_wconf 79' lang='lat' dir='ltr'><strong>crux</strong></span> <span class='ocrx_word' id='word_1_595' title='bbox 2333 3366 2633 3421; x_wconf 89' lang='lat' dir='ltr'><strong>Salvatoris</strong></span> <span class='ocrx_word' id='word_1_596' title='bbox 2672 3383 2777 3421; x_wconf 90' lang='lat' dir='ltr'><strong>non</strong></span> <span class='ocrx_word' id='word_1_597' title='bbox 2829 3370 3004 3424; x_wconf 89' lang='lat' dir='ltr'><strong>solum</strong></span> <span class='ocrx_word' id='word_1_598' title='bbox 3064 3385 3126 3423; x_wconf 89' lang='lat' dir='ltr'><strong>ea</strong></span> <span class='ocrx_word' id='word_1_599' title='bbox 3172 3385 3292 3440; x_wconf 72' lang='lat' dir='ltr'><strong>qua:</strong></span> <span class='ocrx_word' id='word_1_600' title='bbox 3335 3369 3590 3433; x_wconf 87' lang='lat' dir='ltr'><strong>interra,</strong></span> <span class='ocrx_word' id='word_1_601' title='bbox 3621 3367 3717 3422; x_wconf 87' lang='lat' dir='ltr'><strong>sed</strong></span> 
     </span>
    </p>
   </div>
   <div class='ocr_carea' id='block_1_78' title="bbox 2141 3454 3713 3529">
    <p class='ocr_par' dir='ltr' id='par_1_78' title="bbox 2141 3454 3713 3529">
     <span class='ocr_line' id='line_1_78' title="bbox 2141 3454 3713 3529; baseline 0.001 -21"><span class='ocrx_word' id='word_1_602' title='bbox 2141 3454 2306 3508; x_wconf 88' lang='lat' dir='ltr'><strong>etiam</strong></span> <span class='ocrx_word' id='word_1_603' title='bbox 2334 3469 2398 3508; x_wconf 88' lang='lat' dir='ltr'><strong>ea</strong></span> <span class='ocrx_word' id='word_1_604' title='bbox 2423 3471 2542 3524; x_wconf 75' lang='lat' dir='ltr'><strong>qua:</strong></span> <span class='ocrx_word' id='word_1_605' title='bbox 2576 3457 2627 3510; x_wconf 92' lang='lat' dir='ltr'><strong>in</strong></span> <span class='ocrx_word' id='word_1_606' title='bbox 2669 3457 2825 3513; x_wconf 71' lang='lat' dir='ltr'><strong>caelis</strong></span> <span class='ocrx_word' id='word_1_607' title='bbox 2867 3469 3017 3512; x_wconf 90' lang='lat' dir='ltr'><strong>erant</strong></span> <span class='ocrx_word' id='word_1_608' title='bbox 3045 3474 3310 3528; x_wconf 83' lang='lat' dir='ltr'><strong>purgasse</strong></span> <span class='ocrx_word' id='word_1_609' title='bbox 3332 3459 3713 3529; x_wconf 61' lang='lat' dir='ltr'><strong>perhibeturp</strong></span> 
     </span>
    </p>
   </div>
   <div class='ocr_carea' id='block_1_79' title="bbox 2143 3543 3719 3618">
    <p class='ocr_par' dir='ltr' id='par_1_79' title="bbox 2143 3543 3719 3618">
     <span class='ocr_line' id='line_1_79' title="bbox 2143 3543 3719 3618; baseline 0.003 -22"><span class='ocrx_word' id='word_1_610' title='bbox 2143 3551 2199 3596; x_wconf 89' lang='lat' dir='ltr'><strong>et</strong></span> <span class='ocrx_word' id='word_1_611' title='bbox 2224 3543 2382 3612; x_wconf 88' lang='lat' dir='ltr'><strong>paulo</strong></span> <span class='ocrx_word' id='word_1_612' title='bbox 2423 3547 2672 3615; x_wconf 89' lang='lat' dir='ltr'><strong>superius</strong></span> <span class='ocrx_word' id='word_1_613' title='bbox 2697 3548 2750 3602; x_wconf 91' lang='lat' dir='ltr'><strong>in</strong></span> <span class='ocrx_word' id='word_1_614' title='bbox 2799 3548 2959 3618; x_wconf 85' lang='lat' dir='ltr'><strong>hujus</strong></span> <span class='ocrx_word' id='word_1_615' title='bbox 3019 3549 3212 3618; x_wconf 89' lang='lat' dir='ltr'><strong>capitis</strong></span> <span class='ocrx_word' id='word_1_616' title='bbox 3243 3563 3384 3602; x_wconf 89' lang='lat' dir='ltr'><strong>vers.</strong></span> <span class='ocrx_word' id='word_1_617' title='bbox 3413 3548 3484 3602; x_wconf 67' lang='lat'><strong>‘20</strong></span> <span class='ocrx_word' id='word_1_618' title='bbox 3534 3565 3545 3598; x_wconf 93' lang='lat'>:</span> <span class='ocrx_word' id='word_1_619' title='bbox 3602 3566 3622 3600; x_wconf 73' lang='grc' dir='ltr'>ι</span> <span class='ocrx_word' id='word_1_620' title='bbox 3659 3545 3719 3601; x_wconf 89' lang='lat' dir='ltr'><strong>Si</strong></span> 
     </span>
    </p>
   </div>
   <div class='ocr_carea' id='block_1_80' title="bbox 2145 3639 3721 3708">
    <p class='ocr_par' dir='ltr' id='par_1_80' title="bbox 2145 3639 3721 3708">
     <span class='ocr_line' id='line_1_80' title="bbox 2145 3639 3721 3708; baseline 0.003 -19"><span class='ocrx_word' id='word_1_621' title='bbox 2145 3645 2324 3690; x_wconf 87' lang='lat' dir='ltr'><strong>autem</strong></span> <span class='ocrx_word' id='word_1_622' title='bbox 2354 3648 2482 3690; x_wconf 91' lang='lat' dir='ltr'><strong>sunt</strong></span> <span class='ocrx_word' id='word_1_623' title='bbox 2505 3639 2855 3708; x_wconf 86' lang='lat' dir='ltr'><strong>principatus,</strong></span> <span class='ocrx_word' id='word_1_624' title='bbox 2882 3649 2933 3694; x_wconf 90' lang='lat' dir='ltr'><strong>et</strong></span> <span class='ocrx_word' id='word_1_625' title='bbox 2971 3650 3286 3708; x_wconf 88' lang='lat' dir='ltr'><strong>potestates,</strong></span> <span class='ocrx_word' id='word_1_626' title='bbox 3311 3651 3365 3694; x_wconf 91' lang='lat' dir='ltr'><strong>et</strong></span> <span class='ocrx_word' id='word_1_627' title='bbox 3390 3641 3638 3706; x_wconf 86' lang='lat' dir='ltr'><strong>virtutes,</strong></span> <span class='ocrx_word' id='word_1_628' title='bbox 3665 3649 3721 3694; x_wconf 91' lang='lat' dir='ltr'><strong>et</strong></span> 
     </span>
    </p>
   </div>
   <div class='ocr_carea' id='block_1_81' title="bbox 2143 3727 3721 3798">
    <p class='ocr_par' dir='ltr' id='par_1_81' title="bbox 2143 3727 3721 3798">
     <span class='ocr_line' id='line_1_81' title="bbox 2143 3727 3721 3798; baseline 0.004 -18"><span class='ocrx_word' id='word_1_629' title='bbox 2143 3727 2560 3794; x_wconf 87' lang='lat' dir='ltr'><strong>dominationes,</strong></span> <span class='ocrx_word' id='word_1_630' title='bbox 2580 3745 2802 3784; x_wconf 88' lang='lat' dir='ltr'><strong>necesse</strong></span> <span class='ocrx_word' id='word_1_631' title='bbox 2813 3741 2897 3785; x_wconf 88' lang='lat' dir='ltr'><strong>est</strong></span> <span class='ocrx_word' id='word_1_632' title='bbox 2922 3741 2980 3785; x_wconf 93' lang='lat' dir='ltr'><strong>ut</strong></span> <span class='ocrx_word' id='word_1_633' title='bbox 2998 3741 3053 3785; x_wconf 92' lang='lat' dir='ltr'><strong>et</strong></span> <span class='ocrx_word' id='word_1_634' title='bbox 3080 3730 3355 3798; x_wconf 82' lang='lat' dir='ltr'><strong>subjectos</strong></span> <span class='ocrx_word' id='word_1_635' title='bbox 3376 3732 3632 3796; x_wconf 88' lang='lat' dir='ltr'><strong>habeant,</strong></span> <span class='ocrx_word' id='word_1_636' title='bbox 3665 3741 3721 3786; x_wconf 92' lang='lat' dir='ltr'><strong>et</strong></span> 
     </span>
    </p>
   </div>
   <div class='ocr_carea' id='block_1_82' title="bbox 2147 3818 3722 3892">
    <p class='ocr_par' dir='ltr' id='par_1_82' title="bbox 2147 3818 3722 3892">
     <span class='ocr_line' id='line_1_82' title="bbox 2147 3818 3722 3892; baseline 0.002 -20"><span class='ocrx_word' id='word_1_637' title='bbox 2147 3818 2401 3874; x_wconf 89' lang='lat' dir='ltr'><strong>timentes</strong></span> <span class='ocrx_word' id='word_1_638' title='bbox 2425 3835 2503 3884; x_wconf 89' lang='lat' dir='ltr'><strong>se,</strong></span> <span class='ocrx_word' id='word_1_639' title='bbox 2540 3831 2595 3875; x_wconf 91' lang='lat' dir='ltr'><strong>et</strong></span> <span class='ocrx_word' id='word_1_640' title='bbox 2617 3824 2915 3877; x_wconf 89' lang='lat' dir='ltr'><strong>servientes</strong></span> <span class='ocrx_word' id='word_1_641' title='bbox 2936 3821 3062 3887; x_wconf 91' lang='lat' dir='ltr'><strong>sibi,</strong></span> <span class='ocrx_word' id='word_1_642' title='bbox 3090 3832 3146 3876; x_wconf 91' lang='lat' dir='ltr'><strong>et</strong></span> <span class='ocrx_word' id='word_1_643' title='bbox 3168 3837 3265 3877; x_wconf 92' lang='lat' dir='ltr'><strong>eos</strong></span> <span class='ocrx_word' id='word_1_644' title='bbox 3305 3821 3398 3892; x_wconf 92' lang='lat' dir='ltr'><strong>qui</strong></span> <span class='ocrx_word' id='word_1_645' title='bbox 3427 3835 3523 3875; x_wconf 89' lang='lat' dir='ltr'><strong>sua</strong></span> <span class='ocrx_word' id='word_1_646' title='bbox 3564 3821 3722 3876; x_wconf 82' lang='lat' dir='ltr'><strong>forti-</strong></span> 
     </span>
    </p>
   </div>
   <div class='ocr_carea' id='block_1_83' title="bbox 2145 3909 3722 3980">
    <p class='ocr_par' dir='ltr' id='par_1_83' title="bbox 2145 3909 3722 3980">
     <span class='ocr_line' id='line_1_83' title="bbox 2145 3909 3722 3980; baseline 0.004 -19"><span class='ocrx_word' id='word_1_647' title='bbox 2145 3909 2335 3964; x_wconf 91' lang='lat' dir='ltr'><strong>tudine</strong></span> <span class='ocrx_word' id='word_1_648' title='bbox 2363 3911 2706 3968; x_wconf 87' lang='lat' dir='ltr'><strong>roborentur.</strong></span> <span class='ocrx_word' id='word_1_649' title='bbox 2745 3911 2873 3979; x_wconf 71' lang='lat' dir='ltr'><strong>Quae</strong></span> <span class='ocrx_word' id='word_1_650' title='bbox 2932 3911 3344 3968; x_wconf 87' lang='lat' dir='ltr'><strong>distributiones</strong></span> <span class='ocrx_word' id='word_1_651' title='bbox 3391 3911 3722 3980; x_wconf 80' lang='lat' dir='ltr'><strong>olliciorum,</strong></span> 
     </span>
    </p>
   </div>
   <div class='ocr_carea' id='block_1_84' title="bbox 2147 4000 3722 4072">
    <p class='ocr_par' dir='ltr' id='par_1_84' title="bbox 2147 4000 3722 4072">
     <span class='ocr_line' id='line_1_84' title="bbox 2147 4000 3722 4072; baseline 0.003 -18"><span class='ocrx_word' id='word_1_652' title='bbox 2147 4017 2252 4055; x_wconf 93' lang='lat' dir='ltr'><strong>non</strong></span> <span class='ocrx_word' id='word_1_653' title='bbox 2304 4000 2477 4058; x_wconf 88' lang='lat' dir='ltr'><strong>solum</strong></span> <span class='ocrx_word' id='word_1_654' title='bbox 2518 4002 3029 4072; x_wconf 74' lang='lat' dir='ltr'><strong>imprzesentiarum,</strong></span> <span class='ocrx_word' id='word_1_655' title='bbox 3071 4004 3166 4056; x_wconf 90' lang='lat' dir='ltr'><strong>sed</strong></span> <span class='ocrx_word' id='word_1_656' title='bbox 3220 4003 3382 4057; x_wconf 89' lang='lat' dir='ltr'><strong>etiam</strong></span> <span class='ocrx_word' id='word_1_657' title='bbox 3435 4003 3486 4056; x_wconf 94' lang='lat' dir='ltr'><strong>in</strong></span> <span class='ocrx_word' id='word_1_658' title='bbox 3542 4004 3722 4058; x_wconf 85' lang='lat' dir='ltr'><strong>l&#39;uturo</strong></span> 
     </span>
    </p>
   </div>
   <div class='ocr_carea' id='block_1_85' title="bbox 2148 4087 3721 4165">
    <p class='ocr_par' dir='ltr' id='par_1_85' title="bbox 2148 4087 3721 4165">
     <span class='ocr_line' id='line_1_85' title="bbox 2148 4087 3721 4165; baseline 0.001 -17"><span class='ocrx_word' id='word_1_659' title='bbox 2148 4093 2349 4148; x_wconf 70' lang='lat' dir='ltr'><strong>Saecula</strong></span> <span class='ocrx_word' id='word_1_660' title='bbox 2367 4087 2548 4161; x_wconf 89' lang='lat' dir='ltr'><strong>erunt,</strong></span> <span class='ocrx_word' id='word_1_661' title='bbox 2580 4106 2636 4148; x_wconf 92' lang='lat' dir='ltr'><strong>ut</strong></span> <span class='ocrx_word' id='word_1_662' title='bbox 2654 4111 2752 4164; x_wconf 89' lang='lat' dir='ltr'><strong>per</strong></span> <span class='ocrx_word' id='word_1_663' title='bbox 2773 4095 3018 4165; x_wconf 88' lang='lat' dir='ltr'><strong>singulos</strong></span> <span class='ocrx_word' id='word_1_664' title='bbox 3048 4095 3325 4164; x_wconf 81' lang='lat' dir='ltr'><strong>prolectus</strong></span> <span class='ocrx_word' id='word_1_665' title='bbox 3345 4135 3362 4161; x_wconf 93' lang='lat'><strong>,</strong></span> <span class='ocrx_word' id='word_1_666' title='bbox 3388 4104 3442 4150; x_wconf 91' lang='lat' dir='ltr'><strong>et</strong></span> <span class='ocrx_word' id='word_1_667' title='bbox 3467 4096 3721 4160; x_wconf 89' lang='lat' dir='ltr'><strong>honores,</strong></span> 
     </span>
    </p>
   </div>
   <div class='ocr_carea' id='block_1_86' title="bbox 2147 4177 3719 4257">
    <p class='ocr_par' dir='ltr' id='par_1_86' title="bbox 2147 4177 3719 4257">
     <span class='ocr_line' id='line_1_86' title="bbox 2147 4177 3719 4257; baseline 0.003 -20"><span class='ocrx_word' id='word_1_668' title='bbox 2147 4193 2201 4238; x_wconf 84' lang='lat' dir='ltr'><strong>et.</strong></span> <span class='ocrx_word' id='word_1_669' title='bbox 2224 4177 2588 4248; x_wconf 77' lang='lat' dir='ltr'><strong>ascensiones,</strong></span> <span class='ocrx_word' id='word_1_670' title='bbox 2615 4196 2664 4240; x_wconf 90' lang='lat' dir='ltr'><strong>et</strong></span> <span class='ocrx_word' id='word_1_671' title='bbox 2699 4186 3109 4252; x_wconf 88' lang='lat' dir='ltr'><strong>descensiones,</strong></span> <span class='ocrx_word' id='word_1_672' title='bbox 3137 4187 3218 4241; x_wconf 88' lang='lat' dir='ltr'><strong>vel</strong></span> <span class='ocrx_word' id='word_1_673' title='bbox 3253 4198 3466 4243; x_wconf 87' lang='lat' dir='ltr'><strong>crescat</strong></span> <span class='ocrx_word' id='word_1_674' title='bbox 3506 4187 3719 4257; x_wconf 81' lang='lat' dir='ltr'><strong>aliquis,</strong></span> 
     </span>
    </p>
   </div>
   <div class='ocr_carea' id='block_1_87' title="bbox 2149 4275 3726 4350">
    <p class='ocr_par' dir='ltr' id='par_1_87' title="bbox 2149 4275 3726 4350">
     <span class='ocr_line' id='line_1_87' title="bbox 2149 4275 3726 4350; baseline 0.003 -22"><span class='ocrx_word' id='word_1_675' title='bbox 2149 4275 2235 4331; x_wconf 85' lang='lat' dir='ltr'><strong>vel</strong></span> <span class='ocrx_word' id='word_1_676' title='bbox 2265 4277 2561 4344; x_wconf 85' lang='lat' dir='ltr'><strong>decrescat,</strong></span> <span class='ocrx_word' id='word_1_677' title='bbox 2590 4289 2644 4332; x_wconf 92' lang='lat' dir='ltr'><strong>et</strong></span> <span class='ocrx_word' id='word_1_678' title='bbox 2675 4280 2774 4334; x_wconf 86' lang='lat' dir='ltr'><strong>sub</strong></span> <span class='ocrx_word' id='word_1_679' title='bbox 2807 4279 2911 4333; x_wconf 88' lang='lat' dir='ltr'><strong>alia</strong></span> <span class='ocrx_word' id='word_1_680' title='bbox 2942 4290 3105 4350; x_wconf 89' lang='lat' dir='ltr'><strong>atque</strong></span> <span class='ocrx_word' id='word_1_681' title='bbox 3133 4281 3235 4334; x_wconf 87' lang='lat' dir='ltr'><strong>alia</strong></span> <span class='ocrx_word' id='word_1_682' title='bbox 3275 4289 3562 4350; x_wconf 85' lang='lat' dir='ltr'><strong>potestate,</strong></span> <span class='ocrx_word' id='word_1_683' title='bbox 3615 4281 3726 4334; x_wconf 88' lang='lat' dir='ltr'><strong>vir-</strong></span> 
     </span>
    </p>
   </div>
   <div class='ocr_carea' id='block_1_88' title="bbox 2163 4371 3724 4442">
    <p class='ocr_par' dir='ltr' id='par_1_88' title="bbox 2163 4371 3724 4442">
     <span class='ocr_line' id='line_1_88' title="bbox 2163 4371 3724 4442; baseline 0.003 -21"><span class='ocrx_word' id='word_1_684' title='bbox 2163 4378 2296 4435; x_wconf 90' lang='lat' dir='ltr'><strong>tute,</strong></span> <span class='ocrx_word' id='word_1_685' title='bbox 2345 4371 2648 4440; x_wconf 86' lang='lat' dir='ltr'><strong>principatu</strong></span> <span class='ocrx_word' id='word_1_686' title='bbox 2683 4382 2736 4426; x_wconf 91' lang='lat' dir='ltr'><strong>et</strong></span> <span class='ocrx_word' id='word_1_687' title='bbox 2769 4373 3137 4427; x_wconf 90' lang='lat' dir='ltr'><strong>dominatione</strong></span> <span class='ocrx_word' id='word_1_688' title='bbox 3171 4372 3282 4426; x_wconf 84' lang='lat' dir='ltr'><strong>ﬁat.</strong></span> <span class='ocrx_word' id='word_1_689' title='bbox 3316 4392 3334 4424; x_wconf 73' lang='grc' dir='ltr'><strong>ι</strong></span> <span class='ocrx_word' id='word_1_690' title='bbox 3379 4374 3553 4442; x_wconf 82' lang='lat' dir='ltr'><strong>Atque</strong></span> <span class='ocrx_word' id='word_1_691' title='bbox 3612 4372 3724 4426; x_wconf 74' lang='lat' dir='ltr'><strong>ha&#39;c</strong></span> 
     </span>
    </p>
   </div>
   <div class='ocr_carea' id='block_1_89' title="bbox 2148 4460 3724 4534">
    <p class='ocr_par' dir='ltr' id='par_1_89' title="bbox 2148 4460 3724 4534">
     <span class='ocr_line' id='line_1_89' title="bbox 2148 4460 3724 4534; baseline 0.002 -21"><span class='ocrx_word' id='word_1_692' title='bbox 2148 4476 2271 4513; x_wconf 91' lang='lat' dir='ltr'><strong>cum</strong></span> <span class='ocrx_word' id='word_1_693' title='bbox 2307 4460 2488 4516; x_wconf 75' lang='lat' dir='ltr'><strong>Ruﬁni</strong></span> <span class='ocrx_word' id='word_1_694' title='bbox 2529 4463 3034 4532; x_wconf 85' lang='lat' dir='ltr'><strong>reprehensionibus</strong></span> <span class='ocrx_word' id='word_1_695' title='bbox 3064 4477 3117 4520; x_wconf 91' lang='lat' dir='ltr'><strong>et</strong></span> <span class='ocrx_word' id='word_1_696' title='bbox 3174 4465 3420 4519; x_wconf 81' lang='lat' dir='ltr'><strong>censuris</strong></span> <span class='ocrx_word' id='word_1_697' title='bbox 3454 4468 3724 4534; x_wconf 79' lang='lat' dir='ltr'><strong>exagitata</strong></span> 
     </span>
    </p>
   </div>
   <div class='ocr_carea' id='block_1_90' title="bbox 466 4550 3723 4632">
    <p class='ocr_par' dir='ltr' id='par_1_90' title="bbox 466 4550 3723 4632">
     <span class='ocr_line' id='line_1_90' title="bbox 466 4550 3723 4632; baseline 0 -25"><span class='ocrx_word' id='word_1_698' title='bbox 466 4559 636 4630; x_wconf 63' lang='lat' dir='ltr'><strong>Epist,</strong></span> <span class='ocrx_word' id='word_1_699' title='bbox 668 4561 737 4612; x_wconf 71' lang='lat' dir='ltr'><strong>ad</strong></span> <span class='ocrx_word' id='word_1_700' title='bbox 761 4559 937 4625; x_wconf 67' lang='lat' dir='ltr'><strong>Rom,</strong></span> <span class='ocrx_word' id='word_1_701' title='bbox 974 4577 1123 4616; x_wconf 80' lang='lat' dir='ltr'><strong>num,</strong></span> <span class='ocrx_word' id='word_1_702' title='bbox 1149 4561 1237 4625; x_wconf 71' lang='grc' dir='ltr'><strong>ιο,</strong></span> <span class='ocrx_word' id='word_1_703' title='bbox 1262 4579 1384 4632; x_wconf 68' lang='lat' dir='ltr'><strong>pag,</strong></span> <span class='ocrx_word' id='word_1_704' title='bbox 1413 4563 1538 4627; x_wconf 66' lang='lat'><strong>563,</strong></span> <span class='ocrx_word' id='word_1_705' title='bbox 1565 4573 1848 4632; x_wconf 58' lang='lat' dir='ltr'><strong>postquam</strong></span> <span class='ocrx_word' id='word_1_706' title='bbox 1874 4560 2038 4614; x_wconf 72' lang='lat' dir='ltr'><strong>liber-</strong></span> <span class='ocrx_word' id='word_1_707' title='bbox 2078 4578 2121 4632; x_wconf 72' lang='grc' dir='ltr'><strong>ι)</strong></span> <span class='ocrx_word' id='word_1_708' title='bbox 2153 4550 2407 4618; x_wconf 77' lang='lat' dir='ltr'><strong>inissent,</strong></span> <span class='ocrx_word' id='word_1_709' title='bbox 2439 4555 2519 4608; x_wconf 91' lang='lat' dir='ltr'><strong>sic</strong></span> <span class='ocrx_word' id='word_1_710' title='bbox 2568 4572 2829 4612; x_wconf 76' lang='lat' dir='ltr'><strong>excusare</strong></span> <span class='ocrx_word' id='word_1_711' title='bbox 2878 4568 3112 4611; x_wconf 88' lang='lat' dir='ltr'><strong>conatur</strong></span> <span class='ocrx_word' id='word_1_712' title='bbox 3163 4557 3520 4628; x_wconf 85' lang='lat' dir='ltr'><strong>Hieronymus</strong></span> <span class='ocrx_word' id='word_1_713' title='bbox 3548 4557 3660 4628; x_wconf 77' lang='lat'><strong>(5&#39;2)</strong></span> <span class='ocrx_word' id='word_1_714' title='bbox 3708 4571 3723 4609; x_wconf 90' lang='lat'>:</span> 
     </span>
    </p>
   </div>
   <div class='ocr_carea' id='block_1_91' title="bbox 465 4652 2049 4725">
    <p class='ocr_par' dir='ltr' id='par_1_91' title="bbox 465 4652 2049 4725">
     <span class='ocr_line' id='line_1_91' title="bbox 465 4652 2049 4725; baseline 0.001 -21"><span class='ocrx_word' id='word_1_715' title='bbox 465 4654 593 4707; x_wconf 86' lang='lat' dir='ltr'><strong>tatis</strong></span> <span class='ocrx_word' id='word_1_716' title='bbox 633 4653 910 4708; x_wconf 89' lang='lat' dir='ltr'><strong>voluntate</strong></span> <span class='ocrx_word' id='word_1_717' title='bbox 943 4655 1226 4725; x_wconf 76' lang='lat' dir='ltr'><strong>praeditam</strong></span> <span class='ocrx_word' id='word_1_718' title='bbox 1265 4673 1386 4710; x_wconf 87' lang='lat' dir='ltr'><strong>esse</strong></span> <span class='ocrx_word' id='word_1_719' title='bbox 1436 4667 1690 4710; x_wconf 88' lang='lat' dir='ltr'><strong>naturam</strong></span> <span class='ocrx_word' id='word_1_720' title='bbox 1746 4652 2049 4723; x_wconf 82' lang='lat' dir='ltr'><strong>quamlibet</strong></span> 
     </span>
    </p>
   </div>
   <div class='ocr_carea' id='block_1_92' title="bbox 467 4745 2049 4816">
    <p class='ocr_par' dir='ltr' id='par_1_92' title="bbox 467 4745 2049 4816">
     <span class='ocr_line' id='line_1_92' title="bbox 467 4745 2049 4816; baseline 0 -17"><span class='ocrx_word' id='word_1_721' title='bbox 467 4745 692 4800; x_wconf 80' lang='lat' dir='ltr'><strong>rationis</strong></span> <span class='ocrx_word' id='word_1_722' title='bbox 738 4756 1045 4816; x_wconf 88' lang='lat' dir='ltr'><strong>compotem</strong></span> <span class='ocrx_word' id='word_1_723' title='bbox 1098 4746 1383 4803; x_wconf 83' lang='lat' dir='ltr'><strong>confessus</strong></span> <span class='ocrx_word' id='word_1_724' title='bbox 1429 4759 1531 4814; x_wconf 90' lang='lat' dir='ltr'><strong>est,</strong></span> <span class='ocrx_word' id='word_1_725' title='bbox 1569 4764 1672 4802; x_wconf 90' lang='lat' dir='ltr'><strong>non</strong></span> <span class='ocrx_word' id='word_1_726' title='bbox 1723 4762 1786 4801; x_wconf 86' lang='lat' dir='ltr'><strong>ea</strong></span> <span class='ocrx_word' id='word_1_727' title='bbox 1824 4745 2049 4816; x_wconf 70' lang='lat' dir='ltr'><strong>perinde</strong></span> 
     </span>
    </p>
   </div>
   <div class='ocr_carea' id='block_1_93' title="bbox 463 4835 2045 4908">
    <p class='ocr_par' dir='ltr' id='par_1_93' title="bbox 463 4835 2045 4908">
     <span class='ocr_line' id='line_1_93' title="bbox 463 4835 2045 4908; baseline -0.001 -19"><span class='ocrx_word' id='word_1_728' title='bbox 463 4837 753 4890; x_wconf 86' lang='lat' dir='ltr'><strong>tttidoceal</strong></span> <span class='ocrx_word' id='word_1_729' title='bbox 791 4850 806 4890; x_wconf 88' lang='lat'><strong>:</strong></span> <span class='ocrx_word' id='word_1_730' title='bbox 852 4855 870 4887; x_wconf 69' lang='grc' dir='ltr'><em>ς</em></span> <span class='ocrx_word' id='word_1_731' title='bbox 905 4837 1040 4903; x_wconf 83' lang='lat' dir='ltr'><strong>Quid</strong></span> <span class='ocrx_word' id='word_1_732' title='bbox 1070 4846 1251 4892; x_wconf 88' lang='lat' dir='ltr'><strong>autem</strong></span> <span class='ocrx_word' id='word_1_733' title='bbox 1279 4840 1372 4902; x_wconf 90' lang='lat' dir='ltr'><strong>sit,</strong></span> <span class='ocrx_word' id='word_1_734' title='bbox 1397 4839 1598 4908; x_wconf 87' lang='lat' dir='ltr'><strong>inquit,</strong></span> <span class='ocrx_word' id='word_1_735' title='bbox 1639 4838 1778 4907; x_wconf 89' lang='lat' dir='ltr'><strong>quod</strong></span> <span class='ocrx_word' id='word_1_736' title='bbox 1817 4836 1870 4890; x_wconf 94' lang='lat' dir='ltr'><strong>in</strong></span> <span class='ocrx_word' id='word_1_737' title='bbox 1908 4835 2045 4888; x_wconf 88' lang='lat' dir='ltr'><strong>l&#39;uttt-</strong></span> 
     </span>
    </p>
   </div>
   <div class='ocr_carea' id='block_1_94' title="bbox 461 4928 2043 4994">
    <p class='ocr_par' dir='ltr' id='par_1_94' title="bbox 461 4928 2043 4994">
     <span class='ocr_line' id='line_1_94' title="bbox 461 4928 2043 4994; baseline -0.002 -12"><span class='ocrx_word' id='word_1_738' title='bbox 461 4928 541 4982; x_wconf 88' lang='lat' dir='ltr'><strong>ris</strong></span> <span class='ocrx_word' id='word_1_739' title='bbox 594 4929 808 4984; x_wconf 64' lang='lat' dir='ltr'><strong>saeculis</strong></span> <span class='ocrx_word' id='word_1_740' title='bbox 840 4938 1021 4984; x_wconf 91' lang='lat' dir='ltr'><strong>teneat</strong></span> <span class='ocrx_word' id='word_1_741' title='bbox 1078 4932 1292 4987; x_wconf 85' lang='lat' dir='ltr'><strong>arbitrii</strong></span> <span class='ocrx_word' id='word_1_742' title='bbox 1351 4934 1684 4994; x_wconf 86' lang='lat' dir='ltr'><strong>libertatem,</strong></span> <span class='ocrx_word' id='word_1_743' title='bbox 1715 4945 1784 4984; x_wconf 90' lang='lat' dir='ltr'><strong>ne</strong></span> <span class='ocrx_word' id='word_1_744' title='bbox 1829 4943 2043 4983; x_wconf 89' lang='lat' dir='ltr'><strong>rursum</strong></span> 
     </span>
    </p>
   </div>
   <div class='ocr_carea' id='block_1_95' title="bbox 461 5020 2049 5091">
    <p class='ocr_par' dir='ltr' id='par_1_95' title="bbox 461 5020 2049 5091">
     <span class='ocr_line' id='line_1_95' title="bbox 461 5020 2049 5091; baseline -0.001 -15"><span class='ocrx_word' id='word_1_745' title='bbox 461 5031 686 5076; x_wconf 89' lang='lat' dir='ltr'><strong>corruat</strong></span> <span class='ocrx_word' id='word_1_746' title='bbox 718 5022 771 5075; x_wconf 94' lang='lat' dir='ltr'><strong>in</strong></span> <span class='ocrx_word' id='word_1_747' title='bbox 807 5032 1115 5091; x_wconf 90' lang='lat' dir='ltr'><strong>peccatum,</strong></span> <span class='ocrx_word' id='word_1_748' title='bbox 1153 5023 1302 5078; x_wconf 87' lang='lat' dir='ltr'><strong>brevi</strong></span> <span class='ocrx_word' id='word_1_749' title='bbox 1333 5040 1430 5079; x_wconf 92' lang='lat' dir='ltr'><strong>nos</strong></span> <span class='ocrx_word' id='word_1_750' title='bbox 1480 5037 1731 5079; x_wconf 87' lang='lat' dir='ltr'><strong>sermone</strong></span> <span class='ocrx_word' id='word_1_751' title='bbox 1759 5020 2049 5090; x_wconf 83' lang='lat' dir='ltr'><strong>Apostolus</strong></span> 
     </span>
    </p>
   </div>
   <div class='ocr_carea' id='block_1_96' title="bbox 463 5111 2050 5185">
    <p class='ocr_par' dir='ltr' id='par_1_96' title="bbox 463 5111 2050 5185">
     <span class='ocr_line' id='line_1_96' title="bbox 463 5111 2050 5185; baseline 0.001 -20"><span class='ocrx_word' id='word_1_752' title='bbox 463 5111 643 5175; x_wconf 86' lang='lat' dir='ltr'><strong>docet,</strong></span> <span class='ocrx_word' id='word_1_753' title='bbox 679 5111 869 5166; x_wconf 84' lang='lat' dir='ltr'><strong>dicens</strong></span> <span class='ocrx_word' id='word_1_754' title='bbox 898 5129 912 5164; x_wconf 94' lang='lat'>:</span> <span class='ocrx_word' id='word_1_755' title='bbox 944 5111 1192 5168; x_wconf 77' lang='lat' dir='ltr'><strong>Charitas</strong></span> <span class='ocrx_word' id='word_1_756' title='bbox 1245 5131 1516 5185; x_wconf 84' lang='lat' dir='ltr'><strong>nunquam</strong></span> <span class='ocrx_word' id='word_1_757' title='bbox 1539 5115 1682 5166; x_wconf 79' lang='lat' dir='ltr'><strong>cadit</strong></span> <span class='ocrx_word' id='word_1_758' title='bbox 1713 5112 1788 5177; x_wconf 74' lang='lat'><strong>“;</strong></span> <span class='ocrx_word' id='word_1_759' title='bbox 1845 5111 2050 5166; x_wconf 88' lang='lat' dir='ltr'><strong>idcirco</strong></span> 
     </span>
    </p>
   </div>
   <div class='ocr_carea' id='block_1_97' title="bbox 462 5204 2045 5276">
    <p class='ocr_par' dir='ltr' id='par_1_97' title="bbox 462 5204 2045 5276">
     <span class='ocr_line' id='line_1_97' title="bbox 462 5204 2045 5276; baseline -0.001 -18"><span class='ocrx_word' id='word_1_760' title='bbox 462 5204 606 5258; x_wconf 88' lang='lat' dir='ltr'><strong>enim</strong></span> <span class='ocrx_word' id='word_1_761' title='bbox 632 5215 686 5259; x_wconf 92' lang='lat' dir='ltr'><strong>et</strong></span> <span class='ocrx_word' id='word_1_762' title='bbox 713 5205 817 5259; x_wconf 76' lang='lat' dir='ltr'><strong>[ide</strong></span> <span class='ocrx_word' id='word_1_763' title='bbox 839 5214 894 5260; x_wconf 89' lang='lat' dir='ltr'><strong>et</strong></span> <span class='ocrx_word' id='word_1_764' title='bbox 924 5221 1019 5272; x_wconf 91' lang='lat' dir='ltr'><strong>spe</strong></span> <span class='ocrx_word' id='word_1_765' title='bbox 1053 5209 1227 5276; x_wconf 88' lang='lat' dir='ltr'><strong>major</strong></span> <span class='ocrx_word' id='word_1_766' title='bbox 1250 5209 1492 5263; x_wconf 87' lang='lat' dir='ltr'><strong>charitas</strong></span> <span class='ocrx_word' id='word_1_767' title='bbox 1525 5207 1744 5271; x_wconf 88' lang='lat' dir='ltr'><strong>dicitur,</strong></span> <span class='ocrx_word' id='word_1_768' title='bbox 1773 5206 1897 5275; x_wconf 91' lang='lat' dir='ltr'><strong>quia</strong></span> <span class='ocrx_word' id='word_1_769' title='bbox 1933 5205 2045 5259; x_wconf 88' lang='lat' dir='ltr'><strong>sola</strong></span> 
     </span>
    </p>
   </div>
   <div class='ocr_carea' id='block_1_98' title="bbox 463 5297 2046 5370">
    <p class='ocr_par' dir='ltr' id='par_1_98' title="bbox 463 5297 2046 5370">
     <span class='ocr_line' id='line_1_98' title="bbox 463 5297 2046 5370; baseline 0.001 -20"><span class='ocrx_word' id='word_1_770' title='bbox 463 5297 568 5350; x_wconf 89' lang='lat' dir='ltr'><strong>erit</strong></span> <span class='ocrx_word' id='word_1_771' title='bbox 593 5312 692 5366; x_wconf 91' lang='lat' dir='ltr'><strong>per</strong></span> <span class='ocrx_word' id='word_1_772' title='bbox 714 5313 875 5368; x_wconf 91' lang='lat' dir='ltr'><strong>quam</strong></span> <span class='ocrx_word' id='word_1_773' title='bbox 915 5300 1153 5369; x_wconf 88' lang='lat' dir='ltr'><strong>delinqui</strong></span> <span class='ocrx_word' id='word_1_774' title='bbox 1185 5301 1322 5354; x_wconf 89' lang='lat' dir='ltr'><strong>ultra</strong></span> <span class='ocrx_word' id='word_1_775' title='bbox 1368 5316 1470 5355; x_wconf 92' lang='lat' dir='ltr'><strong>non</strong></span> <span class='ocrx_word' id='word_1_776' title='bbox 1501 5299 1731 5370; x_wconf 89' lang='lat' dir='ltr'><strong>poterit;</strong></span> <span class='ocrx_word' id='word_1_777' title='bbox 1774 5317 1792 5349; x_wconf 76' lang='grc' dir='ltr'><strong>ι</strong></span> <span class='ocrx_word' id='word_1_778' title='bbox 1849 5297 2046 5352; x_wconf 84' lang='lat' dir='ltr'><strong>deinde</strong></span> 
     </span>
    </p>
   </div>
   <div class='ocr_carea' id='block_1_99' title="bbox 464 5389 2044 5459">
    <p class='ocr_par' dir='ltr' id='par_1_99' title="bbox 464 5389 2044 5459">
     <span class='ocr_line' id='line_1_99' title="bbox 464 5389 2044 5459; baseline -0.003 -15"><span class='ocrx_word' id='word_1_779' title='bbox 464 5389 720 5457; x_wconf 87' lang='lat' dir='ltr'><strong>subjiciat</strong></span> <span class='ocrx_word' id='word_1_780' title='bbox 767 5409 781 5445; x_wconf 88' lang='lat'><strong>:</strong></span> <span class='ocrx_word' id='word_1_781' title='bbox 847 5411 867 5444; x_wconf 74' lang='grc' dir='ltr'>ι</span> <span class='ocrx_word' id='word_1_782' title='bbox 906 5391 972 5446; x_wconf 85' lang='grc' dir='ltr'><strong>Ει</strong></span> <span class='ocrx_word' id='word_1_783' title='bbox 1016 5393 1136 5446; x_wconf 88' lang='lat' dir='ltr'><strong>ideo</strong></span> <span class='ocrx_word' id='word_1_784' title='bbox 1182 5393 1376 5446; x_wconf 91' lang='lat' dir='ltr'><strong>merito</strong></span> <span class='ocrx_word' id='word_1_785' title='bbox 1423 5391 1662 5445; x_wconf 89' lang='lat' dir='ltr'><strong>charitas</strong></span> <span class='ocrx_word' id='word_1_786' title='bbox 1692 5430 1707 5456; x_wconf 92' lang='lat'><strong>,</strong></span> <span class='ocrx_word' id='word_1_787' title='bbox 1767 5404 1889 5459; x_wconf 67' lang='lat' dir='ltr'><strong>qua:</strong></span> <span class='ocrx_word' id='word_1_788' title='bbox 1932 5390 2044 5442; x_wconf 91' lang='lat' dir='ltr'><strong>sola</strong></span> 
     </span>
    </p>
   </div>
   <div class='ocr_carea' id='block_1_100' title="bbox 465 5479 2040 5553">
    <p class='ocr_par' dir='ltr' id='par_1_100' title="bbox 465 5479 2040 5553">
     <span class='ocr_line' id='line_1_100' title="bbox 465 5479 2040 5553; baseline -0.004 -14"><span class='ocrx_word' id='word_1_789' title='bbox 465 5486 706 5539; x_wconf 78' lang='lat' dir='ltr'><strong>ninnium</strong></span> <span class='ocrx_word' id='word_1_790' title='bbox 740 5483 914 5553; x_wconf 87' lang='lat' dir='ltr'><strong>major</strong></span> <span class='ocrx_word' id='word_1_791' title='bbox 945 5492 1050 5548; x_wconf 87' lang='lat' dir='ltr'><strong>est,</strong></span> <span class='ocrx_word' id='word_1_792' title='bbox 1085 5499 1302 5548; x_wconf 76' lang='lat' dir='ltr'><strong>omnem</strong></span> <span class='ocrx_word' id='word_1_793' title='bbox 1331 5493 1632 5536; x_wconf 87' lang='lat' dir='ltr'><strong>creaturam</strong></span> <span class='ocrx_word' id='word_1_794' title='bbox 1683 5479 1980 5535; x_wconf 72' lang='lat' dir='ltr'><strong>continebit</strong></span> <span class='ocrx_word' id='word_1_795' title='bbox 2011 5493 2040 5532; x_wconf 92' lang='lat' dir='ltr'><strong>a</strong></span> 
     </span>
    </p>
   </div>
   <div class='ocr_carea' id='block_1_101' title="bbox 533 5622 1002 5691">
    <p class='ocr_par' dir='ltr' id='par_1_101' title="bbox 533 5622 1002 5691">
     <span class='ocr_line' id='line_1_101' title="bbox 533 5622 1002 5691; baseline 0.002 -13"><span class='ocrx_word' id='word_1_796' title='bbox 533 5622 624 5678; x_wconf 70' lang='grc' dir='ltr'><strong>ιιι</strong></span> <span class='ocrx_word' id='word_1_797' title='bbox 652 5624 772 5679; x_wconf 91' lang='lat' dir='ltr'><strong>Cor.</strong></span> <span class='ocrx_word' id='word_1_798' title='bbox 805 5639 922 5691; x_wconf 77' lang='lat' dir='ltr'><strong>xm,</strong></span> <span class='ocrx_word' id='word_1_799' title='bbox 948 5623 1002 5679; x_wconf 92' lang='lat'><strong>8.</strong></span> 
     </span>
    </p>
   </div>
   <div class='ocr_carea' id='block_1_102' title="bbox 471 5765 2029 5910">
    <p class='ocr_par' dir='ltr' id='par_1_102' title="bbox 471 5765 2029 5910">
     <span class='ocr_line' id='line_1_102' title="bbox 471 5765 2029 5910; baseline -0.002 -88"><span class='ocrx_word' id='word_1_800' title='bbox 471 5765 655 5910; x_wconf 51' lang='grc' dir='ltr'><strong>(Ἲς)ιί</strong></span> <span class='ocrx_word' id='word_1_801' title='bbox 687 5767 908 5839; x_wconf 83' lang='lat' dir='ltr'><strong>Origcn.</strong></span> <span class='ocrx_word' id='word_1_802' title='bbox 972 5769 1112 5839; x_wconf 88' lang='lat' dir='ltr'><strong>apud</strong></span> <span class='ocrx_word' id='word_1_803' title='bbox 1171 5767 1318 5825; x_wconf 82' lang='lat' dir='ltr'><strong>llirr.</strong></span> <span class='ocrx_word' id='word_1_804' title='bbox 1388 5769 1546 5839; x_wconf 80' lang='lat' dir='ltr'><strong>epist.</strong></span> <span class='ocrx_word' id='word_1_805' title='bbox 1597 5768 1664 5825; x_wconf 78' lang='lat'>59</span> <span class='ocrx_word' id='word_1_806' title='bbox 1738 5767 1807 5824; x_wconf 88' lang='lat' dir='ltr'><strong>ad</strong></span> <span class='ocrx_word' id='word_1_807' title='bbox 1862 5767 2029 5833; x_wconf 81' lang='lat' dir='ltr'><strong>Avit.,</strong></span> 
     </span>
    </p>
   </div>
   <div class='ocr_carea' id='block_1_103' title="bbox 1115 5622 1607 5688">
    <p class='ocr_par' dir='ltr' id='par_1_103' title="bbox 1115 5622 1607 5688">
     <span class='ocr_line' id='line_1_103' title="bbox 1115 5622 1607 5688; baseline -0.006 -9"><span class='ocrx_word' id='word_1_808' title='bbox 1115 5625 1161 5656; x_wconf 78' lang='grc'>³⁵</span> <span class='ocrx_word' id='word_1_809' title='bbox 1191 5625 1205 5678; x_wconf 96' lang='lat' dir='ltr'><strong>l</strong></span> <span class='ocrx_word' id='word_1_810' title='bbox 1237 5624 1363 5678; x_wconf 90' lang='lat' dir='ltr'><strong>Cor.</strong></span> <span class='ocrx_word' id='word_1_811' title='bbox 1395 5638 1485 5688; x_wconf 87' lang='lat' dir='ltr'><strong>xv,</strong></span> <span class='ocrx_word' id='word_1_812' title='bbox 1513 5622 1607 5676; x_wconf 64' lang='lat'><strong>28.</strong></span> 
     </span>
    </p>
   </div>
   <div class='ocr_carea' id='block_1_104' title="bbox 1700 5617 2116 5684">
    <p class='ocr_par' dir='ltr' id='par_1_104' title="bbox 1700 5617 2116 5684">
     <span class='ocr_line' id='line_1_104' title="bbox 1700 5617 2116 5684; baseline -0.007 -8"><span class='ocrx_word' id='word_1_813' title='bbox 1700 5622 1745 5652; x_wconf 71' lang='grc'><strong>⁸⁸</strong></span> <span class='ocrx_word' id='word_1_814' title='bbox 1773 5619 1875 5675; x_wconf 79' lang='lat' dir='ltr'><strong>Job</strong></span> <span class='ocrx_word' id='word_1_815' title='bbox 1908 5635 1994 5684; x_wconf 72' lang='lat' dir='ltr'><strong>xv,</strong></span> <span class='ocrx_word' id='word_1_816' title='bbox 2029 5617 2116 5673; x_wconf 70' lang='grc' dir='ltr'><strong>Η.</strong></span> 
     </span>
    </p>
   </div>
   <div class='ocr_carea' id='block_1_105' title="bbox 2161 4644 3726 4717">
    <p class='ocr_par' dir='ltr' id='par_1_105' title="bbox 2161 4644 3726 4717">
     <span class='ocr_line' id='line_1_105' title="bbox 2161 4644 3726 4717; baseline 0.004 -23"><span class='ocrx_word' id='word_1_817' title='bbox 2161 4661 2178 4693; x_wconf 76' lang='grc' dir='ltr'>ι</span> <span class='ocrx_word' id='word_1_818' title='bbox 2221 4644 2314 4696; x_wconf 84' lang='lat' dir='ltr'><strong>Sin</strong></span> <span class='ocrx_word' id='word_1_819' title='bbox 2339 4655 2516 4698; x_wconf 88' lang='lat' dir='ltr'><strong>autem</strong></span> <span class='ocrx_word' id='word_1_820' title='bbox 2541 4657 2691 4715; x_wconf 88' lang='lat' dir='ltr'><strong>putat</strong></span> <span class='ocrx_word' id='word_1_821' title='bbox 2731 4657 2783 4703; x_wconf 85' lang='lat' dir='ltr'><strong>et</strong></span> <span class='ocrx_word' id='word_1_822' title='bbox 2833 4650 3040 4704; x_wconf 91' lang='lat' dir='ltr'><strong>idcirco</strong></span> <span class='ocrx_word' id='word_1_823' title='bbox 3079 4665 3163 4703; x_wconf 91' lang='lat' dir='ltr'><strong>me</strong></span> <span class='ocrx_word' id='word_1_824' title='bbox 3215 4649 3499 4717; x_wconf 81' lang='lat' dir='ltr'><strong>Origenem</strong></span> <span class='ocrx_word' id='word_1_825' title='bbox 3548 4648 3726 4717; x_wconf 92' lang='lat' dir='ltr'><strong>sequi,</strong></span> 
     </span>
    </p>
   </div>
   <div class='ocr_carea' id='block_1_106' title="bbox 2151 4735 3730 4805">
    <p class='ocr_par' dir='ltr' id='par_1_106' title="bbox 2151 4735 3730 4805">
     <span class='ocr_line' id='line_1_106' title="bbox 2151 4735 3730 4805; baseline 0.004 -19"><span class='ocrx_word' id='word_1_826' title='bbox 2151 4735 2279 4802; x_wconf 90' lang='lat' dir='ltr'><strong>quia</strong></span> <span class='ocrx_word' id='word_1_827' title='bbox 2320 4737 2596 4804; x_wconf 82' lang='lat' dir='ltr'><strong>prolectus</strong></span> <span class='ocrx_word' id='word_1_828' title='bbox 2623 4748 2678 4794; x_wconf 91' lang='lat' dir='ltr'><strong>et</strong></span> <span class='ocrx_word' id='word_1_829' title='bbox 2710 4741 2967 4805; x_wconf 81' lang='lat' dir='ltr'><strong>honores,</strong></span> <span class='ocrx_word' id='word_1_830' title='bbox 3011 4741 3358 4796; x_wconf 86' lang='lat' dir='ltr'><strong>ascensiones</strong></span> <span class='ocrx_word' id='word_1_831' title='bbox 3407 4751 3464 4795; x_wconf 91' lang='lat' dir='ltr'><strong>et</strong></span> <span class='ocrx_word' id='word_1_832' title='bbox 3498 4741 3730 4795; x_wconf 87' lang='lat' dir='ltr'><strong>descen-</strong></span> 
     </span>
    </p>
   </div>
   <div class='ocr_carea' id='block_1_107' title="bbox 2155 4827 3727 4901">
    <p class='ocr_par' dir='ltr' id='par_1_107' title="bbox 2155 4827 3727 4901">
     <span class='ocr_line' id='line_1_107' title="bbox 2155 4827 3727 4901; baseline 0.005 -23"><span class='ocrx_word' id='word_1_833' title='bbox 2155 4827 2379 4893; x_wconf 89' lang='lat' dir='ltr'><strong>siones;</strong></span> <span class='ocrx_word' id='word_1_834' title='bbox 2435 4830 2770 4885; x_wconf 91' lang='lat' dir='ltr'><strong>incrementa</strong></span> <span class='ocrx_word' id='word_1_835' title='bbox 2825 4842 2878 4886; x_wconf 93' lang='lat' dir='ltr'><strong>et</strong></span> <span class='ocrx_word' id='word_1_836' title='bbox 2935 4833 3337 4887; x_wconf 87' lang='lat' dir='ltr'><strong>imminutiones</strong></span> <span class='ocrx_word' id='word_1_837' title='bbox 3393 4833 3446 4886; x_wconf 92' lang='lat' dir='ltr'><strong>in</strong></span> <span class='ocrx_word' id='word_1_838' title='bbox 3510 4832 3727 4901; x_wconf 73' lang='lat' dir='ltr'><strong>exposi-</strong></span> 
     </span>
    </p>
   </div>
   <div class='ocr_carea' id='block_1_108' title="bbox 2156 4918 3730 4992">
    <p class='ocr_par' dir='ltr' id='par_1_108' title="bbox 2156 4918 3730 4992">
     <span class='ocr_line' id='line_1_108' title="bbox 2156 4918 3730 4992; baseline 0.005 -22"><span class='ocrx_word' id='word_1_839' title='bbox 2156 4918 2301 4971; x_wconf 91' lang='lat' dir='ltr'><strong>tione</strong></span> <span class='ocrx_word' id='word_1_840' title='bbox 2335 4936 2452 4974; x_wconf 87' lang='lat' dir='ltr'><strong>tnea</strong></span> <span class='ocrx_word' id='word_1_841' title='bbox 2487 4922 2660 4990; x_wconf 90' lang='lat' dir='ltr'><strong>posui,</strong></span> <span class='ocrx_word' id='word_1_842' title='bbox 2703 4925 2840 4977; x_wconf 91' lang='lat' dir='ltr'><strong>sciat</strong></span> <span class='ocrx_word' id='word_1_843' title='bbox 2882 4926 3110 4979; x_wconf 87' lang='lat' dir='ltr'><strong>multum</strong></span> <span class='ocrx_word' id='word_1_844' title='bbox 3140 4925 3426 4989; x_wconf 89' lang='lat' dir='ltr'><strong>interesse,</strong></span> <span class='ocrx_word' id='word_1_845' title='bbox 3451 4923 3518 4979; x_wconf 89' lang='lat' dir='ltr'><strong>de</strong></span> <span class='ocrx_word' id='word_1_846' title='bbox 3565 4939 3730 4992; x_wconf 87' lang='lat' dir='ltr'><strong>ange-</strong></span> 
     </span>
    </p>
   </div>
   <div class='ocr_carea' id='block_1_109' title="bbox 2155 5007 3731 5079">
    <p class='ocr_par' dir='ltr' id='par_1_109' title="bbox 2155 5007 3731 5079">
     <span class='ocr_line' id='line_1_109' title="bbox 2155 5007 3731 5079; baseline 0.006 -20"><span class='ocrx_word' id='word_1_847' title='bbox 2155 5007 2243 5072; x_wconf 81' lang='lat' dir='ltr'><strong>lis,</strong></span> <span class='ocrx_word' id='word_1_848' title='bbox 2278 5019 2333 5063; x_wconf 89' lang='lat' dir='ltr'><strong>et</strong></span> <span class='ocrx_word' id='word_1_849' title='bbox 2387 5013 2681 5079; x_wconf 87' lang='lat' dir='ltr'><strong>seraphim,</strong></span> <span class='ocrx_word' id='word_1_850' title='bbox 2706 5021 2762 5065; x_wconf 90' lang='lat' dir='ltr'><strong>et</strong></span> <span class='ocrx_word' id='word_1_851' title='bbox 2805 5013 3082 5066; x_wconf 66' lang='lat' dir='ltr'><strong>cherubim</strong></span> <span class='ocrx_word' id='word_1_852' title='bbox 3119 5015 3298 5068; x_wconf 90' lang='lat' dir='ltr'><strong>dicere</strong></span> <span class='ocrx_word' id='word_1_853' title='bbox 3350 5015 3645 5079; x_wconf 65' lang='lat' dir='ltr'><strong>daemones,</strong></span> <span class='ocrx_word' id='word_1_854' title='bbox 3675 5025 3731 5068; x_wconf 86' lang='lat' dir='ltr'><strong>et</strong></span> 
     </span>
    </p>
   </div>
   <div class='ocr_carea' id='block_1_110' title="bbox 2159 5102 3730 5177">
    <p class='ocr_par' dir='ltr' id='par_1_110' title="bbox 2159 5102 3730 5177">
     <span class='ocr_line' id='line_1_110' title="bbox 2159 5102 3730 5177; baseline 0.003 -21"><span class='ocrx_word' id='word_1_855' title='bbox 2159 5102 2412 5158; x_wconf 88' lang='lat' dir='ltr'><strong>homines</strong></span> <span class='ocrx_word' id='word_1_856' title='bbox 2459 5105 2599 5169; x_wconf 85' lang='lat' dir='ltr'><strong>ﬁeri,</strong></span> <span class='ocrx_word' id='word_1_857' title='bbox 2643 5106 2786 5171; x_wconf 89' lang='lat' dir='ltr'><strong>quod</strong></span> <span class='ocrx_word' id='word_1_858' title='bbox 2819 5104 3045 5160; x_wconf 85' lang='lat' dir='ltr'><strong>allirmat</strong></span> <span class='ocrx_word' id='word_1_859' title='bbox 3078 5108 3357 5176; x_wconf 85' lang='lat' dir='ltr'><strong>Origenes,</strong></span> <span class='ocrx_word' id='word_1_860' title='bbox 3385 5118 3440 5162; x_wconf 90' lang='lat' dir='ltr'><strong>et</strong></span> <span class='ocrx_word' id='word_1_861' title='bbox 3467 5109 3610 5177; x_wconf 88' lang='lat' dir='ltr'><strong>ipsos</strong></span> <span class='ocrx_word' id='word_1_862' title='bbox 3645 5109 3730 5162; x_wconf 77' lang='lat' dir='ltr'><strong>in—</strong></span> 
     </span>
    </p>
   </div>
   <div class='ocr_carea' id='block_1_111' title="bbox 2159 5196 3732 5269">
    <p class='ocr_par' dir='ltr' id='par_1_111' title="bbox 2159 5196 3732 5269">
     <span class='ocr_line' id='line_1_111' title="bbox 2159 5196 3732 5269; baseline 0.004 -23"><span class='ocrx_word' id='word_1_863' title='bbox 2159 5203 2240 5248; x_wconf 94' lang='lat' dir='ltr'><strong>ter</strong></span> <span class='ocrx_word' id='word_1_864' title='bbox 2262 5210 2320 5249; x_wconf 91' lang='lat' dir='ltr'><strong>se</strong></span> <span class='ocrx_word' id='word_1_865' title='bbox 2357 5196 2579 5265; x_wconf 86' lang='lat' dir='ltr'><strong>angelos</strong></span> <span class='ocrx_word' id='word_1_866' title='bbox 2603 5198 2818 5252; x_wconf 89' lang='lat' dir='ltr'><strong>diversa</strong></span> <span class='ocrx_word' id='word_1_867' title='bbox 2863 5197 3160 5252; x_wconf 89' lang='lat' dir='ltr'><strong>olliciorum</strong></span> <span class='ocrx_word' id='word_1_868' title='bbox 3189 5215 3384 5269; x_wconf 89' lang='lat' dir='ltr'><strong>genera</strong></span> <span class='ocrx_word' id='word_1_869' title='bbox 3414 5215 3534 5254; x_wconf 88' lang='lat' dir='ltr'><strong>esse</strong></span> <span class='ocrx_word' id='word_1_870' title='bbox 3573 5201 3732 5254; x_wconf 85' lang='lat' dir='ltr'><strong>sorti-</strong></span> 
     </span>
    </p>
   </div>
   <div class='ocr_carea' id='block_1_112' title="bbox 2155 5289 3734 5361">
    <p class='ocr_par' dir='ltr' id='par_1_112' title="bbox 2155 5289 3734 5361">
     <span class='ocr_line' id='line_1_112' title="bbox 2155 5289 3734 5361; baseline 0.003 -19"><span class='ocrx_word' id='word_1_871' title='bbox 2155 5300 2257 5350; x_wconf 90' lang='lat' dir='ltr'><strong>tos,</strong></span> <span class='ocrx_word' id='word_1_872' title='bbox 2295 5290 2437 5358; x_wconf 89' lang='lat' dir='ltr'><strong>quod</strong></span> <span class='ocrx_word' id='word_1_873' title='bbox 2467 5289 2719 5345; x_wconf 69' lang='lat' dir='ltr'><strong>Ecclesizc</strong></span> <span class='ocrx_word' id='word_1_874' title='bbox 2750 5307 2854 5344; x_wconf 93' lang='lat' dir='ltr'><strong>non</strong></span> <span class='ocrx_word' id='word_1_875' title='bbox 2889 5303 3171 5361; x_wconf 82' lang='lat' dir='ltr'><strong>repugnat.</strong></span> <span class='ocrx_word' id='word_1_876' title='bbox 3202 5293 3480 5359; x_wconf 83' lang='lat' dir='ltr'><strong>Quomodo</strong></span> <span class='ocrx_word' id='word_1_877' title='bbox 3501 5304 3553 5346; x_wconf 91' lang='lat' dir='ltr'><strong>et</strong></span> <span class='ocrx_word' id='word_1_878' title='bbox 3593 5297 3734 5347; x_wconf 89' lang='lat' dir='ltr'><strong>inter</strong></span> 
     </span>
    </p>
   </div>
   <div class='ocr_carea' id='block_1_113' title="bbox 2154 5380 3736 5451">
    <p class='ocr_par' dir='ltr' id='par_1_113' title="bbox 2154 5380 3736 5451">
     <span class='ocr_line' id='line_1_113' title="bbox 2154 5380 3736 5451; baseline 0.003 -18"><span class='ocrx_word' id='word_1_879' title='bbox 2154 5380 2401 5434; x_wconf 91' lang='lat' dir='ltr'><strong>homines</strong></span> <span class='ocrx_word' id='word_1_880' title='bbox 2435 5383 2570 5436; x_wconf 90' lang='lat' dir='ltr'><strong>ordo</strong></span> <span class='ocrx_word' id='word_1_881' title='bbox 2599 5382 2921 5451; x_wconf 87' lang='lat' dir='ltr'><strong>dignitatum</strong></span> <span class='ocrx_word' id='word_1_882' title='bbox 2954 5398 3018 5436; x_wconf 86' lang='lat' dir='ltr'><strong>ex</strong></span> <span class='ocrx_word' id='word_1_883' title='bbox 3043 5383 3242 5438; x_wconf 90' lang='lat' dir='ltr'><strong>laboris</strong></span> <span class='ocrx_word' id='word_1_884' title='bbox 3268 5383 3530 5437; x_wconf 89' lang='lat' dir='ltr'><strong>varietate</strong></span> <span class='ocrx_word' id='word_1_885' title='bbox 3555 5382 3736 5438; x_wconf 88' lang='lat' dir='ltr'><strong>diver-</strong></span> 
     </span>
    </p>
   </div>
   <div class='ocr_carea' id='block_1_114' title="bbox 2155 5474 3733 5546">
    <p class='ocr_par' dir='ltr' id='par_1_114' title="bbox 2155 5474 3733 5546">
     <span class='ocr_line' id='line_1_114' title="bbox 2155 5474 3733 5546; baseline 0.001 -17"><span class='ocrx_word' id='word_1_886' title='bbox 2155 5488 2247 5529; x_wconf 88' lang='lat' dir='ltr'><strong>sus</strong></span> <span class='ocrx_word' id='word_1_887' title='bbox 2286 5483 2391 5540; x_wconf 88' lang='lat' dir='ltr'><strong>est,</strong></span> <span class='ocrx_word' id='word_1_888' title='bbox 2427 5490 2548 5528; x_wconf 73' lang='grc' dir='ltr'><strong>(υιιι</strong></span> <span class='ocrx_word' id='word_1_889' title='bbox 2580 5474 2864 5546; x_wconf 89' lang='lat' dir='ltr'><strong>cpiscopus</strong></span> <span class='ocrx_word' id='word_1_890' title='bbox 2898 5483 2954 5529; x_wconf 87' lang='lat' dir='ltr'><strong>et</strong></span> <span class='ocrx_word' id='word_1_891' title='bbox 2985 5475 3297 5545; x_wconf 82' lang='lat' dir='ltr'><strong>presbyter,</strong></span> <span class='ocrx_word' id='word_1_892' title='bbox 3329 5483 3383 5530; x_wconf 86' lang='lat' dir='ltr'><strong>et</strong></span> <span class='ocrx_word' id='word_1_893' title='bbox 3435 5475 3614 5531; x_wconf 86' lang='lat' dir='ltr'><strong>omnis</strong></span> <span class='ocrx_word' id='word_1_894' title='bbox 3638 5487 3733 5530; x_wconf 79' lang='lat' dir='ltr'><strong>ec-</strong></span> 
     </span>
    </p>
   </div>
   <div class='ocr_carea' id='block_1_115' title="bbox 2193 5614 2603 5681">
    <p class='ocr_par' dir='ltr' id='par_1_115' title="bbox 2193 5614 2603 5681">
     <span class='ocr_line' id='line_1_115' title="bbox 2193 5614 2603 5681; baseline 0 -9"><span class='ocrx_word' id='word_1_895' title='bbox 2193 5618 2239 5649; x_wconf 83' lang='lat'>&quot;</span> <span class='ocrx_word' id='word_1_896' title='bbox 2267 5616 2368 5672; x_wconf 78' lang='lat' dir='ltr'><strong>Job</strong></span> <span class='ocrx_word' id='word_1_897' title='bbox 2397 5631 2522 5681; x_wconf 77' lang='lat' dir='ltr'><strong>xxv,</strong></span> <span class='ocrx_word' id='word_1_898' title='bbox 2549 5614 2603 5672; x_wconf 83' lang='lat'><strong>5.</strong></span> 
     </span>
    </p>
   </div>
   <div class='ocr_carea' id='block_1_116' title="bbox 2213 5760 3226 5837">
    <p class='ocr_par' dir='ltr' id='par_1_116' title="bbox 2213 5760 3226 5837">
     <span class='ocr_line' id='line_1_116' title="bbox 2213 5760 3226 5837; baseline -0.005 -16"><span class='ocrx_word' id='word_1_899' title='bbox 2213 5765 2324 5837; x_wconf 75' lang='lat'><strong>(5‘2)</strong></span> <span class='ocrx_word' id='word_1_900' title='bbox 2359 5768 2510 5837; x_wconf 78' lang='lat' dir='ltr'><strong>Apol.</strong></span> <span class='ocrx_word' id='word_1_901' title='bbox 2545 5765 2660 5820; x_wconf 82' lang='lat' dir='ltr'><strong>adv.</strong></span> <span class='ocrx_word' id='word_1_902' title='bbox 2693 5762 2816 5834; x_wconf 80' lang='lat' dir='ltr'><strong>Ruf.</strong></span> <span class='ocrx_word' id='word_1_903' title='bbox 2845 5762 2938 5818; x_wconf 91' lang='lat' dir='ltr'><strong>lib.</strong></span> <span class='ocrx_word' id='word_1_904' title='bbox 2967 5779 3002 5828; x_wconf 89' lang='lat' dir='ltr'><strong>t,</strong></span> <span class='ocrx_word' id='word_1_905' title='bbox 3029 5775 3148 5830; x_wconf 76' lang='lat' dir='ltr'><strong>cap.</strong></span> <span class='ocrx_word' id='word_1_906' title='bbox 3173 5760 3226 5816; x_wconf 80' lang='grc'><strong>6.</strong></span> 
     </span>
    </p>
   </div>
  </div>
