4160 6474
477 412 581 469 865

1282 409 1854 468 ORIGENIANORUM
1895 410 2022 466 LIII.
2067 410 2130 475 lI,
2171 409 2326 465 CAP.
2365 410 2432 474 ll,
2468 409 2759 477 QUIEST.
2805 410 2869 469 V.

3639 426 3748 482 866

478 524 814 582 clesiasticus
837 524 1035 597 gradus
1056 523 1256 578 habeat
1281 523 1527 579 ordinem
1575 540 1752 590 suum,
1779 535 1832 578 et
1863 533 2042 578 tamen

2159 539 2283 585 mu;
2315 525 2442 597 περὶ
2486 526 2558 577 τὰ
2617 526 2860 597 πρακτέα
2900 527 3350 598 καταγινόμεναι,
3404 533 3604 604 μᾶλλόν
3640 540 3750 592 εἰσι

480 633 668 674 omnes
697 616 946 672 homines
981 625 1104 670 sunt
1137 630 1151 668 :
1193 617 1272 670 sic
1304 624 1358 669 et
1391 616 1530 670 inter
1587 615 1807 685 angelos
1858 617 2047 670 merita

479 725 599 764 esse
637 708 875 772 diversa,
903 717 957 763 et
983 716 1163 762 tamen
1198 706 1250 759 in
1287 705 1534 775 angelica
1568 721 1756 761 omnes
1794 705 2051 772 persiste-

483 817 542 858 re
591 801 876 871 dignitate,
919 813 1016 854 nec
1071 798 1140 853 de
1188 796 1393 866 angelis
1445 796 1695 850 homines
1739 795 1894 860 ﬁeri,
1953 808 2052 848 nec

481 907 696 947 rursum
776 889 1020 946 homines
1078 889 1131 942 itt
1198 887 1426 957 angelos
1498 886 1802 942 reformari.
1858 903 1880 938 ι
1936 884 2050 940 Hoc

478 982 727 1051 Origenis
782 982 920 1036 inter
978 989 1032 1034 et
1091 980 1402 1050 Hieronymi
1462 979 1765 1033 doctrinam
1804 977 2048 1044 interest,

478 1075 620 1143 quod
661 1073 820 1127 unius
843 1085 962 1126 esse
1007 1081 1213 1126 natura;
1238 1071 1460 1140 angelos
1496 1079 1550 1124 et
1593 1070 1806 1123 animas
1834 1068 1923 1122 ille
1955 1085 2054 1122 att-

481 1161 740 1215 tumarit:
791 1167 846 1214 at
880 1175 981 1230 pro
1021 1159 1255 1223 meritis,
1313 1158 1567 1228 gradibus
1613 1157 1781 1212 fuisse
1822 1157 2052 1214 diversis

478 1252 822 1316 constitutos,
846 1259 902 1305 et
932 1250 1082 1305 varia
1103 1248 1302 1303 obiisse
1326 1248 1525 1316 omnia,
1555 1265 1674 1319 qua:
1692 1249 1890 1304 'tamen
1919 1251 2052 1306 sub-

479 1343 602 1398 inde
628 1357 725 1410 pro
748 1342 1061 1396 meritorum
1095 1343 1305 1398 ratione
1335 1351 1730 1410 permutentur,
1753 1341 1834 1396 vel
1888 1342 2050 1399 altius

479 1433 843 1502 ascendendo,
899 1433 984 1488 vel
1031 1433 1097 1488 ad
1157 1433 1413 1487 inferiora
1472 1433 1851 1501 prolabeudo:
1893 1442 2054 1504 atque

477 1524 636 1594 hujus
682 1525 1068 1580 vicissitudinis
1096 1526 1299 1596 gradus
1341 1542 1464 1583 esse
1501 1528 1838 1596 angelorum,
1868 1528 2052 1582 homi-

478 1633 604 1672 num
675 1631 740 1671 ac
790 1617 1094 1671 daemonum
1152 1627 1424 1674 naturam.
1502 1618 1862 1690 Ilierouymus
1923 1636 2053 1676 vero

477 1709 786 1782 angelorum
839 1708 1056 1778 quidem
1101 1720 1348 1765 naturam
1387 1711 1454 1764 ab
1501 1711 1736 1765 humana
1796 1712 2050 1780 secrevit,

477 1801 570 1855 sed
603 1800 783 1855 varios
809 1800 929 1855 illos
953 1801 1151 1869 gradus
1174 1812 1228 1856 et
1253 1802 1472 1857 ordines
1504 1803 1713 1871 angelis
1744 1819 1842 1874 pro
1883 1804 2054 1857 virtu-

2150 610 2258 664 τῶν
2278 612 2451 666 ἀλλων
2484 614 2717 685 τρεπταί
2735 631 2748 644 ο
2786 614 2908 667 ὅσαι
2937 614 2994 667 δὲ
3028 615 3096 668 δι’
3123 617 3402 688 ἀκρότητα
3427 621 3642 689 φύσεως
3669 623 3752 697 τῷ

2149 703 2268 774 Θεῷ
2295 704 2437 758 κατὰ
2456 706 2639 775 σχέσιν
2664 705 3048 776 πλησιάζουσι,
3075 707 3168 759 καὶ
3183 711 3248 778 τῇ
3277 710 3468 764 τούτου
3489 717 3753 787 κατανοή-

2157 813 2240 848 σει
2280 797 2341 850 τὸ
2377 797 2642 868 μακάριον
2691 801 3031 870 καρποῦνται
3078 801 3215 870 πρὸς
3268 803 3466 867 ἑαυτὰς
3517 808 3611 859 καὶ
3660 807 3750 864 τὸν

2151 885 2284 941 Θεὸν
2321 887 2479 958 μόνον
2510 890 2906 961 ἐστραμμέναι,
2941 907 3050 944 των
3097 894 3194 962 μὲν
3227 894 3488 964 πρακτῶν
3515 897 3609 949 καὶ
3647 897 3752 968 τῆς

2154 978 2285 1050 ὕλης
2306 981 2649 1034 παντάπασιν
2679 981 2885 1045 ἑαυτὰς
2918 983 3390 1056 ἀπηλλοτρίωσαν,
3427 991 3493 1060 τῇ
3522 989 3580 1042 δὲ
3616 990 3750 1046 θεω-

2154 1071 2246 1144 ρίᾳ
2279 1073 2370 1125 καὶ
2401 1073 2478 1144 τῷ
2518 1073 2638 1144 Θεῴ
2679 1075 3130 1145 προσῳκείωσαν,
3168 1077 3417 1148 μένουσιν
3463 1079 3746 1152 ἀτρεπτοι.

2159 1184 2178 1220 ι
2203 1165 2438 1220 Rursum
2468 1180 2533 1220 ex
2566 1167 2649 1221 his
2677 1183 2798 1235 qua:
2831 1169 3072 1222 materiae
3117 1179 3370 1240 expertes
3412 1183 3558 1236 sunt,
3599 1191 3751 1244 qua!-

2157 1271 2371 1326 cuuque
2416 1257 2468 1311 in
2506 1257 2638 1312 locis
2667 1267 2824 1314 terrm
2854 1259 3168 1328 propinquis
3210 1271 3521 1328 versantur,
3567 1264 3637 1319 ob
3658 1281 3750 1320 so-

2155 1348 2406 1402 cietatem
2448 1363 2610 1417 quam
2641 1347 2842 1402 habent
2879 1363 3002 1402 cum
3027 1349 3341 1404 hominibus
3371 1351 3518 1405 circa
3544 1368 3632 1408 res
3665 1371 3751 1425 ge-

2159 1439 2359 1493 rendas
2380 1449 2741 1508 occupantur,
2777 1440 2991 1494 caeteris
3022 1441 3398 1496 mutabiliores
3429 1454 3572 1497 sunt.
3597 1445 3751 1512 ραδε-

2161 1545 2378 1599 cunque
2402 1539 2582 1586 autem
2608 1541 2828 1599 propter
2846 1543 3056 1587 natura:
3079 1534 3452 1602 praestantiam
3479 1539 3546 1588 ad
3582 1537 3748 1592 Deum

2157 1637 2253 1692 per
2291 1621 2542 1678 all'cctum
2581 1625 2866 1690 accedunt,
2909 1635 2965 1680 et
3018 1641 3114 1696 per
3148 1626 3296 1681 illius
3338 1631 3748 1701 contemplatio-

2153 1730 2277 1770 nem
2320 1715 2657 1771 beatitudine
2689 1715 2972 1782 I'ruuutur;
3021 1720 3087 1773 ad
3121 1719 3328 1788 seipsos
3355 1730 3410 1774 et
3462 1723 3626 1777 Deum
3658 1739 3748 1778 so-

2157 1805 2268 1860 lum
2303 1820 2602 1870 conversae,
2649 1822 2678 1860 a
2709 1808 2868 1862 rebus
2901 1811 3127 1879 agendis
3153 1820 3208 1864 et
3254 1814 3478 1868 materia
3524 1817 3751 1872 omnino

479 1893 621 1948 tibus
653 1903 708 1948 et
757 1895 966 1949 meritis
1005 1895 1076 1948 ita
1132 1896 1435 1964 assignatos
1488 1897 1858 1964 existimavit,
1889 1905 1946 1951 ut
1987 1898 2054 1952 ad
2086 1878 2132 1939 Β
2161 1912 2220 1952 se
2245 1897 2374 1966 ipsa!
2404 1908 2793 1966 segregarunt;
2829 1878 3271 1971 contemplationi
3313 1918 3445 1958 vero
3479 1915 3532 1958 et
3562 1904 3668 1960 Deo
3689 1919 3750 1961 se

478 1985 754 2054 superiora
787 1985 1083 2039 etiamnum
1126 1986 1391 2056 aspirent,
1423 1998 1473 2042 et
1509 1988 1646 2042 bene
1689 1990 1896 2058 agendo
1930 2004 2054 2058 per-

476 2077 717 2143 veniant,
751 2079 834 2132 vel
881 2078 1022 2132 male
1049 2078 1261 2148 agendo
1291 2078 1357 2132 ad
1389 2079 1652 2135 inferiora
1679 2081 2054 2144 devolvantur,

479 2179 534 2224 et
557 2169 648 2224 alii
702 2170 902 2240 aliique
953 2170 1035 2224 vel
1074 2170 1348 2239 potestati,
1385 2170 1467 2224 vel
1517 2172 1844 2242 principattti
1896 2171 2058 2240 subji-

479 2263 715 2328 ciantur,
752 2262 1065 2333 futurasque
1091 2263 1254 2317 etiam
1291 2264 1596 2332 huiusmodi
1625 2266 2054 2335 permutationes

479 2355 532 2409 iu
566 2364 849 2417 aeternum,
889 2353 981 2408 sed
1013 2355 1157 2407 intra
1195 2367 1400 2409 natura:
1428 2355 1687 2424 angelica:
1721 2355 1884 2414 lines.

553 2447 784 2514 Angelos
832 2461 974 2516 a’gre
1003 2445 1244 2515 quidem,
1286 2448 1378 2501 sed
1417 2461 1640 2517 peccare
1680 2455 1860 2501 tamen
1901 2464 2056 2518 posse

481 2539 664 2595 sciscit
710 2539 936 2593 Basilius
983 2538 1168 2593 homil.
1201 2539 1255 2593 in
1297 2537 1486 2607 psalm.
1533 2555 1725 2593 xxxtt:
1772 2541 2054 2611 Δυσμετα-

481 2630 666 2693 θέτους
695 2626 834 2682 εἶναι
868 2629 1003 2702 πρὸς
1047 2629 1264 2695 κακίαν,
1293 2628 1353 2681 τὺ
1389 2628 1613 2698 μόνιμον
1648 2631 1728 2692 εἰς
1757 2630 1958 2702 ἀρετὴν
1988 2634 2054 2704 τῇ

477 2723 653 2793 δωρεᾷ
697 2721 789 2774 τοῦ
837 2722 991 2790 ἁγίου
1051 2720 1361 2791 Πνεύματος
1399 2719 1642 2791 ἔχοντας.
1704 2738 1723 2772 ι
1775 2719 1941 2790 Ᾱίετϐ
1989 2722 2055 2774 ad

479 2815 743 2869 malitiam
785 2812 1030 2868 converti
1074 2826 1254 2882 posse,
1280 2813 1642 2866 constantiam
1684 2811 1828 2865 illam
1862 2811 1913 2865 in
1950 2811 2060 2866 vir-

481 2914 596 2960 tute
629 2905 893 2960 beneficio
933 2903 1107 2958 sancti
1141 2902 1379 2972 Spiritus
1421 2902 1703 2957 habentes.
1733 2920 1751 2954 ι
1789 2901 2059 2956 Maximus

481 2999 534 3052 in
571 3013 692 3066 cap.
727 2996 784 3050 ll
833 2994 1075 3064 Dionysii
1109 2994 1183 3048 De
1213 2993 1406 3048 cwlest.
1447 2993 1735 3056 hierarclt.,
1766 2993 1911 3062 quod
1938 3007 2061 3062 gra-

481 3085 570 3138 tite
589 3085 784 3139 divina:
805 3094 1084 3153 acceptum
1109 3091 1226 3138 erat
1256 3081 1619 3148 referendum,
1651 3081 1717 3136 ad
1746 3083 2056 3151 angelorum

479 3175 751 3239 alTectum,
782 3184 836 3231 et
864 3182 1236 3244 comparatum
1259 3173 1543 3242 quemdam
1567 3173 1811 3228 habitum
1851 3173 2053 3239 retulit,

479 3269 621 3337 quod
664 3268 818 3338 plane
861 3266 1243 3336 Origenianum
1290 3275 1374 3321 est
1410 3284 1422 3320 :
1459 3266 1646 3318 Ἔστιν
1687 3260 1802 3329 οὖν,
1856 3264 2052 3334 inquit,

479 3361 906 3432 ἐπιχειρήσαντα
951 3361 1125 3412 εἰπεῖν
1167 3357 1424 3422 εὐσεϐῶς,
1458 3359 1540 3412 ὅτι
1573 3359 1601 3411 ὁ
1626 3358 1758 3422 Θεὸς
1795 3355 2056 3431 προειδὼς

479 3450 658 3505 αὐτῶν
687 3449 782 3521 τὴν
819 3451 916 3521 τῆς
951 3450 1192 3518 ἐφέσεως
1232 3450 1467 3519 κίνησιν,
1497 3449 1590 3502 καὶ
1621 3448 1722 3512 τὰς
1754 3448 1934 3501 αὐτῶν
1958 3448 2056 3502 τά·

480 3544 590 3610 ξεις
612 3543 768 3609 ἀξίας
797 3541 975 3596 αὐτῶν
1007 3545 1331 3615 παρήγαγεν
1349 3558 1363 3572 ’
1401 3540 1460 3605 ἐξ
1480 3534 1554 3594 ὧν
1587 3540 1688 3593 οὐκ
1711 3539 1775 3593 ἂν
1797 3540 1942 3594 εἴποι
1973 3558 2060 3605 τις

479 3638 648 3700 αὑτὰς
679 3636 936 3689 δύνασθαι
985 3637 1257 3699 ἐκπεσεῖν,
1288 3633 1373 3686 διὰ
1415 3633 1514 3705 τὴν
1555 3632 1667 3699 ἕξιν
1699 3633 1820 3686 τινὰ
1859 3634 2062 3705 κτήσα-

481 3727 605 3782 σθαι
637 3727 772 3797 πρὸς
804 3727 864 3779 τὸ
895 3725 1119 3794 ἀγαθὸν,
1153 3725 1242 3778 διά
1273 3724 1371 3794 τῆς
1413 3723 1552 3791 ἄγαν
1592 3723 1897 3794 θελήσεως·
1935 3723 2062 3787 τοὺς

479 3821 539 3875 δέ
581 3819 862 3889 ἀγγέλους,
905 3819 1151 3872 τουτέστι
1185 3819 1311 3880 τοὺς
1357 3815 1697 3879 τελευταίους
1731 3817 2061 3887 διακόσμους

481 3911 788 3983 ἐνδέχεσθαι
824 3911 971 3974 ἴσως,
1004 3910 1097 3964 καὶ
1130 3911 1224 3963 ἐπὶ
1255 3909 1316 3961 τὸ
1338 3912 1516 3980 χεῖρον
1563 3908 1869 3980 τραπῆναι·
1911 3904 2062 3962 εἶπεν

481 4005 677 4067 αὐτοὺς
721 4003 828 4074 γάρ
862 4001 1274 4074 περικοσμίους,
1307 4001 1365 4066 ἐξ
1397 3993 1472 4053 ὧν
1504 3994 1677 4070 οἶμαι,
1707 3999 1802 4051 καὶ
1836 3997 1925 4052 τὸν
1944 3997 2064 4052 διά-

481 4096 636 4150 ϐολόν
664 4113 793 4150 ποτε
821 4091 957 4149 εἶναι
987 4095 1093 4166 πρὸ
1121 4093 1214 4148 τοῦ
1248 4091 1322 4164 μὴ
1361 4093 1634 4145 ἐκπεσεῖν.
1685 4109 1704 4144 ι
1727 4090 1889 4146 Licet
1917 4091 2061 4145 enim

480 4187 569 4258 pie
591 4187 773 4242 dicere
799 4186 1046 4256 aggredi,
1074 4184 1237 4238 Deum
1267 4183 1484 4236 illorum
1508 4181 1820 4250 cupiditatis
1859 4190 2064 4235 motum

480 4277 888 4348 praavidentent,
936 4276 1154 4330 ordines
1188 4275 1402 4329 illorum
1432 4273 1562 4343 ipsis
1603 4272 1794 4341 dignos
1821 4272 2063 4326 induxisr

481 4381 582 4422 se:
611 4368 896 4436 exquibus
942 4381 1099 4420 nemo
1140 4366 1354 4434 quidem
1396 4365 1594 4419 dixerit
1623 4364 1878 4418 excidere
1920 4364 2065 4432 ipsos

481 4471 678 4527 posse;
709 4463 989 4525 propterea
1020 4456 1162 4524 quod
1187 4454 1428 4509 habitum
1449 4453 1734 4523 quemdam
1765 4451 1831 4506 ad
1861 4451 2061 4506 bonum

481 4545 730 4600 obtinent
780 4558 847 4597 ex
905 4542 1210 4598 vehementi
1263 4541 1534 4596 desiderio
1578 4559 1594 4596 :
1632 4543 1854 4610 angelos
1901 4554 2055 4604 vero,

481 4645 784 4706 postremos
843 4649 1037 4704 nempe
1073 4633 1295 4688 ordines
1343 4631 1408 4687 ad
1466 4632 1766 4702 nequitiam
1824 4630 2056 4686 fortasse

483 4727 723 4782 converti
767 4741 941 4796 posse.
983 4725 1090 4781 Eos
1113 4725 1316 4795 quippe
1346 4725 1483 4779 dixit
1509 4723 2054 4787 circummundanos;

483 4834 548 4873 ex
576 4818 771 4888 quibus
821 4819 1075 4874 existimo
1106 4817 1278 4872 luisse
1311 4815 1600 4886 aliquando
1632 4815 1926 4876 diabolum,
1955 4814 2059 4885 pri-

483 4925 710 4980 usquam
775 4909 1068 4964 decideret.
1095 4927 1115 4961 ι
1172 4909 1302 4973 Qua:
1345 4921 1376 4962 e
1404 4907 1668 4978 Gregorio
1716 4905 2060 4960 Nazianzeno

484 5001 662 5072 aliqua
717 5014 779 5056 ex
815 5010 969 5068 parte
1019 5000 1288 5056 Maximus
1339 5000 1554 5055 videtur
1585 4997 1927 5053 transtulisse
1961 5014 1975 5052 :
2016 4997 2063 5053 is

482 5094 623 5149 enim
661 5108 782 5147 cum
817 5092 963 5156 alibi,
1005 5100 1118 5146 tum
1157 5100 1296 5148 orat.
1321 5091 1412 5156 58,
1448 5090 1522 5162 μὴ
1565 5091 1878 5162 ἀκινήτους,
1914 5089 2054 5143 ἀλλά

481 5185 832 5256 δυσκινήτους
875 5182 1098 5253 angelos
1125 5195 1244 5237 esse
1287 5181 1421 5246 vult,
1447 5180 1586 5250 quod
1619 5194 1649 5234 a
1682 5178 1789 5234 Deo
1813 5178 1968 5232 valde
1993 5179 2063 5233 ob

485 5275 942 5347 propinquitatem
983 5272 1322 5328 illustrentur
1359 5289 1374 5326 :
1419 5273 1534 5327 hare
1579 5280 1759 5325 autem
1805 5269 2062 5326 inferiora

486 5383 605 5438 qua:
637 5364 873 5436 peccatis
897 5363 1128 5418 obnoxia
1162 5375 1316 5429 sunt,
1360 5363 1679 5420 secundaria
1706 5371 1913 5416 tantum
1938 5362 2056 5418 luce

485 5452 613 5508 frui.
639 5449 830 5505 Simile
854 5459 938 5504 est
963 5449 1090 5504 illud
1118 5449 1354 5506 Netuesii
1379 5451 1474 5507 lib.
1506 5449 1581 5504 De
1603 5460 1793 5504 natura
1813 5449 2064 5516 hominis,

487 5561 606 5616 cap.
633 5543 697 5597 Η
750 5560 764 5596 :
795 5540 962 5594 Πάλιν
1000 5542 1057 5595 δὲ
1089 5542 1294 5598 τούτων
1324 5544 1433 5598 τῶν
1474 5543 1654 5597 ἀΰλων
1701 5541 1824 5596 ὅσαι
1871 5543 1970 5613 μὲν
2004 5544 2066 5596 ἐν

486 5638 596 5701 τοῖς
626 5632 931 5704 ’περιγείοις
955 5633 1060 5686 εἰσὶ
1076 5635 1143 5706 τῇ
1171 5635 1423 5708 κοινωνίᾳ
1442 5637 1509 5707 τῇ
1543 5631 1677 5704 πρὸς
1709 5631 1836 5696 τοὺς
1856 5628 2068 5703 ἀνθρώ-

558 5838 672 5912 (35)
699 5837 948 5910 August.,
978 5835 1069 5892 lib.
1102 5833 1178 5890 De
1218 5837 1426 5898 lueret,
1458 5846 1576 5903 cap.
1606 5829 1698 5886 86.

2156 1987 2581 2056 coniunxerunt,
2643 1988 3011 2046 immutabiles
3071 2003 3358 2049 manent.»
3417 1997 3556 2062 Quid
3603 1998 3746 2066 quod

2154 2078 2393 2134 Joannes
2429 2077 2794 2135 Damascenus
2818 2079 2912 2135 lib.
2942 2095 3000 2134 ιιι
3038 2080 3115 2136 De
3143 2084 3354 2139 orthod.
3385 2087 3505 2153 ﬁd.,
3534 2102 3654 2158 cap.
3691 2088 3748 2156 4,

2156 2171 2407 2238 angelum
2463 2186 2587 2226 eum
2649 2187 2907 2240 peccasse
2953 2181 3009 2226 et
3055 2174 3106 2226 in
3143 2185 3406 2230 tartarum
3469 2178 3748 2235 detrusum

2158 2259 2331 2316 fuisse
2367 2261 2545 2329 docet,
2601 2261 2690 2331 qui
2729 2265 3001 2319 terrestris
3023 2263 3230 2320 ordinis
3270 2269 3635 2338 princlpatum
3667 2280 3748 2326 te.

2158 2353 2340 2417 nebat,
2389 2354 2584 2422 cuique
2619 2355 2997 2409 custodienda;
3043 2365 3201 2412 terra:
3231 2373 3360 2412 cura
3395 2374 3423 2412 a
3459 2359 3565 2415 Deo
3601 2377 3750 2417 com-

2157 2441 2322 2496 tniss:i
2355 2439 2576 2495 fuerat?
2628 2441 3114 2497 Germanissimum
3165 2458 3299 2498 vero
3349 2444 3747 2515 Origvnismum

2155 2533 2374 2602 sapiunt
2401 2534 2488 2587 illa
2533 2535 2742 2604 Evagrii
2771 2552 2785 2588 :
2821 2535 3088 2590 Ἕκαστον
3113 2535 3301 2606 τάγμα
3346 2537 3452 2590 τῶν
3481 2538 3747 2608 οὐρανίων

2154 2623 2457 2696 δυνάμεων,
2491 2625 2524 2697 ἢ
2553 2625 2673 2678 ὅλον
2701 2626 2765 2678 ἐκ
2788 2625 2896 2678 τῶν
2931 2627 3106 2695 κάτω,
3143 2627 3176 2699 ἢ
3206 2628 3325 2681 ὅλον
3355 2629 3445 2682 ἐπὶ
3477 2629 3582 2684 τῶν
3613 2631 3745 2696 ἄνω,

2156 2715 2190 2786 ἢ
2221 2717 2284 2768 ἐκ
2315 2717 2423 2769 τῶν
2448 2715 2559 2770 ἄνω
2609 2719 2704 2772 καὶ
2736 2717 2956 2771 ἐπὶτῶν
2977 2720 3128 2774 κάτω
3155 2720 3474 2792 συνέστηκε.
3523 2741 3540 2772 ι
3570 2721 3748 2779 Unus-

2157 2798 2394 2879 quisque
2424 2811 2556 2867 ordo
2583 2812 2842 2866 virtutum
2867 2812 3199 2880 ctBlestium,
3226 2825 3319 2868 aut
3347 2825 3492 2870 totus
3513 2831 3580 2870 ex
3613 2815 3748 2870 infe—

2160 2899 2426 2963 rioribus,
2453 2911 2548 2955 aut
2581 2909 2726 2958 totus
2753 2916 2817 2957 ex
2863 2905 3256 2972 superioribus,
3297 2907 3378 2961 vel
3402 2923 3466 2962 ex
3503 2909 3749 2978 superio-

2159 2989 2316 3046 ribus
2350 3001 2406 3045 et
2459 2991 2810 3049 inferioribus
2839 3003 3120 3049 constat.»
3176 2997 3342 3052 Multo
3404 3015 3530 3053 vero
3577 3002 3747 3071 mag‘s

2159 3080 2248 3135 illa
2279 3098 2295 3139 :
2343 3081 2433 3147 Ἐξ
2468 3084 2764 3156 ἀΠελικῆς
2791 3089 3178 3152 καταστάσεως
3223 3090 3316 3144 καὶ
3349 3092 3747 3164 ἀρχαγγελικῆς

2157 3171 2363 3245 ψυχικὴ
2405 3175 2739 3240 κατάστασις
2762 3177 3004 3246 γίνεται·
3039 3180 3104 3234 ἐκ
3135 3180 3191 3233 δὲ
3222 3183 3320 3252 τῆς
3359 3183 3596 3255 ψυχικῆς
3635 3186 3749 3238 δαι-

2161 3265 2425 3336 μονιώδης
2457 3267 2549 3320 καὶ
2590 3268 2905 3340 ἀνθρωπίνη
2929 3287 2942 3300 ·
2981 3272 3046 3324 ἐκ
3071 3271 3126 3325 δὲ
3157 3274 3257 3345 τῆς
3286 3275 3632 3349 ἀνθρωπίνης
3659 3277 3731 3346 ἀγ

2157 3355 2304 3425 γελοι
2335 3357 2496 3412 πάλιν
2525 3360 2618 3412 καὶ
2643 3359 2898 3432 δαίμονες
2929 3362 3191 3431 γίνονται.
3233 3384 3251 3417 ι
3281 3365 3356 3420 Ex
3385 3369 3632 3438 angelico
3657 3385 3749 3424 or-

2159 3447 2307 3514 dine,
2335 3460 2390 3503 et
2417 3449 2798 3520 archangelico
2819 3452 3072 3508 animalis
3093 3455 3229 3508 ordo
3257 3456 3470 3510 exsistit
3499 3472 3513 3510 :
3544 3471 3609 3511 ex
3635 3458 3724 3512 ani

2161 3541 2285 3594 mali
2313 3549 2491 3596 autem
2546 3541 2914 3598 daemoniacus
2942 3553 2996 3598 et
3044 3546 3315 3602 humanus
3369 3565 3380 3602 :
3413 3562 3480 3602 ex
3510 3550 3749 3606 humano

2159 3638 2339 3684 autem
2373 3632 2550 3701 angeli
2595 3648 2784 3688 rursus
2808 3634 3193 3707 daatnonesque
3216 3637 3372 3695 ﬁunt.
3400 3659 3420 3690 ι
3449 3637 3752 3712 Utrumque

2163 3719 2341 3776 locum
2387 3724 2604 3778 adducit
2630 3723 2900 3780 Maximus
2931 3726 2982 3780 in
3023 3743 3143 3797 cap.
3180 3729 3214 3783 6
3272 3730 3510 3804 Dionysii
3549 3731 3624 3786 De
3664 3749 3750 3787 ec-

2161 3812 2285 3866 cles.
2318 3813 2580 3867 Izierarclt.
2613 3813 2784 3870 Favet
2829 3815 3006 3871 eidem
3047 3820 3287 3890 opinioni
3320 3822 3387 3875 de
3435 3824 3748 3893 angelorum

2163 3904 2542 3972 progressibus
2593 3914 2646 3959 et
2686 3909 3138 3966 conversionibus
3187 3915 3451 3966 sententia
3503 3916 3748 3983 quaedam

2164 3992 2501 4050 Tertulliano
2531 3997 2598 4050 ab
2627 3995 2931 4068 Augustino
2971 3999 3084 4071 (5'5)
3139 4001 3343 4065 afﬁcta,
3387 4020 3508 4074 qua:
3542 4006 3750 4062 animas

2165 4085 2444 4140 hominum
2472 4101 2707 4154 nequam
2733 4099 2853 4156 post
2875 4102 3106 4146 mortem
3144 4093 3198 4146 in
3225 4094 3496 4150 daemones
3524 4110 3750 4151 conver-

2163 4187 2282 4228 sum
2321 4173 2386 4226 iri
2425 4175 2687 4229 decernit.
2729 4177 3049 4247 Quanquam
3083 4181 3134 4235 in
3170 4181 3610 4240 Tertullianistas
3637 4188 3750 4241 cri—

2164 4281 2286 4319 men
2320 4265 2462 4320 istud
2489 4266 2702 4321 derivat
2730 4268 2968 4325 Isidorus
2993 4271 3086 4326 lib.
3117 4288 3210 4328 vttt
3251 4272 3484 4344 0rigin.,
3536 4293 3655 4347 cap.
3690 4278 3745 4335 6.

2166 4352 2265 4408 Hic
2311 4358 2427 4424 ipse
2457 4371 2617 4426 quem
2666 4358 2789 4414 dico
2818 4357 3158 4428 Hispalensis
3202 4362 3439 4420 Isidorus
3493 4368 3748 4423 nonnulla

2167 4445 2329 4500 habet
2367 4445 2771 4516 Origenismum
2814 4450 3015 4506 olentia
3061 4451 3155 4508 lib.
3187 4454 3514 4526 vt10rigin.,
3539 4473 3658 4529 cap.
3695 4459 3748 4524 5,

2171 4535 2534 4604 «Angelorum
2591 4546 2770 4592 autem
2814 4540 3160 4608 vocabulum,
3210 4545 3368 4600 otiicii
3412 4562 3606 4602 nomen
3644 4559 3749 4616 est,

2165 4639 2271 4679 non
2310 4633 2535 4692 naturae,
2564 4645 2585 4680 ι
2630 4628 2784 4695 cuius
2820 4633 3154 4700 pronuntiati
3202 4637 3467 4691 rationem
3501 4639 3641 4696 hanc
3672 4639 3751 4694 af-

2164 4712 2290 4779 fert,
2334 4733 2352 4765 ‹
2383 4713 2610 4784 Semper
2637 4716 2782 4770 enim
2824 4719 3049 4787 spiritus
3081 4729 3230 4786 sunt,
3260 4723 3356 4778 sed
3385 4740 3506 4779 cum
3533 4726 3751 4780 mittun-

2167 4812 2271 4865 tur,
2313 4813 2580 4859 vocantur
2611 4805 2810 4875 angeli.
2840 4827 2858 4860 ι
2919 4807 3076 4876 Vere,
3105 4810 3198 4866 sed
3233 4812 3300 4866 de
3336 4814 3554 4868 nomine
3599 4830 3752 4884 qua:-

2167 4901 2398 4956 stionem
2430 4901 2592 4956 habet
2619 4899 2880 4958 Isidorus.
2907 4902 3170 4974 Origenes
3197 4914 3376 4959 autem
3399 4906 3644 4960 eamdem
3675 4907 3752 4960 Io-

2163 4992 2436 5047 cutionem
2494 4991 2598 5046 alio
2630 5007 2793 5048 sensu
2832 5002 3148 5066 usurpavit;
3193 4998 3245 5053 id
3274 4997 3417 5051 enim
3451 4999 3551 5052 sibi
3585 4998 3751 5053 voluit

2133 5095 2389 5157 naturas
2431 5083 2552 5139 illas
2577 5100 2697 5154 qua:
2745 5087 2985 5157 angelica
3026 5088 3288 5159 dignitate
3319 5087 3590 5150 fruuntur,
3639 5105 3746 5144 non

2165 5174 2217 5228 id
2256 5173 2517 5228 natalium
2561 5175 2684 5246 jure
2718 5175 2890 5232 fuisse
2923 5189 3266 5246 consecutas,
3315 5180 3409 5236 sed
3455 5181 3750 5237 virtutibus

2164 5266 2277 5320 suis
2295 5266 2459 5322 fuisse
2474 5270 2818 5337 promeritae.
2840 5269 3034 5325 Subdit
3055 5271 3246 5327 deinde
3263 5270 3497 5328 Isidorus
3521 5291 3534 5327 :
3565 5291 3584 5324 ι
3613 5271 3752 5328 Uni-

2166 5358 2363 5427 cuique
2420 5359 2605 5424 etiam,
2664 5359 2803 5414 sicut
2849 5359 3164 5428 praedictum
3189 5369 3295 5424 est,
3326 5360 3541 5428 propria
3573 5343 3746 5413 ollicia

2168 5456 2294 5501 sunt
2329 5445 2595 5515 iniuncta,
2624 5464 2746 5517 quae
2775 5463 2870 5504 eos
2907 5450 3271 5517 promeruisse
3315 5450 3368 5505 in
3405 5450 3588 5506 mundi
3621 5466 3752 5506 con-

2167 5547 2274 5593 stat
2296 5541 2542 5594 exordio.
2569 5559 2588 5591 ι
2627 5540 2792 5596 Plane
2839 5541 3194 5612 Ωριγενικῶς.

2245 5628 2404 5686 XVII.
2440 5629 2549 5688 Nec
2588 5630 2864 5704 suffragiis
2896 5633 3074 5700 modo,
3102 5632 3199 5689 sed
3231 5632 3440 5689 ratione
3467 5631 3630 5688 etiam
3661 5645 3751 5701 pu-
