4160 6466
435 439 542 497 ειη-ι

436 661 550 700 sua:
583 646 755 712 capita
781 645 1086 700 defendere.
1113 644 1245 699 Nam
1274 645 1523 716 ordinum
1547 655 1602 700 et
1622 649 1884 715 graduum
1909 646 2022 708 illa,

436 753 598 809 quant
633 738 764 803 dixi,
821 738 1152 806 permutatio
1195 746 1423 791 eatenus
1469 737 1678 791 admitti
1736 747 1932 806 potest,
1979 739 2022 793 si

437 839 658 885 servato
693 839 1006 883 naturarum
1042 830 1096 884 in
1146 829 1454 884 hominibus
1488 838 1541 882 et
1583 829 1790 900 angelis
1833 830 2026 885 discri-

437 919 603 982 mine,
633 919 881 974 homines
920 935 1019 989 per
1053 921 1306 988 gratiam,
1330 933 1517 988 parem
1559 920 1766 989 angelis
1795 920 2027 975 beatitu-

438 1010 581 1064 dinis
633 1019 686 1064 et
721 1011 904 1081 gloria:
958 1012 1183 1081 gradum
1231 1012 1487 1082 consequi
1540 1027 1699 1082 posse
1754 1013 2022 1066 dicamus.

436 1099 638 1157 Probat
665 1113 844 1158 autem
872 1104 1014 1158 istud
1047 1103 1324 1170 augelicus
1372 1105 1559 1158 doctor
1581 1114 1723 1173 part.
1753 1120 1796 1167 ι,
1828 1112 2020 1172 qumst.

437 1191 562 1256 108,
599 1205 763 1261 atque
805 1193 937 1247 illud
980 1209 1099 1248 esse
1140 1194 1291 1260 dicit,
1343 1212 1361 1246 ι
1389 1195 1648 1249 Homines
1696 1195 1762 1248 ad
1806 1195 2026 1250 ordines

436 1282 750 1352 angelorum
780 1285 1002 1338 assumi.
1042 1302 1060 1335 ι
1096 1284 1234 1338 Huic
1265 1300 1391 1339 vero
1428 1286 1735 1356 Hieronymi
1765 1287 2022 1341 crimina-

436 1373 596 1438 tioni,
621 1388 726 1444 qua
759 1389 822 1428 eo
851 1389 1196 1444 progressum
1229 1373 1516 1444 Origenem
1541 1378 1808 1446 queritur,
1849 1386 1907 1430 ut
1937 1393 2022 1429 ra-

437 1465 602 1520 tionis
625 1466 918 1534 participes
943 1465 1155 1518 animas
1182 1464 1232 1517 in
1270 1465 1550 1520 brutorum
1579 1482 1809 1536 corpora
1846 1466 2025 1521 devol-

437 1555 488 1609 vi
515 1555 765 1625 opinatus
795 1556 885 1619 sit,
916 1554 1114 1623 opponi
1145 1565 1328 1621 posset
1353 1556 1480 1610 illud
1506 1555 1756 1628 Origenis
1785 1558 2026 1611 testimo-

437 1647 586 1701 nium
617 1662 648 1702 e
675 1648 767 1701 lib.
789 1665 809 1702 ι
844 1648 982 1716 Περὶ
1018 1647 1238 1716 ἀρχῶν,
1275 1664 1392 1718 cap.
1434 1649 1485 1713 7,
1520 1667 1668 1705 nttm.
1699 1650 1755 1716 4,
1789 1665 1907 1720 pag.
1935 1649 2021 1714 76,

438 1738 540 1792 nisi
575 1737 753 1792 Rufini
789 1737 1106 1807 interpretis
1142 1742 1300 1796 dubia
1326 1754 1474 1796 esset
1508 1742 1680 1798 fides:
1722 1761 1741 1793 ι
1770 1743 1859 1796 Illa
1894 1756 2027 1796 sane

439 1844 539 1884 nos
569 1845 904 1900 nequaquam
936 1832 1244 1902 recipienda
1272 1849 1580 1898 censemus,
1609 1850 1729 1902 qua:
1761 1843 1818 1888 et
1845 1849 1874 1886 a
1908 1835 2028 1902 qui-

1733 438 1792 492 Ρ.
1837 437 2152 494 DANIELIS
2190 438 2422 493 IIUETII

437 570 603 626 gnare
662 564 838 625 potest
863 551 1148 624 Origenes,
1185 561 1240 608 et
1298 553 1479 624 aliqua
1525 553 1719 610 saltem
1770 555 2030 609 doctrinae
2063 564 2109 618 Α
2141 555 2260 610 dem
2286 556 2489 624 absque
2524 551 2772 608 Ecclesiae
2805 565 2905 619 Ope
2960 549 3288 606 intellexisse

3601 431 3705 486 868

3334 564 3350 604 :
3389 563 3708 618 cognovisse

2127 659 2257 701 vero
2307 659 2405 714 per
2462 643 2758 698 Ecclesiam
2820 641 3233 705 incarnationis,
3297 639 3705 708 redemptionis,

2129 737 2307 792 crucis
2368 746 2423 792 et
2459 737 2648 790 mortis
2691 733 2894 790 Christi
2955 734 3232 803 mysteria.
3275 731 3414 786 Tum
3452 730 3709 786 dubitans

2126 828 2380 898 proponit
2409 826 2603 895 ecquid
2640 825 2692 878 in
2724 822 2963 878 Ecclesia
2993 840 3113 893 quae
3138 822 3341 878 Christi
3371 837 3571 892 corpus
3599 831 3703 883 est,

2128 929 2310 988 utpote
2326 916 2442 986 eius
2469 931 2689 985 Sponsa,
2709 929 2961 983 sponsum
2981 915 3157 984 ipsum
3183 915 3447 969 hactenus
3473 913 3574 968 sibi
3601 927 3705 966 non

2126 1010 2300 1062 visum
2333 1007 2733 1076 conspexerint.
2775 1004 3196 1076 Chrysostomus
3250 1015 3530 1075 praeterea,
3584 1019 3705 1058 cum

2130 1101 2417 1164 alibi,tum
2467 1109 2820 1153 memoratam
2865 1096 3015 1152 Pauli
3069 1097 3396 1151 sententiam
3430 1109 3708 1150 commen-

2129 1189 2282 1244 tariis
2317 1189 2432 1243 suis
2456 1187 2749 1253 illustrans,
2787 1187 2989 1258 liquido
3012 1184 3492 1254 declaratangelos
3521 1199 3704 1239 rerum

2126 1283 2225 1336 sibi
2281 1291 2438 1335 antea
2487 1279 2820 1334 occultarum
2872 1291 2928 1334 et
2973 1279 3278 1348 ignotarum
3350 1277 3597 1331 notitiam
3639 1291 3705 1330 ex

2127 1375 2244 1443 ipso
2271 1373 2645 1442 apostolorum
2709 1387 2808 1426 ore
2851 1383 3219 1440 comparasse,
3253 1369 3388 1422 etin
3433 1368 3499 1423 iis
3546 1368 3708 1422 rebus

2127 1466 2450 1534 praecipuam
2483 1464 2650 1519 fuisse
2691 1463 2932 1532 gentium
2973 1460 3258 1516 adChristi
3291 1461 3447 1514 fidem
3476 1474 3705 1513 conver-

2127 1561 2356 1624 sionem,
2405 1557 2610 1626 angelis
2649 1567 2806 1611 antea
2849 1556 3178 1625 ignoratam.
3216 1554 3443 1607 Accedit
3469 1553 3535 1604 ad
3560 1566 3710 1606 eam-

2128 1651 2246 1706 dem
2275 1650 2583 1720 opinionem
2643 1647 3004 1719 Hieronymus
3052 1646 3142 1700 lib.
3175 1662 3212 1700 II
3244 1647 3300 1699 in
3343 1645 3516 1712 Epist.
3543 1643 3610 1697 ad
3637 1642 3710 1696 E-

2126 1741 2296 1810 phes.,
2327 1756 2448 1810 cap.
2481 1755 2560 1803 ιιι,
2603 1754 2656 1792 v.
2691 1739 2779 1803 10,
2822 1747 2880 1792 et
2913 1735 3262 1805 multiplicem
3303 1736 3445 1790 illam
3489 1736 3707 1804 sapien-

2132 1835 2258 1888 tiam
2299 1831 2505 1902 angelis
2545 1832 2848 1902 ignoratam
2878 1830 3002 1883 vitae
3028 1827 3231 1884 Christi
3285 1827 3554 1900 mysteriis
3581 1843 3712 1883 con-

436 1921 667 1977 busdam
699 1923 972 1993 superfluo
1017 1926 1100 1979 vel
1153 1926 1354 1996 requiri
1391 1926 1473 1980 vel
1519 1928 1687 1982 astrui
1734 1927 1929 1992 solent,
1973 1925 2023 1980 id
2055 1912 2098 1966 Β
2127 1923 2284 1978 tineri
2315 1924 2491 1978 docet.
2517 1920 2627 1977 Hos
2661 1921 2751 1975 alii
2783 1920 3092 1990 complures
3119 1920 3288 1974 secuti
3321 1929 3462 1974 sunt.
3493 1921 3560 1973 At
3585 1935 3708 1972 cum

437 2019 542 2076 est,
581 2013 724 2081 quod
771 2013 963 2066 anima:
999 2014 1055 2068 in
1086 2023 1291 2067 tantum
1331 2015 1411 2069 sui
1447 2016 1732 2069 decessum
1775 2014 2022 2081 veniant,

440 2113 502 2159 ut
532 2116 736 2160 natura:
767 2107 1049 2160 rationalis
1076 2123 1137 2160 ac
1165 2106 1445 2177 dignitatis
1469 2107 1648 2162 oblita:
1674 2107 1835 2162 etiam
1865 2106 1918 2160 in
1943 2121 2026 2159 or-

441 2195 626 2252 dinem
671 2197 1127 2250 irrationabilium
1161 2197 1538 2263 animantium,
1587 2196 1670 2250 vel
1703 2196 2022 2260 bestiarum,

439 2287 524 2342 vel
553 2288 820 2358 pecudum
869 2289 1228 2343 devolvautur
1394 2289 1525 2355 Quae
1571 2304 1669 2344 nos
1706 2304 1810 2343 non
1851 2289 2022 2343 solum

439 2393 547 2434 nou
606 2381 933 2448 suscipimus
959 2397 973 2445 ;
1002 2381 1094 2436 sed
1123 2392 1176 2436 et
1205 2397 1397 2436 omnes
1422 2384 1517 2436 has
1565 2381 1894 2436 assertiones
1931 2393 2025 2435 eo-

439 2485 560 2524 rum
600 2481 790 2525 contra
825 2471 980 2526 fidem
1013 2483 1254 2528 nostram
1291 2473 1570 2528 venientes
1616 2471 1912 2526 refutamus
1939 2480 2022 2524 at~

437 2576 547 2632 que
570 2564 893 2631 respuimus.
925 2583 944 2615 ι
983 2565 1158 2634 Atque
1205 2565 1320 2620 haec
1349 2564 1686 2620 enucleatius
1735 2577 2026 2634 perseque—

438 2667 565 2706 mur
601 2653 760 2716 infra,
798 2669 919 2708 cum
958 2653 1210 2725 Origeuis
1241 2657 1307 2710 de
1359 2653 1823 2725 metempsychosi
1857 2652 2023 2707 docu-

441 2753 620 2799 menta
646 2746 1034 2802 scrutabimur.

512 2835 589 2891 Ex
617 2837 986 2906 superioribus
1025 2837 1333 2892 Adamantii
1361 2839 1506 2894 circa
1538 2837 1767 2907 angelici
1813 2836 2024 2892 arbitrii

439 2925 773 2994 libertatem,
829 2938 884 2984 et
932 2931 1230 2984 etianmum
1278 2941 1713 3000 perseverantem
1764 2933 1902 2983 bene
1941 2926 2025 2980 vel

441 3017 584 3073 male
607 3020 798 3088 agendi
825 3019 1138 3075 facultatem
1168 3022 1379 3091 placitis
1411 3021 1752 3076 consectaria
1777 3021 2027 3074 videntur

442 3109 532 3165 illa
559 3111 702 3176 duo;
732 3113 960 3167 aliorum
1004 3113 1496 3178 adhortationibus,
1527 3113 1809 3184 exemplis,
1856 3123 1908 3166 et
1940 3113 2024 3165 in-

439 3203 820 3260 ttitutiouibus
848 3207 913 3259 ad
956 3205 1181 3260 meliora
1217 3205 1481 3274 proficere
1512 3221 1672 3276 posse
1700 3205 1941 3273 angelos,
1973 3211 2026 3255 et

443 3294 636 3349 mortis
655 3295 856 3351 Christi
890 3295 1152 3350 beneficio
1174 3297 1445 3366 gaudere;
1476 3295 1724 3358 alterum,
1756 3305 2028 3364 gestorum

444 3386 710 3440 rationem
737 3387 868 3441 olim
895 3390 1221 3452 reddituros,
1247 3396 1306 3441 et
1325 3397 1569 3442 extremo
1591 3387 1826 3443 examini
1858 3402 1920 3440 ac
1941 3384 2030 3456 ju-

440 3476 589 3531 dicio
623 3478 901 3532 subditum
942 3480 1033 3532 iri.
1100 3479 1256 3534 Prius
1311 3479 1442 3533 illud
1482 3479 1674 3550 partim
1709 3478 1823 3547 jam
1863 3493 2026 3547 supra

443 3569 747 3637 attigimus,
805 3585 926 3624 cum
976 3587 1261 3640 ageremus
1312 3573 1375 3625 de
1428 3571 1699 3624 taxatione
1755 3571 2030 3640 sanguinis

442 3655 645 3711 Christi
701 3658 783 3728 (ut
835 3660 1166 3715 scholastice
1199 3675 1347 3714 more
1397 3659 1612 3732 loquar)
1661 3669 1713 3714 et
1747 3671 1926 3714 utrum
1963 3659 2030 3714 ad

445 3749 671 3817 angelos
708 3749 863 3806 etfusi
892 3751 1096 3807 Christi
1128 3754 1407 3824 sanguinis
1440 3753 1669 3822 gratiam
1707 3768 2030 3823 prorogave-

443 3841 518 3896 rit
545 3839 809 3911 Origenes
842 3860 1236 3913 quaereremus.
1264 3845 1421 3900 Nunc
1449 3861 1581 3921 vero
1605 3845 1800 3915 ecquid
1835 3845 2028 3900 alienis

444 3932 736 4002 praeceptis
771 3934 1054 3989 informari
1093 3951 1214 4000 eos,
1258 3946 1315 3989 et
1345 3936 1409 3989 ad
1445 3936 1696 3988 virtutem
1731 3935 1916 4004 arrigi.
1945 3934 2028 3990 vel

448 4021 892 4080 institutionibus
941 4027 1145 4081 erudiri
1179 4027 1561 4092 autumaverit,
1608 4028 2024 4096 perpendamus.

517 4109 700 4168 XVIII.
727 4115 876 4169 Pauli
917 4115 1146 4186 apostoli
1179 4117 1246 4169 ad
1281 4116 1544 4183 Ephesios
1592 4117 1884 4172 scribentis
1907 4131 2028 4171 ver-

442 4205 513 4262 ba
547 4207 662 4262 haec
687 4217 818 4263 sunt
842 4208 888 4240 "
916 4226 928 4261 :
963 4228 981 4260 ι
1006 4207 1135 4263 Mihi
1175 4209 1418 4262 omnium
1451 4217 1760 4261 sanctorum
1804 4207 2026 4262 minimo

443 4303 568 4357 data
607 4309 689 4356 est
721 4301 892 4371 gratia
923 4302 1037 4356 haac
1075 4303 1127 4355 in
1158 4302 1429 4370 gentibus,
1467 4299 1846 4371 evangelizare
1878 4302 2026 4355 iuve-

447 4395 730 4464 stigabiles
767 4395 982 4450 divitias
1009 4394 1236 4457 Christi,
1275 4403 1327 4448 et
1357 4394 1661 4447 illuminare
1687 4408 1876 4447 omnes
1905 4408 2025 4462 qua}

445 4485 518 4540 sit
551 4487 884 4555 dispensatio
936 4487 1268 4540 sacramenti
1298 4485 1599 4539 absconditi
1650 4500 1680 4538 a
1728 4485 1939 4540 swculis
1971 4485 2024 4537 in

446 4575 557 4632 Deo
590 4578 683 4648 qui
714 4579 896 4632 omnia
935 4579 1162 4640 creavit,
1205 4587 1263 4631 ut
1302 4577 1608 4631 innotescat
1645 4591 1785 4630 nunc
1822 4577 2024 4644 princi-

440 4669 660 4739 patibus
685 4679 746 4724 et
771 4670 1130 4738 potestatibus
1169 4669 1221 4722 in
1253 4668 1570 4723 caelestibus
1597 4683 1694 4738 per
1721 4667 2021 4722 Ecclesiam

447 4760 794 4816 multiformis
843 4761 1102 4829 sapientia
1139 4759 1256 4814 Dei.
1283 4778 1300 4810 ι
1343 4757 1469 4813 Haac
1505 4759 1744 4828 antiquis
1775 4758 2028 4813 Ecclesiae

447 4849 700 4908 l‘atribus
731 4866 953 4906 causam
987 4851 1272 4914 dederunt,
1316 4863 1413 4903 cur
1456 4849 1741 4903 crederent
1766 4849 2028 4919 pleraque

449 4946 541 5000 Dei
571 4945 830 5016 mysteria
889 4941 1110 5011 angelos
1145 4957 1242 5010 per
1267 4941 1566 4996 Ecclesium
1611 4940 1887 5005 didicisse,
1919 4959 2023 4996 non

444 5054 507 5095 ea
534 5040 750 5108 quidem
789 5052 910 5106 quae
949 5035 1041 5090 Dei
1087 5045 1296 5089 natura:
1333 5034 1642 5088 necessario
1687 5034 1904 5098 insunt;
1939 5035 2025 5088 illa

445 5131 709 5201 siquidem
747 5137 1119 5197 cognoverunt
1163 5141 1375 5192 omnes,
1422 5142 1546 5180 cum
1594 5126 1761 5180 semel
1804 5127 1868 5180 iis
1897 5142 2027 5180 eon-

447 5220 632 5275 tuendi
680 5219 773 5273 Dei
808 5218 1038 5274 facultas
1091 5232 1354 5274 concessa
1399 5226 1517 5283 est;
1560 5217 1655 5272 sed
1699 5233 1819 5288 qua:
1856 5218 2027 5274 libere

447 5310 593 5366 Deus
629 5320 683 5365 et
729 5309 1033 5365 forinsecus
1063 5321 1342 5380 Operatur,
1369 5325 1555 5364 eorum
1593 5309 1808 5363 demum
1843 5311 2029 5378 cogni-

445 5405 646 5456 tionem
674 5399 840 5455 fuisse
856 5415 955 5470 per
980 5401 1275 5457 Ecclesiam
1299 5401 1542 5470 adeptos.
1570 5398 1863 5471 Gregorius
1890 5400 2026 5472 Nys-

444 5507 608 5547 senus
636 5491 822 5546 homil.
846 5493 879 5548 8
912 5494 968 5547 in
993 5493 1203 5550 Cantia.
1251 5495 1323 5548 ita
1358 5491 1502 5546 Pauli
1546 5491 1718 5546 locqu
1763 5492 2027 5562 interpre-

448 5592 616 5649 tatur,
642 5599 906 5639 suuuuam
935 5597 990 5640 et
1011 5585 1386 5640 admirabilem
1419 5585 1513 5640 Dei
1545 5593 1890 5655 potestatem,
1919 5599 2022 5652 qua

444 5678 626 5731 omnia
659 5678 725 5733 de
768 5680 937 5734 nihilo
974 5679 1091 5733 solo
1128 5681 1294 5733 verbo
1349 5679 1609 5740 condidit,
1641 5677 1864 5747 angelos
1900 5678 2024 5744 qui-

516 5790 563 5820 "
587 5788 786 5858 Ephes.
812 5805 894 5854 lit,
935 5790 1089 5844 8-10.
1171 5791 1217 5824 ”
1253 5791 1407 5845 Deut.
1436 5805 1609 5854 xxx",
1640 5789 1690 5843 l.

2057 3261 2099 3318 C

2057 4634 2101 4688 ι)

1769 5789 1814 5820 ³ο
1841 5787 1980 5842 Psal.
2012 5800 2258 5848 cxxxvu,
2307 5788 2358 5842 I.

442 5856 492 5890 ³³
519 5856 686 5929 Apoc.
743 5876 803 5927 ιι,
837 5876 959 5917 vers
1005 5861 1058 5924 1,
1095 5859 1148 5913 4.
1225 5860 1419 5914 “ibid.
1449 5860 1531 5915 l4.
1610 5861 1655 5892 ³⁸
1686 5859 1874 5914 Matth.
1905 5858 2136 5923 ωλι.

2129 2013 2369 2068 nonnulli
2411 2029 2477 2067 ex
2524 2013 2590 2068 iis
2629 2015 2709 2067 sic
2742 2012 2984 2066 eruditos
3027 2011 3358 2066 crediderint
3403 2026 3495 2079 per
3525 2011 3710 2064 Eccle-

2128 2108 2262 2160 siam
2307 2107 2545 2176 angelos,
2591 2105 2744 2174 quasi
2778 2119 2960 2157 rerum
3006 2113 3172 2160 testes
3199 2115 3256 2158 et
3284 2103 3554 2167 conscios,
3593 2117 3713 2171 qua;

2128 2199 2394 2253 sententia
2433 2199 2499 2252 ad
2532 2197 2820 2252 veritatem
2867 2198 3091 2267 propius
3138 2195 3384 2258 accedit;
3414 2194 3504 2248 alii
3553 2193 3708 2262 quasi

2127 2289 2425 2360 discipulos
2449 2306 2464 2354 ;
2508 2291 2824 2358 posterioris
2849 2291 3008 2357 hujus
3035 2289 3302 2358 dogmatis
3331 2297 3521 2342 auctor
3543 2284 3711 2340 fuisse

2126 2381 2342 2436 videtur
2389 2381 2670 2452 Origenes.
2719 2382 2811 2438 Sic
2862 2383 3003 2438 enim
3052 2393 3272 2452 perorat
3319 2381 3506 2435 homil.
3548 2379 3618 2433 23
3649 2378 3706 2432 in

2127 2469 2260 2525 Luc.
2287 2488 2308 2525 :
2348 2489 2367 2523 ‹
2394 2471 2562 2526 Docet
2607 2473 2770 2542 igitur
2819 2471 3067 2527 Salvator
3105 2483 3306 2540 noster,
3360 2481 3416 2525 et
3469 2469 3708 2539 Spiritus

2127 2574 2346 2619 sanctus
2393 2565 2485 2635 qui
2536 2566 2751 2622 locutus
2781 2577 2868 2623 est
2929 2567 2981 2620 iu
3037 2565 3334 2636 prophetis,
3381 2579 3486 2618 non
3535 2563 3709 2617 solum

2128 2656 2399 2721 homines.
2441 2658 2536 2712 sed
2565 2657 2725 2712 etiam
2761 2658 2978 2728 angelos
3003 2667 3055 2712 et
3109 2658 3340 2712 virtutes
3389 2653 3707 2710 invisibiles,

2124 2745 2264 2814 Quid
2313 2749 2504 2819 loquar
2547 2750 2613 2804 de
2653 2751 2976 2806 Salvatore?
3019 2749 3299 2818 Propheta:
3351 2762 3564 2817 quoque
3610 2746 3710 2815 ipsi

2125 2851 2182 2896 et
2208 2843 2461 2912 apostoli,
2509 2859 2669 2898 omne
2729 2845 2872 2913 quod
2915 2850 3192 2904 resonant,
3236 2856 3344 2895 non
3386 2839 3557 2894 solum
3612 2839 3712 2893 ho-

2128 2931 2384 2999 minibus,
2432 2935 2526 2988 sed
2565 2943 2615 2988 et
2660 2935 2867 3004 angelis
2917 2933 3232 3004 pradicant.
3279 2931 3431 2998 Quod
3477 2939 3532 2984 ut
3569 2929 3712 2984 scias

2127 3037 2316 3077 verum
2361 3039 2379 3076 :
2425 3025 2668 3091 Attende,
2722 3026 2916 3094 inquit,
2961 3023 3170 3086 caelum,
3217 3031 3264 3075 et
3309 3020 3496 3090 loquar
3520 3020 3599 3086 ²⁹;
3649 3018 3710 3072 In

2127 3124 2403 3184 conspectu
2450 3115 2754 3186 angelorum
2797 3116 3025 3186 psallam
3078 3115 3170 3168 tibi
3196 3114 3279 3179 ’°;
3323 3123 3378 3168 et
3420 3129 3434 3165 :
3473 3111 3713 3165 Laudate

2139 3203 2577 3269 Dominum,cwli
2623 3207 2894 3271 calorum,
2941 3218 2987 3260 et
3037 3221 3188 3275 aqua,
3215 3221 3333 3286 qug:
3373 3219 3532 3272 super
3557 3204 3712 3257 caelos

2133 3302 2276 3358 sunt,
2317 3294 2535 3349 laudent
2575 3312 2759 3350 nomen
2809 3296 3116 3364 Domini";
3165 3305 3220 3350 et
3259 3314 3273 3350 :
3315 3293 3555 3350 Laudent
3593 3312 3711 3350 eum

2133 3386 2347 3456 angeli;
2375 3396 2430 3442 et
2461 3406 2474 3442 :
2501 3386 2568 3442 In
2592 3389 2735 3443 onmi
2760 3389 2872 3444 loco
2897 3390 3170 3458 potestatis
3203 3387 3315 3458 ejus
3336 3390 3568 3454 benedic,
3602 3390 3716 3442 ani-

2133 3495 2220 3531 ma
2252 3495 2387 3544 mea,
2433 3480 2657 3534 Domino
2679 3481 2746 3536 ³¹.
2785 3482 3030 3537 Invenies
3083 3483 3135 3535 in
3181 3481 3428 3550 plurimis
3457 3481 3612 3546 locis,
3659 3490 3716 3534 et

2133 3569 2370 3624 maxime
2399 3571 2450 3621 in
2483 3569 2735 3634 PSalmis,
2771 3579 2823 3625 et
2862 3570 2929 3625 ad
2976 3570 3199 3640 angelos
3239 3585 3542 3624 sermonem
3570 3571 3710 3634 fieri,

2134 3659 2258 3713 data
2298 3661 2504 3716 homini
2548 3671 2836 3724 potestate,
2866 3663 2914 3716 ei
2947 3675 3127 3716 tamen
3177 3662 3266 3730 qui
3300 3662 3560 3731 Spiritum
3587 3676 3713 3716 san-

2134 3759 2280 3804 etum
2325 3751 2510 3817 habet,
2571 3761 2628 3807 ut
2670 3764 2724 3808 et
2773 3753 3001 3825 angelos
3051 3754 3450 3823 alloquatur.E
3503 3753 3708 3821 quibus

2138 3857 2304 3895 tttmm
2330 3843 2630 3913 exemplqu
2648 3846 2865 3910 donaui,
2898 3856 2955 3897 ut
2984 3845 3219 3898 sciamus
3252 3843 3468 3914 angelos
3496 3858 3712 3913 quoque

2136 3931 2393 3988 humanis
2430 3935 2652 3990 vocibus
2682 3937 2908 3990 erudiri.
2957 3936 3228 4005 Scriptum
3278 3947 3361 3990 est
3407 3936 3459 3990 iu
3497 3940 3708 4005 Apoca-

2133 4023 2269 4095 lypsi
2294 4023 2519 4081 Joannis
2543 4027 2588 4058 ³³
2626 4047 2638 4083 :
2670 4029 2865 4098 Angela
2904 4029 3253 4098 Ephesiorum
3295 4027 3542 4082 Ecclesia:
3579 4028 3710 4081 scri—

2130 4115 2190 4168 be
2218 4131 2239 4170 :
2282 4115 2462 4171 Ilabeo
2492 4119 2697 4188 aliquid
2730 4131 2914 4173 contra
2955 4129 3034 4184 te;
3071 4128 3126 4173 et
3150 4135 3360 4173 rursum
3389 4117 3434 4149 ³⁸
3467 4135 3481 4171 :
3513 4119 3710 4186 Angela

2130 4205 2380 4262 Ecclesia:
2410 4207 2656 4279 Pergami
2681 4211 2846 4264 scribe
2876 4226 2895 4262 :
2925 4209 3108 4263 Habeo
3138 4212 3405 4282 quidpiam
3430 4220 3611 4263 contra
3636 4217 3706 4262 te.

2129 4296 2288 4353 Certe
2311 4299 2470 4355 homo
2491 4312 2574 4356 est
2603 4303 2692 4370 qui
2720 4304 2911 4358 scribit
2943 4304 3169 4373 angelis.
3197 4315 3248 4354 et
3279 4302 3482 4372 aliquid
3511 4302 3708 4372 praci-

2130 4389 2273 4457 pit.s
2322 4390 2451 4445 Item
2477 4391 2572 4446 lib.
2602 4408 2697 4448 vm
2751 4395 2806 4448 in
2838 4393 3012 4463 Epist.
3062 4397 3130 4448 ad
3189 4393 3366 4458 Rom.,
3414 4409 3562 4448 num.
3597 4391 3704 4447 IO:

2137 4496 2157 4530 ‹
2203 4480 2583 4550 Numquidnam
2629 4494 2884 4554 tauquam
2929 4500 3116 4539 servus
3146 4485 3318 4539 bonus
3359 4493 3413 4539 et
3447 4483 3617 4538 fidelis
3638 4483 3706 4548 ³⁸,

2129 4572 2220 4639 qui
2263 4571 2315 4624 in
2365 4587 2535 4642 pauca
2580 4573 2757 4629 fuerat
2791 4575 2986 4638 ﬁdelis,
3023 4578 3229 4630 sciebat
3256 4591 3317 4632 se
3355 4592 3519 4644 super
3542 4575 3707 4628 tiialta

2129 4665 2588 4730 constituendum,
2645 4677 2700 4720 et
2732 4667 3046 4736 Apostolum
3098 4668 3334 4723 futurum
3379 4669 3539 4722 etiam
3587 4675 3712 4735 post

2129 4759 2330 4812 exitum
2360 4774 2540 4824 suum,
2592 4774 2697 4810 non
2735 4758 2906 4811 solmn
2932 4758 3197 4826 gentium;
3234 4761 3327 4814 sed
3351 4769 3406 4815 et
3435 4759 3708 4813 Israelita-

2129 4864 2269 4916 rutn,
2297 4857 2354 4904 et
2381 4849 2608 4903 aliorum
2652 4847 2904 4905 fortassis
2933 4850 3304 4916 invisibilium,
3335 4851 3405 4905 ibi
3431 4851 3517 4906 ubi
3543 4851 3710 4904 bene-

2127 4941 2557 5011 dicuntspiritus
2579 4952 2633 4997 et
2671 4944 2865 4997 anima:
2902 4941 3170 5010 iustorum
3202 4943 3488 4998 Dominum
3511 4943 3577 5006 ³⁸,
3611 4943 3709 5014 hy-

2131 5047 2314 5086 mnum
2345 5033 2556 5098 dicuut,
2617 5044 2671 5088 et
2715 5035 3119 5102 superexaltant
3155 5052 3276 5090 eum
3327 5037 3378 5090 iu
3422 5036 3702 5091 sarcula?»

2131 5124 2206 5178 De
2234 5124 2482 5179 doctrina
2513 5124 2599 5180 illa
2633 5127 2839 5194 angelis
2878 5141 2906 5180 a
2946 5125 3165 5183 Christo
3190 5128 3383 5182 tradita
3408 5142 3568 5198 supra
3594 5127 3708 5197 jam

2127 5216 2557 5287 disputavimus;
2590 5218 2656 5272 de
2678 5233 2740 5273 ea
2778 5235 2907 5274 vero
2932 5235 3095 5289 quam
3121 5238 3150 5276 a
3189 5222 3472 5291 prephetis
3498 5233 3553 5276 et
3582 5237 3708 5289 apo-

2127 5311 2280 5366 stolis
2305 5321 2634 5380 acceperunt
2666 5311 2791 5380 ipsi,
2833 5312 2913 5366 sic
2934 5313 3021 5382 pio
3052 5313 3338 5382 unicuique
3362 5314 3706 5369 sentiendum

2127 5411 2230 5465 est,
2282 5417 2386 5455 non
2417 5401 2634 5472 quidem
2676 5403 2988 5459 hominibus
3035 5406 3187 5474 prius
3217 5404 3509 5459 revelatum
3539 5404 3707 5458 fuisse

2127 5500 2183 5545 et
2209 5499 2470 5544 retectmn
2502 5505 2663 5559 quam
2694 5493 2897 5565 angelis
2928 5491 3325 5550 Inearnationis
3362 5495 3705 5564 mysterium,

2129 5581 2270 5650 quod
2289 5596 2407 5635 cum
2431 5582 2724 5652 Scriptura:
2745 5600 2915 5642 sacrm
2943 5589 3269 5643 testimoniis
3295 5586 3584 5642 manifeste
3610 5601 3703 5654 pn-

2131 5684 2290 5743 gnat;
2330 5675 2424 5729 sed
2457 5689 2561 5758 non
2606 5676 2874 5748 integram
2905 5689 3081 5736 tamen
3116 5679 3704 5751 hujuscognitionem;

2213 5803 2259 5891 ξε
2299 5788 2407 5891 II...“
2704 5807 2925 5864 CXLVIII,
2955 5795 3010 5863 4,
3063 5795 3116 5850 5.
3233 5795 3275 5829 ³³
3308 5793 3451 5852 Psal.
3493 5793 3702 5862 01,22.

2298 5859 2428 5916 Dan.
2465 5874 2544 5924 tu,
2578 5860 2666 5916 86.
