4160 6402
368 349 472 404 869
1215 343 1784 402 ORIGENIANORUM
1822 346 1949 401 LIB.
1991 347 2053 414 II,
2095 344 2246 402 CAP.
2289 341 2352 403 II,
2396 333 2670 405 QUASST.
2716 332 2778 387 ν.
3528 329 3637 383 870

371 471 631 524 bonorum
665 477 844 524 autem
878 482 1001 538 quae
1030 482 1097 522 ex
1132 481 1198 521 eo
1222 467 1480 536 conscqui
1511 469 1799 530 debebant.
1830 484 1957 538 gen-
1986 473 2032 529 Α
2063 478 2360 534 nunquam,
2412 459 2497 515 vel
2543 471 2755 528 parum,
2786 453 2871 509 vel
2916 450 3037 522 plus
3086 449 3279 506 faciem
3325 449 3419 505 Dei
3463 449 3639 519 angeli

369 563 503 618 tium
551 569 683 630 puta
738 560 1117 617 conversionis
1163 560 1548 629 Cbrysostomo
1616 571 1946 625 memoratae,

369 653 485 709 fere
506 653 707 708 nullam
734 670 749 718 ;
784 653 1042 723 temporis
1072 666 1200 706 vero
1225 651 1484 720 postremi
1511 650 1706 720 jndicii
1745 651 1949 706 nullam

368 746 590 801 omnino
616 745 893 799 habuisse.

439 836 580 892 XIX.
610 837 684 891 De
703 838 909 906 judicio
938 847 1118 891 autem
1147 837 1200 890 in
1236 835 1458 906 angelos
1485 835 1760 890 reddendo
1780 837 1955 905 quod-

372 942 584 996 cunque
612 927 856 982 decernit
879 925 1162 997 Origenes,
1198 927 1265 980 ad
1299 925 1518 995 angelos
1550 927 1826 980 hominum
1855 942 1953 981 cu-

371 1018 564 1073 stodiae
597 1019 879 1089 praefectos
908 1019 1020 1072 fere
1045 1019 1297 1087 pertinet.
1337 1017 1470 1072 Nam
1490 1018 1603 1072 sive
1624 1018 1824 1087 quibus
1851 1018 1954 1074 Ec-

371 1110 659 1166 clesiarum
684 1110 1006 1180 gubernatio
1026 1108 1312 1164 commissa
1331 1120 1436 1174 est,
1465 1111 1578 1164 sive
1606 1109 1801 1178 quibus
1827 1125 1957 1180 gen-

375 1202 536 1272 tium,
567 1202 652 1257 vel
679 1202 1018 1272 singulorum
1065 1200 1341 1254 hominum
1373 1199 1629 1269 deputata
1655 1209 1738 1254 est
1770 1210 1956 1254 custo-

371 1294 483 1361 dia,
504 1308 600 1350 eos
628 1293 992 1348 administrati
1029 1295 1270 1348 muneris
1300 1294 1593 1360 rationem,
1625 1291 1767 1346 haud
1800 1307 1960 1348 secus

371 1403 436 1444 ac
463 1388 732 1450 homines,
772 1387 1083 1442 reddituros
1122 1388 1328 1442 deiinit.
1365 1387 1612 1456 anlicis
1653 1397 1836 1444 autem
1861 1404 1958 1458 ge-

371 1480 519 1536 neris
567 1479 768 1550 judicia
817 1481 871 1534 in
927 1478 1044 1534 illos
1079 1495 1109 1534 a
1156 1479 1267 1534 Deo
1308 1481 1555 1536 exerceri
1604 1480 1795 1546 docet;
1830 1482 1958 1548 alia,

372 1573 800 1645 quotiescunque
852 1571 1102 1627 homines
1152 1587 1299 1627 cura:
1343 1588 1455 1627 suae
1488 1573 1749 1640 permissi
1792 1583 1962 1638 recte,

377 1663 585 1718 maleve
609 1677 668 1718 se
700 1673 927 1732 gerunt;
961 1661 1105 1716 aliud
1133 1677 1285 1726 vero,
1310 1678 1432 1718 cum
1458 1678 1712 1732 supremo
1739 1663 1964 1719 arbitrio

376 1757 443 1812 de
472 1771 651 1810 rerum
676 1756 1053 1810 universarum
1083 1769 1297 1809 summa
1335 1755 1477 1811 Deus
1501 1756 1789 1824 judicabit.
1816 1756 1966 1813 Utri-

2054 555 2588 626 contemplabuntur.
2611 569 2631 604 ι

2123 649 2194 704 At
2227 662 2332 702 non
2385 644 2611 713 angelos
2656 639 2833 696 solum
2889 645 3123 700 tutores,
3161 635 3259 690 sed
3299 633 3438 688 alios
3471 635 3636 688 etiam

2052 742 2365 811 quicunque
2393 735 2631 806 peccatis
2651 747 2712 788 se
2739 730 2964 800 alligant
2998 729 3049 782 in
3075 726 3338 796 judicium
3370 725 3644 781 sistendns

2054 830 2373 904 pronuntiat
2416 826 2602 882 homil.
2627 825 2661 879 4
2703 825 2760 878 in
2790 823 3011 886 Eua/3.,
3071 837 3221 875 num.
3252 822 3300 886 1,
3339 834 3460 894 pag.
3486 818 3592 872 570
3624 834 3638 870 :

2061 942 2080 976 ι
2100 922 2324 992 Quando
2351 936 2504 989 ergo,
2540 917 2737 986 inquit,
2783 913 2959 984 angeli
2987 911 3444 983 przevaricantur,
3469 919 3524 965 et
3548 911 3639 965 alii

2056 1024 2184 1072 sunt
2209 1014 2301 1084 qui
2346 1011 2439 1066 Dei
2467 1017 2736 1079 praecepta
2767 1005 3102 1070 custodiunt,
3134 1011 3187 1057 et
3212 1002 3476 1073 judicium
3505 1015 3644 1070 prae-

2056 1107 2347 1169 stolantur,
2379 1119 2485 1157 non
2534 1099 2709 1155 solum
2755 1097 3060 1160 hominum,
3096 1110 3285 1150 vermn
3328 1094 3491 1148 etiam
3524 1092 3642 1155 Dei,

2060 1207 2120 1253 ut
2163 1195 2482 1266 frequenter
2507 1191 2744 1247 diximus
2781 1198 2889 1244 tam
2925 1188 3101 1242 dehis
3142 1202 3265 1256 quae
3298 1186 3350 1240 in
3380 1183 3647 1255 Apocaly-

2058 1289 2142 1361 psi
2165 1287 2478 1356 conscripta
2516 1293 2662 1346 sunt,
2697 1296 2860 1350 quam
2899 1289 2953 1335 et
2979 1295 3044 1334 ex
3081 1279 3203 1335 aliis
3237 1275 3648 1333 innumerabili-

2059 1384 2183 1447 bus,
2220 1395 2410 1452 quare,
2441 1379 2687 1448 inquam,
2718 1389 2824 1428 non
2857 1385 3015 1429 terrae
3039 1383 3095 1428 et
3123 1373 3267 1427 aeris
3289 1370 3550 1440 judicium
3577 1369 3650 1424 sit

2061 1472 2342 1531 futurum?
2366 1489 2384 1523 ι

2133 1563 2251 1618 XX.
2278 1560 2513 1632 Angelos
2547 1557 3065 1630 reprehensionibus
3092 1571 3157 1611 ac
3182 1553 3444 1611 conviciis
3471 1552 3649 1608 inces-

2063 1657 2131 1724 si,
2168 1671 2292 1711 cum
2344 1652 2679 1726 provinciam
2715 1658 3024 1718 susceptam
3068 1647 3209 1702 male
3241 1646 3647 1707 administrant,

2063 1765 2162 1806 cur
2184 1745 2736 1815 crederetOrigenes,
2766 1758 2833 1798 ex
2859 1757 2925 1798 eo
2946 1741 3162 1796 videtur
3183 1741 3466 1803 adductus,
3504 1739 3648 1808 quod

374 1865 480 1921 que
509 1858 690 1904 autem
716 1846 1044 1916 judiciorum
1072 1849 1255 1916 generi
1291 1864 1416 1904 suas
1449 1850 1663 1905 videtur
1683 1851 1958 1923 assignas-
1993 1827 2035 1883 Β
2062 1840 2422 1912 Apocalypsis
2467 1841 2709 1897 secundo
2738 1846 2790 1892 et
2842 1837 3003 1891 tertio
3038 1835 3216 1904 capite
3247 1834 3510 1901 scriptum
3542 1842 3647 1896 est,

374 1955 435 1997 se
485 1955 698 2011 pmnas,
740 1955 835 1994 sua
869 1939 1123 2008 praemia;
1172 1955 1237 1995 ac
1279 1940 1553 2010 prioribus
1582 1943 1824 2012 quidem,
1857 1959 1958 2014 pro

372 2032 522 2088 obito
554 2041 701 2088 recte
728 2031 924 2096 oilicio,
970 2031 1160 2088 laudes
1198 2042 1253 2086 et
1281 2032 1548 2102 gloriam;
1588 2049 1686 2104 pro
1715 2049 1774 2089 re
1820 2039 1959 2090 male

376 2133 551 2194 gesta,
585 2124 931 2194 ignominiam
967 2134 1023 2179 et
1043 2124 1275 2180 dedecus
1311 2144 1323 2178 :
1363 2126 1651 2193 posteriori
1676 2141 1824 2193 vero,
1863 2143 1962 2197 pro

377 2215 695 2270 meritorum
735 2217 967 2280 ratione,
1005 2218 1400 2272 diuturniorem
1446 2227 1501 2272 et
1539 2217 1845 2285 clariorem,
1880 2220 1962 2274 vel

378 2307 751 2362 obscuriorem
785 2319 842 2362 et
871 2309 1198 2374 breviorem,
1224 2309 1308 2363 vel
1339 2309 1561 2375 nullam,
1593 2311 1679 2364 vel
1700 2322 1959 2367 aeternam

378 2395 472 2452 Dei
515 2397 798 2453 visionem.
842 2398 973 2467 Quae
1019 2413 1329 2468 quanquam
1383 2416 1488 2454 non
1529 2401 1783 2457 distincte
1820 2404 1963 2472 apud

377 2487 530 2542 ilium
562 2503 818 2558 expressa
858 2490 1129 2555 invenias,
1165 2506 1229 2546 ex
1275 2489 1390 2559 ejus
1419 2501 1598 2546 tamen
1642 2496 1962 2549 assertioni-

379 2581 479 2636 bus
506 2579 664 2636 facile
681 2581 1042 2636 deducnutnr.
1076 2581 1304 2636 Ilomilia
1327 2582 1381 2634 in
1408 2581 1574 2637 Num.
1605 2598 1696 2650 xx,
1729 2600 1882 2640 num.
1906 2586 1964 2651 5,

379 2671 624 2740 pluribus
653 2681 1030 2740 argumentum
1061 2671 1190 2726 illud
1211 2673 1483 2737 edisserit,
1514 2683 1569 2728 et
1599 2675 1817 2744 auge-los
1848 2677 1967 2731 uni-

378 2763 579 2832 cuique
629 2773 876 2818 nostrum
912 2764 1266 2834 gubernando
1295 2763 1593 2833 delegatos,
1643 2777 1734 2821 aut
1775 2767 1964 2822 Eccle-

377 2854 583 2912 siartnn
640 2854 890 2925 regimini
935 2855 1233 2921 adhibitos,
1269 2856 1349 2909 vel
1385 2872 1484 2926 pro
1533 2857 1811 2913 hominum
1860 2858 1966 2915 sibi

381 2949 706 3003 traditornm
738 2949 872 3002 bene
897 2948 1067 3019 gestis
1097 2947 1488 3011 collaudatum,
1535 2950 1617 3004 vel
1640 2965 1738 3019 pro
1768 2967 1965 3020 pecca-

380 3041 450 3096 tis
471 3039 744 3110 culpatum
763 3055 827 3095 ac
851 3039 1189 3095 confutatam
1216 3041 1281 3094 iri
1312 3041 1578 3108 aiiirmat;
1612 3041 1774 3111 idque
1807 3057 1873 3098 ex
1904 3058 1970 3098 eo

379 3131 572 3200 probat
605 3131 1003 3202 Apocalypseos
1042 3134 1222 3202 capite
1253 3147 1313 3196 It,
1359 3133 1412 3187 in
1447 3149 1554 3202 quo
1595 3135 1962 3191 Asiaticarum

387 3223 750 3278 Ecclesiarum
802 3223 980 3294 angeli
1039 3223 1290 3279 laudibus
1341 3235 1396 3279 et
1446 3227 1960 3294 reprehensionibus

388 3329 486 3384 pro
523 3314 733 3369 meritis
767 3315 1113 3384 excipiuntur
1159 3333 1174 3370 :
1231 3332 1252 3366 ι
1278 3313 1505 3370 Venicnt
1541 3318 1711 3380 enim,
1736 3337 1754 3370 ι
1787 3319 1965 3389 inquit

389 3419 539 3459 num.
567 3404 624 3467 4,
658 3423 676 3456 ι
701 3405 876 3476 angeli
919 3405 986 3460 ad
1023 3405 1287 3473 judicium
1322 3409 1622 3475 nobiscum,
1661 3419 1718 3466 et
1745 3413 1964 3468 stabunt

379 3509 480 3565 pro
511 3496 667 3550 nobis
686 3505 814 3548 ante
837 3493 1020 3550 Solem
1047 3494 1292 3563 justitiae,
1317 3511 1385 3550 ne
1411 3497 1552 3553 forte
1573 3498 1770 3570 aliquis
1800 3502 1962 3556 etiam

385 3603 452 3643 ex
488 3587 620 3655 ipsis
639 3601 818 3640 causa:
843 3585 1028 3650 fuerit,
1052 3588 1196 3655 quod
1226 3603 1324 3642 nos
1343 3588 1699 3660 deliquimus;
1731 3609 1800 3649 ne
1823 3592 1965 3649 forte

389 3681 570 3735 minus
597 3693 721 3748 erga
772 3693 871 3734 nos
893 3681 1072 3749 aperis
1103 3688 1158 3734 et
1185 3678 1389 3736 laboris
1420 3684 1799 3752 expenderint,
1857 3702 1966 3756 quo

389 3785 489 3824 nos
515 3785 543 3823 a
575 3779 920 3838 peccatorum
953 3771 1074 3826 labe
1107 3771 1434 3827 revocarint.
1463 3791 1483 3826 ι
1534 3774 1734 3828 Eadem
1771 3778 1967 3845 proba-

388 3860 630 3918 tionibus
673 3861 984 3930 conﬁrmat,
1027 3872 1080 3918 et
1128 3865 1322 3932 repetit
1363 3865 1550 3919 homil.
1594 3867 1665 3921 i5
1711 3872 1766 3920 in
1807 3867 1964 3934 Luc.,

391 3963 558 4025 atque
603 3953 676 4008 ita
707 3954 1027 4010 concludit:
1065 3975 1083 4007 ι
1109 3954 1278 4010 Porro
1317 3955 1629 4028 frequenter
1677 3962 1859 4016 evenit
1909 3971 1969 4016 ut

389 4045 548 4103 nobis
576 4045 948 4102 laborantibus
975 4047 1076 4117 ipsi
1105 4063 1261 4104 suum
1287 4049 1521 4105 officium
1551 4066 1656 4106 non
1690 4053 1966 4120 expleant,

389 4148 448 4193 et
478 4139 530 4193 in
563 4139 740 4209 culpis
771 4139 898 4193 sint.
921 4158 940 4191 ι
979 4140 1050 4195 At
1082 4141 1306 4196 homilia
1345 4142 1396 4196 in
1441 4143 1581 4198 idem
1612 4144 1967 4216 Evangelium

389 4229 482 4295 55,
515 4245 622 4284 non
655 4230 932 4284 hominum
955 4233 1193 4286 onmimn
1217 4233 1436 4303 angelos
1466 4233 1654 4289 faciem
1677 4235 1852 4294 Patris
1877 4236 1969 4307 qui

391 4321 444 4376 in
488 4321 630 4377 caelo
673 4333 758 4378 est
797 4323 981 4378 videre
1009 4321 1160 4391 dicit,
1201 4325 1294 4380 sed
1328 4338 1516 4379 eorum
1558 4326 1828 4382 duntaxat
1879 4331 1971 4398 qui

391 4413 648 4471 Ecclesiae
700 4430 894 4470 nomen
951 4415 1247 4483 dederunt;
1299 4425 1412 4471 tum
1463 4419 1540 4472 ait
1570 4420 1913 4489 postmodum
1955 4437 1971 4453 ·

2060 1932 2137 1988 ιιιί
2166 1933 2498 1986 notavimus.
2541 1931 2652 1986 Cur
2681 1940 2858 1984 autem
2911 1937 3245 1998 postremum
3277 1939 3492 1994 quoque
3521 1924 3650 1981 sub-

2062 2024 2233 2078 ituros
2263 2022 2525 2093 judicium
2563 2020 2980 2084 existimaverit,
3010 2032 3189 2073 causaa
3224 2016 3391 2072 fuisse
3434 2017 3651 2072 videtur

2063 2115 2216 2172 locus
2242 2115 2336 2171 ille
2368 2114 2549 2179 Pauli,
2586 2128 2748 2183 quem
2795 2113 3124 2182 protulimus
3170 2125 3240 2166 ex
3274 2109 3295 2163 I
3324 2108 3451 2164 Cor.
3481 2125 3558 2173 Vl,
3589 2108 3647 2172 5,

2068 2225 2088 2261 ‹
2114 2207 2346 2263 Nescitis
2388 2207 2646 2276 quoniam
2688 2206 2910 2274 angelos
2959 2203 3400 2275 iudicabimus?»
3445 2202 3536 2272 qui
3582 2202 3651 2257 de

2063 2301 2220 2357 bonis
2258 2309 2440 2355 tamen
2471 2298 2679 2370 angelis
2710 2297 2880 2352 nihilo
2911 2297 3081 2367 magis
3113 2295 3497 2366 intelligendus
3540 2300 3658 2358 est,

2063 2407 2230 2462 quam
2256 2392 2342 2447 ille
2360 2391 2531 2455 Petri,
2564 2405 2630 2445 ex
2656 2390 2827 2444 altera
2851 2388 2966 2456 ejus
2995 2388 3259 2458 Epistola,
3283 2403 3403 2457 cap.
3425 2403 3484 2454 ιι,
3510 2403 3562 2441 v.
3581 2387 3649 2440 ιε

2069 2503 2089 2536 ι
2119 2483 2174 2540 Si
2224 2485 2369 2540 enim
2425 2485 2568 2539 Dens
2599 2483 2805 2554 angelis
2835 2481 3183 2550 peccantibus
3229 2496 3332 2534 non
3382 2479 3649 2550 pepercit,

2065 2579 2160 2634 sed
2189 2577 2511 2632 rudentibus
2546 2575 2742 2630 inferni
2776 2577 3052 2630 detractos
3085 2575 3137 2628 in
3178 2583 3440 2629 tartarum
3481 2573 3652 2626 tradi-

2067 2669 2147 2723 dit
2177 2668 2504 2724 cruciandos
2544 2668 2596 2721 in
2620 2666 2887 2734 judicium
2924 2668 3265 2734 reservarip
3301 2675 3357 2720 et
3387 2665 3474 2719 ille
3501 2664 3654 2720 .ludae

2068 2777 2214 2816 vers.
2244 2761 2278 2815 6
2314 2779 2329 2816 :
2377 2778 2396 2812 ι
2424 2759 2663 2831 Angelos
2694 2775 2824 2814 vero
2854 2760 2945 2830 qui
2972 2776 3079 2816 non
3111 2770 3472 2816 servaverunt
3494 2773 3653 2812 suum

2067 2854 2458 2924 principatum,
2503 2853 2598 2908 sed
2644 2853 2986 2923 reliquerunt
3005 2869 3162 2909 suum
3195 2853 3557 2915 domicilium,
3598 2850 3652 2904 in

2067 2949 2330 3018 judicium
2363 2949 2545 3019 magni
2586 2949 2714 3013 diei,
2761 2949 2994 3005 vinculis
3020 2949 3243 3004 aeternis
3275 2947 3377 3002 sub
3421 2946 3656 3016 caligine

2073 3045 2390 3099 reservavit.
2425 3063 2443 3095 ι
2477 3043 2682 3098 Retulit
2707 3051 2886 3097 tamen
2923 3043 2990 3097 ad
3025 3040 3247 3112 angelos
3272 3041 3444 3096 bonos
3471 3038 3656 3092 Pauli-

2072 3153 2202 3192 num
2244 3137 2388 3192 istud
2416 3135 2786 3191 Tertullianns
2817 3136 2869 3190 in
2905 3135 3044 3189 libro
3079 3135 3155 3188 De
3188 3135 3338 3204 fuga,
3374 3132 3494 3203 cap.
3532 3131 3602 3184 10
3635 3149 3650 3184 :

2071 3250 2090 3285 ι
2116 3233 2300 3288 Times
2328 3231 2628 3298 hominem,
2664 3230 2862 3300 inquit,
2906 3230 3235 3294 Christiane,
3270 3243 3430 3297 quem
3469 3225 3652 3281 timeri

2063 3335 2278 3395 oportet
2297 3325 2366 3379 ab
2400 3324 2625 3394 angelis,
2659 3324 2922 3389 siquidem
2946 3320 3165 3391 angelos
3186 3321 3530 3390 judicaturus
3551 3333 3652 3374 es:

2065 3432 2227 3487 quem
2280 3415 2460 3472 timeri
2511 3423 2727 3486 oportet
2777 3429 2806 3468 a
2837 3413 3137 3476 daemoniis,
3197 3411 3466 3481 siquidem
3508 3419 3564 3464 et
3596 3408 3654 3464 in

2066 3507 2340 3563 daemones
2369 3507 2626 3576 accepisti
2668 3499 3020 3577 potestatem.
3047 3523 3066 3555 ι

2137 3597 2279 3653 XXI.
2308 3596 2562 3668 Origenis
2591 3596 2914 3651 sententiam
2951 3593 3162 3649 mollire
3188 3593 3385 3663 satagit
3418 3591 3479 3646 S.
3509 3589 3657 3645 Tho-

2070 3705 2188 3744 mas
2208 3699 2351 3758 part.
2389 3706 2426 3755 ι,
2458 3697 2652 3758 quaest.
2675 3688 2802 3754 115,
2840 3695 2945 3742 art.
2979 3688 3033 3752 7,
3057 3695 3112 3741 et
3144 3696 3265 3756 post
3295 3685 3442 3740 illum
3477 3684 3658 3741 Gene-

2069 3782 2303 3837 brardus
2336 3781 2387 3835 in
2418 3779 2784 3845 Collectaneis,
2816 3793 2934 3847 cap.
2972 3779 3028 3845 6,
3051 3778 3204 3848 quasi
3243 3779 3295 3832 id
3323 3777 3424 3832 sibi
3468 3777 3655 3832 volue-

2067 3875 2161 3940 rit,
2195 3891 2215 3925 ι
2251 3871 2471 3943 angelos
2500 3872 2622 3926 duci
2655 3871 2707 3924 in
2747 3871 3012 3940 judicium
3057 3885 3154 3940 pro
3199 3869 3438 3939 peccatis
3477 3867 3655 3922 homi-

2069 3982 2221 4031 num,
2269 3981 2375 4020 non
2404 3965 2558 4032 quasi
2597 3979 2736 4028 reos,
2764 3965 2857 4018 sed
2883 3965 3040 4033 quasi
3073 3971 3261 4025 testes,
3311 3962 3378 4016 ad
3429 3959 3656 4015 convin-

2070 4059 2298 4115 cendum
2355 4057 2601 4112 homines
2652 4056 2718 4110 de
2773 4071 2960 4110 eorum
3013 4055 3244 4124 ignavia.
3298 4072 3318 4106 ι
3364 4051 3513 4108 Ilanc
3564 4067 3653 4107 re»

2071 4148 2416 4217 sponsionem
2480 4147 2672 4201 fulcire
2721 4156 2950 4201 conatur
2995 4144 3380 4201 Genebrardus
3433 4142 3654 4197 homilia

2071 4240 2322 4311 Origenis
2375 4238 2660 4293 undecima
2712 4237 2768 4289 in
2805 4235 2998 4300 Num.,
3037 4250 3184 4290 nnm.
3217 4236 3270 4297 5,
3326 4238 3379 4290 in
3419 4249 3522 4303 qua
3555 4235 3654 4288 ha-

2072 4332 2270 4388 bentur
2315 4327 2572 4384 nonnulla
2622 4327 2993 4396 superioribus
3019 4327 3269 4382 dissona:
3323 4325 3378 4380 in
3409 4335 3658 4380 extremo

2075 4438 2267 4493 nempe
2320 4421 2523 4491 judicio
2571 4419 2854 4473 adfuturos
2886 4419 3101 4487 quidem
3141 4417 3361 4488 angelos
3403 4431 3524 4472 cum
3559 4416 3657 4470 ho-

394 4523 415 4559 ι
434 4505 715 4573 Quomodo
737 4503 882 4562 enim
916 4505 962 4560 si
988 4521 1085 4575 per
1132 4521 1318 4561 curam
1342 4523 1531 4563 eorum
1563 4521 1619 4566 et
1650 4511 1963 4565 industriam

2073 4517 2328 4583 minibus,
2364 4517 2456 4571 sed
2489 4530 2714 4570 examen
2744 4525 2798 4568 et
2823 4514 3083 4582 judicium
3126 4525 3466 4582 nequaquam
3523 4511 3656 4565 sub-

392 4597 540 4654 salus
563 4597 871 4654 hominibus
899 4609 1265 4669 comparatur,
1309 4598 1502 4656 faciem
1543 4600 1722 4656 Patris
1751 4617 1968 4674 semper

391 4691 680 4744 attendunt
728 4708 742 4744 :
795 4690 877 4744 sic
919 4690 964 4744 si
1007 4705 1106 4759 per
1153 4691 1532 4762 negligentiam
1582 4709 1769 4749 eorum
1804 4696 1968 4751 homo

389 4780 681 4845 corruerit,
734 4781 898 4836 etiam
961 4784 1044 4838 sui
1097 4783 1322 4853 periculi
1378 4801 1490 4840 rem
1546 4800 1667 4840 esse
1715 4801 1820 4840 non
1871 4802 1968 4842 ne—

391 4873 589 4928 sciunt.
614 4891 633 4924 ι
679 4873 742 4929 Ει
766 4875 931 4940 paulo
963 4876 1191 4932 inferius
1221 4895 1235 4932 :
1268 4876 1604 4948 «Ignominia
1635 4879 1831 4948 angelo
1861 4889 1964 4943 est,

393 4963 441 5018 si
486 4964 649 5018 homo
667 4964 847 5034 justus
875 4968 1118 5022 creditus
1159 4968 1339 5035 fuerit,
1381 4979 1435 5023 et
1463 4972 1773 5038 peccaverit
1805 4989 1820 5026 :
1851 4981 1908 5026 ut
1939 4987 1970 5027 e

394 5056 672 5108 contrario
715 5055 884 5126 gloria
919 5068 1004 5113 est
1053 5059 1264 5128 angelo,
1298 5059 1344 5116 si
1375 5059 1614 5117 creditus
1637 5063 1741 5119 sibi
1773 5064 1968 5119 saltem

396 5145 652 5202 minimus
678 5147 730 5202 in
752 5148 995 5206 Ecclesia
1026 5151 1210 5207 fuerit.
1242 5152 1510 5209 Videbunt
1537 5155 1680 5209 enim
1726 5170 1830 5210 non
1863 5155 1968 5211 ali--

393 5239 632 5308 quando,
670 5243 764 5296 sed
804 5257 1020 5313 semper
1042 5245 1234 5299 faciem
1264 5243 1440 5300 Patris
1471 5247 1564 5318 qui
1595 5255 1680 5302 est
1713 5247 1765 5302 in
1788 5249 1964 5314 caelis,

395 5343 517 5384 cum
547 5331 636 5386 alii
683 5348 899 5403 semper
923 5348 1028 5388 non
1056 5336 1297 5390 videant.
1345 5335 1654 5393 Secundum
1716 5339 1968 5395 meritum

397 5421 542 5475 enim
571 5436 783 5490 eorum,
819 5439 1048 5494 quorum
1077 5425 1249 5498 angeli
1297 5435 1441 5491 sunt,
1469 5437 1560 5482 aut
1587 5443 1822 5500 semper,
1879 5441 1974 5488 aut

433 5559 581 5642 "(54)
620 5559 749 5642 Post
777 5561 1022 5642 verbum,
1054 5579 1074 5614 ι
1108 5563 1465 5642 responderit,
1503 5584 1522 5618 ι
1564 5565 1616 5642 in
1639 5581 1791 5642 “mss.
1818 5567 1966 5642 θράξ-

399 5631 795 5705 cibusadditur
823 5651 836 5686 :
876 5649 907 5705 r
937 5633 1051 5705 Erit
1089 5631 1316 5705 ergoet
1360 5639 1414 5688 in
1443 5635 1816 5705 hocjudicium
1847 5638 1963 5702 Dei,

403 5708 582 5776 utrum
618 5702 951 5776 negligentia
970 5702 1147 5776 aliqua
1165 5702 1540 5776 "ministrorum
1560 5702 1854 5773 spirituum
1875 5709 1968 5776 qui

403 5769 472 5823 ad
501 5769 861 5828 ministerium
913 5780 969 5828 et
1003 5769 1325 5840 adjutorium
1373 5774 1522 5831 missi
1572 5769 1698 5831 sunt
1751 5769 1971 5847 propter

2077 4609 2266 4665 ituros.
2293 4607 2484 4676 Opera:
2534 4607 2766 4676 pretium
2796 4605 2957 4659 fuerit
3008 4605 3170 4658 verba
3209 4604 3322 4673 ipsa
3364 4603 3655 4656 adducere.

2082 4723 2101 4755 ι
2133 4703 2304 4774 Igitur
2345 4701 2717 4770 unusquisque
2748 4699 3062 4770 angelorum
3100 4697 3153 4753 in
3191 4695 3658 4752 consummatione

2074 4795 2254 4850 saeculi
2283 4794 2458 4848 aderit
2486 4793 2538 4847 in
2569 4791 2791 4860 judicio,
2838 4793 3075 4847 edocens
3117 4804 3212 4845 eos
3242 4802 3425 4844 secum
3459 4786 3656 4856 quibus

2073 4888 2314 4959 praefuit,
2371 4901 2510 4957 quos
2561 4886 2788 4956 adjuvit,
2830 4901 2966 4955 quos
3019 4883 3292 4945 instruxit,
3336 4895 3433 4950 pro
3458 4877 3655 4948 quibus

2072 4993 2288 5047 semper
2314 4978 2447 5032 vidit
2477 4978 2669 5033 facient
2708 4977 2881 5031 Patris
2904 4977 2994 5046 qui
3031 4977 3082 5029 in
3112 4975 3266 5031 cmlis
3295 4983 3396 5029 est.
3429 4973 3494 5027 Et
3525 4981 3655 5042 pulo

2072 5070 2238 5124 etiam
2296 5069 2366 5123 ibi
2419 5069 2821 5140 inquisitionem
2876 5069 3137 5133 futuram,
3190 5083 3297 5123 non
3326 5066 3544 5138 quidem
3584 5079 3653 5119 an

2073 5160 2296 5216 cultura:
2321 5161 2598 5217 hominum
2628 5164 2850 5234 angelus
2873 5163 3125 5230 defuerit,
3177 5161 3272 5217 sed
3312 5175 3380 5214 an
3431 5157 3657 5214 cultum

2075 5251 2330 5321 angelicae
2356 5265 2696 5322 nequaquam
2723 5253 2886 5321 digne
2921 5252 3152 5322 segnitia
3176 5252 3409 5307 humana
3435 5263 3656 5317 respon-

2075 5341 2218 5395 derit
2243 5339 2378 5412 (54).
2420 5359 2438 5392 ι
2471 5341 2606 5394 Τιιιιι
2656 5342 2850 5397 deinde
2890 5342 3063 5397 locum
3114 5342 3262 5397 illum
3295 5341 3428 5396 Paul
3489 5355 3657 5409 expo-

2079 5432 2162 5487 nit
2186 5430 2207 5485 ι
2233 5431 2361 5488 Cor.
2395 5448 2472 5500 vl,
2499 5435 2556 5500 5,
2586 5449 2653 5490 ex
2679 5451 2786 5505 quo
2816 5436 2882 5520 ad
2922 5437 3233 5506 figmentum
3264 5435 3390 5490 illud
3419 5432 3486 5488 de
3503 5431 3654 5502 judi-

2073 5569 2296 5650 eoquui
2331 5569 2959 5650 haareditatemcapiunt
2999 5571 3206 5650 s_al_n_tis,
3235 5584 3302 5623 an
3337 5582 3525 5650 eorum
3557 5566 3654 5638 qui

2075 5639 2145 5693 ab
2175 5637 2519 5708 iisjuvantur
2545 5641 2756 5710 ignavia
2784 5637 2891 5710 tam
2930 5641 3078 5696 inulti
3108 5642 3287 5708 lapsus
3310 5639 3434 5693 vita:
3463 5637 3655 5692 huma-

2075 5724 2160 5781 nae
2192 5711 2530 5778 proveniant.
2570 5709 2588 5762 ι
2616 5709 2742 5765 Haec
2776 5709 2820 5781 si
2849 5709 3068 5781 legisset
3102 5710 3350 5773 Iluetius,
3391 5722 3497 5762 non
3541 5716 3653 5762 tam

2078 5779 2307 5836 ﬁdenter
2353 5781 2678 5838 asseruisset
2714 5781 2766 5837 in
2793 5778 2880 5837 his
2906 5778 3202 5854 'Origenem
3241 5795 3340 5854 pro
3367 5791 3519 5836 more
3555 5792 3656 5834 suo
