4160 6462
475 382 576 442 871

1743 377 1804 434 Ρ.
1843 373 2164 432 DANIELIS
2200 371 2436 429 IIUETII

3629 369 3738 424 872

480 502 568 557 cio
595 501 648 554 in
672 496 890 567 angelos
915 491 1204 550 statuendo
1225 492 1632 561 procudendum
1653 491 2060 545 fuitinductus:
2093 505 2135 557 Α
2166 502 2400 556 namque
2426 487 2507 542 eis
2545 495 2758 543 servata
2799 502 2921 544 esse
2963 486 3016 541 in
3056 485 3324 549 futurum;
3363 500 3382 535 ι
3418 483 3572 554 cujus
3603 484 3743 541 hanc

488 612 508 648 ι
567 593 720 660 Quod
765 590 810 643 si
851 589 923 642 ita
981 595 1084 651 est,
1136 585 1330 654 inquit,
1386 587 1491 638 erit
1536 598 1666 652 ergo
1711 583 1875 637 etiam
1921 582 2061 636 inter

483 684 706 753 angelos
735 692 791 736 et
827 679 1076 735 homines
1100 677 1362 747 judicium
1397 677 1520 739 Dei;
1555 687 1607 730 et
1641 675 1886 730 fortassis
1919 673 2062 742 judi-

481 775 753 830 cabnntur
778 772 946 840 aliqui
969 785 1092 824 cum
1116 768 1305 831 Paulo,
1335 777 1390 822 et
1412 767 1762 822 conferentur
1784 767 2060 820 laboribus

481 866 620 934 ejus,
649 874 704 918 et
735 863 1002 917 fructilms
1024 863 1115 931 qui
1140 878 1206 916 ex
1240 860 1583 913 multitudine
1613 860 1945 914 credentium
1979 873 2064 912 ve.

485 959 643 1012 niuut
697 975 710 1010 :
765 964 822 1009 et
873 956 1015 1009 forte
1059 955 1366 1008 invenietur
1410 952 1462 1006 in
1492 952 1767 1007 laboribus
1816 951 2064 1020 superior

483 1050 649 1104 etiam
678 1047 952 1114 aliquibus
982 1046 1225 1116 angelis;
1279 1055 1330 1098 et
1377 1045 1495 1098 ideo
1529 1043 1787 1096 nimirum
1809 1042 2017 1096 dicebat
2043 1058 2057 1094 :

486 1143 567 1193 An
607 1139 814 1192 nescitis
858 1138 984 1205 quia
1033 1135 1241 1206 angelos
1276 1133 1736 1205 judicabimus"?
1771 1132 1884 1187 Non
1920 1133 2063 1203 quod

487 1233 603 1300 ipse
636 1229 834 1284 Paulus
861 1228 1068 1297 judicet
1113 1227 1355 1298 angelos,
1407 1228 1501 1282 sed
1546 1227 1688 1295 quod
1733 1240 1869 1295 Opus
1915 1223 2063 1280 Pauli

487 1322 634 1392 quod
657 1321 765 1392 egit
797 1321 847 1374 in
877 1318 1193 1388 Evangelia,
1225 1328 1279 1372 et
1305 1332 1432 1386 erga
1466 1316 1676 1370 animas
1706 1316 2064 1379 credentium,

488 1413 752 1471 iudicabit
796 1411 1006 1480 aliquos
1063 1427 1076 1464 :
1144 1424 1251 1464 non
1297 1408 1442 1462 enim
1469 1421 1680 1470 omnes,
1714 1405 1808 1460 sed
1849 1405 2060 1473 aliquos

489 1503 824 1574 angelorum.
863 1520 884 1553 ι
920 1501 1160 1566 Quorum
1201 1513 1458 1566 germana
1489 1505 1614 1551 sunt
1645 1505 1698 1550 et
1729 1497 1831 1549 ista
1864 1509 1896 1549 e
1933 1504 2064 1550 tom.

490 1611 521 1650 ι
543 1597 596 1648 in
622 1593 813 1648 Matth.
841 1609 916 1655 γι,
946 1607 1097 1646 ηιιιιι.
1123 1591 1191 1645 15
1225 1609 1237 1644 :
1269 1590 1491 1652 Τούτοις
1519 1589 1576 1640 δὲ
1619 1588 1719 1641 οὐκ
1763 1586 2064 1650 ἀκολουθεῖ,

487 1688 623 1758 ὅπερ
646 1684 846 1739 οἴονταί
873 1700 1036 1746 τινες,
1074 1682 1155 1734 ὅτι
1199 1682 1292 1734 καὶ
1330 1679 1439 1732 τῶν
1475 1679 1643 1749 ἁγίων
1681 1678 1928 1746 ἀγγέλων
1963 1676 2068 1728 εἰσὶ

493 1780 769 1851 κρείττους
793 1777 841 1828 οἱ
866 1775 1141 1846 ἄνθρωποι
1171 1774 1219 1826 οἱ
1249 1775 1306 1825 ὲν
1340 1772 1560 1843 Χριστῷ
1588 1770 1883 1840 σωζόμενοι
1903 1785 1915 1798 ·
1952 1767 2068 1831 πῶς

2163 581 2426 634 rationem
2459 579 2686 634 subdit:
2725 599 2744 633 ι
2792 579 3048 649 quoniam
3106 576 3312 644 indigni
3359 587 3484 630 sunt
3537 579 3628 648 qui
3685 580 3740 635 in

2161 673 2415 744 praesenti
2467 675 2664 729 sarculo
2713 675 3099 744 corripiantur,
3141 674 3237 727 sed
3283 673 3338 726 in
3379 671 3562 727 futuro
3602 675 3743 730 reci-

2161 766 2308 835 pient
2337 780 2455 835 qua:
2483 774 2782 822 merentur.
2830 783 2848 818 ι
2905 764 3282 819 Consentanea
3331 774 3458 817 sunt
3509 778 3630 831 quae
3673 779 3740 820 ex

2161 851 2396 918 Origene
2441 851 2860 907 subministrant
2882 851 3098 905 Catenae
3125 850 3178 904 in
3215 850 3388 904 Exod.
3417 867 3508 914 xx,
3533 851 3589 915 5,
3621 869 3743 922 pag.

2163 942 2266 996 127
2298 960 2310 996 :
2344 941 2596 1011 Τοσούτῳ
2621 941 2816 1012 χρόνῳ,
2845 941 3037 1011 inquit,
3089 942 3118 993 ὁ
3159 940 3402 1004 διάϐολος
3445 942 3748 1014 ἁμαρτάνει

2162 1035 2271 1090 ἀπὸ
2299 1034 2530 1096 κτίσεως
2580 1035 2676 1087 καὶ
2725 1034 3030 1104 καταϐολῆς
3069 1034 3298 1105 κόσμου,
3339 1035 3433 1086 καὶ
3461 1033 3585 1087 οὔτε
3614 1033 3746 1106 πῦρ,

2162 1127 2285 1181 οὕτε
2315 1124 2531 1196 μάστιξ.
2587 1125 2661 1178 Οὐ
2699 1125 2810 1197 γὰρ
2848 1124 2998 1192 ἄξιός
3037 1126 3152 1178 ἐστι
3194 1125 3303 1179 τῶν
3343 1124 3616 1179 κολάσεων
3640 1124 3749 1177 τῶν

2165 1221 2272 1274 ἀπὸ
2307 1218 2399 1272 τοῦ
2429 1217 2586 1280 Θεοῦ,
2613 1217 2674 1270 οὐ
2699 1218 2809 1288 γάρ
2831 1217 3051 1271 δύναται
3078 1218 3253 1270 εἰπεῖν
3283 1217 3312 1268 ὁ
3341 1216 3585 1278 διάϐολος
3605 1233 3618 1246 ο
3643 1216 3753 1269 Κύ-

2158 1331 2272 1384 ριε,
2319 1312 2405 1381 μὴ
2439 1305 2604 1383 θυμῷ
2639 1328 2753 1366 σου
2778 1311 3035 1380 ἐλέγξῃς
3062 1328 3158 1380 με,
3194 1313 3290 1365 καὶ
3316 1310 3384 1364 τὰ
3410 1310 3555 1381 ἑξῆς.
3585 1310 3754 1362 Ἕκα-

2169 1425 2292 1471 στος
2346 1401 2438 1459 οὖν
2485 1406 2739 1468 συνειδὼς
2787 1405 2965 1474 ἑαυτῷ
2997 1405 3289 1477 ἁμαρτίας,
3325 1403 3567 1473 εὐχέσθω
3600 1401 3753 1455 κολα-

2169 1498 2362 1569 σθῆναι
2380 1514 2394 1528 °
2437 1497 2602 1551 καλὸν
2630 1496 2860 1568 μὲνγὰρ
2889 1496 2949 1549 τὸ
2979 1496 3145 1568 μηδὲν
3177 1497 3326 1562 ἄξιον
3355 1495 3630 1558 κολάσεως
3655 1510 3753 1547 πε-

2169 1592 2474 1664 ποιηκέναι.
2523 1593 2586 1644 Εἰ
2635 1591 2691 1644 δέ
2739 1609 2791 1644 τι
2832 1590 2978 1656 ἄξιον
3025 1589 3296 1652 κολάσεως
3347 1589 3750 1659 πεποιήκαμεν,

2169 1684 2313 1739 οὕτω
2339 1684 2712 1756 κολασθῶμεν,
2741 1683 2882 1737 ὥστε
2909 1683 3094 1737 ἐνθάδε
3128 1683 3226 1754 μὲν
3253 1682 3578 1736 ἀπολαϐεῖν·
3617 1679 3754 1752 μετά

2169 1779 2226 1831 δὲ
2251 1778 2426 1832 ταῦτα
2472 1779 2551 1842 εἰς
2590 1779 2715 1840 τοὺς
2751 1778 2983 1840 κόλπους
3027 1776 3280 1847 Ἀϐραάμ
3311 1774 3752 1830 ἀναπαύσασθαι.

487 1873 598 1943 γὰρ
624 1870 872 1924 δύνανται
918 1869 968 1920 οἱ
994 1867 1097 1920 ὑπὸ
1123 1866 1292 1934 ἁγίων
1327 1863 1572 1932 ἀγγέλων
1601 1864 1679 1926 εἰς
1704 1861 1848 1931 ἄγγη
1885 1858 2065 1930 sum

2183 1889 2201 1922 ι
2235 1870 2442 1925 Tanditt
2474 1880 2557 1925 est
2586 1887 2650 1926 ex
2694 1888 2802 1941 quo
2832 1879 3022 1941 peccat
3045 1869 3290 1924 diabolus
3325 1885 3354 1924 a
3389 1869 3666 1924 creatione
3692 1883 3757 1923 ac

492 1979 643 2034 μενοι
660 1964 768 2023 τοῖς
798 1959 1078 2030 βάλλουσιν
1095 1961 1174 2021 εἰς
1204 1957 1273 2009 τὰ
1294 1956 1439 2025 άγγη
1467 1952 1927 2026 παραϐάλλεσθαι,
1964 1949 2072 2003 ὑπὸ

489 2053 588 2123 τὴν
619 2052 842 2105 ἐκείνων
869 2049 1190 2124 τεταγμένοι
1235 2046 1520 2114 ὲξουσίανς
1569 2044 1760 2099 Ταῦτα
1796 2044 1852 2097 δέ
1895 2060 2075 2114 φαμεν

490 2144 590 2196 οὐκ
621 2141 937 2210 ἀγνοοῦντες
971 2157 1131 2192 τινων
1153 2137 1424 2206 ἀγγέλων,
1454 2137 1560 2189 τῶν
1603 2135 1676 2206 μὴ
1706 2134 1960 2204 τοιαύτην
1995 2134 2076 2186 οἰ-

493 2234 752 2307 κονομίαν
777 2231 1289 2304 ἐγκεχειρισμένων,
1327 2229 1442 2283 ἀλλ’
1475 2228 1595 2281 οὐδὲ
1628 2227 1830 2281 τούτων
1861 2225 2079 2278 πάντων

491 2326 770 2396 διαφέρειν
801 2323 927 2386 τοὺς
953 2325 1010 2375 ὲν
1037 2319 1258 2392 Χριστῷ
1280 2317 1698 2388 σωθησομένους
1721 2313 2041 2386 ἀνθρώπους
2059 2328 2077 2344 ⁸

493 2417 808 2486 ἀνέγνωμεν
857 2415 964 2486 γάρ
1009 2413 1104 2466 καλ⁸
1142 2411 1352 2484 τόηείς
1395 2408 1431 2462 ἃ.
1476 2406 1829 2478 ἐπιθυμοῦσιν
1860 2404 2081 2473 ἄγγελοι

495 2507 839 2580 παρακύψαι,
871 2504 996 2557 ἔνθα
1030 2504 1130 2556 οὐκ
1151 2501 1390 2573 εἴρηται,
1422 2499 1622 2561 πάντες
1653 2497 1897 2566 ἄγγελοι.
1925 2493 2081 2548 Οἶδα·

498 2615 599 2670 μεν
634 2600 728 2652 καὶ
766 2596 827 2650 τό
848 2613 862 2628 ·
890 2595 1152 2664 ἀγγέλους
1186 2591 1501 2664 κρινοῦμεν,
1545 2590 1678 2643 ὅπου
1707 2588 1782 2660 μὴ
1807 2588 2079 2652 λέλεκται,

497 2691 703 2753 πάντας
735 2687 1024 2758 ἀγγέλους.
1063 2687 1116 2741 In
1154 2687 1240 2740 his
1273 2686 1537 2754 Origenes
1583 2683 1761 2753 prodit
1798 2680 1962 2732 animi
1997 2678 2081 2732 stti

499 2784 774 2839 levitatem
808 2792 864 2837 et
890 2781 1309 2837 inconstantiam
1353 2795 1450 2849 pro
1484 2793 1633 2833 more
1659 2790 1776 2830 suo.
1823 2773 2082 2842 Quisquis

498 2884 678 2928 autem
709 2874 774 2926 ad
802 2872 978 2925 locum
1010 2871 1263 2933 alterum,
1294 2884 1454 2938 quem
1490 2882 1584 2922 sua
1619 2865 1969 2936 responsione
1995 2863 2082 2916 di-

499 2964 648 3018 luere
685 2973 914 3019 conatur
945 2961 1204 3027 Thomas,
1258 2969 1418 3015 caute
1461 2958 1771 3024 attenderit,
1825 2955 1942 3022 ejus
1982 2968 2084 3009 ex-

499 3055 800 3124 ceptionem
851 3069 1038 3124 parum
1098 3051 1367 3121 probabit.
1408 3049 1556 3104 Talia
1597 3049 1688 3102 illa
1724 3057 1852 3102 sunt
1891 3045 2078 3103 homil.

498 3147 570 3201 24
614 3149 670 3199 in
704 3145 893 3208 Num.,
938 3161 1085 3198 num.
1113 3144 1146 3197 '5
1176 3160 1190 3196 :
1223 3163 1242 3195 ι
1279 3143 1433 3211 Saepe
1480 3142 1718 3195 diximus
1756 3141 2080 3200 animarum,

2177 1962 2362 2014 mundi
2418 1961 2825 2024 constitutione,
2884 1975 2982 2015 nec
3025 1961 3074 2015 ei
3129 1961 3269 2028 ignis
3316 1975 3416 2014 nec
3462 1958 3754 2029 ﬂagellum.

2177 2051 2291 2105 Non
2325 2052 2468 2105 enim
2501 2065 2786 2122 ptenarum
2818 2052 3014 2119 dignus
3050 2061 3134 2106 est
3157 2067 3276 2119 qum
3301 2066 3330 2105 a
3359 2050 3468 2105 Deo
3508 2051 3757 2118 inﬂigun-

2178 2149 2285 2206 tur,
2319 2155 2420 2196 nec
2444 2151 2622 2210 potest
2648 2139 2896 2195 diabolus
2926 2141 3108 2194 dicere
3136 2155 3151 2190 :
3193 2139 3432 2205 Domine,
3489 2156 3551 2192 ne
3584 2143 3639 2192 in
3672 2139 3755 2192 ira

2179 2240 2270 2285 tua
2313 2248 2507 2301 arguas
2559 2232 2721 2298 me",
2746 2241 2854 2286 etc.
2905 2231 3167 2301 Quisquis
3228 2246 3359 2302 ergo
3402 2231 3503 2285 sibi
3549 2230 3754 2298 peccati

2179 2323 2433 2378 conscius
2463 2333 2568 2387 est,
2597 2333 2717 2378 orct
2739 2332 2797 2376 ut
2824 2323 3098 2392 puniatur.
3127 2321 3353 2377 Praestat
3375 2322 3593 2391 quidem
3626 2319 3756 2374 nihil

2180 2411 2519 2466 commisisse
2549 2413 2690 2481 quod
2725 2427 2940 2480 ptenam
2970 2420 3265 2467 mereatur.
3299 2409 3396 2465 Sin
3431 2422 3610 2466 autem
3642 2423 3760 2480 pce-

2184 2519 2250 2556 na
2279 2503 2499 2570 dignum
2536 2503 2812 2574 quidpiam
2840 2505 3070 2573 egimus,
3096 2504 3173 2559 sic
3203 2503 3516 2572 puniamur,
3543 2511 3602 2556 ttt
3623 2517 3762 2572 prat-

2181 2595 2320 2650 senti
2353 2595 2569 2665 quidem
2610 2611 2724 2650 aevo
2764 2595 3109 2666 recipiamus,
3139 2605 3260 2663 post
3293 2595 3409 2649 haec
3434 2610 3563 2672 vero
3599 2595 3650 2648 in
3684 2593 3761 2649 si-

2183 2704 2253 2743 nu
2293 2689 2525 2742 Abrahaa
2558 2689 2984 2758 requiescamus.
3022 2706 3042 2739 ι
3075 2687 3249 2742 Aliam
3290 2686 3508 2742 adducit
3538 2701 3756 2741 causam

2182 2780 2370 2835 homil.
2411 2780 2476 2834 l5
2537 2781 2591 2833 in
2645 2778 2838 2843 Νιιηι..
2885 2797 3032 2833 ιιιιιιι.
3089 2779 3143 2840 7.
3191 2790 3475 2851 postquam
3508 2780 3758 2834 eumdem

2182 2869 2415 2924 Matthaei
2447 2868 2622 2924 locum
2653 2871 2719 2922 ad
2748 2871 3114 2925 testimonium
3142 2871 3330 2925 citavit
3354 2887 3367 2924 :
3391 2887 3410 2922 ι
3444 2869 3509 2924 Ει
3534 2870 3606 2924 ob
3633 2868 3756 2933 hoc,

2184 2959 2378 3028 inquit,
2410 2973 2586 3028 neque
2623 2958 2895 3014 diabolum
2926 2960 3152 3014 removit
3179 2974 3209 3013 a
3249 2960 3554 3030 principatu
3578 2958 3761 3013 saeculi

2183 3051 2364 3121 hujus,
2389 3050 2516 3119 quia
2549 3049 2726 3104 adhuc
2753 3064 2888 3118 Opus
2925 3058 3010 3106 est
3042 3064 3204 3118 Opera
3235 3050 3353 3120 ejus
3383 3054 3446 3103 ad
3483 3049 3765 3120 perfectio-

2185 3155 2308 3195 nem
2349 3154 2538 3196 eorum
2593 3138 2687 3208 qui
2736 3139 3032 3194 coronandi
3091 3148 3254 3205 sunt;
3303 3155 3438 3210 opus
3466 3149 3548 3197 est
3591 3141 3767 3194 adhuc

499 3255 622 3308 quae
649 3239 702 3292 in
736 3237 975 3292 Ecclesia
1008 3236 1100 3290 Dei
1135 3246 1285 3297 sunt,
1313 3250 1498 3288 curam
1532 3232 2086 3302 procurationcmque
2113 3213 2160 3276 C
2189 3248 2352 3302 opera
2391 3232 2510 3303 ejus
2564 3233 2631 3286 ad
2669 3233 2926 3287 exercitia
2981 3234 3338 3288 εει-ιεηηῑηιιηι
3393 3241 3448 3288 ει
3509 3233 3766 3286 victorias

503 3329 691 3383 haberi
734 3343 831 3397 per
871 3327 1111 3396 angelos,
1141 3339 1388 3394 quosque
1414 3324 1579 3379 etiam
1612 3322 1959 3391 adiudicium
1989 3335 2080 3374 ve-

505 3420 623 3473 nire
651 3433 771 3472 cum
805 3416 1114 3470 hominibus
1142 3413 1501 3476 ostendimus,
1533 3420 1591 3465 ut
1612 3411 1704 3465 illo
1739 3411 1918 3464 divino
1952 3424 2084 3464 con-

503 3514 616 3560 stet
658 3504 913 3592 examine
955 3514 1135 3556 utrum
1171 3514 1266 3554 sua
1298 3499 1500 3553 desidia
1532 3497 1876 3566 peccaverint
1909 3497 2086 3551 horni-

505 3611 628 3660 nes,
682 3612 749 3648 an
813 3587 1153 3648 monitorum
1229 3589 1625 3657 custodumque
1679 3587 2025 3659 negligentia.
2059 3606 2080 3642 ι

508 3686 641 3740 Nam
670 3685 714 3738 si
751 3693 811 3736 ttt
837 3692 1000 3737 testes
1031 3690 1261 3743 tantum,
1291 3693 1396 3732 non
1425 3687 1484 3733 ut
1517 3692 1638 3733 reos
1659 3687 1857 3732 statum
1889 3677 1955 3730 iri
1985 3693 2083 3730 an-

506 3780 658 3850 gelos
695 3777 1058 3849 significatum
1092 3773 1344 3831 voluisset
1386 3771 1667 3844 Origenes,
1698 3775 1841 3840 quod
1862 3780 2080 3826 conten-

509 3871 590 3924 dit
648 3869 905 3931 Thomas,
969 3882 1073 3920 nou
1135 3866 1320 3934 utique
1379 3865 1448 3919 de
1518 3877 1704 3919 eorum
1764 3860 2085 3932 negligentia

511 3963 737 4034 perinde
792 3971 852 4014 ut
901 3960 966 4014 de
1010 3958 1289 4014 hominum
1344 3955 1548 4011 desidia
1593 3955 1948 4024 quaestionem
1991 3955 2092 4008 ha-

511 4055 682 4109 bitum
741 4052 806 4107 iri
861 4052 1102 4105 dixisset.
1161 4049 1233 4104 De
1282 4047 1473 4102 alienis
1514 4047 1716 4117 quippe
1760 4044 2090 4100 facinoribus

513 4145 884 4202 testimonium
917 4144 1102 4198 dicunt
1125 4149 1330 4206 testes;
1365 4141 1604 4211 ipsorum
1633 4153 1765 4194 vero
1795 4151 1957 4194 causa
1984 4150 2088 4191 non

510 4236 714 4307 agitur.

524 4370 530 4377 .
585 4326 752 4384 XXII.
789 4326 869 4382 Ex
896 4325 1124 4387 duobus,
1157 4338 1292 4392 quos
1319 4322 1619 4390 attulimus,
1675 4321 1818 4377 Petri
1855 4330 1909 4376 et
1935 4319 2092 4375 Iudae

513 4417 669 4484 locis,
718 4427 774 4472 et
795 4418 966 4471 altero
989 4417 1078 4472 illo
1108 4416 1342 4470 Mattltrei
1375 4415 1578 4481 vttt,‘29
1613 4430 1627 4466 :
1671 4431 1689 4464 ι
1722 4414 1785 4467 Ει
1810 4427 1939 4466 ecce
1974 4411 2090 4466 cla-

513 4518 800 4564 maverunt
849 4509 1092 4563 dicentes
1124 4523 1138 4559 :
1168 4507 1305 4574 Quid
1339 4507 1515 4573 nobis,
1555 4515 1609 4559 et
1657 4505 1752 4559 tibi
1798 4503 1950 4568 Jesu,
1985 4501 2088 4557 Fili

516 4597 650 4654 Dei?
673 4599 864 4652 venisti
892 4600 996 4653 huc
1019 4608 1142 4652 ante
1169 4571 1377 4666 tempus
1402 4571 1654 4664 torquere
1679 4594 1817 4649 nos?
1847 4612 1864 4646 ι
1894 4594 1944 4646 in
1971 4608 2090 4648 eam
2123 4571 2168 4626 Ῑ)

517 4688 798 4758 prolapsus
831 4698 915 4742 est
938 4686 1258 4742 sententiam
1287 4684 1574 4756 Origenes,
1614 4683 1790 4737 nullas
1820 4696 1962 4736 nunc
1991 4682 2094 4735 dre-

516 4779 766 4832 monihus
817 4777 1045 4845 irrogari
1087 4791 1299 4844 poenas,
1356 4789 1528 4843 neque
1566 4788 1731 4844 porro
1764 4773 1828 4826 iri
1881 4773 2092 4840 irroga-

517 4881 653 4934 tum,
688 4869 860 4922 donec
893 4879 1140 4923 extremo
1170 4867 1375 4935 judicio
1424 4866 1705 4936 suppliciis
1749 4864 1970 4918 aeternis
1995 4863 2090 4918 ad-

515 4963 789 5016 dicantur.
842 4957 896 5012 Id
955 4959 1207 5028 proponit
1251 4958 1442 5027 dogma
1496 4955 1682 5011 homil.
1714 4954 1748 5010 8
1795 4955 1853 5008 in
1895 4951 2092 5019 Emam,

518 5067 670 5108 num.
710 5050 764 5115 6,
801 5060 855 5104 et
885 5065 952 5104 ex
983 5048 1175 5105 Matth.
1207 5065 1326 5113 vnt,
1381 5063 1434 5100 v.
1479 5047 1570 5112 29,
1630 5047 1938 5111 confirmat,
1987 5059 2095 5114 pa:-

520 5159 726 5214 nasquc
782 5143 923 5196 inter
975 5141 1252 5196 hominum
1291 5149 1347 5194 et
1384 5141 1685 5194 daemonum
1735 5139 1788 5192 id
1833 5137 2095 5191 interesse

521 5238 655 5300 vult,
689 5237 834 5310 quod
859 5235 933 5289 illi
972 5233 1311 5301 castigentur
1351 5233 1404 5285 in
1440 5232 1542 5286 hoc
1569 5231 1787 5296 mundo,
1819 5249 1838 5282 ι
1872 5237 1928 5283 ιιι
1966 5243 2096 5296 pur-

520 5329 757 5397 gatiores
790 5328 855 5380 ad
887 5325 1126 5379 futurutn
1168 5323 1422 5378 smculum
1450 5334 1696 5393 pergant,
1730 5332 1783 5377 et
1809 5320 1947 5376 ultra
1977 5320 2095 5373 dia-

524 5418 646 5471 bolo
679 5418 811 5472 socii
865 5432 972 5472 non
1017 5416 1320 5471 elliciantur
1350 5416 1402 5470 in
1429 5428 1629 5483 ptena;
1683 5414 1736 5468 hi
1769 5428 1896 5468 vero
1924 5425 2098 5480 neque

525 5509 889 5576 corripiantur
910 5522 1007 5576 pro
1037 5518 1278 5578 peccato,
1310 5521 1484 5576 neque
1516 5504 1887 5577 ﬂagellentur;
1915 5503 2097 5560 omnia

578 5599 666 5653 ³⁷1
697 5600 823 5654 Cor.
846 5616 920 5667 vt,
949 5601 1003 5656 5.
1078 5602 1122 5634 ³⁸
1153 5601 1294 5658 Psal.
1334 5617 1410 5666 vt,
1444 5600 1501 5658 2.

528 5691 810 5761 animisni
845 5691 1116 5747 levitatem
1137 5703 1191 5746 et
1223 5693 1642 5747 inconstantiam
1673 5694 1935 5761 prodere;
1962 5689 2096 5745 nihil

526 5760 671 5815 enim
704 5760 792 5816 hic
825 5761 956 5817 dicit
992 5764 1134 5833 quod
1165 5763 1358 5820 iisdem
1403 5763 1520 5819 fere
1561 5760 1739 5820 verbis
1778 5777 1883 5819 non
1918 5771 2095 5818 exstet

2193 3324 2496 3378 beatorum.
2532 3339 2551 3375 ι
2581 3320 2872 3392 Snbjungit
2899 3321 3240 3391 postmodum
3287 3321 3527 3375 Balaami
3559 3321 3764 3375 ideirco

2187 3411 2609 3467 incantamentis
2662 3412 2829 3466 Deum
2889 3412 3284 3476 intercessisse,
3342 3411 3469 3481 quia
3533 3413 3763 3466 alterum

2186 3503 2425 3572 alioquin
2455 3503 2674 3557 evenire
2709 3517 2930 3558 necesse
2957 3513 3096 3570 erat,
3126 3502 3208 3557 vel
3243 3503 3497 3572 pupulum
3525 3501 3617 3557 Dei
3644 3517 3766 3573 per-

2187 3595 2359 3649 ditum
2401 3593 2542 3658 dari,
2577 3594 2620 3647 si
2655 3594 2988 3649 dis-monibus
3019 3609 3049 3648 a
3080 3593 3337 3648 Balaamo
3364 3595 3646 3649 accersitis
3681 3608 3773 3646 ar-

2185 3683 2333 3738 bitrii
2380 3684 2464 3737 sui
2517 3684 2760 3738 facultati
2818 3684 2988 3739 libere
3018 3685 3245 3754 obsequi
3282 3685 3565 3752 licuisset;
3617 3683 3698 3738 vel
3725 3684 3770 3738 si

2189 3774 2404 3830 arbitrii
2433 3777 2514 3830 sui
2554 3776 2803 3830 libertate
2835 3776 3097 3830 deminuti
3150 3775 3399 3842 fuissent,
3442 3775 3611 3830 fuisse
3644 3775 3769 3840 hoc,

2194 3881 2214 3915 ι
2245 3864 2533 3920 damnasse
2566 3867 2947 3922 rationabilem
2995 3877 3327 3932 creaturam,
3383 3878 3439 3922 et
3474 3879 3599 3922 ante
3632 3878 3772 3921 tem-

2189 3972 2287 4028 pus
2322 3956 2568 4013 intulisse
2599 3957 2889 4027 judicium,
2938 3968 2994 4014 et
3022 3959 3311 4029 impedisse
3363 3961 3637 4025 omnibus,
3676 3960 3772 4030 qui

2189 4047 2478 4104 adversum
2503 4064 2596 4104 eos
2624 4050 2678 4104 itt
2709 4067 2880 4122 agone
2909 4059 3191 4105 certantes
3218 4061 3468 4120 poterant
3496 4053 3773 4106 coronari.

2191 4137 2249 4192 Si
2271 4138 2416 4193 enim
2439 4138 2722 4195 daemoniis
2745 4141 3027 4197 auferatur
3056 4141 3280 4198 libertas
3303 4143 3538 4206 arbitrii,
3567 4142 3773 4196 nullum

2192 4228 2338 4282 ultra
2385 4229 2823 4300 impugnaturum
2857 4235 3094 4289 athletas
3141 4234 3375 4299 Christi;
3412 4234 3559 4290 nullo
3593 4245 3775 4289 autem

2194 4322 2564 4392 impugnante,
2600 4338 2702 4378 nec
2733 4335 3008 4381 certamen
3034 4325 3250 4396 aliquod
3272 4327 3512 4380 futurum
3541 4343 3554 4391 ;
3586 4335 3641 4380 et
3659 4325 3781 4379 sub-

2199 4411 2310 4466 lato
2344 4414 2667 4479 certamine,
2716 4416 2918 4470 nullum
2954 4416 3191 4471 futurum
3237 4417 3537 4488 praemium,
3571 4417 3776 4470 nullam

2195 4507 2500 4561 victoriam.
2530 4525 2548 4557 ι
2580 4507 2651 4561 At
2679 4509 2898 4564 homiiia
2939 4509 3006 4566 15
3048 4511 3102 4563 in
3137 4509 3255 4565 los.
3302 4526 3451 4564 num.
3482 4511 3536 4574 6,
3582 4523 3780 4564 novum

2196 4597 2330 4667 qttid
2365 4611 2430 4650 ac
2469 4600 2817 4654 memorabile
2855 4600 3280 4656 comminiscitur
3309 4622 3321 4655 :
3355 4602 3784 4668 quotiescunque

2197 4688 2342 4742 enim
2386 4691 2593 4742 daemon
2639 4688 2833 4758 aliquis
2867 4699 2989 4759 post
3022 4701 3238 4760 paratas
3267 4692 3468 4744 homini
3507 4691 3595 4760 pio
3645 4690 3780 4745 insi-

2198 4779 2340 4842 dias,
2367 4779 2540 4833 victus
2569 4788 2654 4832 est
2677 4779 2744 4833 ab
2777 4793 2863 4844 eo,
2896 4795 3069 4848 pugna
3103 4782 3449 4836 excedentem
3475 4789 3669 4834 caestus
3693 4794 3784 4831 ar-

2199 4878 2414 4938 temque
2445 4881 2727 4937 reponere,
2750 4877 2804 4923 et
2823 4871 2962 4939 apud
2989 4869 3212 4936 inferos,
3237 4870 3320 4924 vel
3348 4871 3676 4925 destinatum
3709 4869 3785 4924 si-

2197 4958 2249 5013 hi
2273 4959 2448 5015 locum
2480 4959 2764 5014 abeuntem
2791 4973 2894 5013 non
2925 4961 3154 5032 amplius
3180 4961 3488 5016 hominibus
3510 4961 3575 5012 ad
3601 4961 3788 5028 nequi-

2199 5048 2326 5102 tiam
2355 5048 2706 5104 sollicitandis
2743 5064 2960 5117 operam
3003 5065 3155 5105 suam
3189 5051 3435 5106 conferre
3465 5069 3478 5103 :
3513 5050 3638 5104 hinc
3677 5049 3783 5102 im-

2203 5138 2409 5193 minuto
2425 5137 2730 5192 dwmonum
2753 5149 3079 5194 tentatorum
3111 5155 3337 5196 numero
3366 5140 3638 5195 faciliores
3664 5152 3788 5194 esse

2202 5229 2270 5283 ad
2317 5229 2517 5284 Christi
2570 5229 2728 5284 fidem
2778 5231 2976 5296 aditus,
3032 5231 3322 5302 pluresque
3357 5231 3422 5286 ad
3461 5233 3624 5286 Deum
3655 5245 3788 5286 con-

2202 5321 2359 5389 verti,
2417 5336 2577 5390 quam
2627 5337 2748 5377 cum
2804 5323 3026 5391 integris
3070 5323 3238 5392 copiis
3269 5322 3462 5378 nefarii
3493 5322 3566 5376 illi
3605 5324 3789 5377 hostes

2203 5413 2584 5479 decertabant;
2621 5415 2671 5468 id
2697 5415 2839 5485 quod
2875 5414 3274 5485 Scripturarum
3307 5416 3522 5470 demum
3551 5417 3792 5469 auctori-

2205 5511 2316 5560 tate
2345 5515 2573 5560 conatur
2601 5509 2852 5576 probare.
2907 5507 3042 5563 Cum
3081 5509 3159 5564 ait
3201 5520 3384 5564 autem
3431 5505 3791 5563 Adamantius

2207 5689 2523 5764 homilia24
2547 5691 2603 5764 in
2635 5689 2919 5755 Numeros,
2942 5691 3104 5764 cujus
3129 5693 3309 5750 locum
3339 5689 3498 5764 paulo
3525 5687 3670 5745 infra
3698 5686 3790 5742 ad-

2205 5763 2353 5818 ducit
2389 5761 2730 5820 clarissimus
2758 5763 2978 5834 praesul.
