4160 6428
359 445 461 500 875

1201 439 1769 497 ORlGENIANORU-M
1807 437 1938 494 LIB.
1981 439 2045 505 ll,
2083 439 2234 492 CAP.
2279 437 2342 503 ll,
2379 437 2658 505 QUEST.
2703 437 2768 490 V.
3499 437 3603 494 87-5

361 559 547 614 bomil.
587 557 657 614 55
700 559 755 612 in
808 557 955 620 Luc.,
987 576 1006 610 ι
1054 557 1236 627 Neque
1291 561 1435 614 enim
1469 575 1657 614 omnes
1685 560 1924 614 omnium
1955 563 2002 618 Α
2100 555 2290 613 XXIV.
2331 555 2576 610 Diximus
2613 569 2774 619 supra
2801 553 3078 622 opinatum
3129 552 3292 606 fuisse
3313 551 3601 622 Origenem

357 656 485 702 sunt
513 646 824 712 adversarii,
881 647 976 702 sed
1031 647 1226 717 singuli
1280 647 1518 718 singulos
1571 647 1790 714 habent,
1837 649 1930 718 qui

353 741 558 810 ubique
585 753 680 794 eos
719 750 1036 808 sequantur,
1065 750 1118 794 et
1153 743 1260 795 sint
1289 743 1528 804 comites,
1569 759 1587 794 ι
1623 743 1674 796 id
1705 743 1776 797 ita
1801 757 1932 797 con-

357 830 529 886 cillari
581 841 757 901 potest
813 847 932 885 cum
987 833 1356 900 superioribus
1421 851 1436 887 :
1487 847 1619 903 quos
1664 835 1804 889 vinci
1863 835 1930 890 ab

359 923 687 986 hominibus,
745 931 801 978 et
830 924 1000 978 victos
1044 923 1180 978 dixit
1237 924 1506 979 tentandis
1549 925 1616 979 iis
1647 926 1926 990 absistere,

355 1026 450 1066 eos
477 1011 797 1082 signiﬁcavit
825 1013 914 1081 qui
933 1025 1030 1082 per
1067 1011 1344 1066 intervalla
1390 1011 1590 1067 faciunt
1614 1013 1928 1084 impressiob'

359 1117 456 1159 nes
521 1113 577 1158 et
633 1103 830 1158 bellum
896 1105 1157 1159 adversus
1214 1105 1461 1160 homines
1525 1113 1776 1170 movent;
1838 1103 1930 1176 qui

353 1199 538 1262 autem
569 1192 808 1261 perpetui
849 1193 1074 1248 comites
1123 1193 1430 1248 hominibus
1459 1194 1712 1264 assignati
1745 1195 1929 1250 adhae-

359 1291 500 1345 rent,
529 1283 594 1337 iis
619 1297 748 1338 vero
771 1283 859 1351 jus
882 1297 1036 1338 suum
1075 1286 1340 1354 integrum
1375 1285 1540 1340 etiam
1579 1287 1845 1354 superatis
1876 1296 1932 1342 et

359 1374 638 1428 hominum
689 1374 888 1443 pietate
933 1374 1224 1430 confutatis
1263 1389 1561 1432 remanere.
1613 1375 1931 1432 Planissime

359 1479 488 1519 vero
517 1480 708 1520 sensus
736 1480 898 1532 super
919 1465 1021 1521 hoc
1055 1477 1370 1538 argumento
1398 1483 1525 1522 suos
1553 1477 1774 1522 enarrat
1801 1468 1930 1524 lib.t

357 1556 498 1624 Περὶ
551 1555 772 1626 ἀρχῶν,
801 1571 920 1626 cap.
954 1556 1009 1626 6,
1039 1573 1188 1612 num.
1221 1559 1279 1624 5,
1313 1573 1472 1628 quem
1506 1559 1682 1614 locum
1705 1558 1816 1626 jam
1848 1575 1932 1614 su-

361 1663 452 1718 pra
489 1649 838 1716 produximus
873 1666 887 1702 :
925 1665 946 1698 σ
979 1646 1195 1702 Interim
1229 1661 1334 1703 tam
1375 1651 1429 1704 in
1469 1651 1554 1705 his
1598 1665 1718 1722 quae
1745 1652 1933 1706 viden-

361 1749 468 1802 tur,
497 1749 552 1794 et
585 1739 969 1808 temporalibus
993 1740 1224 1804 sarculis,
1252 1755 1414 1809 quam
1451 1742 1504 1797 in
1535 1741 1641 1798 illis
1668 1755 1788 1810 qua:
1825 1756 1929 1796 non

357 1830 630 1894 videntur,
659 1839 711 1886 et
737 1840 934 1886 aterna
959 1841 1108 1898 sunt,
1130 1847 1316 1887 omnes
1341 1833 1428 1888 isti
1461 1847 1558 1902 pro
1591 1834 1799 1899 ordine,
1833 1849 1930 1903 pro

2033 661 2215 701 rerum
2247 647 2486 701 omnium
2519 648 2730 700 ratione
2763 643 3080 715 pollentium
3115 659 3277 696 unam
3307 659 3430 698 esse
3459 659 3611 698 eam-

2031 739 2260 806 demque
2279 745 2552 800 naturam,
2583 752 2784 806 easque
2807 752 2903 807 pro
2927 737 3240 790 meritorum
3272 735 3605 802 inaequalita-

2033 835 2086 884 te
2116 829 2200 884 vel
2227 829 2384 884 evehi
2434 830 2501 884 ad
2529 829 2844 898 angelorum
2882 827 3122 890 ordines,
3165 827 3246 878 vel
3273 827 3324 880 in
3365 827 3601 882 humana

2031 935 2254 988 corpora
2279 920 2526 990 deprimi,
2560 922 2643 976 vel
2666 921 2936 976 daemones
2964 919 3128 973 etiam
3162 921 3414 974 evadere.
3444 920 3603 974 Aliud

2031 1011 2166 1080 quid
2196 1011 2522 1080 etcogilavit
2561 1021 2821 1080 praeterea
2863 1017 3049 1064 nostra
3089 1011 3606 1065 commemoratione

2030 1111 2087 1156 et
2119 1101 2496 1171 disquisitione
2525 1102 2763 1171 dignum,
2787 1099 3066 1154 hominum
3097 1117 3288 1170 nempe
3313 1103 3636 1156 sanctitate"

2030 1193 2442 1262 conSpicuorum
2465 1191 2678 1246 animas
2715 1193 2859 1261 ipsos
2907 1207 3027 1248 esse
3061 1193 3303 1264 angelos,
3339 1209 3445 1247 non
3475 1208 3602 1262 pro-

2030 1293 2150 1355 pter
2182 1293 2400 1354 peccata
2423 1285 2477 1338 in
2505 1285 2778 1339 hominum
2811 1285 3052 1340 ordinem
3075 1287 3342 1352 redactos,
3366 1285 3458 1339 sed
3486 1286 3606 1339 aliis

2031 1375 2097 1430 de
2119 1375 2296 1429 causis
2323 1373 2751 1429 extraordinaria
2787 1373 2912 1428 illuc
2935 1373 3205 1443 legatione
3241 1389 3272 1428 a
3315 1374 3424 1428 Deo
3469 1373 3605 1428 mis-

2030 1477 2140 1518 sos.
2172 1461 2712 1520 Prostantdoctrinze
2763 1463 2923 1532 hujus
2972 1472 3314 1518 ntounmenta
3357 1473 3488 1517 tom.
3528 1478 3605 1520 xu

2029 1556 2086 1609 in
2113 1555 2330 1620 Matth.,
2356 1571 2504 1610 num.
2528 1556 2618 1620 50,
2647 1557 2737 1612 ubi
2784 1559 2879 1625 ait,
2917 1559 3370 1627 quemadmodum
3411 1557 3606 1611 huma-

2031 1661 2114 1701 nae
2135 1646 2337 1702 Christi
2363 1657 2568 1702 natura:
2601 1647 2838 1702 Verbum
2871 1648 3218 1715 cortjunctum
3245 1657 3352 1714 est;
3377 1648 3448 1702 ita
3480 1663 3606 1718 pro-

2031 1739 2276 1809 portione
2307 1739 2540 1810 quadam
2571 1740 2814 1809 angelos,
2852 1750 3106 1810 tanquam
3135 1737 3310 1796 Verba
3341 1755 3460 1796 sese
3482 1756 3608 1809 pro.

2029 1832 2207 1902 phetis
2233 1833 2542 1906 adjunxisse
2574 1849 2588 1884 :
2621 1833 2732 1886 Καὶ
2772 1834 3027 1904 πρόσχες,
3075 1833 3270 1902 inquit,
3305 1836 3354 1886 εἰ
3379 1833 3606 1892 δύνασαι

358 1924 588 1987 ratione,
623 1939 723 1994 pro
761 1924 942 1986 modo,
987 1934 1042 1978 et
1073 1923 1384 1978 meritorum
1425 1925 1772 1996 dignitatibus
1820 1925 1928 1980 dis-

2033 1926 2086 1977 ὲν
2110 1924 2318 1988 τούτοις
2353 1925 2480 1988 τοὺς
2504 1925 2764 1996 πρότερον
2798 1925 3069 1987 παθόντας
3102 1925 3385 1995 προφήτας
3413 1926 3608 1978 ἀναλο-

358 2023 671 2086 pensantur,
707 2025 766 2070 ut
801 2017 892 2072 alii
931 2017 984 2072 in
1023 2019 1235 2088 primis,
1275 2017 1364 2072 alii
1393 2017 1446 2071 in
1485 2016 1756 2082 secundis,
1793 2031 1930 2070 non-

361 2107 492 2162 nulli
513 2107 674 2162 etiam
705 2109 757 2162 in
789 2109 988 2165 ultimis
1023 2111 1374 2180 temporibus,
1405 2117 1462 2163 et
1489 2123 1584 2178 per
1619 2107 1817 2177 majora
1866 2123 1930 2164 ac

358 2201 604 2268 graviora
657 2200 938 2270 supplicia,
981 2215 1186 2255 necnon
1229 2209 1283 2256 et
1319 2201 1595 2262 diuturna,
1629 2212 1694 2254 ac
1725 2197 1928 2262 multis,

361 2301 420 2342 ut
448 2289 520 2342 ita
546 2287 742 2354 dicam,
769 2289 980 2344 saeculis
1008 2289 1258 2353 tolerata,
1286 2287 1651 2359 asperioribus
1678 2288 1931 2342 emenda-

361 2378 598 2435 tionibus
648 2379 882 2449 reparati
933 2389 988 2436 et
1035 2381 1266 2436 restituti
1315 2379 1730 2442 eruditionibus,
1755 2379 1932 2446 primo

360 2469 640 2540 angelicis,
693 2479 804 2526 tum
865 2471 1060 2527 deinde
1099 2471 1261 2527 etiam
1299 2471 1637 2539 superiorum
1669 2471 1928 2537 graduum

359 2565 672 2630 Virtutibus,
705 2575 758 2621 et
786 2566 866 2621 sic
907 2579 1003 2631 per
1029 2564 1234 2634 singula
1268 2565 1334 2618 ad
1361 2565 1636 2632 superiora
1669 2549 1928 2633 provecti,

359 2671 530 2726 usque
583 2657 650 2712 ad
704 2671 766 2712 ea
820 2671 934 2726 qua:
973 2666 1100 2710 sunt
1137 2655 1422 2711 invisibilia
1462 2667 1516 2710 et
1562 2664 1761 2710 aeterna
1811 2669 1932 2724 per-

361 2748 610 2811 veniant,
671 2746 894 2815 singulis
951 2745 1204 2802 videlicet
1263 2747 1568 2817 quibusque
1630 2748 1929 2802 emlestium

361 2839 617 2894 virtutum
669 2837 856 2894 oiiiciis
893 2841 1124 2909 quadam
1171 2841 1534 2896 eruditionnm
1584 2841 1763 2909 specie
1809 2855 1932 2910 per-

361 2931 584 3001 agratis.
619 2947 638 2980 ι

430 3021 618 3077 XXIII.
654 3022 832 3078 Vanus
862 3036 991 3078 sane
1019 3033 1164 3079 esset
1207 3039 1270 3078 ac
1298 3037 1726 3094 supervacaneus
1757 3023 1928 3090 labor,

361 3112 576 3169 Patrum
604 3115 844 3172 omnium
870 3117 1084 3171 nomina
1131 3126 1184 3171 et
1215 3116 1374 3170 verba
1415 3115 1732 3184 producere,
1775 3123 1932 3183 quot-

359 3217 490 3274 quot
522 3217 641 3277 post
675 3208 967 3262 admissum
998 3209 1175 3264 scelus
1207 3224 1310 3261 non
1339 3206 1523 3261 statim
1551 3208 1603 3260 in
1640 3206 1926 3260 Tartarum

361 3300 605 3354 detrusus
649 3299 870 3370 angelo
913 3314 1156 3366 sensere,
1191 3300 1284 3354 sed
1307 3301 1488 3354 damni
1525 3299 1649 3354 licet
1675 3313 1848 3368 paena,
1871 3307 1930 3352 ut

363 3399 576 3452 vocant.
609 3387 852 3454 affectus,
888 3406 1050 3458 ptume
1103 3401 1280 3444 tamen
1328 3407 1508 3444 sensus
1554 3404 1618 3444 ac
1636 3387 1927 3457 supplicio-

2029 2018 2153 2085 γίαν
2194 2017 2422 2086 φάσκειν
2475 2018 2765 2086 ἐσχηκέναι
2812 2017 2946 2086 πρὸς
2974 2015 3064 2070 τὸν
3100 2017 3175 2086 μὴ
3218 2016 3408 2086 ἔχοντα
3443 2011 3606 2079 εἶδος,

2034 2106 2168 2178 μηδὲ
2187 2107 2381 2170 κάλλος
2400 2107 2568 2174 Λόγον
2588 2123 2602 2136 ·
2634 2105 2822 2176 ὥσπερ
2847 2107 2904 2160 δὲ
2932 2097 3152 2176 ἔρχεται
3176 2107 3204 2157 ὁ
3238 2105 3366 2167 Υἱὸς
3399 2105 3492 2158 τοῦ
3517 2107 3607 2157 ἀν·-

2031 2198 2248 2271 θρώπου
2282 2201 2340 2252 ὲν
2371 2202 2438 2270 τῇ
2471 2198 2600 2272 δόξῃ
2635 2199 2728 2252 τοῦ
2761 2200 2973 2272 Πατρὸς
3005 2199 3189 2262 αὐτοῦ,
3239 2199 3414 2263 οὕτως
3443 2201 3609 2267 ἅγγε-

2030 2291 2110 2345 λοι
2136 2291 2408 2360 γινόμενοι
2442 2293 2490 2343 οἱ
2521 2293 2579 2344 ἐν
2607 2293 2913 2363 προφήταις
2949 2293 3118 2361 λόγοι,
3158 2293 3274 2366 μετ’
3305 2295 3469 2346 αὐτοῦ
3503 2311 3608 2346 πα-

2035 2383 2362 2453 ραγίνονται,
2389 2383 2486 2454 τὴν
2518 2384 2806 2454 ἀναλογίαν
2850 2385 3109 2451 σώζοντες
3155 2389 3254 2460 τῆς
3291 2388 3498 2442 ἑαυτῶν
3523 2388 3610 2442 δό-

2032 2477 2148 2547 ξης.
2203 2475 2372 2532 Tumo
2415 2493 2626 2546 quoque
2683 2480 2922 2533 secundo
2972 2481 3027 2532 in
3074 2479 3262 2544 Joan.,
3313 2495 3462 2534 num.
3510 2479 3605 2544 24,

2031 2565 2292 2622 Joannem
2339 2571 2416 2622 ait
2472 2584 2578 2623 non
2629 2569 2792 2623 aliam
2849 2571 3102 2625 habuisse
3164 2585 3382 2625 causam
3423 2586 3522 2625 cur
3549 2571 3606 2626 in

2035 2660 2290 2713 mundum
2326 2661 2562 2724 veniret,
2612 2675 2775 2728 quam
2833 2669 2890 2714 ut
2937 2661 3003 2714 de
3041 2660 3160 2716 luce
3198 2669 3524 2725 testaretur;
3551 2671 3610 2714 et

2033 2751 2181 2804 addit
2213 2751 2370 2818 paulo
2402 2761 2542 2819 post,
2575 2767 2723 2804 num.
2753 2751 2845 2818 25,
2875 2752 3090 2822 angelos
3128 2751 3329 2808 Christi
3371 2754 3608 2806 imitato—

2037 2856 2122 2895 res
2155 2843 2445 2894 humanum
2477 2841 2713 2896 induisse
2741 2857 2962 2911 corpus.
2993 2857 3099 2909 quo
3121 2841 3320 2898 Christi
3351 2844 3401 2897 in
3432 2843 3610 2898 humi-

2033 2946 2129 2984 nes
2155 2947 2394 2986 amorem
2428 2932 2768 2995 aemulantes,
2829 2935 3208 3001 promovenda:
3251 2935 3488 3004 ipsorum
3521 2950 3610 2988 sa-

2032 3021 2125 3075 luti
2159 3023 2482 3078 inservirent
2506 3040 2519 3076 :
2543 3025 2654 3076 Καὶ
2678 3025 2797 3077 ἐπεὶ
2819 3021 3155 3088 ἁπαξαπλῶς
3181 3026 3238 3077 ὲν
3260 3025 3336 3095 τῷ
3362 3027 3492 3097 περὶ
3513 3027 3608 3079 τοῦ

2045 3113 2288 3167 Ἰωάννου
2316 3112 2479 3184 ἐσμὲν
2504 3112 2645 3184 λόγῳ
2667 3111 2952 3183 ζητοῦντες
2977 3113 3142 3167 αὐτοῦ
3166 3113 3264 3186 τὴν
3283 3115 3607 3188 ἀποστολὴν,

2031 3203 2128 3258 οὐκ
2161 3205 2403 3277 ἀκαίρως
2435 3205 2686 3258 ὑπόνοιαν
2709 3207 3004 3276 ἡμετέραν,
3034 3206 3100 3276 ἣν
3127 3207 3252 3276 περὶ
3289 3205 3457 3260 αὐτοῦ
3493 3206 3612 3277 ἔχο-

2034 3283 2151 3367 μεν,
2189 3297 2566 3369 προσθήσομεν
2588 3315 2600 3326 ·
2633 3298 2753 3350 ἐπεὶ
2790 3295 2898 3367 γὰρ
2935 3297 3248 3368 ἀνέγνωμεν
3290 3300 3418 3369 περὶ
3442 3299 3608 3351 αὐτοῦ

2031 3390 2363 3460 προφητείαν
2384 3407 2397 3420 ·
2457 3389 2601 3443 Ἰδοὺ
2658 3390 2772 3460 ἐγὼ
2817 3389 3177 3444 ἀποστέλλω
3218 3392 3324 3445 τὶν
3353 3393 3612 3462 ἄγγελόν

361 3495 480 3537 rum
521 3496 640 3537 esse
691 3494 957 3550 expertes.
1011 3481 1336 3537 Consulatur
1375 3481 1734 3538 Bellarminus
1773 3481 1866 3534 lib.
1911 3497 1926 3532 ι

2033 3500 2144 3550 μου
2188 3482 2301 3550 πρὸ
2353 3481 2678 3549 προσώπου
2723 3499 2860 3544 σου,
2913 3483 2982 3548 ὃς
3014 3483 3454 3539 κατασκευάσει
3497 3483 3614 3556 τὴν

359 3571 436 3628 De
466 3575 644 3628 beatit.
673 3581 932 3638 sant-ton,
975 3588 1098 3642 cap.
1127 3573 1180 3627 6.
1217 3573 1448 3628 Gravius
1488 3573 1616 3628 illud
1652 3583 1758 3640 est,
1788 3572 1931 3643 quod

357 3665 576 3719 Patrum
616 3665 828 3718 illorum
863 3665 1165 3734 complures
1189 3667 1426 3722 sensisse
1467 3666 1636 3721 refert
1669 3665 1933 3720 Eusebius

361 3753 504 3806 Hist.
546 3753 726 3806 ουσιαι.
782 3753 874 3808 lib.
918 3769 992 3822 tv,
1042 3769 1161 3823 cap.
1211 3754 1298 3820 l8,
1337 3771 1408 3810 ne
1461 3756 1678 3811 aeternis
1715 3755 1930 3823 quidem

355 3845 688 3900 cruciatibus
731 3860 852 3901 sese
892 3847 1205 3900 damnatum
1241 3847 1466 3902 scivisse
1507 3845 1798 3910 diabolum,
1839 3863 1934 3898 an-

359 3949 574 4008 tequam
608 3939 822 4008 publice
875 3938 1004 3994 illud
1039 3937 1292 3994 Christus
1335 3953 1401 3994 ac
1435 3937 1608 4007 palam
1644 3939 1935 4006 praedicas-

357 4039 460 4084 set.
485 4031 660 4100 Atque
683 4031 810 4085 hinc
838 4032 890 4084 in
917 4045 1078 4085 omne
1111 4030 1362 4099 nequitia:
1387 4045 1554 4101 genus
1594 4029 1932 4099 prorupisse,

358 4121 666 4191 passimque
716 4124 948 4178 haereses
1003 4124 1387 4180 disseminasse
1447 4130 1632 4176 narrat
1701 4119 1936 4174 lsidorus

360 4209 649 4276 Pelusiota,
683 4213 771 4268 lib.
805 4229 866 4276 li,
893 4215 1051 4283 epist.
1084 4215 1152 4268 90
1185 4229 1200 4266 :
1240 4211 1501 4275 Ἀκούσας
1548 4212 1644 4264 καὶ
1682 4211 1780 4281 τῆς
1812 4209 1932 4263 καθ’

358 4301 550 4358 ἑαυτοῦ
591 4304 916 4373 ἀποφάσεως
974 4305 1065 4357 τὸν
1106 4305 1250 4372 ὅρον,
1297 4303 1658 4376 σφοδρότερον
1704 4303 1936 4355 ἔπνευσε

357 4397 478 4454 καθ’
517 4397 692 4470 ἡμῶν,
727 4397 937 4460 καὶτὰς
969 4397 1206 4469 αἱρέσεις
1231 4395 1404 4450 ἔτεκε.
1446 4416 1464 4448 ι
1503 4397 1700 4450 Audito
1721 4406 1938 4450 senten-

359 4491 447 4545 tia:
469 4494 750 4546 adversum
777 4507 836 4545 se
863 4493 982 4546 latae
1009 4494 1253 4556 decreto,
1282 4491 1462 4546 acrius
1487 4491 1716 4558 spiravit
1740 4489 1792 4543 in
1817 4503 1936 4551 nos,

2031 3572 2174 3627 ὁδόν
2204 3591 2321 3628 σου
2343 3573 2684 3644 ἔμπροσθέν
2705 3573 3147 3646 censuissent-zu
3176 3579 3383 3648 μήποτε
3409 3573 3488 3642 εἷς
3503 3577 3614 3631 τῶν

2033 3663 2200 3732 ἁγίων
2227 3666 2474 3734 ἀγγέλων
2501 3665 2783 3736 τυγχάνων
2811 3667 2906 3720 ἐπὶ
2927 3667 3234 3738 λειτουργίᾳ.
3259 3669 3466 3722 καταπὲ
3475 3687 3614 3740 μπεη

2030 3771 2120 3810 ται
2147 3757 2240 3810 τοῦ
2265 3759 2518 3831 Σωτῆρος
2547 3759 2704 3829 ἡμῶν
2729 3759 3032 3831 πρόδρομος
3052 3777 3064 3792 ’
3101 3763 3192 3814 καὶ
3215 3762 3367 3815 οὐδὲν
3400 3761 3614 3832 θαυμα-

2034 3847 2158 3902 στὸν
2181 3850 2274 3903 τοῦ
2305 3851 2648 3921 πρωτοτόκου
2675 3851 2854 3920 πάσης
2879 3852 3108 3916 κτίσεως
3129 3854 3610 3924 ὲνσωματουμὲνου

2034 3945 2174 3998 κατά
2203 3943 2609 4014 φιλανθρωπίαν
2641 3945 2886 4015 ζηλωτάς
2928 3961 3080 4009 τινας
3111 3947 3204 3998 καὶ
3241 3947 3482 4017 μιμητὰς
3515 3964 3610 4013 ye-

2031 4037 2244 4105 γονέναι
2285 4035 2544 4106 Χριστοῦ,
2595 4037 2985 4105 ἀγαπήσαντας
3026 4036 3088 4087 τὸ
3111 4035 3199 4088 διὰ
3231 4036 3324 4089 τοῦ
3361 4036 3610 4106 σώματος

2035 4127 2374 4198 ὑπηρετῆσαι
2439 4127 2506 4196 τῇ
2552 4127 2631 4188 εἰς
2671 4124 2990 4198 ἀνθρώπους
3039 4125 3202 4178 αὐτοῦ
3255 4126 3605 4198 χρηστότητι.

2037 4216 2163 4272 Haec
2201 4216 2551 4270 deliramenta
2609 4216 2805 4270 deinde
2832 4215 2952 4269 libri
2980 4215 3260 4284 cujusdam
3293 4220 3608 4288 apocryphi,

2036 4310 2122 4364 cui
2148 4307 2334 4363 titulus
2358 4317 2440 4361 est
2467 4305 2708 4360 Precatio
2733 4305 2950 4370 Joseplt,
2979 4308 3278 4376 approbare
3313 4308 3521 4373 nititur,
3555 4319 3612 4364 et

2035 4419 2100 4457 ex
2140 4417 2205 4456 eo
2233 4401 2396 4456 etiam
2431 4399 2572 4468 quod
2598 4401 2884 4454 exsultavit
2914 4399 3148 4456 Joannes
3191 4401 3242 4454 in
3285 4401 3613 4458 Elizabethm

2036 4502 2215 4551 utero,
2241 4491 2490 4559 quodque
2510 4488 2677 4543 .lacub
2708 4490 2846 4542 inter
2877 4501 2932 4544 et
2969 4487 3109 4543 Esau
3148 4489 3440 4546 discrimen
3477 4489 3611 4546 illud

357 4592 412 4637 et
451 4583 680 4638 haereses
710 4584 932 4652 peperit.
967 4602 986 4635 ι
1019 4582 1336 4654 Origenizat
1375 4582 1488 4649 ipse
1534 4579 1797 4635 Eusebius
1837 4579 1928 4632 lib.
1967 4613 2009 4665 υ
2037 4600 2066 4638 a
2100 4583 2206 4638 Deo
2231 4582 2589 4636 constitutum
2619 4590 2719 4644 est,
2747 4579 2982 4633 futurum
3010 4590 3067 4634 ut
3098 4579 3270 4648 major
3289 4583 3488 4636 serviat
3513 4584 3616 4636 mi-

360 4691 433 4730 vlt
472 4675 544 4729 De
570 4685 854 4745 prwparnt.
887 4675 1110 4744 Evang..
1157 4676 1208 4727 in
1249 4689 1314 4729 eo
1341 4675 1518 4738 capite
1562 4673 1702 4740 quod
1741 4673 1933 4726 inscri-

358 4777 504 4839 ptum
522 4779 604 4825 est
639 4793 650 4826 ι
671 4767 810 4838 Περὶ
831 4765 1254 4837 ἀντικειμένων
1272 4763 1608 4834 δυνάμεων,
1640 4765 1750 4832 ubi,
1780 4775 1930 4834 post-

357 4877 516 4931 quam
558 4863 826 4916 daemones
869 4871 1088 4930 propter
1147 4859 1478 4928 impietatem
1529 4858 1584 4912 iu
1640 4855 1927 4912 Tartarum

358 4953 720 5022 praecipitatus
756 4953 919 5008 fuisse
949 4953 1105 5014 dixit,
1145 4959 1352 5020 partem
1384 4950 1632 5018 exiguam
1674 4947 1740 5002 ad
1772 4963 1928 5002 exer-

359 5045 582 5100 cendam
616 5045 822 5115 piorum
860 5045 1133 5098 hominum
1169 5041 1512 5097 sanctitatem
1546 5039 1690 5092 circa
1727 5048 1924 5092 terram

360 5138 552 5194 fecisse
575 5152 802 5193 moram.
827 5151 890 5190 ac
912 5134 1274 5190 idololatriam
1315 5133 1370 5186 in
1398 5129 1668 5184 hominem
1695 5129 1932 5184 invexis-

357 5243 415 5282 se
447 5229 626 5282 tradit.
658 5227 968 5298 Origeuizat
1022 5233 1077 5278 et
1117 5223 1410 5278 Cassianus
1447 5221 1642 5277 Collat.
1678 5235 1776 5284 vn,
1808 5234 1927 5286 cap.

357 5321 450 5384 l7,
487 5320 578 5374 ubi
609 5319 878 5388 proﬂigari
904 5320 1198 5378 daemones,
1232 5323 1288 5371 et
1324 5329 1500 5385 pugna
1525 5313 1790 5368 excedere
1822 5321 1930 5364 sta—

357 5413 480 5476 tuit,
514 5411 939 5482 quotiescunque
997 5409 1064 5462 ab
1112 5407 1418 5462 hominibus
1472 5405 1602 5460 vitia
1655 5420 1718 5458 ea
1767 5419 1933 5472 expu-

358 5516 610 5576 gnantur,
646 5503 840 5572 quibus
869 5501 972 5571 ipsi
1005 5507 1258 5569 praesunt.
1288 5497 1360 5554 Ut
1397 5507 1576 5554 autem
1603 5507 1816 5552 careret
1845 5499 1928 5551 bis

355 5599 576 5655 Patrum
619 5595 874 5651 subsidiis
931 5593 1192 5662 Origenes
1232 5599 1439 5655 noster,
1483 5591 1752 5645 haereseos
1803 5597 1926 5642 nota

359 5691 594 5745 nondum
625 5690 843 5744 decreto
877 5687 949 5741 illi
985 5685 1228 5754 apposita
1256 5691 1362 5745 est,
1403 5683 1546 5752 quod
1575 5697 1778 5749 pennam
1811 5697 1930 5733 sen-

357 5801 447 5844 sus
485 5799 515 5837 a
547 5783 880 5837 daemonibus
929 5785 1192 5844 renwvet,
1226 5775 1396 5831 donec
1422 5782 1696 5846 postremo
1723 5773 1928 5842 judicio

360 5879 414 5930 iu
441 5876 692 5946 abyssum
724 5874 1050 5944 relegentur.

603 5972 872 6036 Puncta
911 5969 1032 6033 Gn.
1069 5965 1273 6032 XVII.

2041 4677 2183 4730 nori.
2246 4673 2356 4728 Nec
2407 4676 2574 4728 multo
2613 4671 2862 4740 superius
2903 4673 3017 4726 haec
3055 4671 3308 4740 leguntur
3342 4675 3610 4730 iniisdem

2039 4767 2462 4826 Commentariis,
2493 4781 2642 4819 num.
2683 4764 2744 4817 Π
2772 4783 2785 4818 :
2819 4763 2965 4836 Πλὴν
2990 4765 3018 4817 ὁ
3041 4765 3198 4818 τοῦτο
3223 4766 3457 4836 νομίζων
3498 4769 3616 4839 ἐρεῖ

2036 4860 2116 4912 ὅτι
2139 4857 2324 4927 ὥσπερ
2351 4855 2504 4927 παρά
2528 4857 2640 4918 τοῖς
2664 4854 3112 4926 ὁμολογουμένοις
3137 4855 3442 4927 ἀνθρώποις
3474 4859 3612 4910 εἰσὶν

2035 4951 2275 5020 ἄγγελοι,
2312 4949 2387 5013 ώς
2425 4952 2454 5002 ὁ
2482 4948 2756 5020 Ζαχαρίας
2792 4948 2992 5017 λέγων’
3025 4950 3304 5018 Ἀγγελος
3331 4951 3478 5004 Θεοῦ
3499 4952 3613 5021 ἐγὼ

2030 5045 2157 5111 μεθ’
2189 5039 2356 5110 ὑμῶν
2382 5042 2516 5108 εἰμι.
2549 5037 2710 5108 λέγει
2746 5038 2952 5104 Κύριος
2981 5039 3421 5108 παντοκράτωρ.
3457 5041 3614 5096 Καὶό

2043 5133 2293 5202 Ἰωάννης
2321 5132 2448 5202 περὶ
2473 5123 2532 5184 οὗ
2558 5129 2894 5200 γέγραπται·
2933 5129 3088 5183 Ἰδοὺ
3118 5131 3232 5200 ἐγὼ
3256 5133 3613 5188 ἀποστέλλω

2033 5225 2139 5276 τεν
2181 5221 2438 5290 ἄγγελόν
2465 5237 2584 5288 μου
2609 5219 2722 5287 πρὸ
2751 5219 3073 5287 προσώπου
3099 5235 3216 5274 σου
3237 5238 3248 5250 ·
3280 5221 3421 5274 οὕτω
3445 5225 3537 5276 καὶ
3561 5227 3610 5276 οἱ

2031 5317 2124 5370 τοῦ
2147 5316 2281 5370 Θεοῦ
2305 5315 2524 5383 ἄγγελοι
2548 5313 2696 5384 παρά
2721 5313 2779 5365 τὸ
2813 5311 2970 5383 ἔργον
3002 5313 3161 5366 τοῦτο
3189 5307 3607 5384 χρηματίζουσι,

2033 5413 2126 5462 καὶ
2147 5410 2208 5462 οὐ
2235 5408 2384 5478 παρὰ
2419 5405 2516 5478 τὴν
2551 5405 2708 5473 φύσιν
2737 5404 2928 5474 ἄνδρες
2968 5404 3277 5474 κληθέντες.

2109 5497 2273 5553 XXV.
2321 5499 2434 5552 Hoc
2455 5497 2764 5551 Adatnantii
2789 5497 2980 5566 dogma
3009 5497 3265 5550 convellit
3293 5496 3530 5566 Cyrillns
3554 5500 3610 5551 in

2033 5593 2194 5647 Joan.
2221 5607 2264 5658 ι,
2287 5590 2342 5653 6,
2367 5588 2669 5656 multosque
2696 5589 2772 5640 ait
2793 5587 2904 5652 jam
2928 5595 3053 5642 ante
3074 5585 3383 5655 Origenem,
3415 5591 3612 5657 ipsum-

2034 5699 2140 5754 que
2183 5683 2318 5736 adeo
2358 5678 2620 5734 Joannem
2651 5679 3062 5746 evangelistam,
3103 5679 3399 5733 credidisse
3447 5677 3612 5734 Joan-

2037 5789 2158 5831 nem
2191 5773 2485 5842 Baptistam
2543 5785 2646 5824 non
2679 5770 2950 5824 hominem
2974 5769 3162 5832 fuisse,
3198 5771 3292 5824 sed
3335 5773 3612 5838 angelum,

2038 5861 2260 5934 ejusque
2283 5859 2484 5913 erroris
2511 5858 2786 5915 evertendi
2818 5873 2980 5914 causa
3005 5859 3322 5928 ascripsisse
3347 5857 3610 5922 Joannem

3199 5951 3296 6048 ‘28
