4160 6402
608 367 678 420 ’ῖό
1845 365 1902 426 Ρ.
1947 373 2264 430 DANIELIS
2308 377 2538 434 llUETll

3715 381 3823 437 876

576 487 849 559 Evangelii
879 487 1194 556 scriptorem
1223 503 1237 540 :
1271 485 1396 542 Fuit
1437 490 1609 542 homo.
1645 490 1962 564 Anonymus
2010 495 2150 562 apud
2177 505 2226 559 Α
2327 495 2594 552 Caeterum
2636 498 2905 552 immerito
2935 499 3116 570 culpat
3161 498 3452 569 Origenem
3499 497 3687 554 Sixtus
3720 499 3821 556 Se-

572 579 822 635 Photium
855 579 977 634 cod.
1002 595 1146 633 cxvu
1170 578 1388 650 Origeni
1433 581 1702 648 obiectum
1735 583 1917 647 refert,
1951 585 2152 640 dixisse

571 673 742 734 Illum,
769 672 850 726 ὅτι
884 674 946 724 ἐκ
984 671 1387 736 καταπτώσεως
1405 668 1567 744 ἦλθον
1598 675 1646 726 οἱ
1681 674 1822 742 ἅγιοι
1853 677 1931 738 εἰς
1957 676 2046 729 τὸν
2067 678 2154 730 κό-

573 779 730 834 σμον,
769 763 883 816 ἀλλ’
915 764 976 816 οὐ
1007 763 1072 816 δι’
1103 764 1304 834 ἑτέρων
1338 765 1653 837 Θεραπείαν.
1707 763 1812 820 Pro
1839 767 1992 835 ἅγιοι
2025 767 2153 838 legit

569 858 818 909 Andreas
866 853 1143 922 Schottus,
1205 857 1357 925 ἅγιοι
1406 857 1682 927 ἄγγελον
1746 859 1905 912 vertit
1957 860 2144 914 enim:

574 966 594 998 ι
631 949 862 1002 Sanclos
911 947 1129 1015 angelos
1189 949 1438 1017 delapsos
1495 949 1547 1002 in
1600 949 1858 1003 mundum
1914 950 2146 1015 venisse,

569 1053 675 1092 non
708 1039 772 1091 ad
799 1037 1024 1091 aliorum
1054 1039 1394 1104 obsequium.
1431 1057 1448 1090 ι
1482 1039 1707 1106 Quoquo
1735 1041 1891 1093 modo
1917 1038 2146 1109 legatur,

568 1136 795 1196 apparet
827 1127 1121 1182 calumnia.
1155 1130 1221 1180 At
1252 1127 1614 1199 Hieronymus
1637 1130 1870 1198 priorem
1895 1128 2146 1200 Origenis

564 1218 741 1273 locmn
775 1235 805 1274 e
841 1229 968 1274 tom.
1013 1235 1046 1273 ιι
1090 1221 1144 1271 in
1177 1218 1337 1273 Joan.
1376 1220 1546 1288 tangit
1585 1221 1639 1274 in
1666 1220 1884 1289 Aggwit
1923 1238 1936 1274 :
1971 1239 1989 1272 ι
2020 1221 2147 1286 Qui-

566 1309 691 1364 dam
721 1319 929 1379 putanl,
964 1310 1156 1376 inquit,
1193 1321 1243 1364 et
1271 1308 1529 1365 Joannem
1557 1309 1880 1379 Baptistam,
1905 1325 1960 1366 et
1986 1313 2145 1368 Mala-

565 1400 767 1466 chiam,
790 1400 881 1468 qui
909 1400 1296 1469 interpretatur
1312 1399 1527 1469 angelus
1559 1400 1789 1468 Domini,
1816 1412 1870 1455 et
1893 1403 2144 1472 Aggmum

562 1505 722 1563 quem
759 1507 899 1547 nunc
924 1493 1183 1547 habemus
1228 1493 1278 1544 in
1312 1494 1584 1555 manibus,
1615 1493 1780 1548 fuisse
1809 1495 2049 1565 angelos,
2091 1506 2146 1550 et

562 1585 633 1639 ob
654 1584 1109 1654 dispensationem
1135 1589 1188 1636 et
1207 1580 1502 1650 iussionem
1529 1581 1619 1637 Dei
1653 1584 2016 1652 assumpsisse
2045 1584 2144 1638 hu-

563 1691 722 1732 mana
764 1689 1013 1743 corpora,
1065 1683 1112 1728 et
1151 1675 1290 1728 inter
1325 1673 1570 1727 homines
1613 1687 1983 1729 conversatos.
2036 1674 2144 1730 Nec

563 1769 761 1822 mirqu
800 1766 900 1821 hoc
926 1765 993 1819 de
1027 1765 1232 1837 angelis
1255 1765 1423 1828 credi,
1473 1780 1595 1819 cum
1629 1779 1726 1834 pro
1753 1765 1926 1820 salute
1955 1775 2141 1820 nostra

2254 591 2458 653 neusis,
2493 592 2635 662 quod
2667 593 2856 649 homil.
2920 593 2993 647 25
3032 595 3085 646 in
3124 591 3256 646 Luc.
3310 601 3518 662 septem
3545 592 3820 648 Ecclesia-

2254 698 2370 735 rmn
2411 684 2716 754 episcopos,
2743 699 2880 754 quos
2909 683 3147 740 Joannes
3178 685 3230 738 in
3260 683 3581 754 Apocalypsi
3611 687 3824 742 ratione

2249 773 2407 830 olIicii
2453 777 2670 846 angelos
2724 777 2999 846 appellat,
3037 791 3164 831 vere
3211 775 3381 830 fuisse
3423 776 3644 846 angelos
3672 817 3690 844 ,
3729 790 3823 833 ve-

2251 883 2478 937 ramque
2516 869 2833 939 angelorum
2866 880 3116 924 naturam
3154 867 3410 923 habuisse
3440 867 3678 934 dixerit;
3722 883 3824 924 nec

2251 953 2443 1014 harum
2473 960 2618 1015 enim
2648 959 3014 1015 Ecclesiarum
3046 960 3330 1029 episcopos
3375 958 3482 1012 illic
3506 957 3715 1026 putavit
3745 958 3822 1012 si-

2249 1051 2490 1121 gniﬁcari
2512 1091 2528 1117 ,
2563 1051 2657 1107 sed
2681 1065 2868 1106 earum
2916 1048 3621 1122 gubernationi-.jprazfeetos
3652 1064 3820 1120 ange-

2248 1142 2347 1196 los.

2317 1232 2506 1288 XXVI.
2557 1235 2634 1290 De
2679 1235 2887 1308 angelis
2933 1234 3257 1291 tutelaribus
3299 1235 3573 1305 paradoxa
3607 1249 3824 1306 quoque

2247 1327 2414 1381 multa
2432 1328 2616 1392 habet,
2636 1343 2866 1398 quorum
2887 1327 3190 1384 omittenda
3219 1328 3376 1383 nobis
3395 1342 3501 1383 non
3520 1338 3604 1383 est
3620 1329 3826 1398 disqui-

2245 1419 2388 1472 sitio.
2415 1418 2472 1472 ln
2495 1422 2706 1474 cantico
2729 1420 2891 1477 Mosis
2917 1431 3095 1478 exstat
3118 1437 3332 1478 comma
3356 1422 3518 1478 illud:
3544 1442 3563 1475 ι
3594 1423 3824 1490 Quando

2245 1511 2520 1566 dividebat
2549 1513 2862 1569 AltiSsimus
2888 1525 3100 1584 gentes,
3127 1515 3345 1585 quando
3376 1517 3663 1585 separabat
3684 1517 3826 1571 ﬁlios

2243 1603 2437 1670 Adam,
2478 1606 2762 1660 constituit
2790 1607 3051 1660 terminos
3085 1605 3405 1676 populorum
3439 1606 3595 1675 juxta
3627 1621 3822 1662 nume-

2245 1711 2362 1750 rum
2387 1696 2619 1751 iiliorum
2641 1697 2828 1753 Israel.
2845 1697 2977 1754 Pars
2991 1709 3168 1754 autem
3191 1699 3424 1764 Domini,
3441 1698 3667 1768 pOpulus
3681 1698 3819 1766 ejus:

2243 1785 2412 1842 Jacob
2437 1786 2712 1844 funiculus
2753 1789 3089 1845 haereditatis
3125 1792 3242 1860 ejus
3277 1792 3344 1846 ⁸ο.
3384 1809 3404 1842 ι
3435 1790 3560 1846 Haec
3581 1786 3825 1849 Hebraeis

561 1861 724 1915 “iam
756 1858 921 1913 Filius
959 1857 1051 1911 Dei
1100 1860 1392 1952 ¹¹Ῠ¹¹¹¹³¹ῗ¹¹¹¹¹
1427 1857 2046 1952 °°'P“§_ass"'1tpscril-
2081 1857 2146 1911 Et
2175 1858 2217 1912 Β
2245 1891 2577 1947 consonant;
2607 1891 2662 1936 at
2683 1895 2751 1936 ex
2781 1881 3033 1938 lectionis
3061 1857 3344 1948 varietate;
3380 1895 3542 1952 quam
3563 1883 3670 1937 alio
3703 1882 3826 1938 loco

561 1952 633 2007 ob
661 1953 800 2006 hanc
825 1965 1045 2005 causam
1076 1950 1237 2004 etiam
1269 1949 1336 2002 de
1363 1948 1688 2020 apocryphis
1715 1949 1960 2019 praebent
1994 1951 2143 2002 testi-

562 2042 828 2106 monium,
865 2041 954 2094 ubi
985 2039 1185 2094 dicitur
1207 2042 1348 2110 quod
1383 2038 1552 2094 Jacob
1580 2040 1671 2107 qui
1705 2046 1888 2108 postea
1920 2048 2142 2094 vocatus

562 2144 646 2188 est
674 2131 858 2192 Israel,
891 2131 1113 2201 angelus
1138 2129 1322 2195 fuerit,
1363 2142 1416 2185 et
1451 2141 1732 2200 propterea
1761 2131 2142 2199 supplantave-

563 2225 639 2280 rit
670 2225 894 2278 fratrem
927 2223 980 2276 in
1014 2232 1203 2278 ventre
1237 2223 1425 2277 matris
1452 2237 1591 2289 suae;
1632 2219 1892 2276 Joannem
1927 2238 2144 2293 quoque

562 2315 631 2370 ad
661 2329 844 2372 vocem
874 2313 1055 2368 Mariae
1086 2315 1275 2368 matris
1311 2314 1518 2368 Domini
1565 2312 1867 2368 exsultasse
1903 2314 1956 2367 in
1990 2322 2142 2368 utero

568 2405 846 2462 Elizabeth
870 2421 884 2470 ;
916 2416 971 2460 et
1005 2406 1247 2460 omnium
1274 2403 1674 2458 rationabilium
1702 2420 1862 2458 unam
1891 2419 2012 2458 esse
2041 2421 2140 2458 na-

563 2510 763 2563 turam,
794 2507 849 2550 et
877 2497 948 2550 ob
986 2497 1123 2550 hanc
1156 2509 1375 2548 causam
1429 2493 1674 2548 homines
1706 2494 1793 2562 qui
1824 2494 2142 2562 placuerunt

561 2589 694 2656 Deo,
727 2588 965 2657 aequales
1001 2586 1208 2654 angelis
1239 2588 1375 2640 ﬂeri.
1418 2585 1528 2640 lloc
1575 2586 1646 2639 illi
1679 2587 1934 2640 sentiant.
1970 2586 2141 2640 Carte-

562 2697 679 2736 rttm
721 2695 818 2735 nos
847 2679 1089 2732 nuntium
1117 2677 1348 2743 Domini,
1395 2678 1447 2731 id
1480 2687 1562 2731 est
1588 2677 1855 2747 angelum,
1905 2677 1994 2747 qui
2037 2676 2140 2730 lle-

559 2774 744 2830 braice
774 2772 972 2828 dicitur
993 2755 1182 2851 jahn,
1216 2769 1538 2838 simpliciter
1570 2770 1882 2839 prophetam
1933 2769 2137 2823 dictum

559 2864 924 2934 recipiamus;
966 2863 1035 2914 ab
1061 2877 1126 2918 eo
1151 2864 1292 2931 quod
1333 2861 1543 2914 Domini
1585 2859 1915 2916 voluntatem
1943 2859 2140 2929 populo

558 2953 908 3008 nuntiaverit.
947 2972 966 3006 ι
1021 2951 1112 3007 Sic
1145 2961 1200 3007 et
1230 2952 1493 3021 protentio
1526 2947 2033 3003 Commentariorum
2082 2949 2138 3001 in

559 3045 883 3100 Malachiam
919 3061 936 3098 :
970 3061 989 3095 ι
1025 3044 1135 3100 Nec
1171 3043 1468 3114 putandum
1502 3042 1750 3110 estjuxta
1781 3039 2136 3110 quorumdam

557 3138 891 3207 opinionem,
919 3135 1167 3206 angelum
1193 3133 1404 3187 venisse
1435 3133 1498 3187 de
1516 3133 1676 3197 cmlo,
1700 3140 1755 3185 et
1781 3129 2140 3198 assumpsisse

559 3245 759 3298 corpus
816 3229 1108 3282 humanum
1163 3234 1223 3279 ut
1265 3224 1448 3279 lsraeli
1497 3239 1619 3292 quae
1667 3239 1695 3276 a
1742 3222 1971 3277 Domino
2011 3231 2139 3276 sunt

559 3325 820 3374 mandata
875 3318 1205 3387 IOqueretur.
1246 3336 1264 3366 ι
1320 3315 1385 3369 Et
1428 3314 1585 3384 paulo
1617 3323 1739 3382 post
1772 3314 1962 3382 dogma
2009 3311 2140 3365 illud

558 3409 777 3481 Origeui
810 3409 1127 3463 nominatim
1166 3406 1394 3461 ascribit
1430 3427 1440 3460 :
1484 3423 1501 3455 ι
1545 3404 1800 3474 Scripsit,
1851 3405 2052 3472 inquit.
2088 3405 2139 3457 in

549 3502 702 3556 hunc
728 3500 924 3554 librum
952 3498 1212 3568 Origenes
1241 3496 1343 3550 tria
1374 3494 1679 3559 volumina;
1732 3494 1824 3548 sed
1857 3494 2138 3547 historiam

557 3591 789 3646 omnino
817 3603 920 3642 non
952 3589 1150 3656 tetigit,
1186 3595 1242 3640 et
1278 3600 1428 3640 more
1458 3600 1554 3640 suo
1585 3595 1728 3638 totus
1774 3584 1826 3637 in
1873 3583 2141 3653 allegoria:

561 3681 1006 3752 interpretatione
1046 3686 1291 3732 versatus
1316 3687 1418 3740 est,
1473 3675 1673 3730 nullam
1708 3675 1891 3730 Esdraa
1938 3675 2141 3730 faciens

561 3776 915 3839 mentionem,
939 3772 1032 3827 sed
1057 3768 1303 3838 angelum
1339 3777 1533 3838 putans
1570 3767 1738 3822 fuisse
1775 3768 1867 3837 qui
1905 3767 2138 3836 scripsit,

557 3868 853 3923 secundum
890 3865 1021 3919 illud
1070 3863 1212 3934 quod
1247 3864 1312 3917 de
1340 3861 1548 3916 Joanne
1571 3860 1798 3930 legimus
1828 3876 1843 3914 :
1887 3858 2022 3913 Ecce
2048 3875 2140 3928 ego

555 3963 708 4016 mitto
749 3959 991 4030 angelum
1026 3971 1197 4010 meum
1226 3965 1346 4009 ante
1370 3954 1559 4022 facient
1595 3951 1822 4005 tuam".
1855 3951 2008 4017 Quod
2043 3967 2152 4028 nos.

555 4053 779 4108 omnino
827 4066 932 4106 non
965 4049 1278 4118 recipimus,
1325 4061 1393 4100 ne
1422 4046 1726 4099 animarmn
1771 4044 1837 4098 de
1859 4043 1998 4098 ctelo
2032 4045 2143 4097 rui-

557 4162 681 4201 nam
711 4144 988 4214 suscipere
1019 4139 1430 4209 compellamur.
1465 4155 1484 4188 ι
1515 4136 1659 4191 Idem
1689 4137 1740 4188 in
1762 4135 1988 4204 epistola
2016 4133 2140 4214 126,

556 4253 676 4309 qua:
704 4247 788 4292 est
818 4236 884 4290 ad
909 4233 1197 4304 Evagrium
1235 4253 1247 4286 :
1284 4249 1302 4282 ι
1332 4228 1388 4283 ln
1415 4229 1590 4284 fronte
1622 4227 1917 4290 Geneseos,
1950 4226 2003 4279 in
2030 4227 2143 4294 pri-

541 4348 644 4386 -ma
678 4328 1019 4385 homiliarum
1041 4323 1294 4394 Origeuis
1317 4323 1492 4392 reperi
1525 4319 1788 4389 scriptum
1816 4319 1880 4372 de
1913 4316 2142 4370 Melchi-

556 4422 792 4486 sedech;
828 4420 881 4474 in
926 4433 1032 4488 qua
1071 4415 1352 4486 multiplici
1387 4427 1637 4467 sermone
1675 4411 1986 4480 disputans,
2019 4409 2144 4462 illuc

555 4514 840 4571 devolutus
875 4522 982 4596 es},
1010 4521 1070 4565 ut
1101 4525 1223 4565 eum
1265 4507 1516 4578 angelum
1567 4506 1799 4567 diceret,
1841 4502 2145 4569 iisdemque

558 4621 693 4675 pene
742 4593 1094 4674 argumentis,
1143 4600 1340 4671 quibus
1378 4599 1615 4667 scriptor
1663 4606 1786 4650 tuus
1826 4595 1892 4648 de
1939 4593 2141 4662 Spiritu

555 4710 768 4761 sancto,
835 4697 926 4751 ille
981 4696 1047 4748 de
1102 4693 1352 4763 supernis
1407 4690 1703 4744 virtutibus
1765 4697 1848 4740 est
1907 4685 2139 4740 loeutus.

556 4791 804 4849 'Iransivi
857 4790 922 4842 ad
954 4787 1240 4858 Didymum
1276 4794 1598 4837 sectatorem
1645 4779 1783 4849 ejus,
1818 4787 1876 4831 et
1917 4777 2023 4830 vidi
2055 4778 2146 4830 ho-

557 4885 758 4941 minem
787 4881 1018 4954 pedibus
1043 4883 1093 4932 in
1124 4875 1364 4944 magistri
1399 4877 1504 4928 isse
1532 4870 1877 4926 sententiam.
1911 4889 1929 4920 ›
1960 4868 2144 4936 Longe

554 4994 686 5049 ergo
731 4977 798 5031 ab
834 4977 938 5030 hoc
973 4986 1162 5025 errore
1193 4968 1366 5023 abfuit
1406 4966 1788 5034 llicronymus,
1838 4963 1921 5015 cui
1964 4962 2137 5029 ipsmn

558 5082 738 5126 tamen
769 5071 820 5122 in
854 5066 1145 5121 Comment.
1175 5064 1243 5114 ad
1282 5062 1470 5128 psalm.
1505 5070 1640 5109 χχιιι
1676 5054 1876 5107 favisse
1905 5053 2140 5120 SttSpica-

559 5177 647 5218 tur
685 5163 1090 5218 Genebrardus.
1139 5157 1290 5224 Quod
1338 5165 1484 5207 certe
1521 5152 1596 5204 ita
1636 5165 1739 5201 non
1782 5163 1901 5201 esse
1947 5148 2139 5214 depre-

559 5256 775 5316 hendet,
823 5250 1070 5321 quisquis
1103 5248 1268 5300 lotam
1307 5241 1501 5312 psalmi
1542 5239 1701 5306 hujus
1735 5237 2136 5289 enarrationem

555 5347 790 5401 curiosis
822 5345 997 5400 OCUIIS
1024 5334 1453 5409 perlustraverit.
1493 5330 1823 5398 Hieronymo
1855 5327 1905 5380 id
1929 5341 2140 5394 quoque

557 5439 904 5507 exprobravit
930 5436 1154 5488 llulinus
1182 5430 1380 5483 Inrect.
1412 5441 1450 5490 ι,
1489 5424 1574 5478 his
1597 5431 1900 5477 commotus
1935 5433 2054 5487 quae
2083 5420 2136 5470 in

562 5531 751 5598 Ephes.
778 5547 818 5596 ι,
844 5528 897 5594 4,
922 5527 1182 5595 scriptum
1213 5522 1413 5575 habent
1445 5517 1587 5572 illius
1614 5513 2008 5568 Commentarii.
2029 5509 2135 5562 Sed

560 5622 773 5691 culpam
809 5621 947 5674 hanc
987 5633 1017 5671 a
1052 5631 1110 5672 se
1139 5616 1461 5683 deprecatur
1492 5606 1705 5676 Apolog.
1731 5620 1748 5657 ι
1779 5604 1896 5656 adv.
1929 5599 2130 5666 Ru/in.,

559 5729 682 5784 cap.
711 5711 744 5765 5
768 5721 823 5765 et
853 5709 905 5762 6.

631 5834 673 5864 ³³
711 5827 929 5883 Malaclt.
961 5841 1044 5890 ιιι,
1080 5825 1100 5876 l
1133 5841 1147 5881 ;
1189 5819 1378 5875 Matth.
1412 5834 1484 5881 ιι,
1513 5817 1594 5871 I0.

2244 1975 2621 2041 expendimus,
2638 1973 3281 2045 verteruntSeptuaginta
3295 1975 3619 2042 lnterpretes
3637 1996 3647 2030 :
3663 1972 3823 2029 Κατὰ

2242 2063 2475 2135 ἀριθμὸν
2495 2065 2744 2134 ἀγγέλων
2768 2065 2925 2120 Θεοῦ.
2959 2065 3068 2122 Hos
3113 2082 3236 2121 cum
3276 2065 3404 2122 alibi
3436 2067 3635 2135 passim
3663 2107 3679 2130 ,
3707 2074 3824 2119 tum

2245 2157 2334 2212 hic
2350 2166 2571 2213 secutus
2599 2169 2683 2213 est
2711 2159 2993 2228 Origenes,
3021 2171 3186 2228 atque
3217 2160 3341 2213 inde
3374 2159 3476 2214 sibi
3504 2159 3664 2212 tinxit
3695 2169 3824 2214 tunc

2242 2251 2476 2318 primum
2503 2252 2755 2318 gentibus
2780 2290 2794 2314 ,
2824 2266 2950 2305 cum
2980 2253 3030 2305 in
3072 2253 3254 2307 varias
3300 2251 3513 2323 linguas
3535 2251 3825 2321 variosque

2242 2342 2468 2411 populos
2501 2343 2569 2395 ad
2601 2343 2798 2397 turrim
2824 2341 2988 2398 Babel
3015 2344 3290 2415 dissipatae
3327 2353 3475 2410 sunt,
3507 2344 3824 2414 assignatos

2242 2432 2412 2488 fuisse
2459 2435 2726 2504 angelos,
2772 2445 2831 2489 ut
2861 2451 3048 2490 curam
3096 2453 3286 2492 earum
3318 2447 3596 2506 pastorum
3647 2437 3826 2492 instar

2242 2535 2522 2593 gererent,
2559 2537 2612 2581 et
2639 2527 2907 2596 primitias
2932 2542 2999 2582 ex
3037 2529 3103 2584 iis
3139 2529 3246 2584 Deo
3271 2528 3550 2596 oﬂ'errent,
3576 2530 3826 2586 homines

2249 2619 2509 2673 nimirum
2533 2620 2624 2688 qui
2650 2620 2863 2674 meritis
2883 2620 3251 2689 praecellerent
3277 2631 3331 2676 et
3360 2623 3579 2682 virtute,
3605 2635 3827 2674 eorum-

2243 2729 2308 2768 ve
2357 2714 2472 2782 pias
2503 2714 2902 2784 cogitationes;
2937 2726 2990 2770 et
3024 2727 3081 2770 ut
3124 2716 3432 2771 hominibus
3459 2714 3559 2769 sibi
3584 2715 3827 2769 destina-

2244 2807 2310 2860 tis
2339 2807 2407 2860 ad
2443 2807 2862 2876 comparandam
2900 2809 3135 2863 salutem
3176 2809 3378 2861 auxilio
3422 2816 3606 2861 essent
3651 2823 3664 2859 :
3711 2821 3823 2876 quo

2240 2899 2478 2968 graviori
2529 2909 2710 2954 autem
2754 2902 2960 2955 scelere
3003 2916 3125 2956 sese
3162 2902 3213 2954 in
3250 2899 3524 2955 communi
3557 2900 3658 2954 hac
3690 2914 3818 2967 per-

2242 2991 2513 3047 duellione
2561 3007 2896 3062 unaquaeque
2930 3008 3063 3062 gens
3093 2993 3369 3062 alligasset
3399 3029 3416 3057 ,
3461 3006 3528 3045 eo
3580 2990 3824 3045 durioris

2241 3087 2454 3158 angeli,
2506 3102 2680 3155 pretia:
2721 3102 2929 3154 causa,
2981 3087 3209 3156 imperio
3264 3084 3432 3138 fuisse
3486 3081 3822 3151 subiectam;

2165 3200 2208 3257 ε
2245 3179 2410 3234 Deum
2465 3192 2644 3233 autem
2680 3179 2852 3249 ipsum
2903 3181 3198 3250 regendam
3249 3176 3559 3246 suscepisse
3606 3185 3824 3242 gentem

2243 3273 2383 3328 hanc
2417 3287 2537 3341 quae
2565 3271 2842 3340 antiquam
2878 3270 3144 3340 loquelam
3183 3269 3444 3331 retinuit;
3489 3268 3584 3321 sed
3630 3267 3702 3320 ita
3734 3275 3824 3318 ta-

2243 3381 2366 3421 men
2403 3375 2460 3420 ut
2493 3366 2536 3420 si
2587 3365 2764 3418 minus
2795 3363 2843 3417 ei
2882 3364 3028 3417 dicto
3079 3362 3388 3416 audientem
3419 3373 3478 3414 se
3511 3360 3823 3428 praeberet,

2243 3460 2309 3512 ad
2359 3457 2674 3527 angelorum
2726 3454 3106 3525 praefecturam
3151 3454 3451 3516 transiret;
3499 3461 3664 3520 atque
3699 3449 3826 3504 alia:

2243 3550 2427 3602 itidem
2477 3556 2669 3616 gentes
2715 3546 3053 3615 asperiorum
3090 3545 3405 3616 angelorum
3442 3546 3830 3613 experirentur

2244 3642 2471 3712 imperia
2501 3681 2516 3705 ,
2551 3642 2593 3693 si
2626 3641 2894 3693 leniorum
2917 3639 3068 3707 jussa
3099 3640 3528 3702 detrectassent;
3562 3635 3831 3690 molliori-

2241 3732 2342 3788 bus
2370 3733 2584 3787 interim
2613 3730 2850 3784 dominis
2874 3771 2888 3792 ,
2922 3729 2989 3783 ad
3024 3730 3368 3784 sarciendam
3398 3729 3826 3783 commissorum

2243 3825 2344 3879 sibi
2378 3823 2660 3878 hominum
2687 3823 2980 3890 jacturam,
3024 3821 3160 3876 alios
3189 3821 3478 3875 saeviorum
3511 3820 3824 3888 principum

2244 3917 2474 3986 imperio
2501 3913 2976 3978 subtrahentibus,
3010 3924 3066 3967 et
3096 3913 3164 3968 ad
3191 3928 3313 3967 sese
3335 3912 3779 3966 convertentibus
3804 3928 3824 3976 ;

2245 4012 2372 4065 hinc
2404 4008 2766 4063 eahaaredatis
2794 4006 3052 4060 Israelitis
3087 4006 3291 4060 ascitas
3333 4020 3362 4058 a
3387 4004 3608 4059 Christo
3632 4012 3829 4072 gentes

2243 4106 2449 4169 fuisse;
2481 4101 2704 4171 angelos
2733 4115 2952 4168 quoque
2977 4114 3075 4168 pro
3121 4099 3440 4153 meritorum
3474 4110 3694 4150 suornrn
3731 4111 3827 4148 ra-

2246 4202 2390 4256 tione
2421 4199 2610 4251 barum
2641 4194 2927 4248 illarmnve
2955 4192 3197 4261 gentium
3228 4190 3468 4260 regimen
3502 4186 3671 4242 fuisse
3695 4201 3828 4242 sor-

2245 4295 2394 4357 titos,
2419 4291 2656 4358 deosque
2685 4285 2970 4356 appellari,
3011 4284 3154 4354 quod
3192 4297 3221 4336 a
3267 4282 3378 4336 Deo
3415 4282 3526 4336 dati
3557 4281 3688 4346 sint,
3717 4280 3826 4334 do-

2247 4389 2422 4442 minos
2446 4387 2590 4455 quod
2634 4399 2662 4437 a
2706 4382 2936 4435 Domino
2967 4388 3286 4449 potestatem
3326 4375 3639 4444 acceperint
3669 4391 3681 4427 :
3717 4391 3831 4444 μα,-

2245 4483 2531 4552 ταιώματα
2574 4482 2689 4534 Ιιιιῖο
2737 4477 2917 4547 prodit
2946 4475 3211 4544 Origenes
3254 4489 3360 4526 nou
3403 4486 3511 4526 uno
3539 4471 3682 4524 loco.
3719 4470 3817 4525 Vi-

2175 4544 2218 4598 Β
2247 4544 2439 4632 deatur
2502 4572 2688 4627 bomil.
2719 4544 2784 4624 1—6
2831 4571 2886 4622 in
2915 4567 3130 4630 Cenem,
3163 4581 3312 4619 num.
3346 4564 3381 4615 9.
3404 4604 3419 4629 ,
3457 4572 3505 4616 el
3541 4561 3724 4615 homil.
3751 4562 3822 4616 11

2245 4671 2298 4721 in
2327 4668 2516 4728 Nnm.,
2549 4682 2700 4718 num.
2730 4664 2785 4726 4,
2825 4663 2877 4714 in
2913 4675 3019 4729 qua
3049 4674 3210 4728 supra
3237 4655 3674 4710 commemoratis
3703 4654 3827 4708 haec

2244 4761 2510 4830 adjnngit,
2534 4759 2670 4810 alios
2703 4769 2917 4824 quoque
2949 4752 3177 4806 fortasse
3202 4751 3545 4804 extrinsecus
3573 4762 3698 4801 esse
3729 4764 3830 4800 an-

2243 4855 2432 4921 gelos,
2472 4852 2567 4922 qui
2619 4866 2683 4906 ex
2736 4845 3007 4901 universis
3054 4843 3306 4915 gentibus
3354 4841 3542 4902 fideles
3574 4854 3828 4908 quosque

2243 4954 2571 5015 Congregent
2597 4984 2610 5006 ,
2654 4954 2860 5009 eosque
2883 4937 3185 5008 gubernem
3208 4973 3224 5000 ,
3257 4950 3379 4988 eum
3413 4948 3444 4986 a
3466 4932 3684 4987 Christo
3714 4933 3822 5000 ipsi

2244 5042 2634 5104 gnberncutur,
2660 5033 2750 5102 qui
2783 5050 2799 5081 ι
2837 5047 2942 5085 ηοιι
2971 5041 3077 5083 tam
3125 5044 3220 5082 rex
3245 5029 3475 5087 dicatur,
3503 5040 3662 5094 quam
3697 5024 3821 5079 Rex

2243 5147 2462 5200 regum;
2495 5140 2546 5182 et
2575 5144 2679 5180 non
2707 5137 2814 5179 tam
2853 5123 3132 5186 Dominus,
3171 5135 3331 5188 quam
3365 5117 3624 5171 Dominus
3644 5116 3824 5170 domi-

2246 5223 2520 5284 nantium;
2560 5239 2576 5269 ›
2611 5219 2869 5285 additque
2895 5215 3053 5284 paulo
3081 5213 3307 5266 inferius
3335 5224 3585 5279 magnam
3607 5208 3820 5263 sollici-

2245 5313 2486 5366 tudinem
2519 5309 2739 5380 angelos
2774 5309 3034 5362 adbibere
3077 5306 3144 5359 iis
3174 5303 3509 5365 excolendis,
3540 5315 3673 5369 quos
3703 5310 3825 5354 stu-

2245 5407 2332 5460 dio
2363 5419 2464 5459 suo
2513 5419 2577 5456 ac
2607 5402 2882 5470 diligentia
2928 5401 2996 5454 ab
3036 5397 3314 5452 erroribus
3344 5395 3410 5447 ad
3441 5394 3600 5447 iidem
3632 5395 3822 5446 trada-

2245 5497 2445 5552 xerint.
2484 5494 2590 5550 Sed
2620 5506 2673 5548 et
2718 5493 2992 5548 homiliam
3025 5491 3095 5545 ‘25
3120 5492 3172 5542 in
3194 5489 3378 5551 Iosue,
3411 5501 3556 5540 num.
3583 5485 3639 5550 5,
3674 5485 3818 5540 adiri

2237 5591 2421 5658 jubeo,
2457 5599 2514 5646 et
2537 5589 2914 5642 duodecimam
2953 5587 3008 5638 in
3038 5583 3258 5646 Lucam,
3301 5581 3354 5633 in
3397 5594 3500 5648 qua
3532 5577 3818 5630 nationum

2243 5683 2499 5752 praesides
2524 5681 2743 5754 angelos
2769 5680 2870 5736 sub
2898 5675 3151 5748 imposito
3175 5673 3277 5729 sibi
3303 5685 3469 5728 onere
3496 5667 3819 5724 fatiscentes

1675 5814 1717 5845 ⁵⁸
1753 5812 1903 5867 Deut.
1942 5822 2115 5872 χχχιι,
2155 5804 2210 5871 8,
2247 5803 2300 5859 9.
