4160 6406
351 423 453 474 877

1199 415 1773 474 ORIGENIANORUM
1815 410 1943 469 LIB.
1984 411 2048 479 ll,
2085 412 2238 468 CAP.
2282 408 2348 478 ll,
2390 409 2668 478 QUIEST.
2711 408 2776 463 V.

3481 402 3588 462 878

345 527 478 604 lam,
506 551 570 593 ac
596 537 768 593 labori
800 536 1074 607 hnpares,
1104 535 1303 591 Christi
1347 535 1686 589 adventantis
1714 533 1914 586 auxilio
1945 544 1987 596 Α
2017 548 2166 584 num.
2219 531 2252 583 5
2289 547 2304 596 ;
2362 529 2454 581 sed
2511 524 2906 580 asseverantins
2958 522 3123 578 etiam
3200 523 3388 579 homil.
3448 524 3471 576 I
3535 526 3587 577 in

350 631 516 684 fuisse
563 630 873 684 sublevatos
916 629 1148 680 afﬁrmat
1182 646 1194 680 :
1227 642 1290 682 ac
1335 626 1529 680 librum
1567 643 1579 678 ι
1623 625 1761 692 Περὶ
1813 626 1912 690 ἀι)-

347 720 492 792 χῶν,
527 737 648 792 cap.
679 723 737 786 8,
770 737 917 776 num.
950 722 1003 786 I,
1031 729 1085 773 et
1117 719 1311 772 librum
1344 734 1426 780 III,
1450 734 1568 786 cap.
1596 720 1650 783 3,
1679 734 1823 770 num.
1854 716 1913 778 2,

350 815 437 867 ubi
478 814 772 882 principem
813 812 979 882 Tyri,
1036 823 1090 866 et
1136 811 1433 881 principem
1482 809 1816 874 Persarum,
1863 819 1916 862 et

351 906 658 975 principem
697 905 1008 959 Graecorum
1037 943 1051 968 ,
1085 918 1313 972 quorum
1364 905 1564 956 mentio
1617 903 1676 957 ﬁt
1714 903 1910 959 Ezech.

350 1010 520 1050 xxvm
553 1003 608 1049 et
637 996 772 1049 Dan.
817 1010 872 1059 ι,
905 995 1133 1049 virtutes
1169 992 1430 1064 quasdam
1480 995 1750 1064 spiritales
1795 1011 1916 1050 esse

350 1089 577 1156 asserit;
621 1089 860 1143 bonasne
888 1129 904 1150 ,
931 1101 999 1140 an
1027 1085 1195 1140 malas
1223 1125 1238 1150 ,
1263 1087 1365 1139 hoc
1392 1085 1511 1140 loco
1542 1101 1647 1141 non
1685 1086 1872 1141 deﬁnit
1897 1103 1912 1153 ;

350 1191 408 1235 at
439 1180 627 1236 deﬁnit
654 1179 841 1234 homil.
891 1179 961 1234 55
1005 1181 1060 1232 in
1100 1176 1230 1232 Luc.
1273 1188 1328 1231 et
1361 1177 1633 1248 principes
1658 1179 1778 1233 illos
1804 1181 1913 1234 da:-

353 1287 540 1328 mones
591 1273 1000 1342 interpretatur.
1044 1270 1228 1339 Neque
1278 1285 1412 1326 sane
1459 1271 1516 1325 in
1569 1285 1634 1326 eo
1685 1286 1914 1327 consen-

351 1365 491 1416 tlunt
513 1363 654 1418 inter
679 1377 738 1420 se
765 1361 964 1418 Patres
989 1401 1006 1427 ,
1039 1363 1314 1416 daemones
1343 1377 1438 1417 eas
1465 1377 1588 1418 esse
1620 1365 1917 1419 decernen-

353 1455 497 1510 tibus
542 1453 662 1509 aliis
689 1493 705 1520 ,
754 1455 875 1510 aliis
919 1455 1179 1523 angelos,
1210 1469 1507 1525 eorumque
1552 1459 1913 1512 concertatio-

351 1562 450 1604 nes
487 1561 520 1602 a
559 1546 783 1603 Daniele
809 1547 1090 1618 expositas
1122 1547 1178 1601 in
1206 1557 1415 1601 rectum
1446 1562 1664 1604 sensum
1699 1551 1917 1606 trahen-

354 1642 527 1696 tibus.

420 1734 492 1788 At
511 1732 656 1788 enim
689 1729 922 1788 diIIicilis
950 1732 1166 1785 Videtur
1197 1729 1534 1798 Origeniante
1584 1731 1743 1801 hujus
1770 1747 1917 1788 com-

352 1825 700 1882 mentationis
745 1830 916 1890 ratio;
949 1839 1074 1877 nam
1132 1823 1178 1876 si
1226 1841 1244 1873 ‹
1277 1823 1557 1876 constituit
1605 1822 1919 1880 Altissimus

356 1919 616 1974 terminos
672 1916 1036 1987 populorum,
1079 1915 1234 1985 juxta
1276 1929 1555 1968 numerum
1606 1915 1918 1986 angelorum

356 2013 474 2077 Dei,
512 2030 532 2064 ι
568 2011 730 2066 fuerit
763 2009 1076 2080 angelorum
1103 2022 1360 2062 numerus
1411 2007 1606 2076 oppido
1643 2009 1915 2077 exiguus;

355 2121 460 2161 non
491 2104 672 2159 multae
695 2103 962 2172 siquidem
991 2108 1180 2170 gentes
1201 2099 1388 2153 orbein
1430 2098 1689 2152 incolunt.
1719 2099 1918 2152 Verum

353 2195 606 2266 expedita
639 2203 723 2248 est
752 2192 1074 2262 responsio;
1102 2204 1200 2246 nec
1223 2191 1367 2245 enim
1406 2190 1667 2258 quidquid
1712 2189 1918 2260 uspiam

353 2287 668 2359 angelorum
700 2296 822 2353 est,
851 2284 970 2339 orbi
997 2284 1125 2338 huic
1155 2280 1392 2351 regendo
1421 2282 1732 2350 deputatum
1764 2281 1922 2337 intel-

355 2382 470 2450 ligit
496 2379 856 2436 Adamantius
881 2415 897 2442 ,
920 2377 1017 2432 sed
1049 2374 1268 2430 selectis
1303 2372 1575 2442 aliquibus
1600 2389 1666 2428 ex
1698 2373 1921 2428 inferio-

357 2474 508 2528 ribus
554 2471 839 2526 ordinibus
868 2469 1078 2538 angelis
1128 2467 1184 2521 id
1231 2466 1472 2520 muneris
1502 2464 1670 2520 fuisse
1698 2466 1918 2535 imposi-

357 2576 498 2633 tum;
539 2579 608 2619 ex
635 2564 700 2618 iis
727 2577 888 2633 porro
930 2559 1216 2616 nonnullos
1264 2559 1392 2613 totis
1433 2557 1718 2627 praefectos
1745 2561 1920 2627 genti-

355 2659 492 2722 bus;
525 2655 662 2710 alios
695 2653 1024 2723 provinciis;
1060 2652 1284 2707 urbibus
1308 2651 1478 2714 alios,
1524 2650 1802 2716 Ecclesiis,
1833 2667 1920 2705 ar-

357 2751 502 2806 tibus
527 2790 544 2816 ,
572 2748 872 2816 disciplinis
895 2787 910 2813 ,
943 2745 1172 2816 singulis
1222 2758 1438 2814 quoque
1483 2745 1793 2798 bowinibus
1814 2784 1830 2808 ,
1865 2759 1921 2800 et

355 2844 518 2898 rebus
547 2842 711 2897 etiam
757 2840 1049 2904 inanimis,
1099 2837 1178 2892 uti
1225 2853 1350 2892 mox
1387 2837 1916 2904 demonstrabimus;

357 2935 584 3005 illosque
629 2933 683 2988 in
714 2933 818 2988 hoc
845 2932 1006 2987 etiam
1059 2943 1285 2984 munere
1318 2929 1421 2984 sibi
1467 2928 1758 2983 succedere
1786 2929 1923 2982 invi-

356 3043 476 3084 cem
503 3045 519 3095 ;
549 3036 604 3083 et
635 3026 817 3096 plures
845 3037 1229 3092 nonnunquam
1254 3020 1461 3076 homini
1490 3020 1580 3074 uni
1621 3021 1878 3076 assistere
1901 3061 1917 3088 ,

357 3130 412 3176 et
436 3119 618 3174 omnia
650 3117 858 3187 angelis
882 3116 1038 3186 plena
1073 3128 1215 3169 esse.

427 3210 637 3266 XXVII.
675 3210 793 3264 Dixi
825 3208 1196 3263 Ecclesiarum
1233 3205 1400 3260 etiam
1448 3204 1686 3276 regimen
1715 3205 1922 3275 angelis

2022 623 2240 688 Ezeclt.,
2270 639 2418 675 num.
2450 622 2479 673 7
2517 639 2527 672 :
2567 639 2585 670 ε
2621 618 2733 673 Νοη
2764 618 2960 672 sulIicit
2985 655 3003 683 ,
3034 617 3241 686 inquit,
3278 633 3442 670 unum
3483 633 3591 672 cte-

2023 716 2130 769 lnm
2185 715 2426 784 aperiri:
2463 716 2779 782 aperiuntur
2821 711 3083 779 plurimi,
3125 719 3182 762 ut
3228 711 3588 775 descendant,

2022 824 2126 862 non
2160 809 2227 861 ab
2263 823 2389 870 uno,
2437 807 2528 860 sed
2576 806 2644 859 ab
2687 805 2938 858 onmibus
2985 803 3140 857 cmlis
3169 802 3343 872 angeli
3381 803 3446 856 ad
3497 818 3590 858 eos

2022 901 2113 969 qui
2159 900 2402 954 salvandi
2437 909 2582 952 sunt.
2637 917 2656 949 ι
2697 897 2762 950 Et
2795 912 2916 950 mox
2946 915 2957 949 :
2993 915 3010 947 ‹
3046 895 3272 963 Quando
3300 905 3478 949 autem
3513 897 3592 949 vi-

2022 995 2214 1048 derunt
2261 992 2560 1061 principem
2601 989 2807 1042 militiae
2859 987 3096 1043 caelestis
3142 989 3194 1040 in
3241 972 3589 1040 terrestribus

2023 1086 2156 1140 locis
2191 1084 2533 1147 commorari,
2578 1093 2706 1136 tunc
2754 1095 2849 1149 per
2902 1088 3141 1148 apertam
3183 1077 3326 1131 viam
3357 1077 3588 1146 ingressi

2022 1189 2147 1232 sunt
2174 1185 2464 1246 sequentes
2506 1174 2790 1228 Dominum
2827 1187 3009 1238 suum,
3039 1180 3091 1226 et
3121 1179 3372 1238 parentes
3400 1169 3590 1222 volun-

2025 1269 2116 1326 tati
2156 1268 2311 1338 ejus,
2344 1267 2436 1337 qui
2490 1264 2762 1320 distribuit
2810 1279 2904 1320 eos
2953 1264 3204 1319 custodes
3253 1262 3588 1318 credentium

2022 1361 2228 1416 nomini
2279 1374 2400 1416 suo.
2435 1357 2514 1412 Tu
2546 1359 2660 1412 heri
2690 1357 2790 1412 sub
2825 1355 3099 1415 daemonio,
3122 1368 3263 1418 eras,
3296 1353 3456 1408 hodie
3488 1352 3590 1407 sub

2022 1453 2231 1521 angelo.
2268 1472 2287 1504 ι
2321 1451 2431 1506 Nec
2477 1449 2644 1504 multo
2691 1457 2810 1518 post
2840 1467 2854 1502 :
2889 1467 2909 1498 ι
2943 1447 3134 1503 Omnia
3185 1445 3389 1516 angelis
3430 1443 3586 1514 plcna

2023 1553 2142 1600 sunt
2179 1562 2191 1598 :
2227 1545 2366 1608 veni,
2401 1542 2618 1613 angele,
2642 1542 2854 1611 suscipe
2885 1555 3135 1596 sermone
3161 1553 3480 1594 conversum
3516 1539 3585 1592 ab

2023 1653 2211 1694 errore
2238 1638 2488 1706 pristino,
2514 1651 2545 1690 a
2583 1635 2829 1690 doctrina
2861 1633 3273 1700 daemoniorum,
3296 1631 3363 1686 ab
3394 1630 3592 1700 iniqui-

2025 1739 2135 1785 tate
2177 1730 2231 1784 in
2282 1729 2460 1782 Altum
2511 1728 2762 1796 loquente
2798 1744 2812 1781 :
2842 1733 2897 1781 et
2941 1725 3240 1795 suscipiens
3284 1739 3409 1778 eum
3438 1723 3591 1792 quasi

2027 1824 2267 1878 medicus
2287 1825 2458 1878 bonus
2479 1821 2706 1876 conl’ove
2742 1828 2902 1889 atque
2925 1819 3167 1873 institue.
3185 1815 3449 1871 Parvulus
3469 1827 3551 1872 est
3569 1834 3586 1883 ;

2029 1915 2188 1969 hodie
2237 1916 2477 1970 nascitur
2503 1928 2667 1968 senex
2696 1925 3084 1981 repuerascens
3110 1927 3126 1964 :
3153 1920 3209 1964 et
3236 1909 3449 1978 suscipe
3487 1907 3589 1961 tri-

2026 2006 2197 2059 buens
2245 2005 2296 2058 ei
2347 2002 2675 2072 baptismum
2726 2001 2979 2057 secunda:
3033 1994 3504 2071 regenerationis,
3538 2010 3592 2053 et

2028 2097 2235 2150 advoca
2262 2096 2355 2148 tibi
2382 2095 2514 2148 alios
2550 2095 2729 2148 socios
2755 2091 3039 2146 ministerii
3079 2089 3177 2154 tui,
3211 2098 3268 2143 ut
3293 2089 3471 2143 cuncti
3494 2102 3590 2156 pa-

2027 2185 2159 2238 riter
2203 2197 2297 2238 eos
2349 2183 2440 2252 qui
2489 2179 2781 2250 aliquando
2809 2179 3012 2247 decepti
3041 2186 3200 2242 sunt,
3235 2176 3494 2231 erudiatis
3525 2175 3592 2230 ad

2026 2275 2206 2330 ﬁdem.
2237 2295 2256 2327 ι
2278 2272 2826 2328 Animadvertendum
2855 2278 2908 2324 et
2933 2269 3062 2324 illud
3094 2279 3178 2324 est
3202 2283 3234 2324 e
3259 2267 3355 2322 lib.
3375 2283 3414 2321 ιι
3450 2265 3591 2335 Περὶ

2025 2365 2246 2436 ἀρχῶν,
2271 2382 2396 2436 cap.
2439 2365 2526 2430 10,
2563 2380 2710 2418 num.
2746 2361 2818 2418 '7:
2862 2382 2880 2414 ι
2912 2361 3098 2417 Potest
3127 2372 3305 2416 autem
3345 2373 3399 2417 et
3435 2361 3594 2416 tertio

2027 2474 2189 2514 sensu
2235 2458 2364 2512 illud
2413 2456 2638 2528 intelligi
2675 2456 2743 2510 de
2778 2455 3042 2509 divisione
3068 2453 3192 2518 ista,
3236 2461 3295 2506 ut
3340 2451 3592 2522 quoniam

2029 2551 2317 2620 unicuique
2363 2549 2596 2603 ﬁdelium
2625 2589 2641 2614 ,
2685 2545 2897 2601 etiamsi
2931 2545 3186 2600 minimus
3227 2544 3298 2599 sit
3323 2541 3379 2598 in
3406 2542 3594 2598 Eccle-

2028 2643 2130 2706 sia,
2166 2642 2357 2695 adesse
2401 2638 2627 2710 angelus
2671 2637 2893 2701 dicitur,
2932 2636 3024 2705 qui
3071 2635 3235 2690 etiam
3271 2649 3485 2704 semper
3508 2633 3593 2688 vi-

2028 2734 2155 2788 dere
2183 2731 2380 2786 faciem
2432 2731 2528 2786 Dei
2563 2729 2745 2784 Patris
2776 2744 2806 2782 a
2837 2728 3120 2783 Salvatore
3149 2725 3505 2796 perhibetur;
3539 2736 3595 2779 et

2029 2827 2118 2881 hic
2146 2827 2236 2896 qui
2267 2825 2451 2893 utique
2487 2839 2650 2876 unum
2681 2831 2799 2876 erat
2828 2835 2952 2877 cum
2981 2835 3046 2874 eo
3087 2819 3171 2873 cui
3198 2828 3446 2888 prmerat,
3475 2817 3520 2873 si
3549 2818 3594 2872 is

2029 2935 2122 2988 per
2156 2915 2571 2972 inobedientiam
2601 2912 2864 2968 eﬁiciatnr
2891 2912 3164 2980 indignus,
3197 2907 3399 2963 auferri
3432 2909 3499 2963 ab
3525 2927 3590 2965 co

2029 3009 2125 3064 Dei
2148 3006 2370 3076 angelus
2395 3009 2638 3062 dicatur:
2665 3016 2721 3060 et
2751 3016 2875 3059 tunc
2902 3019 3024 3074 pars
3049 3003 3184 3072 ejus,
3214 3003 3266 3056 id
3287 3012 3371 3055 est
3403 3002 3593 3055 Imma-

2029 3115 2113 3154 nae
2143 3111 2348 3153 naturae
2379 3113 2504 3166 pars
2533 3096 2720 3150 avulsa
2750 3112 2779 3149 a
2807 3093 2900 3148 Dei
2935 3106 3088 3163 parte
3117 3109 3239 3146 cunt
3286 3092 3593 3146 inﬁdelibus

2028 3192 2590 3262 deputamr,quoniani
2609 3187 3057 3242 commonitiones
3077 3184 3302 3253 appositi
3321 3183 3422 3238 sibi
3440 3201 3467 3236 a
3488 3185 3596 3237 Deo

357 3305 643 3376 Origenem
693 3303 1003 3373 assignasse
1041 3318 1055 3354 :
1090 3301 1360 3370 geminmn
1401 3263 1668 3368 siquidem
1715 3263 1924 3352 unicui-
1951 3263 1994 3319 θ
2028 3282 2202 3354 angeli
2236 3298 2340 3336 non
2372 3280 2605 3335 ﬁdeliter
2635 3277 2948 3332 custodivit.
2987 3295 3006 3327 ›
3041 3273 3210 3329 Τοιιιο
3250 3289 3463 3342 quoque
3495 3289 3594 3327 xm

356 3413 464 3469 que
499 3397 754 3454 Ecclesiae
781 3409 1016 3465 praeesse
1043 3394 1286 3449 decrevit
1311 3392 1650 3462 episcopum,
1678 3400 1924 3460 aspecta-

357 3491 522 3548 biletn
546 3491 732 3554 alium,
754 3488 918 3542 alium
940 3487 1041 3542 sub
1062 3487 1250 3544 oculos
1265 3485 1578 3553 neutiquam
1606 3485 1920 3548 cadentem;

359 3586 620 3642 suadente
649 3580 1005 3652 Apocalypsis
1033 3578 1271 3635 secundo
1298 3577 1494 3645 capite,
1539 3577 1628 3629 ubi
1663 3573 1830 3628 multa
1861 3575 1926 3627 de

359 3677 567 3747 angelis
617 3673 984 3730 Ecclesiarum
1039 3669 1406 3724 Asiaticarum
1461 3681 1605 3720 cura:
1655 3663 1927 3732 prazl'ectis

360 3774 722 3828 disseruntur.
753 3766 883 3832 Quae
907 3761 1197 3825 sententia,
1229 3759 1484 3829 quoniam
1534 3754 1790 3810 tralatitia
1821 3761 1924 3818 est,

361 3877 419 3922 et
445 3863 668 3918 Patrum
720 3872 982 3914 consensu
1030 3854 1301 3918 subnixa,
1349 3849 1611 3903 addemus
1655 3862 1720 3900 ea
1751 3843 1926 3899 solum

364 3957 614 4029 Origenis
657 3953 820 4008 verba
855 3965 920 4004 ex
955 3945 1145 4002 homil.
1186 3943 1256 3997 25
1309 3943 1365 3994 in
1394 3939 1524 3993 Luc.
1561 3951 1579 3988 :
1616 3955 1634 3988 ι
1671 3935 1784 4005 Ego
1821 3949 1925 3988 non

364 4051 580 4121 ambigo
605 4057 660 4102 et
693 4047 746 4100 in
777 4055 919 4099 cmtu
965 4050 1152 4094 nostro
1187 4036 1377 4090 adesse
1420 4029 1663 4102 angelos,
1699 4043 1806 4082 non
1839 4040 1929 4081 so-

367 4147 478 4201 lum
520 4117 862 4212 generaliter
927 4132 1071 4189 omni
1099 4127 1381 4188 Ecclesiae,
1411 4124 1505 4178 sed
1541 4123 1703 4176 etiam
1729 4117 1929 4187 sigilla-

367 4241 464 4296 tim
492 4255 507 4292 ε
537 4237 602 4291 de
624 4233 816 4304 quibus
847 4226 1095 4284 Salvator
1125 4223 1201 4277 ait
1231 4238 1246 4276 :
1286 4217 1474 4288 Angeli
1513 4230 1692 4268 eorum
1731 4224 1931 4279 semper

364 4333 538 4388 vident
586 4302 777 4398 {aciem
814 4321 987 4375 Patris
1018 4318 1117 4370 mei
1140 4313 1231 4383 qui
1259 4313 1316 4366 in
1345 4308 1486 4364 caelis
1513 4316 1588 4360 est
1623 4306 1690 4358 δι.
1725 4302 1929 4372 Duplex

365 4427 456 4482 hic
484 4392 636 4478 adest
684 4414 924 4473 Ecclesia
949 4453 964 4480 ,
1001 4424 1104 4464 una
1142 4404 1417 4461 hominum
1446 4439 1462 4464 ,
1489 4399 1656 4452 altera
1711 4392 1929 4464 angelo—

368 4535 510 4575 rum.
540 4515 597 4571 Si
628 4509 926 4583 quidjuxta
961 4503 1244 4563 rationein,
1270 4506 1325 4551 et
1347 4495 1501 4564 juxta
1527 4489 1928 4555 Scripturarum

367 4612 595 4667 dicimus
617 4577 968 4665 voluntatem,
997 4596 1247 4650 laetantur
1272 4585 1469 4657 angeli,
1495 4595 1550 4638 et
1569 4591 1728 4636 orant
1749 4577 1930 4632 nobis-
1964 4606 2008 4660 Β
2035 4577 2108 4630 ris

366 4715 513 4760 cum.
561 4701 630 4755 Et
672 4697 798 4768 quia
840 4696 1134 4763 praesentes
1186 4681 1360 4752 angeli
1411 4686 1536 4733 sunt
1583 4675 1636 4728 in
1667 4670 1926 4732 Ecclesia,

365 4797 423 4854 in
455 4795 544 4851 illa
577 4767 838 4848 duntaxat
875 4797 993 4854 quae
1024 4787 1283 4839 meretur,
1329 4782 1383 4826 et
1419 4767 1619 4825 Christi
1654 4773 1737 4819 est
1761 4805 1777 4830 ,
1801 4777 1930 4831 pro-

367 4900 550 4961 pterea
577 4883 859 4941 orantibus
912 4873 1132 4930 feminis
1162 4865 1474 4939 praecipitur
1503 4860 1572 4926 "',
1611 4868 1670 4912 ut
1697 4858 1932 4912 habeant

366 4947 607 5038 velamen
658 4978 818 5043 super
847 4979 1010 5039 caput
1051 4972 1277 5033 propter
1317 4955 1535 5024 angelos
1560 4993 1573 5013 ,
1629 4950 1814 5016 utique
1866 4947 1931 4999 il-

366 5075 446 5128 los
491 5071 582 5142 qui
632 5040 890 5122 assistunt
937 5058 1178 5121 sanctis,
1228 5063 1284 5107 et
1335 5050 1585 5103 laetantur
1638 5044 1692 5097 in
1745 5040 1931 5095 Eccle-

364 5167 467 5220 sia.
512 5184 530 5215 ι

435 5253 674 5311 XXVIII.
712 5251 781 5305 At
813 5253 878 5303 de
901 5244 1107 5314 angelis
1151 5239 1429 5296 hominum
1460 5229 1716 5288 custodia:
1741 5223 1933 5294 prate-

364 5349 492 5412 ctis,
513 5348 640 5417 quid
669 5342 900 5398 sentiret
924 5337 1208 5405 Origenes,
1227 5341 1432 5386 certum
1450 5341 1553 5380 non
1581 5317 1932 5376 habuit.Nam

367 5413 600 5514 primum
632 5434 892 5502 relinquit
939 5430 1160 5485 dubium
1189 5467 1204 5487 ,
1245 5421 1548 5492 singulisne
1583 5413 1889 5472 hominibus
1916 5452 1931 5477 ,

364 5510 434 5590 an
465 5531 665 5589 Christi
694 5529 853 5582 ﬁdem
886 5523 1057 5579 solum
1105 5516 1380 5589 professis,
1428 5523 1480 5566 et
1508 5510 1709 5565 sanctis
1753 5513 1935 5560 custos

365 5625 590 5696 angelus
640 5621 969 5690 assignetur.
1025 5609 1302 5669 Posterius
1343 5603 1473 5659 illud
1524 5601 1666 5656 tueri
1720 5599 1934 5653 videtur

367 5687 556 5777 hotvnil.
584 5717 656 5772 20
685 5687 985 5774 in'Num"
1027 5718 1176 5761 num.
1221 5701 1275 5766 5,
1307 5707 1363 5754 et
1401 5693 1588 5750 homil.
1612 5690 1686 5748 25
1709 5690 1766 5746 in
1791 5687 1931 5745 103..

437 5902 480 5934 “
517 5899 704 5956 Matth.
739 5910 895 5959 xvui,
936 5889 1020 5945 lt).
1115 5885 1157 5919 δ’
1190 5882 1351 5941 ICor.
1387 5893 1462 5945 xl,
1491 5873 1578 5931 I0.

2026 3382 2084 3435 in
2111 3378 2327 3443 Mattlt.,
2367 3393 2512 3430 nunt.
2537 3375 2594 3438 6,
2621 3373 2750 3428 solis
2788 3373 2852 3426 iis
2887 3371 3188 3442 angelicam
3229 3369 3436 3422 videtur
3460 3368 3597 3422 assi-

2029 3484 2196 3542 gnare
2226 3470 2477 3532 tutelam,
2513 3468 2602 3536 qui
2633 3481 2696 3519 ea
2745 3479 2804 3518 se
2831 3463 3021 3534 dignos
3063 3461 3411 3530 praestiterint
3441 3458 3596 3512 ε’Ίνα

2030 3565 2333 3636 ἐνεργήσῃ,
2376 3561 2583 3628 inquit,
2630 3555 2847 3626 πνεῦμα
2903 3552 3210 3624 ἀκάθαρτον
3253 3552 3332 3613 εἰς
3373 3548 3462 3604 τὸν
3512 3550 3601 3604 διά

2026 3673 2176 3718 τινας
2206 3653 2383 3716 αἰτίας
2408 3649 2831 3722 παραδιδόμενον
2857 3644 3024 3715 αὐτῷ,
3059 3644 3153 3696 καὶ
3195 3644 3268 3714 μὴ
3300 3641 3598 3714 ποιήσαντα

2030 3747 2219 3800 ἑαυτὸν
2247 3744 2396 3810 ἄξιον
2423 3742 2664 3814 φρουρᾶς
2697 3737 3011 3807 ἀγγελικῆς·
3035 3746 3088 3790 et
3123 3748 3266 3789 tonio
3301 3744 3559 3802 sequente
3580 3772 3599 3797 ,

2031 3825 2180 3893 num.
2221 3838 2314 3899 21,
2363 3849 2542 3888 annon
2584 3833 2764 3885 anima
2811 3844 2929 3898 quae
2961 3827 3137 3897 angeli
3190 3825 3408 3879 tutelam
3438 3824 3602 3878 fuerit

2030 3931 2358 4001 promerita,
2391 3927 2441 3981 ei
2475 3925 2683 3987 nubat,
2713 3923 2785 3976 ita
2821 3921 3084 3989 inquirit,
3120 3929 3178 3971 ut
3227 3917 3280 3971 id
3329 3913 3600 3970 allirinare

2031 4022 2309 4086 videatur;
2352 4017 2606 4084 additque
2634 4029 2753 4068 eam
2798 4009 3106 4079 hujusmodi
3160 4007 3391 4076 przesidii
3425 4006 3597 4076 gratia

2031 4128 2187 4183 posse
2216 4111 2494 4174 excidere,
2527 4108 2570 4162 si
2619 4119 2722 4174 qua
2757 4103 2876 4158 labe
2922 4103 3122 4156 l'tedata
3163 4098 3486 4169 reperiatur;
3522 4097 3602 4150 al-

2033 4207 2240 4274 teriqne
2262 4203 2453 4272 subjici
2483 4200 2697 4270 angelo,
2721 4207 2881 4265 atque
2918 4196 3047 4248 item
3090 4193 3284 4256 alteri,
3319 4201 3479 4262 prout
3503 4209 3595 4245 eo-

2033 4313 2150 4352 rum
2181 4310 2283 4363 ope
2314 4303 2368 4348 et
2397 4292 2672 4346 consortio
2700 4290 2972 4358 indignam
3017 4301 3077 4340 se
3109 4283 3456 4354 praestiterit;
3500 4298 3600 4336 nec

2031 4388 2230 4459 angeli,
2269 4403 2298 4440 a
2327 4401 2433 4456 quo
2461 4383 2628 4438 semel
2659 4380 2938 4449 repudiata
2970 4387 3073 4441 est,
3111 4375 3466 4446 patrocinium
3495 4375 3599 4428 ite-

2032 4498 2151 4537 rum
2183 4480 2287 4535 sibi
2322 4479 2586 4548 spondere
2615 4489 2789 4544 posse.
2818 4471 3002 4527 Utitur
3027 4470 3091 4523 ad
3122 4469 3236 4521 haec
3262 4467 3381 4520 libri
3411 4465 3604 4518 Pasta-

2160 4574 2530 4635 auctoritate,
2573 4571 2662 4639 qui
2703 4566 2949 4622 homines
3001 4562 3277 4618 Christum
3327 4560 3601 4628 professos

2035 4666 2285 4723 Michaeli
2332 4664 2526 4734 subjici
2560 4662 2738 4726 docet,
2781 4658 2873 4712 sed
2904 4667 3123 4725 promer
3155 4652 3448 4721 voluptatis
3483 4660 3600 4702 stu»

2035 4761 2200 4825 dium,
2226 4756 2280 4811 in
2322 4757 2542 4812 tutelam
2566 4753 2810 4815 alterius,
2831 4751 2921 4819 qui
2947 4747 3155 4802 deliciis
3187 4752 3404 4812 praeest,
3436 4751 3604 4795 trans~

2036 4852 2134 4916 ire,
2171 4865 2280 4903 tum
2333 4847 2486 4902 alteri
2522 4847 2656 4899 tradi
2690 4843 2780 4911 qui
2813 4841 3023 4911 pmnis,
3051 4853 3115 4891 ac
3162 4837 3210 4890 ei
3254 4836 3468 4890 demum
3511 4835 3602 4901 qui

2037 4941 2368 5012 paenitentia:
2394 4939 2678 5007 praefectus
2700 4945 2798 4988 est.
2829 4931 3062 4984 Rursum
3086 4925 3274 4982 homil.
3299 4925 3369 4978 23
3397 4925 3448 4975 in
3475 4921 3600 4975 Luc.

2037 5034 2254 5100 angelos
2287 5043 2582 5100 pra-sentes
2603 5043 2724 5082 esse
2753 5027 2911 5078 docet
2942 5024 2995 5074 in
3049 5035 3110 5074 ea
3152 5018 3324 5071 solum
3363 5013 3602 5068 Ecclesia

2041 5143 2061 5176 ι
2110 5139 2228 5193 quae
2254 5132 2514 5184 meretur,
2539 5131 2590 5173 et
2625 5116 2826 5172 Christi
2854 5123 2956 5169 est.
3013 5131 3032 5163 ›
3085 5111 3190 5165 Sed
3226 5119 3280 5161 et
3305 5107 3435 5160 mihi
3470 5123 3603 5174 pene

2037 5219 2162 5272 illud
2190 5217 2487 5277 exciderat,
2521 5213 2660 5282 quod
2683 5212 2757 5264 ait
2782 5208 2968 5264 homil.
2995 5207 3027 5260 5
3052 5208 3103 5258 in
3137 5203 3328 5266 Num.,
3367 5216 3516 5253 nunt.
3544 5198 3599 5260 5,

2043 5330 2059 5361 ι
2101 5307 2237 5363 Justi
2267 5307 2409 5361 enim
2460 5315 2585 5359 sunt
2608 5341 2624 5366 ,
2657 5302 2746 5370 qui
2800 5299 3046 5366 indigent
3079 5295 3347 5364 adiutorio
3379 5289 3599 5358 angelo-

2038 5420 2155 5458 rum
2187 5401 2320 5463 Dei,
2353 5398 2428 5452 uti
2475 5413 2544 5450 ne
2585 5411 2615 5448 a
2651 5391 2990 5447 daemonibus
3032 5385 3387 5446 subruantur,
3427 5391 3481 5433 et
3535 5395 3601 5433 ne

2039 5495 2204 5551 corda
2242 5505 2426 5546 eorum
2453 5487 2648 5557 sagitta
2684 5483 2904 5539 volante
2952 5482 3002 5532 in
3047 5477 3284 5533 tenebris
3325 5473 3599 5527 terebren-

2043 5601 2168 5653 tur;
2217 5605 2237 5639 ι
2267 5595 2320 5639 et
2363 5581 2507 5652 quod
2545 5580 2641 5636 lib.
2671 5592 2770 5632 vm
2797 5584 2982 5630 contra
3009 5570 3174 5636 Cels.,
3205 5582 3353 5622 num.
3387 5562 3480 5628 56,
3509 5561 3600 5618 ubi

2041 5683 2224 5738 datam
2257 5691 2376 5734 esse
2402 5671 2632 5733 daemoni
2669 5670 2956 5727 adversum
2981 5665 3176 5737 impios
3201 5666 3523 5734 potestatem
3546 5664 3604 5710 et
