  <div class='ocr_page' id='page_1' title='image "/cluster/home/n/w/nwhite01/storage/ocr_20150623/17:no.7/coo.31924054872977/451.png"; bbox 0 0 4160 6392; ppageno 0'>
   <div class='ocr_carea' id='block_1_1' title="bbox 526 350 3792 418">
    <p class='ocr_par' dir='ltr' id='par_1_1' title="bbox 526 350 3792 418">
     <span class='ocr_line' id='line_1_1' title="bbox 526 350 3792 418; baseline 0.003 -12"><span class='ocrx_word' id='word_1_1' title='bbox 526 355 630 408; x_wconf 83' lang='lat'><strong>879</strong></span> <span class='ocrx_word' id='word_1_2' title='bbox 1796 350 1856 407; x_wconf 86' lang='lat' dir='ltr'><strong>P.</strong></span> <span class='ocrx_word' id='word_1_3' title='bbox 1903 351 2214 410; x_wconf 74' lang='lat' dir='ltr'><strong>DANIELIS</strong></span> <span class='ocrx_word' id='word_1_4' title='bbox 2253 351 2493 409; x_wconf 75' lang='lat' dir='ltr'><strong>IIUE&#39;I‘I!</strong></span> <span class='ocrx_word' id='word_1_5' title='bbox 3685 361 3792 418; x_wconf 77' lang='lat'><strong>880</strong></span> 
     </span>
    </p>
   </div>
   <div class='ocr_carea' id='block_1_2' title="bbox 528 467 3789 551">
    <p class='ocr_par' dir='ltr' id='par_1_2' title="bbox 528 467 3789 551">
     <span class='ocr_line' id='line_1_2' title="bbox 528 467 3789 551; baseline 0.003 -24"><span class='ocrx_word' id='word_1_6' title='bbox 528 475 812 543; x_wconf 90' lang='lat' dir='ltr'><strong>imperium</strong></span> <span class='ocrx_word' id='word_1_7' title='bbox 846 469 1080 535; x_wconf 85' lang='lat' dir='ltr'><strong>fatetur;</strong></span> <span class='ocrx_word' id='word_1_8' title='bbox 1109 477 1328 523; x_wconf 90' lang='lat' dir='ltr'><strong>sanctos</strong></span> <span class='ocrx_word' id='word_1_9' title='bbox 1356 476 1535 523; x_wconf 89' lang='lat' dir='ltr'><strong>autem</strong></span> <span class='ocrx_word' id='word_1_10' title='bbox 1560 483 1587 522; x_wconf 89' lang='lat' dir='ltr'><strong>a</strong></span> <span class='ocrx_word' id='word_1_11' title='bbox 1618 467 1837 524; x_wconf 92' lang='lat' dir='ltr'><strong>Christo</strong></span> <span class='ocrx_word' id='word_1_12' title='bbox 1863 473 2095 540; x_wconf 85' lang='lat' dir='ltr'><strong>protegi,</strong></span> <span class='ocrx_word' id='word_1_13' title='bbox 2130 476 2172 532; x_wconf 82' lang='grc' dir='ltr'>Α</span> <span class='ocrx_word' id='word_1_14' title='bbox 2201 473 2282 526; x_wconf 90' lang='lat' dir='ltr'><strong>vis</strong></span> <span class='ocrx_word' id='word_1_15' title='bbox 2319 483 2375 526; x_wconf 93' lang='lat' dir='ltr'><strong>et</strong></span> <span class='ocrx_word' id='word_1_16' title='bbox 2412 474 2512 543; x_wconf 86' lang='lat' dir='ltr'><strong>ipsi</strong></span> <span class='ocrx_word' id='word_1_17' title='bbox 2557 475 2786 544; x_wconf 78' lang='lat' dir='ltr'><strong>apostoli</strong></span> <span class='ocrx_word' id='word_1_18' title='bbox 2832 477 3038 547; x_wconf 81' lang='lat' dir='ltr'><strong>angelis</strong></span> <span class='ocrx_word' id='word_1_19' title='bbox 3073 486 3296 535; x_wconf 90' lang='lat' dir='ltr'><strong>utantur</strong></span> <span class='ocrx_word' id='word_1_20' title='bbox 3323 480 3666 551; x_wconf 87' lang='lat' dir='ltr'><strong>adjutoribus</strong></span> <span class='ocrx_word' id='word_1_21' title='bbox 3719 484 3789 538; x_wconf 89' lang='lat' dir='ltr'><strong>ad</strong></span> 
     </span>
    </p>
   </div>
   <div class='ocr_carea' id='block_1_3' title="bbox 531 558 2101 633">
    <p class='ocr_par' dir='ltr' id='par_1_3' title="bbox 531 558 2101 633">
     <span class='ocr_line' id='line_1_3' title="bbox 531 558 2101 633; baseline -0.003 -15"><span class='ocrx_word' id='word_1_22' title='bbox 531 565 622 633; x_wconf 94' lang='lat' dir='ltr'><strong>qui</strong></span> <span class='ocrx_word' id='word_1_23' title='bbox 643 572 830 618; x_wconf 90' lang='lat' dir='ltr'><strong>contra</strong></span> <span class='ocrx_word' id='word_1_24' title='bbox 861 563 1162 614; x_wconf 64' lang='lat' dir='ltr'><strong>daemonum</strong></span> <span class='ocrx_word' id='word_1_25' title='bbox 1190 558 1434 613; x_wconf 75' lang='lat' dir='ltr'><strong>assultus</strong></span> <span class='ocrx_word' id='word_1_26' title='bbox 1465 559 1684 628; x_wconf 82' lang='lat' dir='ltr'><strong>angelos</strong></span> <span class='ocrx_word' id='word_1_27' title='bbox 1731 576 1862 614; x_wconf 89' lang='lat' dir='ltr'><strong>suos</strong></span> <span class='ocrx_word' id='word_1_28' title='bbox 1894 571 2101 616; x_wconf 85' lang='lat' dir='ltr'><strong>tutores</strong></span> 
     </span>
    </p>
   </div>
   <div class='ocr_carea' id='block_1_4' title="bbox 529 649 2099 719">
    <p class='ocr_par' dir='ltr' id='par_1_4' title="bbox 529 649 2099 719">
     <span class='ocr_line' id='line_1_4' title="bbox 529 649 2099 719; baseline -0.003 -11"><span class='ocrx_word' id='word_1_29' title='bbox 529 655 598 708; x_wconf 88' lang='lat' dir='ltr'><strong>iis</strong></span> <span class='ocrx_word' id='word_1_30' title='bbox 637 652 859 707; x_wconf 86' lang='lat' dir='ltr'><strong>addidit.</strong></span> <span class='ocrx_word' id='word_1_31' title='bbox 908 649 962 703; x_wconf 94' lang='lat' dir='ltr'><strong>Id</strong></span> <span class='ocrx_word' id='word_1_32' title='bbox 1007 650 1149 719; x_wconf 91' lang='lat' dir='ltr'><strong>quod</strong></span> <span class='ocrx_word' id='word_1_33' title='bbox 1191 650 1432 704; x_wconf 87' lang='lat' dir='ltr'><strong>suasisse</strong></span> <span class='ocrx_word' id='word_1_34' title='bbox 1469 649 1682 703; x_wconf 89' lang='lat' dir='ltr'><strong>videtur</strong></span> <span class='ocrx_word' id='word_1_35' title='bbox 1721 649 1943 717; x_wconf 82' lang='lat' dir='ltr'><strong>Origeni</strong></span> <span class='ocrx_word' id='word_1_36' title='bbox 1990 651 2099 704; x_wconf 91' lang='lat' dir='ltr'><strong>Da-</strong></span> 
     </span>
    </p>
   </div>
   <div class='ocr_carea' id='block_1_5' title="bbox 526 740 2100 809">
    <p class='ocr_par' dir='ltr' id='par_1_5' title="bbox 526 740 2100 809">
     <span class='ocr_line' id='line_1_5' title="bbox 526 740 2100 809; baseline 0.001 -14"><span class='ocrx_word' id='word_1_37' title='bbox 526 745 764 798; x_wconf 88' lang='lat' dir='ltr'><strong>vidicum</strong></span> <span class='ocrx_word' id='word_1_38' title='bbox 829 742 956 794; x_wconf 92' lang='lat' dir='ltr'><strong>illul</strong></span> <span class='ocrx_word' id='word_1_39' title='bbox 1021 740 1211 809; x_wconf 84' lang='lat' dir='ltr'><strong>psalmi</strong></span> <span class='ocrx_word' id='word_1_40' title='bbox 1273 756 1466 804; x_wconf 73' lang='lat' dir='ltr'><strong>xxxnt,</strong></span> <span class='ocrx_word' id='word_1_41' title='bbox 1529 743 1560 796; x_wconf 89' lang='lat'><strong>8</strong></span> <span class='ocrx_word' id='word_1_42' title='bbox 1603 761 1617 795; x_wconf 91' lang='lat'>:</span> <span class='ocrx_word' id='word_1_43' title='bbox 1659 761 1680 792; x_wconf 76' lang='grc' dir='ltr'><strong>ι</strong></span> <span class='ocrx_word' id='word_1_44' title='bbox 1733 743 2100 798; x_wconf 87' lang='lat' dir='ltr'><strong>Castrameta-</strong></span> 
     </span>
    </p>
   </div>
   <div class='ocr_carea' id='block_1_6' title="bbox 525 831 2099 902">
    <p class='ocr_par' dir='ltr' id='par_1_6' title="bbox 525 831 2099 902">
     <span class='ocr_line' id='line_1_6' title="bbox 525 831 2099 902; baseline 0 -13"><span class='ocrx_word' id='word_1_45' title='bbox 525 835 674 889; x_wconf 89' lang='lat' dir='ltr'><strong>bitur</strong></span> <span class='ocrx_word' id='word_1_46' title='bbox 712 831 942 902; x_wconf 77' lang='lat' dir='ltr'><strong>angelus</strong></span> <span class='ocrx_word' id='word_1_47' title='bbox 989 831 1198 886; x_wconf 81' lang='lat' dir='ltr'><strong>Domini</strong></span> <span class='ocrx_word' id='word_1_48' title='bbox 1242 832 1294 886; x_wconf 93' lang='lat' dir='ltr'><strong>in</strong></span> <span class='ocrx_word' id='word_1_49' title='bbox 1329 833 1560 886; x_wconf 90' lang='lat' dir='ltr'><strong>circuitu</strong></span> <span class='ocrx_word' id='word_1_50' title='bbox 1594 832 1904 888; x_wconf 90' lang='lat' dir='ltr'><strong>timentium</strong></span> <span class='ocrx_word' id='word_1_51' title='bbox 1951 849 2099 902; x_wconf 88' lang='lat' dir='ltr'><strong>eum,</strong></span> 
     </span>
    </p>
   </div>
   <div class='ocr_carea' id='block_1_7' title="bbox 527 927 1004 991">
    <p class='ocr_par' dir='ltr' id='par_1_7' title="bbox 527 927 1004 991">
     <span class='ocr_line' id='line_1_7' title="bbox 527 927 1004 991; baseline -0.015 -8"><span class='ocrx_word' id='word_1_52' title='bbox 527 937 582 983; x_wconf 92' lang='lat' dir='ltr'><strong>et</strong></span> <span class='ocrx_word' id='word_1_53' title='bbox 614 927 804 991; x_wconf 85' lang='lat' dir='ltr'><strong>eripiet</strong></span> <span class='ocrx_word' id='word_1_54' title='bbox 839 941 949 979; x_wconf 84' lang='lat' dir='ltr'><strong>eos.</strong></span> <span class='ocrx_word' id='word_1_55' title='bbox 987 944 1004 975; x_wconf 74' lang='grc' dir='ltr'><strong>ι</strong></span> 
     </span>
    </p>
   </div>
   <div class='ocr_carea' id='block_1_8' title="bbox 599 1015 2096 1079">
    <p class='ocr_par' dir='ltr' id='par_1_8' title="bbox 599 1015 2096 1079">
     <span class='ocr_line' id='line_1_8' title="bbox 599 1015 2096 1079; baseline -0.002 -6"><span class='ocrx_word' id='word_1_56' title='bbox 599 1021 652 1073; x_wconf 92' lang='lat' dir='ltr'><strong>lu</strong></span> <span class='ocrx_word' id='word_1_57' title='bbox 692 1018 965 1072; x_wconf 87' lang='lat' dir='ltr'><strong>contraria</strong></span> <span class='ocrx_word' id='word_1_58' title='bbox 1007 1023 1185 1069; x_wconf 87' lang='lat' dir='ltr'><strong>autem</strong></span> <span class='ocrx_word' id='word_1_59' title='bbox 1228 1015 1356 1069; x_wconf 83' lang='lat' dir='ltr'><strong>alibi</strong></span> <span class='ocrx_word' id='word_1_60' title='bbox 1404 1015 1674 1079; x_wconf 83' lang='lat' dir='ltr'><strong>discedit,</strong></span> <span class='ocrx_word' id='word_1_61' title='bbox 1720 1025 1774 1070; x_wconf 90' lang='lat' dir='ltr'><strong>et</strong></span> <span class='ocrx_word' id='word_1_62' title='bbox 1822 1017 2096 1072; x_wconf 87' lang='lat' dir='ltr'><strong>neminem</strong></span> 
     </span>
    </p>
   </div>
   <div class='ocr_carea' id='block_1_9' title="bbox 527 1108 2099 1178">
    <p class='ocr_par' dir='ltr' id='par_1_9' title="bbox 527 1108 2099 1178">
     <span class='ocr_line' id='line_1_9' title="bbox 527 1108 2099 1178; baseline -0.002 -12"><span class='ocrx_word' id='word_1_63' title='bbox 527 1110 726 1168; x_wconf 83' lang='lat' dir='ltr'><strong>asserit</strong></span> <span class='ocrx_word' id='word_1_64' title='bbox 763 1109 1010 1178; x_wconf 86' lang='lat' dir='ltr'><strong>angelico</strong></span> <span class='ocrx_word' id='word_1_65' title='bbox 1051 1121 1242 1161; x_wconf 83' lang='lat' dir='ltr'><strong>carere</strong></span> <span class='ocrx_word' id='word_1_66' title='bbox 1279 1108 1535 1175; x_wconf 81' lang='lat' dir='ltr'><strong>pra-sidio</strong></span> <span class='ocrx_word' id='word_1_67' title='bbox 1585 1129 1596 1162; x_wconf 92' lang='lat'><strong>:</strong></span> <span class='ocrx_word' id='word_1_68' title='bbox 1638 1118 1765 1177; x_wconf 90' lang='lat' dir='ltr'><strong>puta</strong></span> <span class='ocrx_word' id='word_1_69' title='bbox 1808 1119 1955 1162; x_wconf 92' lang='lat' dir='ltr'><strong>tomo</strong></span> <span class='ocrx_word' id='word_1_70' title='bbox 1999 1125 2099 1163; x_wconf 74' lang='lat' dir='ltr'><strong>xm</strong></span> 
     </span>
    </p>
   </div>
   <div class='ocr_carea' id='block_1_10' title="bbox 525 1199 2102 1271">
    <p class='ocr_par' dir='ltr' id='par_1_10' title="bbox 525 1199 2102 1271">
     <span class='ocr_line' id='line_1_10' title="bbox 525 1199 2102 1271; baseline -0.004 -11"><span class='ocrx_word' id='word_1_71' title='bbox 525 1208 580 1260; x_wconf 82' lang='lat' dir='ltr'><strong>in</strong></span> <span class='ocrx_word' id='word_1_72' title='bbox 609 1203 828 1265; x_wconf 54' lang='lat' dir='ltr'><strong>Mutila,</strong></span> <span class='ocrx_word' id='word_1_73' title='bbox 856 1217 1004 1255; x_wconf 91' lang='lat' dir='ltr'><strong>num.</strong></span> <span class='ocrx_word' id='word_1_74' title='bbox 1029 1200 1084 1262; x_wconf 85' lang='grc'><strong>5,</strong></span> <span class='ocrx_word' id='word_1_75' title='bbox 1125 1199 1217 1253; x_wconf 89' lang='lat' dir='ltr'><strong>ubi</strong></span> <span class='ocrx_word' id='word_1_76' title='bbox 1242 1199 1476 1252; x_wconf 90' lang='lat' dir='ltr'><strong>Iunatieo</strong></span> <span class='ocrx_word' id='word_1_77' title='bbox 1506 1200 1656 1264; x_wconf 86' lang='lat' dir='ltr'><strong>huic,</strong></span> <span class='ocrx_word' id='word_1_78' title='bbox 1692 1217 1853 1271; x_wconf 88' lang='lat' dir='ltr'><strong>quem</strong></span> <span class='ocrx_word' id='word_1_79' title='bbox 1889 1202 2102 1256; x_wconf 80' lang='lat' dir='ltr'><strong>curavit</strong></span> 
     </span>
    </p>
   </div>
   <div class='ocr_carea' id='block_1_11' title="bbox 530 1289 2098 1362">
    <p class='ocr_par' dir='ltr' id='par_1_11' title="bbox 530 1289 2098 1362">
     <span class='ocr_line' id='line_1_11' title="bbox 530 1289 2098 1362; baseline -0.006 -7"><span class='ocrx_word' id='word_1_80' title='bbox 530 1297 829 1358; x_wconf 87' lang='lat' dir='ltr'><strong>Dominus,</strong></span> <span class='ocrx_word' id='word_1_81' title='bbox 869 1291 1117 1362; x_wconf 82' lang='lat' dir='ltr'><strong>angelum</strong></span> <span class='ocrx_word' id='word_1_82' title='bbox 1170 1292 1369 1345; x_wconf 92' lang='lat' dir='ltr'><strong>bonum</strong></span> <span class='ocrx_word' id='word_1_83' title='bbox 1427 1289 1668 1345; x_wconf 78' lang='lat' dir='ltr'><strong>adfuisse</strong></span> <span class='ocrx_word' id='word_1_84' title='bbox 1725 1292 1926 1358; x_wconf 88' lang='lat' dir='ltr'><strong>docet,</strong></span> <span class='ocrx_word' id='word_1_85' title='bbox 1985 1301 2098 1346; x_wconf 91' lang='lat' dir='ltr'><strong>tum</strong></span> 
     </span>
    </p>
   </div>
   <div class='ocr_carea' id='block_1_12' title="bbox 526 1385 2101 1449">
    <p class='ocr_par' dir='ltr' id='par_1_12' title="bbox 526 1385 2101 1449">
     <span class='ocr_line' id='line_1_12' title="bbox 526 1385 2101 1449; baseline -0.007 -3"><span class='ocrx_word' id='word_1_86' title='bbox 526 1393 686 1447; x_wconf 87' lang='lat' dir='ltr'><strong>etiam</strong></span> <span class='ocrx_word' id='word_1_87' title='bbox 715 1403 836 1442; x_wconf 89' lang='lat' dir='ltr'><strong>cum</strong></span> <span class='ocrx_word' id='word_1_88' title='bbox 876 1403 906 1442; x_wconf 86' lang='lat' dir='ltr'><strong>a</strong></span> <span class='ocrx_word' id='word_1_89' title='bbox 937 1387 1180 1441; x_wconf 77' lang='lat' dir='ltr'><strong>daemone</strong></span> <span class='ocrx_word' id='word_1_90' title='bbox 1215 1393 1532 1449; x_wconf 78' lang='lat' dir='ltr'><strong>vexaretur,</strong></span> <span class='ocrx_word' id='word_1_91' title='bbox 1579 1395 1634 1438; x_wconf 92' lang='lat' dir='ltr'><strong>et</strong></span> <span class='ocrx_word' id='word_1_92' title='bbox 1685 1385 1920 1438; x_wconf 90' lang='lat' dir='ltr'><strong>nondum</strong></span> <span class='ocrx_word' id='word_1_93' title='bbox 1955 1385 2101 1440; x_wconf 86' lang='lat' dir='ltr'><strong>salu-</strong></span> 
     </span>
    </p>
   </div>
   <div class='ocr_carea' id='block_1_13' title="bbox 526 1477 2100 1550">
    <p class='ocr_par' dir='ltr' id='par_1_13' title="bbox 526 1477 2100 1550">
     <span class='ocr_line' id='line_1_13' title="bbox 526 1477 2100 1550; baseline -0.006 -11"><span class='ocrx_word' id='word_1_94' title='bbox 526 1495 697 1539; x_wconf 87' lang='lat' dir='ltr'><strong>tarem</strong></span> <span class='ocrx_word' id='word_1_95' title='bbox 733 1482 935 1538; x_wconf 82' lang='lat' dir='ltr'><strong>Christi</strong></span> <span class='ocrx_word' id='word_1_96' title='bbox 969 1495 1122 1550; x_wconf 88' lang='lat' dir='ltr'><strong>opem</strong></span> <span class='ocrx_word' id='word_1_97' title='bbox 1167 1480 1422 1533; x_wconf 80' lang='lat' dir='ltr'><strong>sensisset</strong></span> <span class='ocrx_word' id='word_1_98' title='bbox 1457 1498 1470 1531; x_wconf 87' lang='lat'>:</span> <span class='ocrx_word' id='word_1_99' title='bbox 1499 1477 1688 1549; x_wconf 84' lang='grc' dir='ltr'><strong>Πατὴρ</strong></span> <span class='ocrx_word' id='word_1_100' title='bbox 1724 1478 1780 1531; x_wconf 78' lang='grc' dir='ltr'><strong>δὲ</strong></span> <span class='ocrx_word' id='word_1_101' title='bbox 1819 1478 1912 1532; x_wconf 77' lang='grc' dir='ltr'><strong>τοῦ</strong></span> <span class='ocrx_word' id='word_1_102' title='bbox 1951 1478 2100 1548; x_wconf 85' lang='grc' dir='ltr'>σελη-</span> 
     </span>
    </p>
   </div>
   <div class='ocr_carea' id='block_1_14' title="bbox 526 1569 2100 1646">
    <p class='ocr_par' dir='ltr' id='par_1_14' title="bbox 526 1569 2100 1646">
     <span class='ocr_line' id='line_1_14' title="bbox 526 1569 2100 1646; baseline -0.006 -15"><span class='ocrx_word' id='word_1_103' title='bbox 526 1575 843 1646; x_wconf 81' lang='grc' dir='ltr'><strong>νιαζομένου</strong></span> <span class='ocrx_word' id='word_1_104' title='bbox 865 1574 1004 1643; x_wconf 86' lang='grc' dir='ltr'><strong>τάχα</strong></span> <span class='ocrx_word' id='word_1_105' title='bbox 1032 1575 1060 1625; x_wconf 84' lang='grc' dir='ltr'>ὁ</span> <span class='ocrx_word' id='word_1_106' title='bbox 1088 1571 1266 1643; x_wconf 75' lang='grc' dir='ltr'>λαχὼν</span> <span class='ocrx_word' id='word_1_107' title='bbox 1302 1570 1462 1624; x_wconf 76' lang='grc' dir='ltr'>αὐτὸν</span> <span class='ocrx_word' id='word_1_108' title='bbox 1499 1569 1746 1638; x_wconf 82' lang='grc' dir='ltr'><strong>ἄγγελος·</strong></span> <span class='ocrx_word' id='word_1_109' title='bbox 1779 1571 1886 1622; x_wconf 73' lang='grc' dir='ltr'><strong>εἴτε</strong></span> <span class='ocrx_word' id='word_1_110' title='bbox 1917 1572 2100 1624; x_wconf 81' lang='grc' dir='ltr'>πᾶσαν</span> 
     </span>
    </p>
   </div>
   <div class='ocr_carea' id='block_1_15' title="bbox 527 1662 2103 1738">
    <p class='ocr_par' dir='ltr' id='par_1_15' title="bbox 527 1662 2103 1738">
     <span class='ocr_line' id='line_1_15' title="bbox 527 1662 2103 1738; baseline -0.004 -16"><span class='ocrx_word' id='word_1_111' title='bbox 527 1670 741 1724; x_wconf 80' lang='grc' dir='ltr'><strong>λεκτέον</strong></span> <span class='ocrx_word' id='word_1_112' title='bbox 782 1667 1130 1738; x_wconf 78' lang='grc' dir='ltr'><strong>ἀνθρωπίνην</strong></span> <span class='ocrx_word' id='word_1_113' title='bbox 1174 1663 1351 1734; x_wconf 70' lang='grc' dir='ltr'>ψυχὴν</span> <span class='ocrx_word' id='word_1_114' title='bbox 1401 1662 1507 1716; x_wconf 83' lang='grc' dir='ltr'><strong>ὑπό</strong></span> <span class='ocrx_word' id='word_1_115' title='bbox 1548 1680 1651 1716; x_wconf 89' lang='grc' dir='ltr'><strong>τινι</strong></span> <span class='ocrx_word' id='word_1_116' title='bbox 1706 1662 1962 1732; x_wconf 83' lang='grc' dir='ltr'><strong>τετάχθαι</strong></span> <span class='ocrx_word' id='word_1_117' title='bbox 2007 1664 2103 1731; x_wconf 70' lang='grc' dir='ltr'><strong>ἀγα</strong></span> 
     </span>
    </p>
   </div>
   <div class='ocr_carea' id='block_1_16' title="bbox 525 1753 2099 1832">
    <p class='ocr_par' dir='ltr' id='par_1_16' title="bbox 525 1753 2099 1832">
     <span class='ocr_line' id='line_1_16' title="bbox 525 1753 2099 1832; baseline -0.004 -16"><span class='ocrx_word' id='word_1_118' title='bbox 525 1762 688 1832; x_wconf 81' lang='grc' dir='ltr'><strong>γέλῳ.</strong></span> <span class='ocrx_word' id='word_1_119' title='bbox 737 1759 998 1814; x_wconf 90' lang='lat' dir='ltr'><strong>lllustrior</strong></span> <span class='ocrx_word' id='word_1_120' title='bbox 1027 1758 1186 1810; x_wconf 86' lang='lat' dir='ltr'><strong>e:iam</strong></span> <span class='ocrx_word' id='word_1_121' title='bbox 1214 1766 1298 1810; x_wconf 88' lang='lat' dir='ltr'><strong>est</strong></span> <span class='ocrx_word' id='word_1_122' title='bbox 1342 1755 1491 1810; x_wconf 91' lang='lat' dir='ltr'><strong>locus</strong></span> <span class='ocrx_word' id='word_1_123' title='bbox 1529 1754 1666 1808; x_wconf 88' lang='lat' dir='ltr'><strong>alter</strong></span> <span class='ocrx_word' id='word_1_124' title='bbox 1705 1769 1772 1809; x_wconf 83' lang='lat' dir='ltr'><strong>ex</strong></span> <span class='ocrx_word' id='word_1_125' title='bbox 1810 1753 1994 1808; x_wconf 88' lang='lat' dir='ltr'><strong>homil.</strong></span> <span class='ocrx_word' id='word_1_126' title='bbox 2028 1754 2099 1809; x_wconf 79' lang='lat'><strong>55</strong></span> 
     </span>
    </p>
   </div>
   <div class='ocr_carea' id='block_1_17' title="bbox 525 1831 2175 1919">
    <p class='ocr_par' dir='ltr' id='par_1_17' title="bbox 525 1831 2175 1919">
     <span class='ocr_line' id='line_1_17' title="bbox 525 1831 2175 1919; baseline -0.004 -13"><span class='ocrx_word' id='word_1_127' title='bbox 525 1857 580 1906; x_wconf 83' lang='lat' dir='ltr'><strong>in</strong></span> <span class='ocrx_word' id='word_1_128' title='bbox 628 1831 756 1906; x_wconf 79' lang='lat' dir='ltr'><strong>Luc.</strong></span> <span class='ocrx_word' id='word_1_129' title='bbox 805 1851 856 1903; x_wconf 93' lang='lat' dir='ltr'><strong>in</strong></span> <span class='ocrx_word' id='word_1_130' title='bbox 887 1865 994 1919; x_wconf 91' lang='lat' dir='ltr'><strong>quo</strong></span> <span class='ocrx_word' id='word_1_131' title='bbox 1045 1847 1390 1918; x_wconf 78' lang='lat' dir='ltr'><strong>parvulorum</strong></span> <span class='ocrx_word' id='word_1_132' title='bbox 1429 1848 1519 1917; x_wconf 90' lang='lat' dir='ltr'><strong>qui</strong></span> <span class='ocrx_word' id='word_1_133' title='bbox 1554 1846 1805 1900; x_wconf 74' lang='lat' dir='ltr'><strong>Ecclesia:</strong></span> <span class='ocrx_word' id='word_1_134' title='bbox 1837 1845 2104 1900; x_wconf 90' lang='lat' dir='ltr'><strong>dederunt</strong></span> <span class='ocrx_word' id='word_1_135' title='bbox 2134 1831 2175 1886; x_wconf 76' lang='grc' dir='ltr'><strong>Β</strong></span> 
     </span>
    </p>
   </div>
   <div class='ocr_carea' id='block_1_18' title="bbox 525 1938 2103 2013">
    <p class='ocr_par' dir='ltr' id='par_1_18' title="bbox 525 1938 2103 2013">
     <span class='ocr_line' id='line_1_18' title="bbox 525 1938 2103 2013; baseline -0.007 -13"><span class='ocrx_word' id='word_1_136' title='bbox 525 1960 720 2000; x_wconf 88' lang='lat' dir='ltr'><strong>nomen</strong></span> <span class='ocrx_word' id='word_1_137' title='bbox 745 1984 760 2008; x_wconf 94' lang='lat'><strong>,</strong></span> <span class='ocrx_word' id='word_1_138' title='bbox 809 1942 1029 2013; x_wconf 83' lang='lat' dir='ltr'><strong>angelos</strong></span> <span class='ocrx_word' id='word_1_139' title='bbox 1059 1941 1250 1996; x_wconf 79' lang='lat' dir='ltr'><strong>faciem</strong></span> <span class='ocrx_word' id='word_1_140' title='bbox 1281 1939 1519 1994; x_wconf 66' lang='lat' dir='ltr'><strong>caelestis</strong></span> <span class='ocrx_word' id='word_1_141' title='bbox 1566 1938 1745 1993; x_wconf 88' lang='lat' dir='ltr'><strong>Patris</strong></span> <span class='ocrx_word' id='word_1_142' title='bbox 1779 1952 1993 2007; x_wconf 90' lang='lat' dir='ltr'><strong>semper</strong></span> <span class='ocrx_word' id='word_1_143' title='bbox 2020 1939 2103 1990; x_wconf 86' lang='lat' dir='ltr'><strong>vi-</strong></span> 
     </span>
    </p>
   </div>
   <div class='ocr_carea' id='block_1_19' title="bbox 525 2028 2099 2101">
    <p class='ocr_par' dir='ltr' id='par_1_19' title="bbox 525 2028 2099 2101">
     <span class='ocr_line' id='line_1_19' title="bbox 525 2028 2099 2101; baseline -0.006 -10"><span class='ocrx_word' id='word_1_144' title='bbox 525 2039 658 2092; x_wconf 89' lang='lat' dir='ltr'><strong>dere</strong></span> <span class='ocrx_word' id='word_1_145' title='bbox 705 2040 1007 2098; x_wconf 85' lang='lat' dir='ltr'><strong>asseverat;</strong></span> <span class='ocrx_word' id='word_1_146' title='bbox 1057 2031 1149 2101; x_wconf 88' lang='lat' dir='ltr'><strong>qui</strong></span> <span class='ocrx_word' id='word_1_147' title='bbox 1186 2046 1315 2085; x_wconf 90' lang='lat' dir='ltr'><strong>vero</strong></span> <span class='ocrx_word' id='word_1_148' title='bbox 1349 2031 1416 2084; x_wconf 92' lang='lat' dir='ltr'><strong>ab</strong></span> <span class='ocrx_word' id='word_1_149' title='bbox 1451 2029 1690 2084; x_wconf 88' lang='lat' dir='ltr'><strong>Ecclesia</strong></span> <span class='ocrx_word' id='word_1_150' title='bbox 1740 2028 1898 2083; x_wconf 90' lang='lat' dir='ltr'><strong>alieni</strong></span> <span class='ocrx_word' id='word_1_151' title='bbox 1952 2038 2099 2098; x_wconf 91' lang='lat' dir='ltr'><strong>sunt,</strong></span> 
     </span>
    </p>
   </div>
   <div class='ocr_carea' id='block_1_20' title="bbox 524 2120 2102 2197">
    <p class='ocr_par' dir='ltr' id='par_1_20' title="bbox 524 2120 2102 2197">
     <span class='ocr_line' id='line_1_20' title="bbox 524 2120 2102 2197; baseline -0.006 -14"><span class='ocrx_word' id='word_1_152' title='bbox 524 2143 711 2185; x_wconf 90' lang='lat' dir='ltr'><strong>eorum</strong></span> <span class='ocrx_word' id='word_1_153' title='bbox 740 2126 963 2197; x_wconf 87' lang='lat' dir='ltr'><strong>angelos</strong></span> <span class='ocrx_word' id='word_1_154' title='bbox 995 2126 1060 2178; x_wconf 88' lang='lat' dir='ltr'><strong>ad</strong></span> <span class='ocrx_word' id='word_1_155' title='bbox 1099 2121 1338 2178; x_wconf 82' lang='lat' dir='ltr'><strong>ctelestis</strong></span> <span class='ocrx_word' id='word_1_156' title='bbox 1370 2121 1547 2176; x_wconf 86' lang='lat' dir='ltr'><strong>Patris</strong></span> <span class='ocrx_word' id='word_1_157' title='bbox 1580 2120 1771 2175; x_wconf 90' lang='lat' dir='ltr'><strong>faciem</strong></span> <span class='ocrx_word' id='word_1_158' title='bbox 1803 2121 1991 2176; x_wconf 91' lang='lat' dir='ltr'><strong>oculos</strong></span> <span class='ocrx_word' id='word_1_159' title='bbox 2018 2130 2102 2173; x_wconf 92' lang='lat' dir='ltr'><strong>at-</strong></span> 
     </span>
    </p>
   </div>
   <div class='ocr_carea' id='block_1_21' title="bbox 527 2212 2100 2284">
    <p class='ocr_par' dir='ltr' id='par_1_21' title="bbox 527 2212 2100 2284">
     <span class='ocr_line' id='line_1_21' title="bbox 527 2212 2100 2284; baseline -0.006 -9"><span class='ocrx_word' id='word_1_160' title='bbox 527 2219 714 2274; x_wconf 87' lang='lat' dir='ltr'><strong>tollere</strong></span> <span class='ocrx_word' id='word_1_161' title='bbox 740 2231 844 2271; x_wconf 91' lang='lat' dir='ltr'><strong>non</strong></span> <span class='ocrx_word' id='word_1_162' title='bbox 880 2217 1116 2281; x_wconf 84' lang='lat' dir='ltr'><strong>audere;</strong></span> <span class='ocrx_word' id='word_1_163' title='bbox 1155 2223 1208 2270; x_wconf 90' lang='lat' dir='ltr'><strong>et</strong></span> <span class='ocrx_word' id='word_1_164' title='bbox 1247 2229 1346 2284; x_wconf 90' lang='lat' dir='ltr'><strong>pro</strong></span> <span class='ocrx_word' id='word_1_165' title='bbox 1393 2213 1671 2268; x_wconf 89' lang='lat' dir='ltr'><strong>hominum</strong></span> <span class='ocrx_word' id='word_1_166' title='bbox 1720 2212 1824 2269; x_wconf 86' lang='lat' dir='ltr'><strong>sibi</strong></span> <span class='ocrx_word' id='word_1_167' title='bbox 1855 2212 2100 2266; x_wconf 85' lang='lat' dir='ltr'><strong>subdito-</strong></span> 
     </span>
    </p>
   </div>
   <div class='ocr_carea' id='block_1_22' title="bbox 525 2302 2102 2375">
    <p class='ocr_par' dir='ltr' id='par_1_22' title="bbox 525 2302 2102 2375">
     <span class='ocr_line' id='line_1_22' title="bbox 525 2302 2102 2375; baseline -0.006 -9"><span class='ocrx_word' id='word_1_168' title='bbox 525 2327 646 2366; x_wconf 85' lang='lat' dir='ltr'><strong>rum</strong></span> <span class='ocrx_word' id='word_1_169' title='bbox 671 2309 884 2366; x_wconf 89' lang='lat' dir='ltr'><strong>meritis</strong></span> <span class='ocrx_word' id='word_1_170' title='bbox 917 2324 980 2363; x_wconf 91' lang='lat' dir='ltr'><strong>ae</strong></span> <span class='ocrx_word' id='word_1_171' title='bbox 1005 2307 1329 2372; x_wconf 76' lang='lat' dir='ltr'><strong>virtutibus,</strong></span> <span class='ocrx_word' id='word_1_172' title='bbox 1374 2305 1493 2375; x_wconf 90' lang='lat' dir='ltr'><strong>plus</strong></span> <span class='ocrx_word' id='word_1_173' title='bbox 1537 2305 1814 2368; x_wconf 82' lang='lat' dir='ltr'><strong>minusve,</strong></span> <span class='ocrx_word' id='word_1_174' title='bbox 1841 2302 1922 2358; x_wconf 85' lang='lat' dir='ltr'><strong>vel</strong></span> <span class='ocrx_word' id='word_1_175' title='bbox 1959 2317 2102 2358; x_wconf 90' lang='lat' dir='ltr'><strong>sem-</strong></span> 
     </span>
    </p>
   </div>
   <div class='ocr_carea' id='block_1_23' title="bbox 525 2394 2097 2473">
    <p class='ocr_par' dir='ltr' id='par_1_23' title="bbox 525 2394 2097 2473">
     <span class='ocr_line' id='line_1_23' title="bbox 525 2394 2097 2473; baseline -0.004 -18"><span class='ocrx_word' id='word_1_176' title='bbox 525 2417 642 2473; x_wconf 89' lang='lat' dir='ltr'><strong>per,</strong></span> <span class='ocrx_word' id='word_1_177' title='bbox 674 2400 760 2454; x_wconf 88' lang='lat' dir='ltr'><strong>vel</strong></span> <span class='ocrx_word' id='word_1_178' title='bbox 795 2415 1066 2468; x_wconf 84' lang='lat' dir='ltr'><strong>nunquam</strong></span> <span class='ocrx_word' id='word_1_179' title='bbox 1114 2397 1208 2451; x_wconf 88' lang='lat' dir='ltr'><strong>Dei</strong></span> <span class='ocrx_word' id='word_1_180' title='bbox 1259 2397 1463 2450; x_wconf 89' lang='lat' dir='ltr'><strong>vultum</strong></span> <span class='ocrx_word' id='word_1_181' title='bbox 1510 2394 1867 2465; x_wconf 86' lang='lat' dir='ltr'><strong>contemplari</strong></span> <span class='ocrx_word' id='word_1_182' title='bbox 1916 2408 2097 2464; x_wconf 89' lang='lat' dir='ltr'><strong>posse.</strong></span> 
     </span>
    </p>
   </div>
   <div class='ocr_carea' id='block_1_24' title="bbox 527 2485 2098 2560">
    <p class='ocr_par' dir='ltr' id='par_1_24' title="bbox 527 2485 2098 2560">
     <span class='ocr_line' id='line_1_24' title="bbox 527 2485 2098 2560; baseline -0.004 -16"><span class='ocrx_word' id='word_1_183' title='bbox 527 2493 666 2560; x_wconf 78' lang='lat' dir='ltr'><strong>Quin</strong></span> <span class='ocrx_word' id='word_1_184' title='bbox 699 2491 866 2544; x_wconf 86' lang='lat' dir='ltr'><strong>etiam</strong></span> <span class='ocrx_word' id='word_1_185' title='bbox 902 2489 1192 2557; x_wconf 87' lang='lat' dir='ltr'><strong>unicuique</strong></span> <span class='ocrx_word' id='word_1_186' title='bbox 1218 2486 1436 2556; x_wconf 76' lang='lat' dir='ltr'><strong>angelos</strong></span> <span class='ocrx_word' id='word_1_187' title='bbox 1463 2487 1598 2540; x_wconf 90' lang='lat' dir='ltr'><strong>duos</strong></span> <span class='ocrx_word' id='word_1_188' title='bbox 1621 2526 1635 2550; x_wconf 93' lang='lat'><strong>,</strong></span> <span class='ocrx_word' id='word_1_189' title='bbox 1663 2485 1864 2539; x_wconf 89' lang='lat' dir='ltr'><strong>bonum</strong></span> <span class='ocrx_word' id='word_1_190' title='bbox 1893 2500 2056 2538; x_wconf 90' lang='lat' dir='ltr'><strong>unum</strong></span> <span class='ocrx_word' id='word_1_191' title='bbox 2083 2525 2098 2551; x_wconf 96' lang='lat'><strong>,</strong></span> 
     </span>
    </p>
   </div>
   <div class='ocr_carea' id='block_1_25' title="bbox 524 2577 2096 2647">
    <p class='ocr_par' dir='ltr' id='par_1_25' title="bbox 524 2577 2096 2647">
     <span class='ocr_line' id='line_1_25' title="bbox 524 2577 2096 2647; baseline -0.005 -9"><span class='ocrx_word' id='word_1_192' title='bbox 524 2584 726 2638; x_wconf 90' lang='lat' dir='ltr'><strong>malum</strong></span> <span class='ocrx_word' id='word_1_193' title='bbox 772 2581 997 2636; x_wconf 90' lang='lat' dir='ltr'><strong>alterum</strong></span> <span class='ocrx_word' id='word_1_194' title='bbox 1031 2579 1221 2634; x_wconf 78' lang='lat' dir='ltr'><strong>adesse.</strong></span> <span class='ocrx_word' id='word_1_195' title='bbox 1253 2594 1358 2632; x_wconf 92' lang='lat' dir='ltr'><strong>non</strong></span> <span class='ocrx_word' id='word_1_196' title='bbox 1393 2592 1499 2632; x_wconf 91' lang='lat' dir='ltr'><strong>uno</strong></span> <span class='ocrx_word' id='word_1_197' title='bbox 1530 2578 1649 2633; x_wconf 88' lang='lat' dir='ltr'><strong>loco</strong></span> <span class='ocrx_word' id='word_1_198' title='bbox 1697 2577 2096 2647; x_wconf 86' lang='lat' dir='ltr'><strong>pronuntiavit,</strong></span> 
     </span>
    </p>
   </div>
   <div class='ocr_carea' id='block_1_26' title="bbox 525 2671 1433 2746">
    <p class='ocr_par' dir='ltr' id='par_1_26' title="bbox 525 2671 1433 2746">
     <span class='ocr_line' id='line_1_26' title="bbox 525 2671 1433 2746; baseline -0.009 -15"><span class='ocrx_word' id='word_1_199' title='bbox 525 2687 582 2731; x_wconf 91' lang='lat' dir='ltr'><strong>ut</strong></span> <span class='ocrx_word' id='word_1_200' title='bbox 616 2675 776 2746; x_wconf 89' lang='lat' dir='ltr'><strong>paulo</strong></span> <span class='ocrx_word' id='word_1_201' title='bbox 804 2671 1028 2729; x_wconf 85' lang='lat' dir='ltr'><strong>inferius</strong></span> <span class='ocrx_word' id='word_1_202' title='bbox 1068 2671 1433 2726; x_wconf 84' lang='lat' dir='ltr'><strong>ostendemus.</strong></span> 
     </span>
    </p>
   </div>
   <div class='ocr_carea' id='block_1_27' title="bbox 596 2759 2094 2838">
    <p class='ocr_par' dir='ltr' id='par_1_27' title="bbox 596 2759 2094 2838">
     <span class='ocr_line' id='line_1_27' title="bbox 596 2759 2094 2838; baseline -0.007 -14"><span class='ocrx_word' id='word_1_203' title='bbox 596 2769 814 2824; x_wconf 86' lang='lat' dir='ltr'><strong>Dubitat</strong></span> <span class='ocrx_word' id='word_1_204' title='bbox 842 2777 1103 2838; x_wconf 70' lang='lat' dir='ltr'><strong>praeterea</strong></span> <span class='ocrx_word' id='word_1_205' title='bbox 1146 2763 1410 2833; x_wconf 89' lang='lat' dir='ltr'><strong>Origenes</strong></span> <span class='ocrx_word' id='word_1_206' title='bbox 1440 2771 1618 2818; x_wconf 91' lang='lat' dir='ltr'><strong>utrum</strong></span> <span class='ocrx_word' id='word_1_207' title='bbox 1656 2760 1724 2816; x_wconf 92' lang='lat' dir='ltr'><strong>ab</strong></span> <span class='ocrx_word' id='word_1_208' title='bbox 1760 2761 1878 2831; x_wconf 92' lang='lat' dir='ltr'><strong>ipso</strong></span> <span class='ocrx_word' id='word_1_209' title='bbox 1911 2759 2094 2816; x_wconf 77' lang='lat' dir='ltr'><strong>statim</strong></span> 
     </span>
    </p>
   </div>
   <div class='ocr_carea' id='block_1_28' title="bbox 522 2853 2099 2932">
    <p class='ocr_par' dir='ltr' id='par_1_28' title="bbox 522 2853 2099 2932">
     <span class='ocr_line' id='line_1_28' title="bbox 522 2853 2099 2932; baseline -0.008 -13"><span class='ocrx_word' id='word_1_210' title='bbox 522 2873 645 2919; x_wconf 89' lang='lat' dir='ltr'><strong>ortu</strong></span> <span class='ocrx_word' id='word_1_211' title='bbox 674 2861 894 2932; x_wconf 90' lang='lat' dir='ltr'><strong>angelus</strong></span> <span class='ocrx_word' id='word_1_212' title='bbox 921 2874 1102 2913; x_wconf 91' lang='lat' dir='ltr'><strong>eomes</strong></span> <span class='ocrx_word' id='word_1_213' title='bbox 1128 2857 1332 2912; x_wconf 91' lang='lat' dir='ltr'><strong>homini</strong></span> <span class='ocrx_word' id='word_1_214' title='bbox 1363 2854 1557 2919; x_wconf 89' lang='lat' dir='ltr'><strong>electo,</strong></span> <span class='ocrx_word' id='word_1_215' title='bbox 1589 2864 1644 2910; x_wconf 89' lang='lat' dir='ltr'><strong>et</strong></span> <span class='ocrx_word' id='word_1_216' title='bbox 1667 2853 1826 2909; x_wconf 90' lang='lat' dir='ltr'><strong>saluti</strong></span> <span class='ocrx_word' id='word_1_217' title='bbox 1856 2853 2099 2908; x_wconf 90' lang='lat' dir='ltr'><strong>destina-</strong></span> 
     </span>
    </p>
   </div>
   <div class='ocr_carea' id='block_1_29' title="bbox 523 2946 2098 3022">
    <p class='ocr_par' dir='ltr' id='par_1_29' title="bbox 523 2946 2098 3022">
     <span class='ocr_line' id='line_1_29' title="bbox 523 2946 2098 3022; baseline -0.004 -15"><span class='ocrx_word' id='word_1_218' title='bbox 523 2964 580 3009; x_wconf 91' lang='lat' dir='ltr'><strong>to</strong></span> <span class='ocrx_word' id='word_1_219' title='bbox 609 2953 930 3022; x_wconf 72' lang='lat' dir='ltr'><strong>adiungatur</strong></span> <span class='ocrx_word' id='word_1_220' title='bbox 954 2965 982 3004; x_wconf 91' lang='lat' dir='ltr'><strong>a</strong></span> <span class='ocrx_word' id='word_1_221' title='bbox 1020 2950 1129 3006; x_wconf 88' lang='lat' dir='ltr'><strong>Deo</strong></span> <span class='ocrx_word' id='word_1_222' title='bbox 1157 2993 1172 3017; x_wconf 94' lang='lat'><strong>,</strong></span> <span class='ocrx_word' id='word_1_223' title='bbox 1204 2965 1270 3004; x_wconf 89' lang='lat' dir='ltr'><strong>an</strong></span> <span class='ocrx_word' id='word_1_224' title='bbox 1307 2963 1337 3002; x_wconf 90' lang='lat' dir='ltr'><strong>a</strong></span> <span class='ocrx_word' id='word_1_225' title='bbox 1368 2948 1657 3020; x_wconf 90' lang='lat' dir='ltr'><strong>baptismo.</strong></span> <span class='ocrx_word' id='word_1_226' title='bbox 1703 2946 1916 3001; x_wconf 89' lang='lat' dir='ltr'><strong>Prostat</strong></span> <span class='ocrx_word' id='word_1_227' title='bbox 1943 2946 2098 3001; x_wconf 89' lang='lat' dir='ltr'><strong>locus</strong></span> 
     </span>
    </p>
   </div>
   <div class='ocr_carea' id='block_1_30' title="bbox 524 3035 2098 3106">
    <p class='ocr_par' dir='ltr' id='par_1_30' title="bbox 524 3035 2098 3106">
     <span class='ocr_line' id='line_1_30' title="bbox 524 3035 2098 3106; baseline -0.006 -8"><span class='ocrx_word' id='word_1_228' title='bbox 524 3056 672 3100; x_wconf 91' lang='lat' dir='ltr'><strong>tomo</strong></span> <span class='ocrx_word' id='word_1_229' title='bbox 714 3059 810 3097; x_wconf 74' lang='lat' dir='ltr'><strong>xm</strong></span> <span class='ocrx_word' id='word_1_230' title='bbox 844 3045 902 3095; x_wconf 82' lang='lat' dir='ltr'><strong>in</strong></span> <span class='ocrx_word' id='word_1_231' title='bbox 941 3041 1160 3106; x_wconf 80' lang='lat' dir='ltr'><strong>Matth.,</strong></span> <span class='ocrx_word' id='word_1_232' title='bbox 1207 3056 1356 3093; x_wconf 93' lang='lat' dir='ltr'><strong>num.</strong></span> <span class='ocrx_word' id='word_1_233' title='bbox 1406 3037 1497 3102; x_wconf 72' lang='lat'><strong>26,</strong></span> <span class='ocrx_word' id='word_1_234' title='bbox 1532 3038 1619 3092; x_wconf 92' lang='lat' dir='ltr'><strong>ubi</strong></span> <span class='ocrx_word' id='word_1_235' title='bbox 1663 3035 1789 3089; x_wconf 91' lang='lat' dir='ltr'><strong>illud</strong></span> <span class='ocrx_word' id='word_1_236' title='bbox 1822 3035 2098 3106; x_wconf 85' lang='lat' dir='ltr'><strong>evangeli-</strong></span> 
     </span>
    </p>
   </div>
   <div class='ocr_carea' id='block_1_31' title="bbox 519 3129 2094 3207">
    <p class='ocr_par' dir='ltr' id='par_1_31' title="bbox 519 3129 2094 3207">
     <span class='ocr_line' id='line_1_31' title="bbox 519 3129 2094 3207; baseline -0.009 -13"><span class='ocrx_word' id='word_1_237' title='bbox 519 3149 619 3194; x_wconf 58' lang='grc' dir='ltr'><strong>διε</strong></span> <span class='ocrx_word' id='word_1_238' title='bbox 660 3138 709 3170; x_wconf 74' lang='grc'><strong>⁸⁸</strong></span> <span class='ocrx_word' id='word_1_239' title='bbox 758 3136 1097 3207; x_wconf 79' lang='lat' dir='ltr'><strong>explanans:</strong></span> <span class='ocrx_word' id='word_1_240' title='bbox 1135 3153 1152 3186; x_wconf 77' lang='grc' dir='ltr'><strong>ι</strong></span> <span class='ocrx_word' id='word_1_241' title='bbox 1189 3133 1378 3187; x_wconf 85' lang='lat' dir='ltr'><strong>Videte</strong></span> <span class='ocrx_word' id='word_1_242' title='bbox 1432 3145 1502 3186; x_wconf 91' lang='lat' dir='ltr'><strong>ne</strong></span> <span class='ocrx_word' id='word_1_243' title='bbox 1534 3129 1892 3184; x_wconf 89' lang='lat' dir='ltr'><strong>contemnatis</strong></span> <span class='ocrx_word' id='word_1_244' title='bbox 1931 3142 2094 3181; x_wconf 88' lang='lat' dir='ltr'><strong>unum</strong></span> 
     </span>
    </p>
   </div>
   <div class='ocr_carea' id='block_1_32' title="bbox 521 3217 2093 3297">
    <p class='ocr_par' dir='ltr' id='par_1_32' title="bbox 521 3217 2093 3297">
     <span class='ocr_line' id='line_1_32' title="bbox 521 3217 2093 3297; baseline -0.008 -13"><span class='ocrx_word' id='word_1_245' title='bbox 521 3245 588 3283; x_wconf 79' lang='lat' dir='ltr'><strong>ex</strong></span> <span class='ocrx_word' id='word_1_246' title='bbox 620 3228 704 3282; x_wconf 88' lang='lat' dir='ltr'><strong>his</strong></span> <span class='ocrx_word' id='word_1_247' title='bbox 733 3225 941 3297; x_wconf 91' lang='lat' dir='ltr'><strong>pusillis</strong></span> <span class='ocrx_word' id='word_1_248' title='bbox 972 3267 988 3292; x_wconf 90' lang='lat'><strong>,</strong></span> <span class='ocrx_word' id='word_1_249' title='bbox 1020 3243 1040 3276; x_wconf 74' lang='grc' dir='ltr'><strong>ι</strong></span> <span class='ocrx_word' id='word_1_250' title='bbox 1069 3223 1261 3293; x_wconf 57' lang='lat' dir='ltr'><strong>quaerit</strong></span> <span class='ocrx_word' id='word_1_251' title='bbox 1291 3237 1473 3277; x_wconf 86' lang='lat' dir='ltr'><strong>annon</strong></span> <span class='ocrx_word' id='word_1_252' title='bbox 1509 3221 1598 3289; x_wconf 86' lang='lat' dir='ltr'><strong>qui</strong></span> <span class='ocrx_word' id='word_1_253' title='bbox 1640 3220 1692 3274; x_wconf 94' lang='lat' dir='ltr'><strong>in</strong></span> <span class='ocrx_word' id='word_1_254' title='bbox 1715 3217 1936 3274; x_wconf 86' lang='lat' dir='ltr'><strong>Christo</strong></span> <span class='ocrx_word' id='word_1_255' title='bbox 1964 3233 2093 3288; x_wconf 90' lang='lat' dir='ltr'><strong>par-</strong></span> 
     </span>
    </p>
   </div>
   <div class='ocr_carea' id='block_1_33' title="bbox 520 3309 2090 3383">
    <p class='ocr_par' dir='ltr' id='par_1_33' title="bbox 520 3309 2090 3383">
     <span class='ocr_line' id='line_1_33' title="bbox 520 3309 2090 3383; baseline -0.006 -12"><span class='ocrx_word' id='word_1_256' title='bbox 520 3314 630 3371; x_wconf 91' lang='lat' dir='ltr'><strong>vuli</strong></span> <span class='ocrx_word' id='word_1_257' title='bbox 661 3325 783 3370; x_wconf 89' lang='lat' dir='ltr'><strong>sunt</strong></span> <span class='ocrx_word' id='word_1_258' title='bbox 813 3325 867 3370; x_wconf 89' lang='lat' dir='ltr'><strong>et</strong></span> <span class='ocrx_word' id='word_1_259' title='bbox 888 3312 1218 3383; x_wconf 79' lang='lat' dir='ltr'><strong>imperfecti,</strong></span> <span class='ocrx_word' id='word_1_260' title='bbox 1237 3312 1548 3380; x_wconf 80' lang='lat' dir='ltr'><strong>angelorum</strong></span> <span class='ocrx_word' id='word_1_261' title='bbox 1581 3309 1826 3364; x_wconf 89' lang='lat' dir='ltr'><strong>custodia</strong></span> <span class='ocrx_word' id='word_1_262' title='bbox 1857 3318 2050 3381; x_wconf 84' lang='lat' dir='ltr'><strong>egeant</strong></span> <span class='ocrx_word' id='word_1_263' title='bbox 2075 3325 2090 3373; x_wconf 93' lang='lat'><strong>;</strong></span> 
     </span>
    </p>
   </div>
   <div class='ocr_carea' id='block_1_34' title="bbox 519 3397 2088 3476">
    <p class='ocr_par' dir='ltr' id='par_1_34' title="bbox 519 3397 2088 3476">
     <span class='ocr_line' id='line_1_34' title="bbox 519 3397 2088 3476; baseline -0.005 -18"><span class='ocrx_word' id='word_1_264' title='bbox 519 3405 757 3476; x_wconf 82' lang='lat' dir='ltr'><strong>majores</strong></span> <span class='ocrx_word' id='word_1_265' title='bbox 801 3411 979 3458; x_wconf 88' lang='lat' dir='ltr'><strong>autem</strong></span> <span class='ocrx_word' id='word_1_266' title='bbox 1015 3411 1070 3458; x_wconf 91' lang='lat' dir='ltr'><strong>et</strong></span> <span class='ocrx_word' id='word_1_267' title='bbox 1121 3402 1390 3472; x_wconf 88' lang='lat' dir='ltr'><strong>perfecti,</strong></span> <span class='ocrx_word' id='word_1_268' title='bbox 1448 3399 1652 3454; x_wconf 86' lang='lat' dir='ltr'><strong>Christi</strong></span> <span class='ocrx_word' id='word_1_269' title='bbox 1715 3397 1902 3467; x_wconf 85' lang='lat' dir='ltr'><strong>ipsius.</strong></span> <span class='ocrx_word' id='word_1_270' title='bbox 1949 3397 2088 3452; x_wconf 90' lang='lat' dir='ltr'><strong>&#39;I‘um</strong></span> 
     </span>
    </p>
   </div>
   <div class='ocr_carea' id='block_1_35' title="bbox 519 3488 2092 3566">
    <p class='ocr_par' dir='ltr' id='par_1_35' title="bbox 519 3488 2092 3566">
     <span class='ocr_line' id='line_1_35' title="bbox 519 3488 2092 3566; baseline -0.006 -18"><span class='ocrx_word' id='word_1_271' title='bbox 519 3494 872 3566; x_wconf 63' lang='lat' dir='ltr'><strong>quaestionem</strong></span> <span class='ocrx_word' id='word_1_272' title='bbox 906 3501 1384 3548; x_wconf 87' lang='lat' dir='ltr'><strong>commemoratam</strong></span> <span class='ocrx_word' id='word_1_273' title='bbox 1413 3488 1688 3559; x_wconf 88' lang='lat' dir='ltr'><strong>pr0ponit,</strong></span> <span class='ocrx_word' id='word_1_274' title='bbox 1725 3489 1919 3557; x_wconf 93' lang='lat' dir='ltr'><strong>ecquid</strong></span> <span class='ocrx_word' id='word_1_275' title='bbox 1945 3496 2092 3557; x_wconf 87' lang='lat' dir='ltr'><strong>post-</strong></span> 
     </span>
    </p>
   </div>
   <div class='ocr_carea' id='block_1_36' title="bbox 521 3579 2092 3656">
    <p class='ocr_par' dir='ltr' id='par_1_36' title="bbox 521 3579 2092 3656">
     <span class='ocr_line' id='line_1_36' title="bbox 521 3579 2092 3656; baseline -0.006 -14"><span class='ocrx_word' id='word_1_276' title='bbox 521 3601 685 3656; x_wconf 88' lang='lat' dir='ltr'><strong>quam</strong></span> <span class='ocrx_word' id='word_1_277' title='bbox 716 3586 824 3640; x_wconf 91' lang='lat' dir='ltr'><strong>nati</strong></span> <span class='ocrx_word' id='word_1_278' title='bbox 844 3597 970 3640; x_wconf 89' lang='lat' dir='ltr'><strong>sunt</strong></span> <span class='ocrx_word' id='word_1_279' title='bbox 997 3583 1252 3648; x_wconf 88' lang='lat' dir='ltr'><strong>infantes,</strong></span> <span class='ocrx_word' id='word_1_280' title='bbox 1283 3597 1354 3635; x_wconf 90' lang='lat' dir='ltr'><strong>an</strong></span> <span class='ocrx_word' id='word_1_281' title='bbox 1382 3590 1666 3650; x_wconf 88' lang='lat' dir='ltr'><strong>postquam</strong></span> <span class='ocrx_word' id='word_1_282' title='bbox 1699 3579 1896 3645; x_wconf 86' lang='lat' dir='ltr'><strong>renati,</strong></span> <span class='ocrx_word' id='word_1_283' title='bbox 1925 3592 2092 3648; x_wconf 85' lang='lat' dir='ltr'><strong>ange—</strong></span> 
     </span>
    </p>
   </div>
   <div class='ocr_carea' id='block_1_37' title="bbox 522 3669 2093 3740">
    <p class='ocr_par' dir='ltr' id='par_1_37' title="bbox 522 3669 2093 3740">
     <span class='ocr_line' id='line_1_37' title="bbox 522 3669 2093 3740; baseline -0.001 -12"><span class='ocrx_word' id='word_1_284' title='bbox 522 3675 695 3731; x_wconf 85' lang='lat' dir='ltr'><strong>lorum</strong></span> <span class='ocrx_word' id='word_1_285' title='bbox 727 3673 1009 3730; x_wconf 89' lang='lat' dir='ltr'><strong>custodum</strong></span> <span class='ocrx_word' id='word_1_286' title='bbox 1033 3674 1306 3729; x_wconf 88' lang='lat' dir='ltr'><strong>eonsortio</strong></span> <span class='ocrx_word' id='word_1_287' title='bbox 1336 3672 1602 3726; x_wconf 90' lang='lat' dir='ltr'><strong>fruantur.</strong></span> <span class='ocrx_word' id='word_1_288' title='bbox 1630 3669 1929 3740; x_wconf 89' lang='lat' dir='ltr'><strong>Utramque</strong></span> <span class='ocrx_word' id='word_1_289' title='bbox 1960 3669 2093 3726; x_wconf 88' lang='lat' dir='ltr'><strong>locis</strong></span> 
     </span>
    </p>
   </div>
   <div class='ocr_carea' id='block_1_38' title="bbox 519 3761 2091 3837">
    <p class='ocr_par' dir='ltr' id='par_1_38' title="bbox 519 3761 2091 3837">
     <span class='ocr_line' id='line_1_38' title="bbox 519 3761 2091 3837; baseline -0.006 -13"><span class='ocrx_word' id='word_1_290' title='bbox 519 3784 553 3823; x_wconf 83' lang='grc' dir='ltr'>θ</span> <span class='ocrx_word' id='word_1_291' title='bbox 581 3766 864 3837; x_wconf 89' lang='lat' dir='ltr'><strong>Scriptura</strong></span> <span class='ocrx_word' id='word_1_292' title='bbox 903 3765 1147 3835; x_wconf 72' lang='lat' dir='ltr'><strong>quaesitis</strong></span> <span class='ocrx_word' id='word_1_293' title='bbox 1173 3763 1324 3818; x_wconf 89' lang='lat' dir='ltr'><strong>fulcit</strong></span> <span class='ocrx_word' id='word_1_294' title='bbox 1358 3765 1704 3829; x_wconf 86' lang='lat' dir='ltr'><strong>sententiam,</strong></span> <span class='ocrx_word' id='word_1_295' title='bbox 1735 3761 1830 3818; x_wconf 82' lang='lat' dir='ltr'><strong>sed</strong></span> <span class='ocrx_word' id='word_1_296' title='bbox 1855 3762 2091 3832; x_wconf 90' lang='lat' dir='ltr'><strong>priorem</strong></span> 
     </span>
    </p>
   </div>
   <div class='ocr_carea' id='block_1_39' title="bbox 521 3850 2089 3928">
    <p class='ocr_par' dir='ltr' id='par_1_39' title="bbox 521 3850 2089 3928">
     <span class='ocr_line' id='line_1_39' title="bbox 521 3850 2089 3928; baseline -0.005 -17"><span class='ocrx_word' id='word_1_297' title='bbox 521 3857 795 3928; x_wconf 85' lang='lat' dir='ltr'><strong>pluribus;</strong></span> <span class='ocrx_word' id='word_1_298' title='bbox 825 3855 1107 3926; x_wconf 87' lang='lat' dir='ltr'><strong>posteriori</strong></span> <span class='ocrx_word' id='word_1_299' title='bbox 1137 3869 1266 3910; x_wconf 87' lang='lat' dir='ltr'><strong>vero</strong></span> <span class='ocrx_word' id='word_1_300' title='bbox 1307 3867 1643 3923; x_wconf 88' lang='lat' dir='ltr'><strong>consequens</strong></span> <span class='ocrx_word' id='word_1_301' title='bbox 1665 3865 1788 3907; x_wconf 86' lang='lat' dir='ltr'><strong>esse</strong></span> <span class='ocrx_word' id='word_1_302' title='bbox 1821 3850 2089 3921; x_wconf 87' lang='lat' dir='ltr'><strong>agnoscit,</strong></span> 
     </span>
    </p>
   </div>
   <div class='ocr_carea' id='block_1_40' title="bbox 519 3943 2090 4021">
    <p class='ocr_par' dir='ltr' id='par_1_40' title="bbox 519 3943 2090 4021">
     <span class='ocr_line' id='line_1_40' title="bbox 519 3943 2090 4021; baseline -0.006 -16"><span class='ocrx_word' id='word_1_303' title='bbox 519 3949 725 4021; x_wconf 83' lang='lat' dir='ltr'><strong>angelis</strong></span> <span class='ocrx_word' id='word_1_304' title='bbox 779 3949 993 4004; x_wconf 67' lang='lat' dir='ltr'><strong>Satanae</strong></span> <span class='ocrx_word' id='word_1_305' title='bbox 1023 3947 1296 4002; x_wconf 91' lang='lat' dir='ltr'><strong>subditum</strong></span> <span class='ocrx_word' id='word_1_306' title='bbox 1327 3958 1450 4000; x_wconf 91' lang='lat' dir='ltr'><strong>esse</strong></span> <span class='ocrx_word' id='word_1_307' title='bbox 1499 3943 1773 3998; x_wconf 84' lang='lat' dir='ltr'><strong>hominem</strong></span> <span class='ocrx_word' id='word_1_308' title='bbox 1803 3981 1820 4008; x_wconf 89' lang='lat'><strong>,</strong></span> <span class='ocrx_word' id='word_1_309' title='bbox 1852 3944 2090 4011; x_wconf 89' lang='lat' dir='ltr'><strong>quandiu</strong></span> 
     </span>
    </p>
   </div>
   <div class='ocr_carea' id='block_1_41' title="bbox 521 4036 2094 4108">
    <p class='ocr_par' dir='ltr' id='par_1_41' title="bbox 521 4036 2094 4108">
     <span class='ocr_line' id='line_1_41' title="bbox 521 4036 2094 4108; baseline -0.007 -10"><span class='ocrx_word' id='word_1_310' title='bbox 521 4042 683 4098; x_wconf 83' lang='lat' dir='ltr'><strong>fidem</strong></span> <span class='ocrx_word' id='word_1_311' title='bbox 708 4040 908 4097; x_wconf 89' lang='lat' dir='ltr'><strong>Christi</strong></span> <span class='ocrx_word' id='word_1_312' title='bbox 942 4055 1051 4094; x_wconf 91' lang='lat' dir='ltr'><strong>non</strong></span> <span class='ocrx_word' id='word_1_313' title='bbox 1079 4039 1337 4108; x_wconf 88' lang='lat' dir='ltr'><strong>suscepit.</strong></span> <span class='ocrx_word' id='word_1_314' title='bbox 1375 4036 1618 4091; x_wconf 90' lang='lat' dir='ltr'><strong>Insolens</strong></span> <span class='ocrx_word' id='word_1_315' title='bbox 1640 4044 1820 4090; x_wconf 92' lang='lat' dir='ltr'><strong>autem</strong></span> <span class='ocrx_word' id='word_1_316' title='bbox 1851 4050 1915 4090; x_wconf 86' lang='lat' dir='ltr'><strong>ac</strong></span> <span class='ocrx_word' id='word_1_317' title='bbox 1940 4036 2094 4089; x_wconf 88' lang='lat' dir='ltr'><strong>dam-</strong></span> 
     </span>
    </p>
   </div>
   <div class='ocr_carea' id='block_1_42' title="bbox 521 4123 2090 4201">
    <p class='ocr_par' dir='ltr' id='par_1_42' title="bbox 521 4123 2090 4201">
     <span class='ocr_line' id='line_1_42' title="bbox 521 4123 2090 4201; baseline -0.008 -11"><span class='ocrx_word' id='word_1_318' title='bbox 521 4149 712 4190; x_wconf 77' lang='lat' dir='ltr'><strong>nosum</strong></span> <span class='ocrx_word' id='word_1_319' title='bbox 749 4131 1002 4201; x_wconf 86' lang='lat' dir='ltr'><strong>estquod</strong></span> <span class='ocrx_word' id='word_1_320' title='bbox 1053 4129 1260 4200; x_wconf 88' lang='lat' dir='ltr'><strong>adjicit,</strong></span> <span class='ocrx_word' id='word_1_321' title='bbox 1314 4125 1563 4196; x_wconf 84' lang='lat' dir='ltr'><strong>angelum</strong></span> <span class='ocrx_word' id='word_1_322' title='bbox 1614 4125 1850 4181; x_wconf 86' lang='lat' dir='ltr'><strong>fortasse</strong></span> <span class='ocrx_word' id='word_1_323' title='bbox 1881 4123 2090 4181; x_wconf 87' lang='lat' dir='ltr'><strong>homini</strong></span> 
     </span>
    </p>
   </div>
   <div class='ocr_carea' id='block_1_43' title="bbox 521 4216 2089 4283">
    <p class='ocr_par' dir='ltr' id='par_1_43' title="bbox 521 4216 2089 4283">
     <span class='ocr_line' id='line_1_43' title="bbox 521 4216 2089 4283; baseline -0.005 -3"><span class='ocrx_word' id='word_1_324' title='bbox 521 4225 764 4282; x_wconf 82' lang='lat' dir='ltr'><strong>nascenti</strong></span> <span class='ocrx_word' id='word_1_325' title='bbox 817 4223 1093 4279; x_wconf 84' lang='lat' dir='ltr'><strong>custodem</strong></span> <span class='ocrx_word' id='word_1_326' title='bbox 1139 4221 1422 4283; x_wconf 90' lang='lat' dir='ltr'><strong>additum,</strong></span> <span class='ocrx_word' id='word_1_327' title='bbox 1478 4217 1676 4272; x_wconf 90' lang='lat' dir='ltr'><strong>malum</strong></span> <span class='ocrx_word' id='word_1_328' title='bbox 1729 4216 1886 4272; x_wconf 90' lang='lat' dir='ltr'><strong>initio</strong></span> <span class='ocrx_word' id='word_1_329' title='bbox 1937 4231 2089 4282; x_wconf 83' lang='lat' dir='ltr'><strong>esse;</strong></span> 
     </span>
    </p>
   </div>
   <div class='ocr_carea' id='block_1_44' title="bbox 518 4309 2090 4380">
    <p class='ocr_par' dir='ltr' id='par_1_44' title="bbox 518 4309 2090 4380">
     <span class='ocr_line' id='line_1_44' title="bbox 518 4309 2090 4380; baseline -0.008 -7"><span class='ocrx_word' id='word_1_330' title='bbox 518 4316 718 4372; x_wconf 81' lang='lat' dir='ltr'><strong>Christi</strong></span> <span class='ocrx_word' id='word_1_331' title='bbox 744 4315 938 4370; x_wconf 87' lang='lat' dir='ltr'><strong>deinde</strong></span> <span class='ocrx_word' id='word_1_332' title='bbox 972 4315 1274 4368; x_wconf 89' lang='lat' dir='ltr'><strong>doctrinam</strong></span> <span class='ocrx_word' id='word_1_333' title='bbox 1305 4319 1619 4380; x_wconf 83' lang='lat' dir='ltr'><strong>capessente</strong></span> <span class='ocrx_word' id='word_1_334' title='bbox 1644 4323 1834 4379; x_wconf 89' lang='lat' dir='ltr'><strong>puero,</strong></span> <span class='ocrx_word' id='word_1_335' title='bbox 1866 4309 2090 4364; x_wconf 90' lang='lat' dir='ltr'><strong>eosdem</strong></span> 
     </span>
    </p>
   </div>
   <div class='ocr_carea' id='block_1_45' title="bbox 521 4401 2091 4477">
    <p class='ocr_par' dir='ltr' id='par_1_45' title="bbox 521 4401 2091 4477">
     <span class='ocr_line' id='line_1_45' title="bbox 521 4401 2091 4477; baseline -0.004 -15"><span class='ocrx_word' id='word_1_336' title='bbox 521 4408 700 4463; x_wconf 88' lang='lat' dir='ltr'><strong>facere</strong></span> <span class='ocrx_word' id='word_1_337' title='bbox 747 4419 1062 4477; x_wconf 87' lang='lat' dir='ltr'><strong>progressus</strong></span> <span class='ocrx_word' id='word_1_338' title='bbox 1093 4404 1338 4474; x_wconf 89' lang='lat' dir='ltr'><strong>angelum</strong></span> <span class='ocrx_word' id='word_1_339' title='bbox 1365 4444 1382 4469; x_wconf 92' lang='lat'><strong>,</strong></span> <span class='ocrx_word' id='word_1_340' title='bbox 1412 4413 1468 4457; x_wconf 90' lang='lat' dir='ltr'><strong>et</strong></span> <span class='ocrx_word' id='word_1_341' title='bbox 1497 4401 1696 4456; x_wconf 86' lang='lat' dir='ltr'><strong>faciem</strong></span> <span class='ocrx_word' id='word_1_342' title='bbox 1728 4401 1942 4455; x_wconf 87' lang='lat' dir='ltr'><strong>demum</strong></span> <span class='ocrx_word' id='word_1_343' title='bbox 1976 4414 2091 4455; x_wconf 75' lang='lat' dir='ltr'><strong>cm-</strong></span> 
     </span>
    </p>
   </div>
   <div class='ocr_carea' id='block_1_46' title="bbox 518 4491 3523 4574">
    <p class='ocr_par' dir='ltr' id='par_1_46' title="bbox 518 4491 3523 4574">
     <span class='ocr_line' id='line_1_46' title="bbox 518 4491 3523 4574; baseline -0.001 -20"><span class='ocrx_word' id='word_1_344' title='bbox 518 4500 671 4554; x_wconf 87' lang='lat' dir='ltr'><strong>Iestis</strong></span> <span class='ocrx_word' id='word_1_345' title='bbox 697 4497 876 4552; x_wconf 84' lang='lat' dir='ltr'><strong>Patris</strong></span> <span class='ocrx_word' id='word_1_346' title='bbox 907 4506 1184 4565; x_wconf 87' lang='lat' dir='ltr'><strong>spectare:</strong></span> <span class='ocrx_word' id='word_1_347' title='bbox 1211 4493 1295 4548; x_wconf 87' lang='lat' dir='ltr'><strong>vel</strong></span> <span class='ocrx_word' id='word_1_348' title='bbox 1316 4494 1544 4547; x_wconf 91' lang='lat' dir='ltr'><strong>fortasse</strong></span> <span class='ocrx_word' id='word_1_349' title='bbox 1570 4491 1818 4563; x_wconf 88' lang='lat' dir='ltr'><strong>angelum</strong></span> <span class='ocrx_word' id='word_1_350' title='bbox 1853 4491 2086 4556; x_wconf 88' lang='lat' dir='ltr'><strong>homini,</strong></span> <span class='ocrx_word' id='word_1_351' title='bbox 2122 4519 2165 4574; x_wconf 80' lang='lat' dir='ltr'><strong>D</strong></span> <span class='ocrx_word' id='word_1_352' title='bbox 2194 4497 2530 4552; x_wconf 88' lang='lat' dir='ltr'><strong>arbitratur.</strong></span> <span class='ocrx_word' id='word_1_353' title='bbox 2599 4499 2732 4565; x_wconf 70' lang='lat' dir='ltr'><strong>Qua:</strong></span> <span class='ocrx_word' id='word_1_354' title='bbox 2808 4515 2940 4554; x_wconf 88' lang='lat' dir='ltr'><strong>sane</strong></span> <span class='ocrx_word' id='word_1_355' title='bbox 3010 4513 3076 4553; x_wconf 79' lang='lat' dir='ltr'><strong>ex</strong></span> <span class='ocrx_word' id='word_1_356' title='bbox 3158 4499 3467 4554; x_wconf 64' lang='lat' dir='ltr'><strong>Graecorum</strong></span> <span class='ocrx_word' id='word_1_357' title='bbox 3506 4539 3523 4563; x_wconf 93' lang='lat'><strong>,</strong></span> 
     </span>
    </p>
   </div>
   <div class='ocr_carea' id='block_1_47' title="bbox 520 4583 2086 4658">
    <p class='ocr_par' dir='ltr' id='par_1_47' title="bbox 520 4583 2086 4658">
     <span class='ocr_line' id='line_1_47' title="bbox 520 4583 2086 4658; baseline -0.004 -16"><span class='ocrx_word' id='word_1_358' title='bbox 520 4591 602 4644; x_wconf 83' lang='lat' dir='ltr'><strong>vel</strong></span> <span class='ocrx_word' id='word_1_359' title='bbox 652 4591 921 4644; x_wconf 89' lang='lat' dir='ltr'><strong>hominem</strong></span> <span class='ocrx_word' id='word_1_360' title='bbox 967 4587 1157 4658; x_wconf 90' lang='lat' dir='ltr'><strong>angelo</strong></span> <span class='ocrx_word' id='word_1_361' title='bbox 1203 4586 1391 4640; x_wconf 85' lang='lat' dir='ltr'><strong>salutis</strong></span> <span class='ocrx_word' id='word_1_362' title='bbox 1440 4594 1719 4638; x_wconf 87' lang='lat' dir='ltr'><strong>auctorem</strong></span> <span class='ocrx_word' id='word_1_363' title='bbox 1763 4583 2032 4639; x_wconf 79' lang='lat' dir='ltr'><strong>exsistere</strong></span> <span class='ocrx_word' id='word_1_364' title='bbox 2071 4599 2086 4648; x_wconf 95' lang='lat'><strong>;</strong></span> 
     </span>
    </p>
   </div>
   <div class='ocr_carea' id='block_1_48' title="bbox 521 4674 2085 4748">
    <p class='ocr_par' dir='ltr' id='par_1_48' title="bbox 521 4674 2085 4748">
     <span class='ocr_line' id='line_1_48' title="bbox 521 4674 2085 4748; baseline -0.007 -11"><span class='ocrx_word' id='word_1_365' title='bbox 521 4681 804 4737; x_wconf 92' lang='lat' dir='ltr'><strong>nonnullos</strong></span> <span class='ocrx_word' id='word_1_366' title='bbox 826 4694 954 4734; x_wconf 89' lang='lat' dir='ltr'><strong>vero</strong></span> <span class='ocrx_word' id='word_1_367' title='bbox 978 4695 1009 4733; x_wconf 91' lang='lat' dir='ltr'><strong>e</strong></span> <span class='ocrx_word' id='word_1_368' title='bbox 1034 4679 1336 4734; x_wconf 89' lang='lat' dir='ltr'><strong>tutelarium</strong></span> <span class='ocrx_word' id='word_1_369' title='bbox 1367 4681 1680 4748; x_wconf 84' lang='lat' dir='ltr'><strong>angelorum</strong></span> <span class='ocrx_word' id='word_1_370' title='bbox 1719 4690 1944 4729; x_wconf 88' lang='lat' dir='ltr'><strong>numero</strong></span> <span class='ocrx_word' id='word_1_371' title='bbox 1967 4674 2085 4727; x_wconf 89' lang='lat' dir='ltr'><strong>Pa—</strong></span> 
     </span>
    </p>
   </div>
   <div class='ocr_carea' id='block_1_49' title="bbox 521 4767 2090 4841">
    <p class='ocr_par' dir='ltr' id='par_1_49' title="bbox 521 4767 2090 4841">
     <span class='ocr_line' id='line_1_49' title="bbox 521 4767 2090 4841; baseline -0.006 -13"><span class='ocrx_word' id='word_1_372' title='bbox 521 4777 620 4830; x_wconf 90' lang='lat' dir='ltr'><strong>tris</strong></span> <span class='ocrx_word' id='word_1_373' title='bbox 650 4773 890 4830; x_wconf 70' lang='lat' dir='ltr'><strong>caalestis</strong></span> <span class='ocrx_word' id='word_1_374' title='bbox 917 4781 1130 4841; x_wconf 88' lang='lat' dir='ltr'><strong>aspectu</strong></span> <span class='ocrx_word' id='word_1_375' title='bbox 1181 4785 1396 4839; x_wconf 88' lang='lat' dir='ltr'><strong>semper</strong></span> <span class='ocrx_word' id='word_1_376' title='bbox 1448 4770 1574 4823; x_wconf 85' lang='lat' dir='ltr'><strong>frui.</strong></span> <span class='ocrx_word' id='word_1_377' title='bbox 1611 4767 1815 4822; x_wconf 87' lang='lat' dir='ltr'><strong>Deinde</strong></span> <span class='ocrx_word' id='word_1_378' title='bbox 1859 4767 2090 4834; x_wconf 80' lang='lat' dir='ltr'><strong>Opponit</strong></span> 
     </span>
    </p>
   </div>
   <div class='ocr_carea' id='block_1_50' title="bbox 519 4855 2092 4934">
    <p class='ocr_par' dir='ltr' id='par_1_50' title="bbox 519 4855 2092 4934">
     <span class='ocr_line' id='line_1_50' title="bbox 519 4855 2092 4934; baseline -0.01 -12"><span class='ocrx_word' id='word_1_379' title='bbox 519 4866 622 4922; x_wconf 83' lang='lat' dir='ltr'><strong>sibi</strong></span> <span class='ocrx_word' id='word_1_380' title='bbox 643 4865 787 4934; x_wconf 87' lang='lat' dir='ltr'><strong>quod</strong></span> <span class='ocrx_word' id='word_1_381' title='bbox 812 4865 862 4918; x_wconf 94' lang='lat' dir='ltr'><strong>in</strong></span> <span class='ocrx_word' id='word_1_382' title='bbox 897 4863 1048 4916; x_wconf 81' lang='lat' dir='ltr'><strong>Actis</strong></span> <span class='ocrx_word' id='word_1_383' title='bbox 1069 4862 1437 4927; x_wconf 84' lang='lat' dir='ltr'><strong>apostolorum</strong></span> <span class='ocrx_word' id='word_1_384' title='bbox 1470 4858 1731 4928; x_wconf 89' lang='lat' dir='ltr'><strong>scriptum</strong></span> <span class='ocrx_word' id='word_1_385' title='bbox 1758 4864 1841 4910; x_wconf 87' lang='lat' dir='ltr'><strong>est</strong></span> <span class='ocrx_word' id='word_1_386' title='bbox 1870 4855 1938 4919; x_wconf 73' lang='lat'><strong>“,</strong></span> <span class='ocrx_word' id='word_1_387' title='bbox 1975 4855 2092 4924; x_wconf 84' lang='lat' dir='ltr'><strong>pul-</strong></span> 
     </span>
    </p>
   </div>
   <div class='ocr_carea' id='block_1_51' title="bbox 519 4947 2091 5017">
    <p class='ocr_par' dir='ltr' id='par_1_51' title="bbox 519 4947 2091 5017">
     <span class='ocr_line' id='line_1_51' title="bbox 519 4947 2091 5017; baseline -0.01 -7"><span class='ocrx_word' id='word_1_388' title='bbox 519 4963 674 5010; x_wconf 83' lang='lat' dir='ltr'><strong>sante</strong></span> <span class='ocrx_word' id='word_1_389' title='bbox 695 4953 891 5009; x_wconf 91' lang='lat' dir='ltr'><strong>ostium</strong></span> <span class='ocrx_word' id='word_1_390' title='bbox 923 4951 1100 5015; x_wconf 84' lang='lat' dir='ltr'><strong>Petro,</strong></span> <span class='ocrx_word' id='word_1_391' title='bbox 1136 4950 1225 5017; x_wconf 86' lang='lat' dir='ltr'><strong>qui</strong></span> <span class='ocrx_word' id='word_1_392' title='bbox 1268 4949 1412 5001; x_wconf 92' lang='lat' dir='ltr'><strong>intus</strong></span> <span class='ocrx_word' id='word_1_393' title='bbox 1443 4959 1618 5013; x_wconf 87' lang='lat' dir='ltr'><strong>erant,</strong></span> <span class='ocrx_word' id='word_1_394' title='bbox 1652 4947 1819 5015; x_wconf 82' lang='lat' dir='ltr'><strong>ipsius</strong></span> <span class='ocrx_word' id='word_1_395' title='bbox 1847 4959 1967 4998; x_wconf 89' lang='lat' dir='ltr'><strong>esse</strong></span> <span class='ocrx_word' id='word_1_396' title='bbox 1991 4959 2091 4996; x_wconf 85' lang='lat' dir='ltr'><strong>an-</strong></span> 
     </span>
    </p>
   </div>
   <div class='ocr_carea' id='block_1_52' title="bbox 520 5035 2089 5118">
    <p class='ocr_par' dir='ltr' id='par_1_52' title="bbox 520 5035 2089 5118">
     <span class='ocr_line' id='line_1_52' title="bbox 520 5035 2089 5118; baseline -0.01 -17"><span class='ocrx_word' id='word_1_397' title='bbox 520 5047 695 5118; x_wconf 88' lang='lat' dir='ltr'><strong>gelum</strong></span> <span class='ocrx_word' id='word_1_398' title='bbox 727 5042 1140 5116; x_wconf 84' lang='lat' dir='ltr'><strong>pronuntiasse;</strong></span> <span class='ocrx_word' id='word_1_399' title='bbox 1173 5055 1277 5095; x_wconf 92' lang='lat' dir='ltr'><strong>non</strong></span> <span class='ocrx_word' id='word_1_400' title='bbox 1324 5055 1452 5108; x_wconf 86' lang='lat' dir='ltr'><strong>ergo</strong></span> <span class='ocrx_word' id='word_1_401' title='bbox 1484 5037 1738 5107; x_wconf 87' lang='lat' dir='ltr'><strong>perfectis</strong></span> <span class='ocrx_word' id='word_1_402' title='bbox 1771 5035 2089 5100; x_wconf 87' lang='lat' dir='ltr'><strong>Christum,</strong></span> 
     </span>
    </p>
   </div>
   <div class='ocr_carea' id='block_1_53' title="bbox 522 5129 2090 5206">
    <p class='ocr_par' dir='ltr' id='par_1_53' title="bbox 522 5129 2090 5206">
     <span class='ocr_line' id='line_1_53' title="bbox 522 5129 2090 5206; baseline -0.008 -14"><span class='ocrx_word' id='word_1_403' title='bbox 522 5141 615 5192; x_wconf 83' lang='lat' dir='ltr'><strong>sed</strong></span> <span class='ocrx_word' id='word_1_404' title='bbox 644 5134 894 5206; x_wconf 87' lang='lat' dir='ltr'><strong>angelum</strong></span> <span class='ocrx_word' id='word_1_405' title='bbox 926 5134 1112 5188; x_wconf 89' lang='lat' dir='ltr'><strong>itidem</strong></span> <span class='ocrx_word' id='word_1_406' title='bbox 1136 5141 1193 5185; x_wconf 92' lang='lat' dir='ltr'><strong>ut</strong></span> <span class='ocrx_word' id='word_1_407' title='bbox 1219 5129 1446 5198; x_wconf 88' lang='lat' dir='ltr'><strong>reliquis</strong></span> <span class='ocrx_word' id='word_1_408' title='bbox 1475 5130 1769 5192; x_wconf 88' lang='lat' dir='ltr'><strong>assistere;</strong></span> <span class='ocrx_word' id='word_1_409' title='bbox 1800 5129 2090 5196; x_wconf 85' lang='lat' dir='ltr'><strong>respondet</strong></span> 
     </span>
    </p>
   </div>
   <div class='ocr_carea' id='block_1_54' title="bbox 523 5219 2090 5299">
    <p class='ocr_par' dir='ltr' id='par_1_54' title="bbox 523 5219 2090 5299">
     <span class='ocr_line' id='line_1_54' title="bbox 523 5219 2090 5299; baseline -0.008 -17"><span class='ocrx_word' id='word_1_410' title='bbox 523 5245 620 5299; x_wconf 88' lang='lat' dir='ltr'><strong>pro</strong></span> <span class='ocrx_word' id='word_1_411' title='bbox 643 5229 892 5298; x_wconf 86' lang='lat' dir='ltr'><strong>dogmate</strong></span> <span class='ocrx_word' id='word_1_412' title='bbox 917 5227 1238 5282; x_wconf 85' lang='lat' dir='ltr'><strong>sententiam</strong></span> <span class='ocrx_word' id='word_1_413' title='bbox 1267 5224 1478 5277; x_wconf 92' lang='lat' dir='ltr'><strong>illorum</strong></span> <span class='ocrx_word' id='word_1_414' title='bbox 1513 5223 1821 5290; x_wconf 87' lang='lat' dir='ltr'><strong>neutiquam</strong></span> <span class='ocrx_word' id='word_1_415' title='bbox 1847 5235 1971 5274; x_wconf 86' lang='lat' dir='ltr'><strong>esse</strong></span> <span class='ocrx_word' id='word_1_416' title='bbox 1997 5219 2090 5271; x_wconf 76' lang='lat' dir='ltr'><strong>ha-</strong></span> 
     </span>
    </p>
   </div>
   <div class='ocr_carea' id='block_1_55' title="bbox 523 5306 2090 5386">
    <p class='ocr_par' dir='ltr' id='par_1_55' title="bbox 523 5306 2090 5386">
     <span class='ocr_line' id='line_1_55' title="bbox 523 5306 2090 5386; baseline -0.01 -13"><span class='ocrx_word' id='word_1_417' title='bbox 523 5319 771 5383; x_wconf 81' lang='lat' dir='ltr'><strong>bendam,</strong></span> <span class='ocrx_word' id='word_1_418' title='bbox 796 5318 979 5386; x_wconf 87' lang='lat' dir='ltr'><strong>quisic</strong></span> <span class='ocrx_word' id='word_1_419' title='bbox 1002 5315 1260 5369; x_wconf 89' lang='lat' dir='ltr'><strong>sentiunt.</strong></span> <span class='ocrx_word' id='word_1_420' title='bbox 1293 5312 1476 5382; x_wconf 87' lang='lat' dir='ltr'><strong>Itaque</strong></span> <span class='ocrx_word' id='word_1_421' title='bbox 1502 5311 1688 5365; x_wconf 91' lang='lat' dir='ltr'><strong>homil.</strong></span> <span class='ocrx_word' id='word_1_422' title='bbox 1715 5310 1784 5362; x_wconf 64' lang='grc'><strong>24</strong></span> <span class='ocrx_word' id='word_1_423' title='bbox 1816 5309 1870 5361; x_wconf 83' lang='lat' dir='ltr'><strong>in</strong></span> <span class='ocrx_word' id='word_1_424' title='bbox 1900 5306 2090 5371; x_wconf 67' lang='lat' dir='ltr'><strong>Num,</strong></span> 
     </span>
    </p>
   </div>
   <div class='ocr_carea' id='block_1_56' title="bbox 525 5401 2091 5478">
    <p class='ocr_par' dir='ltr' id='par_1_56' title="bbox 525 5401 2091 5478">
     <span class='ocr_line' id='line_1_56' title="bbox 525 5401 2091 5478; baseline -0.006 -16"><span class='ocrx_word' id='word_1_425' title='bbox 525 5425 673 5464; x_wconf 78' lang='lat' dir='ltr'><strong>num.</strong></span> <span class='ocrx_word' id='word_1_426' title='bbox 703 5410 760 5475; x_wconf 78' lang='grc'><strong>5,</strong></span> <span class='ocrx_word' id='word_1_427' title='bbox 784 5408 948 5478; x_wconf 87' lang='lat' dir='ltr'><strong>justis</strong></span> <span class='ocrx_word' id='word_1_428' title='bbox 983 5417 1038 5462; x_wconf 87' lang='lat' dir='ltr'><strong>et</strong></span> <span class='ocrx_word' id='word_1_429' title='bbox 1064 5406 1251 5461; x_wconf 88' lang='lat' dir='ltr'><strong>electis</strong></span> <span class='ocrx_word' id='word_1_430' title='bbox 1301 5405 1475 5474; x_wconf 90' lang='lat' dir='ltr'><strong>ipsum</strong></span> <span class='ocrx_word' id='word_1_431' title='bbox 1524 5403 1716 5458; x_wconf 85' lang='lat' dir='ltr'><strong>adesse</strong></span> <span class='ocrx_word' id='word_1_432' title='bbox 1768 5401 2048 5455; x_wconf 90' lang='lat' dir='ltr'><strong>Dominum</strong></span> <span class='ocrx_word' id='word_1_433' title='bbox 2076 5439 2091 5464; x_wconf 93' lang='lat'><strong>,</strong></span> 
     </span>
    </p>
   </div>
   <div class='ocr_carea' id='block_1_57' title="bbox 529 5493 2086 5570">
    <p class='ocr_par' dir='ltr' id='par_1_57' title="bbox 529 5493 2086 5570">
     <span class='ocr_line' id='line_1_57' title="bbox 529 5493 2086 5570; baseline -0.005 -14"><span class='ocrx_word' id='word_1_434' title='bbox 529 5502 871 5558; x_wconf 84' lang='lat' dir='ltr'><strong>inferioribus</strong></span> <span class='ocrx_word' id='word_1_435' title='bbox 907 5515 1035 5554; x_wconf 90' lang='lat' dir='ltr'><strong>vero</strong></span> <span class='ocrx_word' id='word_1_436' title='bbox 1073 5499 1294 5570; x_wconf 82' lang='lat' dir='ltr'><strong>angelos</strong></span> <span class='ocrx_word' id='word_1_437' title='bbox 1341 5497 1560 5552; x_wconf 86' lang='lat' dir='ltr'><strong>disertis</strong></span> <span class='ocrx_word' id='word_1_438' title='bbox 1605 5495 1788 5552; x_wconf 83' lang='lat' dir='ltr'><strong>verbis</strong></span> <span class='ocrx_word' id='word_1_439' title='bbox 1832 5493 2086 5549; x_wconf 74' lang='lat' dir='ltr'><strong>afﬁrmat.</strong></span> 
     </span>
    </p>
   </div>
   <div class='ocr_carea' id='block_1_58' title="bbox 527 5589 2092 5665">
    <p class='ocr_par' dir='ltr' id='par_1_58' title="bbox 527 5589 2092 5665">
     <span class='ocr_line' id='line_1_58' title="bbox 527 5589 2092 5665; baseline -0.004 -16"><span class='ocrx_word' id='word_1_440' title='bbox 527 5593 616 5651; x_wconf 67' lang='lat' dir='ltr'><strong>sic</strong></span> <span class='ocrx_word' id='word_1_441' title='bbox 645 5595 758 5665; x_wconf 90' lang='lat' dir='ltr'><strong>ipse</strong></span> <span class='ocrx_word' id='word_1_442' title='bbox 780 5594 1164 5664; x_wconf 71' lang='lat' dir='ltr'><strong>tamen,homil.</strong></span> <span class='ocrx_word' id='word_1_443' title='bbox 1194 5594 1252 5647; x_wconf 82' lang='lat' dir='ltr'><strong>II</strong></span> <span class='ocrx_word' id='word_1_444' title='bbox 1286 5593 1342 5646; x_wconf 82' lang='lat' dir='ltr'><strong>in</strong></span> <span class='ocrx_word' id='word_1_445' title='bbox 1368 5590 1557 5657; x_wconf 61' lang='lat' dir='ltr'><strong>Nam,</strong></span> <span class='ocrx_word' id='word_1_446' title='bbox 1589 5605 1738 5646; x_wconf 84' lang='lat' dir='ltr'><strong>nam.</strong></span> <span class='ocrx_word' id='word_1_447' title='bbox 1763 5591 1867 5644; x_wconf 68' lang='grc' dir='ltr'><strong>ιε(</strong></span> <span class='ocrx_word' id='word_1_448' title='bbox 1894 5589 2092 5656; x_wconf 83' lang='lat' dir='ltr'><strong>Quam-</strong></span> 
     </span>
    </p>
   </div>
   <div class='ocr_carea' id='block_1_59' title="bbox 2205 563 3784 643">
    <p class='ocr_par' dir='ltr' id='par_1_59' title="bbox 2205 563 3784 643">
     <span class='ocr_line' id='line_1_59' title="bbox 2205 563 3784 643; baseline 0.007 -26"><span class='ocrx_word' id='word_1_449' title='bbox 2205 563 2527 631; x_wconf 85' lang='lat' dir='ltr'><strong>expleudnm</strong></span> <span class='ocrx_word' id='word_1_450' title='bbox 2559 567 2952 634; x_wconf 68' lang='lat' dir='ltr'><strong>praedicationis</strong></span> <span class='ocrx_word' id='word_1_451' title='bbox 2979 585 3087 624; x_wconf 69' lang='lat' dir='ltr'><strong>suae</strong></span> <span class='ocrx_word' id='word_1_452' title='bbox 3125 587 3339 638; x_wconf 85' lang='lat' dir='ltr'><strong>munus,</strong></span> <span class='ocrx_word' id='word_1_453' title='bbox 3357 583 3410 628; x_wconf 91' lang='lat' dir='ltr'><strong>et</strong></span> <span class='ocrx_word' id='word_1_454' title='bbox 3443 590 3580 643; x_wconf 90' lang='lat' dir='ltr'><strong>opus</strong></span> <span class='ocrx_word' id='word_1_455' title='bbox 3603 575 3711 628; x_wconf 86' lang='lat' dir='ltr'><strong>Eva</strong></span> <span class='ocrx_word' id='word_1_456' title='bbox 3726 591 3784 628; x_wconf 82' lang='lat' dir='ltr'><strong>n-</strong></span> 
     </span>
    </p>
   </div>
   <div class='ocr_carea' id='block_1_60' title="bbox 2204 654 3779 724">
    <p class='ocr_par' dir='ltr' id='par_1_60' title="bbox 2204 654 3779 724">
     <span class='ocr_line' id='line_1_60' title="bbox 2204 654 3779 724; baseline 0.007 -17"><span class='ocrx_word' id='word_1_457' title='bbox 2204 654 2328 724; x_wconf 88' lang='lat' dir='ltr'><strong>gelii</strong></span> <span class='ocrx_word' id='word_1_458' title='bbox 2361 663 2865 713; x_wconf 89' lang='lat' dir='ltr'><strong>consummandum.</strong></span> <span class='ocrx_word' id='word_1_459' title='bbox 2911 658 3003 714; x_wconf 93' lang='lat' dir='ltr'><strong>Sic</strong></span> <span class='ocrx_word' id='word_1_460' title='bbox 3036 661 3179 715; x_wconf 91' lang='lat' dir='ltr'><strong>enim</strong></span> <span class='ocrx_word' id='word_1_461' title='bbox 3213 663 3495 720; x_wconf 88' lang='lat' dir='ltr'><strong>dicebatur</strong></span> <span class='ocrx_word' id='word_1_462' title='bbox 3529 666 3583 719; x_wconf 88' lang='lat' dir='ltr'><strong>in</strong></span> <span class='ocrx_word' id='word_1_463' title='bbox 3621 665 3779 720; x_wconf 84' lang='lat' dir='ltr'><strong>Acti-</strong></span> 
     </span>
    </p>
   </div>
   <div class='ocr_carea' id='block_1_61' title="bbox 2203 747 3780 825">
    <p class='ocr_par' dir='ltr' id='par_1_61' title="bbox 2203 747 3780 825">
     <span class='ocr_line' id='line_1_61' title="bbox 2203 747 3780 825; baseline 0.006 -25"><span class='ocrx_word' id='word_1_464' title='bbox 2203 747 2304 800; x_wconf 90' lang='lat' dir='ltr'><strong>bus</strong></span> <span class='ocrx_word' id='word_1_465' title='bbox 2353 747 2716 816; x_wconf 88' lang='lat' dir='ltr'><strong>apostolorum</strong></span> <span class='ocrx_word' id='word_1_466' title='bbox 2742 749 2811 814; x_wconf 73' lang='lat'><strong>”,</strong></span> <span class='ocrx_word' id='word_1_467' title='bbox 2860 751 2985 819; x_wconf 87' lang='lat' dir='ltr'><strong>quia</strong></span> <span class='ocrx_word' id='word_1_468' title='bbox 3024 754 3248 822; x_wconf 82' lang='lat' dir='ltr'><strong>angelus</strong></span> <span class='ocrx_word' id='word_1_469' title='bbox 3278 753 3421 809; x_wconf 90' lang='lat' dir='ltr'><strong>Petri</strong></span> <span class='ocrx_word' id='word_1_470' title='bbox 3468 764 3636 821; x_wconf 89' lang='lat' dir='ltr'><strong>esset,</strong></span> <span class='ocrx_word' id='word_1_471' title='bbox 3686 755 3780 825; x_wconf 90' lang='lat' dir='ltr'><strong>qui</strong></span> 
     </span>
    </p>
   </div>
   <div class='ocr_carea' id='block_1_62' title="bbox 2202 835 3783 914">
    <p class='ocr_par' dir='ltr' id='par_1_62' title="bbox 2202 835 3783 914">
     <span class='ocr_line' id='line_1_62' title="bbox 2202 835 3783 914; baseline 0.009 -26"><span class='ocrx_word' id='word_1_472' title='bbox 2202 835 2446 903; x_wconf 91' lang='lat' dir='ltr'><strong>pulsaret</strong></span> <span class='ocrx_word' id='word_1_473' title='bbox 2470 838 2537 891; x_wconf 88' lang='lat' dir='ltr'><strong>ad</strong></span> <span class='ocrx_word' id='word_1_474' title='bbox 2567 839 2786 894; x_wconf 91' lang='lat' dir='ltr'><strong>ostium.</strong></span> <span class='ocrx_word' id='word_1_475' title='bbox 2821 838 3087 895; x_wconf 89' lang='lat' dir='ltr'><strong>Similiter</strong></span> <span class='ocrx_word' id='word_1_476' title='bbox 3115 857 3244 912; x_wconf 90' lang='lat' dir='ltr'><strong>ergo</strong></span> <span class='ocrx_word' id='word_1_477' title='bbox 3291 843 3610 914; x_wconf 88' lang='lat' dir='ltr'><strong>intelligitur</strong></span> <span class='ocrx_word' id='word_1_478' title='bbox 3659 860 3783 902; x_wconf 85' lang='lat' dir='ltr'><strong>esse</strong></span> 
     </span>
    </p>
   </div>
   <div class='ocr_carea' id='block_1_63' title="bbox 2200 928 3785 1000">
    <p class='ocr_par' dir='ltr' id='par_1_63' title="bbox 2200 928 3785 1000">
     <span class='ocr_line' id='line_1_63' title="bbox 2200 928 3785 1000; baseline 0.006 -17"><span class='ocrx_word' id='word_1_479' title='bbox 2200 937 2256 983; x_wconf 88' lang='lat' dir='ltr'><strong>et</strong></span> <span class='ocrx_word' id='word_1_480' title='bbox 2290 928 2425 983; x_wconf 89' lang='lat' dir='ltr'><strong>alius</strong></span> <span class='ocrx_word' id='word_1_481' title='bbox 2459 929 2606 984; x_wconf 91' lang='lat' dir='ltr'><strong>Pauli</strong></span> <span class='ocrx_word' id='word_1_482' title='bbox 2638 932 2861 1000; x_wconf 88' lang='lat' dir='ltr'><strong>angelus</strong></span> <span class='ocrx_word' id='word_1_483' title='bbox 2886 973 2902 998; x_wconf 94' lang='lat'><strong>,</strong></span> <span class='ocrx_word' id='word_1_484' title='bbox 2945 933 3087 987; x_wconf 91' lang='lat' dir='ltr'><strong>sicut</strong></span> <span class='ocrx_word' id='word_1_485' title='bbox 3112 943 3193 986; x_wconf 89' lang='lat' dir='ltr'><strong>est</strong></span> <span class='ocrx_word' id='word_1_486' title='bbox 3234 933 3408 998; x_wconf 90' lang='lat' dir='ltr'><strong>Petri,</strong></span> <span class='ocrx_word' id='word_1_487' title='bbox 3437 945 3492 991; x_wconf 91' lang='lat' dir='ltr'><strong>et</strong></span> <span class='ocrx_word' id='word_1_488' title='bbox 3529 935 3668 991; x_wconf 90' lang='lat' dir='ltr'><strong>alius</strong></span> <span class='ocrx_word' id='word_1_489' title='bbox 3701 937 3785 992; x_wconf 83' lang='lat' dir='ltr'><strong>al-</strong></span> 
     </span>
    </p>
   </div>
   <div class='ocr_carea' id='block_1_64' title="bbox 2202 1020 3779 1096">
    <p class='ocr_par' dir='ltr' id='par_1_64' title="bbox 2202 1020 3779 1096">
     <span class='ocr_line' id='line_1_64' title="bbox 2202 1020 3779 1096; baseline 0.007 -23"><span class='ocrx_word' id='word_1_490' title='bbox 2202 1020 2371 1075; x_wconf 86' lang='lat' dir='ltr'><strong>terius</strong></span> <span class='ocrx_word' id='word_1_491' title='bbox 2399 1020 2651 1090; x_wconf 86' lang='lat' dir='ltr'><strong>apostoli,</strong></span> <span class='ocrx_word' id='word_1_492' title='bbox 2679 1031 2732 1078; x_wconf 91' lang='lat' dir='ltr'><strong>et</strong></span> <span class='ocrx_word' id='word_1_493' title='bbox 2757 1025 3091 1094; x_wconf 90' lang='lat' dir='ltr'><strong>singulorum</strong></span> <span class='ocrx_word' id='word_1_494' title='bbox 3134 1040 3229 1092; x_wconf 91' lang='lat' dir='ltr'><strong>per</strong></span> <span class='ocrx_word' id='word_1_495' title='bbox 3259 1027 3530 1081; x_wconf 90' lang='lat' dir='ltr'><strong>ordinem.</strong></span> <span class='ocrx_word' id='word_1_496' title='bbox 3568 1046 3588 1082; x_wconf 71' lang='grc' dir='ltr'><strong>ι</strong></span> <span class='ocrx_word' id='word_1_497' title='bbox 3630 1026 3779 1096; x_wconf 86' lang='lat' dir='ltr'><strong>Quo-</strong></span> 
     </span>
    </p>
   </div>
   <div class='ocr_carea' id='block_1_65' title="bbox 2203 1111 3546 1182">
    <p class='ocr_par' dir='ltr' id='par_1_65' title="bbox 2203 1111 3546 1182">
     <span class='ocr_line' id='line_1_65' title="bbox 2203 1111 3546 1182; baseline 0.005 -18"><span class='ocrx_word' id='word_1_498' title='bbox 2203 1121 2324 1164; x_wconf 91' lang='lat' dir='ltr'><strong>rum</strong></span> <span class='ocrx_word' id='word_1_499' title='bbox 2353 1111 2548 1165; x_wconf 86' lang='lat' dir='ltr'><strong>similia</strong></span> <span class='ocrx_word' id='word_1_500' title='bbox 2586 1112 2747 1167; x_wconf 90' lang='lat' dir='ltr'><strong>habet</strong></span> <span class='ocrx_word' id='word_1_501' title='bbox 2778 1113 2926 1168; x_wconf 90' lang='lat' dir='ltr'><strong>hom.</strong></span> <span class='ocrx_word' id='word_1_502' title='bbox 2950 1113 3022 1167; x_wconf 75' lang='lat'><strong>25</strong></span> <span class='ocrx_word' id='word_1_503' title='bbox 3054 1115 3107 1167; x_wconf 83' lang='lat' dir='ltr'><strong>iu</strong></span> <span class='ocrx_word' id='word_1_504' title='bbox 3129 1113 3274 1182; x_wconf 82' lang='lat' dir='ltr'><strong>Jos.,</strong></span> <span class='ocrx_word' id='word_1_505' title='bbox 3310 1131 3457 1170; x_wconf 92' lang='lat' dir='ltr'><strong>num.</strong></span> <span class='ocrx_word' id='word_1_506' title='bbox 3491 1116 3546 1171; x_wconf 78' lang='lat'><strong>3.</strong></span> 
     </span>
    </p>
   </div>
   <div class='ocr_carea' id='block_1_66' title="bbox 2276 1202 3781 1279">
    <p class='ocr_par' dir='ltr' id='par_1_66' title="bbox 2276 1202 3781 1279">
     <span class='ocr_line' id='line_1_66' title="bbox 2276 1202 3781 1279; baseline 0.007 -21"><span class='ocrx_word' id='word_1_507' title='bbox 2276 1202 2469 1259; x_wconf 77' lang='lat' dir='ltr'><strong>XXIX.</strong></span> <span class='ocrx_word' id='word_1_508' title='bbox 2517 1205 2720 1260; x_wconf 64' lang='lat' dir='ltr'><strong>Praeter</strong></span> <span class='ocrx_word' id='word_1_509' title='bbox 2769 1205 3015 1262; x_wconf 89' lang='lat' dir='ltr'><strong>homines</strong></span> <span class='ocrx_word' id='word_1_510' title='bbox 3046 1207 3434 1279; x_wconf 90' lang='lat' dir='ltr'><strong>hominumque</strong></span> <span class='ocrx_word' id='word_1_511' title='bbox 3482 1219 3781 1268; x_wconf 87' lang='lat' dir='ltr'><strong>conventus</strong></span> 
     </span>
    </p>
   </div>
   <div class='ocr_carea' id='block_1_67' title="bbox 2203 1296 3782 1368">
    <p class='ocr_par' dir='ltr' id='par_1_67' title="bbox 2203 1296 3782 1368">
     <span class='ocr_line' id='line_1_67' title="bbox 2203 1296 3782 1368; baseline 0.005 -21"><span class='ocrx_word' id='word_1_512' title='bbox 2203 1309 2266 1350; x_wconf 93' lang='lat' dir='ltr'><strong>ac</strong></span> <span class='ocrx_word' id='word_1_513' title='bbox 2289 1296 2608 1359; x_wconf 90' lang='lat' dir='ltr'><strong>societates,</strong></span> <span class='ocrx_word' id='word_1_514' title='bbox 2640 1305 2752 1350; x_wconf 90' lang='lat' dir='ltr'><strong>tum</strong></span> <span class='ocrx_word' id='word_1_515' title='bbox 2797 1296 3210 1364; x_wconf 83' lang='lat' dir='ltr'><strong>ecclesiasticas,</strong></span> <span class='ocrx_word' id='word_1_516' title='bbox 3243 1309 3352 1352; x_wconf 88' lang='lat' dir='ltr'><strong>tum</strong></span> <span class='ocrx_word' id='word_1_517' title='bbox 3382 1299 3651 1368; x_wconf 91' lang='lat' dir='ltr'><strong>politicas,</strong></span> <span class='ocrx_word' id='word_1_518' title='bbox 3681 1317 3782 1354; x_wconf 87' lang='lat' dir='ltr'><strong>an-</strong></span> 
     </span>
    </p>
   </div>
   <div class='ocr_carea' id='block_1_68' title="bbox 2204 1377 3780 1460">
    <p class='ocr_par' dir='ltr' id='par_1_68' title="bbox 2204 1377 3780 1460">
     <span class='ocr_line' id='line_1_68' title="bbox 2204 1377 3780 1460; baseline 0.004 -20"><span class='ocrx_word' id='word_1_519' title='bbox 2204 1386 2445 1457; x_wconf 90' lang='lat' dir='ltr'><strong>gelorum</strong></span> <span class='ocrx_word' id='word_1_520' title='bbox 2475 1401 2618 1442; x_wconf 71' lang='lat' dir='ltr'><strong>cura:</strong></span> <span class='ocrx_word' id='word_1_521' title='bbox 2655 1388 2945 1456; x_wconf 88' lang='lat' dir='ltr'><strong>permissas</strong></span> <span class='ocrx_word' id='word_1_522' title='bbox 2973 1427 2986 1450; x_wconf 92' lang='lat'><strong>,</strong></span> <span class='ocrx_word' id='word_1_523' title='bbox 3021 1387 3126 1443; x_wconf 87' lang='lat' dir='ltr'><strong>alia</strong></span> <span class='ocrx_word' id='word_1_524' title='bbox 3163 1377 3391 1460; x_wconf 67' lang='lat' dir='ltr'><strong>quoque</strong></span> <span class='ocrx_word' id='word_1_525' title='bbox 3420 1389 3658 1444; x_wconf 87' lang='lat' dir='ltr'><strong>inanima</strong></span> <span class='ocrx_word' id='word_1_526' title='bbox 3689 1406 3780 1445; x_wconf 83' lang='lat' dir='ltr'><strong>re-</strong></span> 
     </span>
    </p>
   </div>
   <div class='ocr_carea' id='block_1_69' title="bbox 2203 1478 3778 1551">
    <p class='ocr_par' dir='ltr' id='par_1_69' title="bbox 2203 1478 3778 1551">
     <span class='ocr_line' id='line_1_69' title="bbox 2203 1478 3778 1551; baseline 0.006 -21"><span class='ocrx_word' id='word_1_527' title='bbox 2203 1478 2390 1547; x_wconf 84' lang='lat' dir='ltr'><strong>gimini</strong></span> <span class='ocrx_word' id='word_1_528' title='bbox 2428 1479 2665 1547; x_wconf 75' lang='lat' dir='ltr'><strong>ipsorum</strong></span> <span class='ocrx_word' id='word_1_529' title='bbox 2704 1479 2916 1534; x_wconf 90' lang='lat' dir='ltr'><strong>subdita</strong></span> <span class='ocrx_word' id='word_1_530' title='bbox 2947 1495 3068 1536; x_wconf 90' lang='lat' dir='ltr'><strong>esse</strong></span> <span class='ocrx_word' id='word_1_531' title='bbox 3091 1480 3354 1543; x_wconf 89' lang='lat' dir='ltr'><strong>decrevit,</strong></span> <span class='ocrx_word' id='word_1_532' title='bbox 3382 1483 3642 1551; x_wconf 82' lang='lat' dir='ltr'><strong>variaque</strong></span> <span class='ocrx_word' id='word_1_533' title='bbox 3664 1484 3778 1539; x_wconf 64' lang='lat' dir='ltr'><strong>haec</strong></span> 
     </span>
    </p>
   </div>
   <div class='ocr_carea' id='block_1_70' title="bbox 2205 1569 3778 1643">
    <p class='ocr_par' dir='ltr' id='par_1_70' title="bbox 2205 1569 3778 1643">
     <span class='ocr_line' id='line_1_70' title="bbox 2205 1569 3778 1643; baseline 0.004 -20"><span class='ocrx_word' id='word_1_534' title='bbox 2205 1569 2326 1624; x_wconf 89' lang='lat' dir='ltr'><strong>illos</strong></span> <span class='ocrx_word' id='word_1_535' title='bbox 2356 1571 2566 1624; x_wconf 88' lang='lat' dir='ltr'><strong>meritis</strong></span> <span class='ocrx_word' id='word_1_536' title='bbox 2591 1573 2705 1626; x_wconf 90' lang='lat' dir='ltr'><strong>suis</strong></span> <span class='ocrx_word' id='word_1_537' title='bbox 2747 1572 2970 1627; x_wconf 89' lang='lat' dir='ltr'><strong>sortitos</strong></span> <span class='ocrx_word' id='word_1_538' title='bbox 3003 1570 3175 1626; x_wconf 87' lang='lat' dir='ltr'><strong>olIicia</strong></span> <span class='ocrx_word' id='word_1_539' title='bbox 3202 1613 3218 1636; x_wconf 97' lang='lat'><strong>,</strong></span> <span class='ocrx_word' id='word_1_540' title='bbox 3254 1582 3314 1628; x_wconf 91' lang='lat' dir='ltr'><strong>ut</strong></span> <span class='ocrx_word' id='word_1_541' title='bbox 3360 1574 3406 1628; x_wconf 92' lang='lat' dir='ltr'><strong>si</strong></span> <span class='ocrx_word' id='word_1_542' title='bbox 3447 1575 3537 1643; x_wconf 90' lang='lat' dir='ltr'><strong>qui</strong></span> <span class='ocrx_word' id='word_1_543' title='bbox 3588 1575 3778 1630; x_wconf 90' lang='lat' dir='ltr'><strong>bestiis</strong></span> 
     </span>
    </p>
   </div>
   <div class='ocr_carea' id='block_1_71' title="bbox 2203 1659 3777 1731">
    <p class='ocr_par' dir='ltr' id='par_1_71' title="bbox 2203 1659 3777 1731">
     <span class='ocr_line' id='line_1_71' title="bbox 2203 1659 3777 1731; baseline 0.001 -16"><span class='ocrx_word' id='word_1_544' title='bbox 2203 1660 2442 1729; x_wconf 76' lang='lat' dir='ltr'><strong>praesint,</strong></span> <span class='ocrx_word' id='word_1_545' title='bbox 2477 1659 2664 1714; x_wconf 84' lang='lat' dir='ltr'><strong>ferinis</strong></span> <span class='ocrx_word' id='word_1_546' title='bbox 2705 1659 2755 1714; x_wconf 93' lang='lat' dir='ltr'><strong>id</strong></span> <span class='ocrx_word' id='word_1_547' title='bbox 2795 1663 3004 1715; x_wconf 83' lang='lat' dir='ltr'><strong>actibus</strong></span> <span class='ocrx_word' id='word_1_548' title='bbox 3035 1661 3142 1714; x_wconf 89' lang='lat' dir='ltr'><strong>sint</strong></span> <span class='ocrx_word' id='word_1_549' title='bbox 3169 1663 3484 1725; x_wconf 87' lang='lat' dir='ltr'><strong>consecuti;</strong></span> <span class='ocrx_word' id='word_1_550' title='bbox 3529 1663 3621 1731; x_wconf 92' lang='lat' dir='ltr'><strong>qui</strong></span> <span class='ocrx_word' id='word_1_551' title='bbox 3648 1677 3777 1718; x_wconf 86' lang='lat' dir='ltr'><strong>vero</strong></span> 
     </span>
    </p>
   </div>
   <div class='ocr_carea' id='block_1_72' title="bbox 2203 1753 3780 1826">
    <p class='ocr_par' dir='ltr' id='par_1_72' title="bbox 2203 1753 3780 1826">
     <span class='ocr_line' id='line_1_72' title="bbox 2203 1753 3780 1826; baseline 0.001 -19"><span class='ocrx_word' id='word_1_552' title='bbox 2203 1763 2510 1807; x_wconf 88' lang='lat' dir='ltr'><strong>sanctorum</strong></span> <span class='ocrx_word' id='word_1_553' title='bbox 2544 1769 2730 1822; x_wconf 89' lang='lat' dir='ltr'><strong>preces</strong></span> <span class='ocrx_word' id='word_1_554' title='bbox 2763 1753 2873 1808; x_wconf 92' lang='lat' dir='ltr'><strong>Deo</strong></span> <span class='ocrx_word' id='word_1_555' title='bbox 2901 1753 3098 1809; x_wconf 73' lang='lat' dir='ltr'><strong>offerre</strong></span> <span class='ocrx_word' id='word_1_556' title='bbox 3119 1754 3256 1826; x_wconf 89' lang='lat' dir='ltr'><strong>jussi</strong></span> <span class='ocrx_word' id='word_1_557' title='bbox 3289 1755 3417 1820; x_wconf 90' lang='lat' dir='ltr'><strong>sint,</strong></span> <span class='ocrx_word' id='word_1_558' title='bbox 3454 1769 3548 1806; x_wconf 89' lang='lat' dir='ltr'><strong>sua</strong></span> <span class='ocrx_word' id='word_1_559' title='bbox 3580 1754 3780 1822; x_wconf 88' lang='lat' dir='ltr'><strong>pietate</strong></span> 
     </span>
    </p>
   </div>
   <div class='ocr_carea' id='block_1_73' title="bbox 2205 1844 3777 1915">
    <p class='ocr_par' dir='ltr' id='par_1_73' title="bbox 2205 1844 3777 1915">
     <span class='ocr_line' id='line_1_73' title="bbox 2205 1844 3777 1915; baseline 0.001 -17"><span class='ocrx_word' id='word_1_560' title='bbox 2205 1844 2256 1898; x_wconf 94' lang='lat' dir='ltr'><strong>id</strong></span> <span class='ocrx_word' id='word_1_561' title='bbox 2292 1844 2533 1899; x_wconf 89' lang='lat' dir='ltr'><strong>muneris</strong></span> <span class='ocrx_word' id='word_1_562' title='bbox 2561 1846 2956 1914; x_wconf 87' lang='lat' dir='ltr'><strong>promeruerint</strong></span> <span class='ocrx_word' id='word_1_563' title='bbox 2990 1859 3004 1899; x_wconf 89' lang='lat'><strong>:</strong></span> <span class='ocrx_word' id='word_1_564' title='bbox 3041 1846 3168 1900; x_wconf 89' lang='lat' dir='ltr'><strong>hinc</strong></span> <span class='ocrx_word' id='word_1_565' title='bbox 3198 1845 3458 1915; x_wconf 82' lang='lat' dir='ltr'><strong>Raphaeli</strong></span> <span class='ocrx_word' id='word_1_566' title='bbox 3496 1845 3777 1900; x_wconf 64' lang='lat' dir='ltr'><strong>medicinae</strong></span> 
     </span>
    </p>
   </div>
   <div class='ocr_carea' id='block_1_74' title="bbox 2204 1934 3777 2007">
    <p class='ocr_par' dir='ltr' id='par_1_74' title="bbox 2204 1934 3777 2007">
     <span class='ocr_line' id='line_1_74' title="bbox 2204 1934 3777 2007; baseline 0.001 -18"><span class='ocrx_word' id='word_1_567' title='bbox 2204 1934 2437 1989; x_wconf 91' lang='lat' dir='ltr'><strong>studium</strong></span> <span class='ocrx_word' id='word_1_568' title='bbox 2497 1934 2662 1990; x_wconf 91' lang='lat' dir='ltr'><strong>fuisse</strong></span> <span class='ocrx_word' id='word_1_569' title='bbox 2697 1937 3044 1991; x_wconf 88' lang='lat' dir='ltr'><strong>commissum</strong></span> <span class='ocrx_word' id='word_1_570' title='bbox 3077 1976 3092 1999; x_wconf 91' lang='lat'><strong>,</strong></span> <span class='ocrx_word' id='word_1_571' title='bbox 3144 1951 3241 2007; x_wconf 91' lang='lat' dir='ltr'><strong>pro</strong></span> <span class='ocrx_word' id='word_1_572' title='bbox 3289 1950 3386 1990; x_wconf 91' lang='lat' dir='ltr'><strong>sua</strong></span> <span class='ocrx_word' id='word_1_573' title='bbox 3444 1936 3497 1989; x_wconf 93' lang='lat' dir='ltr'><strong>in</strong></span> <span class='ocrx_word' id='word_1_574' title='bbox 3531 1935 3777 1991; x_wconf 88' lang='lat' dir='ltr'><strong>homines</strong></span> 
     </span>
    </p>
   </div>
   <div class='ocr_carea' id='block_1_75' title="bbox 2205 2025 3774 2092">
    <p class='ocr_par' dir='ltr' id='par_1_75' title="bbox 2205 2025 3774 2092">
     <span class='ocr_line' id='line_1_75' title="bbox 2205 2025 3774 2092; baseline 0.002 -13"><span class='ocrx_word' id='word_1_575' title='bbox 2205 2025 2506 2092; x_wconf 89' lang='lat' dir='ltr'><strong>charitate;</strong></span> <span class='ocrx_word' id='word_1_576' title='bbox 2547 2025 2794 2080; x_wconf 86' lang='lat' dir='ltr'><strong>Michaeli</strong></span> <span class='ocrx_word' id='word_1_577' title='bbox 2823 2069 2837 2091; x_wconf 94' lang='lat'><strong>,</strong></span> <span class='ocrx_word' id='word_1_578' title='bbox 2870 2029 3178 2081; x_wconf 89' lang='lat' dir='ltr'><strong>orationum</strong></span> <span class='ocrx_word' id='word_1_579' title='bbox 3211 2025 3322 2082; x_wconf 89' lang='lat' dir='ltr'><strong>Deo</strong></span> <span class='ocrx_word' id='word_1_580' title='bbox 3375 2025 3774 2082; x_wconf 81' lang='lat' dir='ltr'><strong>oﬂ&#39;erendarnm</strong></span> 
     </span>
    </p>
   </div>
   <div class='ocr_carea' id='block_1_76' title="bbox 2204 2116 3773 2183">
    <p class='ocr_par' dir='ltr' id='par_1_76' title="bbox 2204 2116 3773 2183">
     <span class='ocr_line' id='line_1_76' title="bbox 2204 2116 3773 2183; baseline 0.002 -13"><span class='ocrx_word' id='word_1_581' title='bbox 2204 2117 2517 2170; x_wconf 85' lang='lat' dir='ltr'><strong>mandatum</strong></span> <span class='ocrx_word' id='word_1_582' title='bbox 2550 2116 2720 2173; x_wconf 90' lang='lat' dir='ltr'><strong>fuisse</strong></span> <span class='ocrx_word' id='word_1_583' title='bbox 2748 2134 2976 2183; x_wconf 90' lang='lat' dir='ltr'><strong>munus;</strong></span> <span class='ocrx_word' id='word_1_584' title='bbox 3009 2118 3274 2182; x_wconf 85' lang='lat' dir='ltr'><strong>Cabrieli,</strong></span> <span class='ocrx_word' id='word_1_585' title='bbox 3310 2118 3573 2173; x_wconf 88' lang='lat' dir='ltr'><strong>bellorum</strong></span> <span class='ocrx_word' id='word_1_586' title='bbox 3599 2120 3773 2174; x_wconf 86' lang='lat' dir='ltr'><strong>admi-</strong></span> 
     </span>
    </p>
   </div>
   <div class='ocr_carea' id='block_1_77' title="bbox 2202 2206 3770 2278">
    <p class='ocr_par' dir='ltr' id='par_1_77' title="bbox 2202 2206 3770 2278">
     <span class='ocr_line' id='line_1_77' title="bbox 2202 2206 3770 2278; baseline 0.001 -17"><span class='ocrx_word' id='word_1_587' title='bbox 2202 2206 2596 2262; x_wconf 89' lang='lat' dir='ltr'><strong>nistrationem.</strong></span> <span class='ocrx_word' id='word_1_588' title='bbox 2651 2207 2898 2278; x_wconf 82' lang='lat' dir='ltr'><strong>Legenda</strong></span> <span class='ocrx_word' id='word_1_589' title='bbox 2949 2211 3001 2264; x_wconf 91' lang='lat' dir='ltr'><strong>in</strong></span> <span class='ocrx_word' id='word_1_590' title='bbox 3040 2224 3160 2263; x_wconf 90' lang='lat' dir='ltr'><strong>eam</strong></span> <span class='ocrx_word' id='word_1_591' title='bbox 3211 2211 3535 2264; x_wconf 90' lang='lat' dir='ltr'><strong>sententiam</strong></span> <span class='ocrx_word' id='word_1_592' title='bbox 3583 2210 3770 2264; x_wconf 89' lang='lat' dir='ltr'><strong>homil.</strong></span> 
     </span>
    </p>
   </div>
   <div class='ocr_carea' id='block_1_78' title="bbox 2202 2294 3772 2370">
    <p class='ocr_par' dir='ltr' id='par_1_78' title="bbox 2202 2294 3772 2370">
     <span class='ocr_line' id='line_1_78' title="bbox 2202 2294 3772 2370; baseline 0.004 -20"><span class='ocrx_word' id='word_1_593' title='bbox 2202 2296 2269 2350; x_wconf 71' lang='lat' dir='ltr'><strong>I4</strong></span> <span class='ocrx_word' id='word_1_594' title='bbox 2307 2297 2360 2348; x_wconf 85' lang='lat' dir='ltr'><strong>in</strong></span> <span class='ocrx_word' id='word_1_595' title='bbox 2393 2294 2583 2362; x_wconf 71' lang='lat' dir='ltr'><strong>Nam,</strong></span> <span class='ocrx_word' id='word_1_596' title='bbox 2613 2315 2762 2353; x_wconf 89' lang='lat' dir='ltr'><strong>num.</strong></span> <span class='ocrx_word' id='word_1_597' title='bbox 2793 2299 2851 2364; x_wconf 75' lang='lat'><strong>‘2,</strong></span> <span class='ocrx_word' id='word_1_598' title='bbox 2899 2314 3022 2370; x_wconf 89' lang='lat' dir='ltr'><strong>pag.</strong></span> <span class='ocrx_word' id='word_1_599' title='bbox 3071 2299 3176 2355; x_wconf 71' lang='lat'><strong>525</strong></span> <span class='ocrx_word' id='word_1_600' title='bbox 3199 2340 3216 2364; x_wconf 91' lang='lat'><strong>,</strong></span> <span class='ocrx_word' id='word_1_601' title='bbox 3243 2315 3350 2370; x_wconf 90' lang='lat' dir='ltr'><strong>qua</strong></span> <span class='ocrx_word' id='word_1_602' title='bbox 3388 2300 3620 2370; x_wconf 88' lang='lat' dir='ltr'><strong>plantis,</strong></span> <span class='ocrx_word' id='word_1_603' title='bbox 3650 2300 3772 2356; x_wconf 89' lang='lat' dir='ltr'><strong>ani-</strong></span> 
     </span>
    </p>
   </div>
   <div class='ocr_carea' id='block_1_79' title="bbox 2202 2389 3771 2462">
    <p class='ocr_par' dir='ltr' id='par_1_79' title="bbox 2202 2389 3771 2462">
     <span class='ocr_line' id='line_1_79' title="bbox 2202 2389 3771 2462; baseline 0.004 -20"><span class='ocrx_word' id='word_1_604' title='bbox 2202 2389 2432 2444; x_wconf 77' lang='lat' dir='ltr'><strong>malibus</strong></span> <span class='ocrx_word' id='word_1_605' title='bbox 2455 2429 2471 2454; x_wconf 96' lang='lat'><strong>,</strong></span> <span class='ocrx_word' id='word_1_606' title='bbox 2510 2391 2926 2462; x_wconf 88' lang='lat' dir='ltr'><strong>animaliumque</strong></span> <span class='ocrx_word' id='word_1_607' title='bbox 2953 2391 3176 2458; x_wconf 87' lang='lat' dir='ltr'><strong>fetibus,</strong></span> <span class='ocrx_word' id='word_1_608' title='bbox 3199 2393 3550 2457; x_wconf 67' lang='lat' dir='ltr'><strong>exercitibus,</strong></span> <span class='ocrx_word' id='word_1_609' title='bbox 3581 2393 3771 2448; x_wconf 86' lang='lat' dir='ltr'><strong>rebus-</strong></span> 
     </span>
    </p>
   </div>
   <div class='ocr_carea' id='block_1_80' title="bbox 2202 2481 3774 2554">
    <p class='ocr_par' dir='ltr' id='par_1_80' title="bbox 2202 2481 3774 2554">
     <span class='ocr_line' id='line_1_80' title="bbox 2202 2481 3774 2554; baseline 0.004 -20"><span class='ocrx_word' id='word_1_610' title='bbox 2202 2496 2306 2551; x_wconf 91' lang='lat' dir='ltr'><strong>que</strong></span> <span class='ocrx_word' id='word_1_611' title='bbox 2361 2481 2482 2536; x_wconf 87' lang='lat' dir='ltr'><strong>aliis</strong></span> <span class='ocrx_word' id='word_1_612' title='bbox 2523 2483 2773 2548; x_wconf 91' lang='lat' dir='ltr'><strong>terrenis,</strong></span> <span class='ocrx_word' id='word_1_613' title='bbox 2806 2484 2899 2539; x_wconf 88' lang='lat' dir='ltr'><strong>sed</strong></span> <span class='ocrx_word' id='word_1_614' title='bbox 2932 2493 2989 2539; x_wconf 91' lang='lat' dir='ltr'><strong>et</strong></span> <span class='ocrx_word' id='word_1_615' title='bbox 3017 2484 3222 2540; x_wconf 91' lang='lat' dir='ltr'><strong>sanctis</strong></span> <span class='ocrx_word' id='word_1_616' title='bbox 3249 2486 3527 2554; x_wconf 84' lang='lat' dir='ltr'><strong>Operibus,</strong></span> <span class='ocrx_word' id='word_1_617' title='bbox 3560 2501 3774 2540; x_wconf 91' lang='lat' dir='ltr'><strong>rerum-</strong></span> 
     </span>
    </p>
   </div>
   <div class='ocr_carea' id='block_1_81' title="bbox 2204 2572 3774 2650">
    <p class='ocr_par' dir='ltr' id='par_1_81' title="bbox 2204 2572 3774 2650">
     <span class='ocr_line' id='line_1_81' title="bbox 2204 2572 3774 2650; baseline 0.004 -25"><span class='ocrx_word' id='word_1_618' title='bbox 2204 2587 2309 2642; x_wconf 92' lang='lat' dir='ltr'><strong>que</strong></span> <span class='ocrx_word' id='word_1_619' title='bbox 2349 2572 2652 2628; x_wconf 89' lang='lat' dir='ltr'><strong>divinarum</strong></span> <span class='ocrx_word' id='word_1_620' title='bbox 2701 2575 2977 2632; x_wconf 78' lang='lat' dir='ltr'><strong>tradendae</strong></span> <span class='ocrx_word' id='word_1_621' title='bbox 3023 2578 3262 2635; x_wconf 66' lang='lat' dir='ltr'><strong>scientiae</strong></span> <span class='ocrx_word' id='word_1_622' title='bbox 3294 2577 3513 2650; x_wconf 89' lang='lat' dir='ltr'><strong>angelos</strong></span> <span class='ocrx_word' id='word_1_623' title='bbox 3543 2592 3774 2646; x_wconf 65' lang='lat' dir='ltr'><strong>praeesse</strong></span> 
     </span>
    </p>
   </div>
   <div class='ocr_carea' id='block_1_82' title="bbox 2199 2665 3772 2738">
    <p class='ocr_par' dir='ltr' id='par_1_82' title="bbox 2199 2665 3772 2738">
     <span class='ocr_line' id='line_1_82' title="bbox 2199 2665 3772 2738; baseline 0.004 -20"><span class='ocrx_word' id='word_1_624' title='bbox 2199 2665 2418 2731; x_wconf 90' lang='lat' dir='ltr'><strong>asserit,</strong></span> <span class='ocrx_word' id='word_1_625' title='bbox 2447 2667 2855 2738; x_wconf 88' lang='lat' dir='ltr'><strong>cavendumque</strong></span> <span class='ocrx_word' id='word_1_626' title='bbox 2885 2669 3063 2724; x_wconf 89' lang='lat' dir='ltr'><strong>sancit</strong></span> <span class='ocrx_word' id='word_1_627' title='bbox 3089 2686 3155 2725; x_wconf 90' lang='lat' dir='ltr'><strong>ne</strong></span> <span class='ocrx_word' id='word_1_628' title='bbox 3185 2671 3414 2726; x_wconf 85' lang='lat' dir='ltr'><strong>terrenis</strong></span> <span class='ocrx_word' id='word_1_629' title='bbox 3442 2669 3607 2724; x_wconf 88' lang='lat' dir='ltr'><strong>dediti</strong></span> <span class='ocrx_word' id='word_1_630' title='bbox 3631 2670 3772 2724; x_wconf 89' lang='lat' dir='ltr'><strong>aeti-</strong></span> 
     </span>
    </p>
   </div>
   <div class='ocr_carea' id='block_1_83' title="bbox 2199 2757 3775 2829">
    <p class='ocr_par' dir='ltr' id='par_1_83' title="bbox 2199 2757 3775 2829">
     <span class='ocr_line' id='line_1_83' title="bbox 2199 2757 3775 2829; baseline 0.003 -19"><span class='ocrx_word' id='word_1_631' title='bbox 2199 2757 2300 2812; x_wconf 87' lang='lat' dir='ltr'><strong>bus</strong></span> <span class='ocrx_word' id='word_1_632' title='bbox 2346 2765 2400 2812; x_wconf 89' lang='lat' dir='ltr'><strong>et</strong></span> <span class='ocrx_word' id='word_1_633' title='bbox 2448 2757 2744 2828; x_wconf 87' lang='lat' dir='ltr'><strong>corporeis,</strong></span> <span class='ocrx_word' id='word_1_634' title='bbox 2781 2758 2920 2814; x_wconf 89' lang='lat' dir='ltr'><strong>inter</strong></span> <span class='ocrx_word' id='word_1_635' title='bbox 2969 2760 3252 2829; x_wconf 84' lang='lat' dir='ltr'><strong>deputatus</strong></span> <span class='ocrx_word' id='word_1_636' title='bbox 3291 2761 3356 2816; x_wconf 92' lang='lat' dir='ltr'><strong>iis</strong></span> <span class='ocrx_word' id='word_1_637' title='bbox 3390 2762 3775 2816; x_wconf 89' lang='lat' dir='ltr'><strong>administran-</strong></span> 
     </span>
    </p>
   </div>
   <div class='ocr_carea' id='block_1_84' title="bbox 2200 2848 3773 2923">
    <p class='ocr_par' dir='ltr' id='par_1_84' title="bbox 2200 2848 3773 2923">
     <span class='ocr_line' id='line_1_84' title="bbox 2200 2848 3773 2923; baseline 0.003 -21"><span class='ocrx_word' id='word_1_638' title='bbox 2200 2849 2286 2902; x_wconf 86' lang='lat' dir='ltr'><strong>dis</strong></span> <span class='ocrx_word' id='word_1_639' title='bbox 2342 2848 2563 2920; x_wconf 87' lang='lat' dir='ltr'><strong>angelos</strong></span> <span class='ocrx_word' id='word_1_640' title='bbox 2598 2851 2958 2919; x_wconf 86' lang='lat' dir='ltr'><strong>reperiamnr.</strong></span> <span class='ocrx_word' id='word_1_641' title='bbox 3001 2851 3247 2923; x_wconf 84' lang='lat' dir='ltr'><strong>Legenda</strong></span> <span class='ocrx_word' id='word_1_642' title='bbox 3291 2864 3346 2907; x_wconf 90' lang='lat' dir='ltr'><strong>et</strong></span> <span class='ocrx_word' id='word_1_643' title='bbox 3390 2853 3580 2908; x_wconf 84' lang='lat' dir='ltr'><strong>humil.</strong></span> <span class='ocrx_word' id='word_1_644' title='bbox 3619 2852 3690 2906; x_wconf 73' lang='lat'><strong>25</strong></span> <span class='ocrx_word' id='word_1_645' title='bbox 3718 2853 3773 2906; x_wconf 77' lang='grc' dir='ltr'><strong>ἱιι</strong></span> 
     </span>
    </p>
   </div>
   <div class='ocr_carea' id='block_1_85' title="bbox 2197 2939 3773 3012">
    <p class='ocr_par' dir='ltr' id='par_1_85' title="bbox 2197 2939 3773 3012">
     <span class='ocr_line' id='line_1_85' title="bbox 2197 2939 3773 3012; baseline 0.003 -20"><span class='ocrx_word' id='word_1_646' title='bbox 2197 2939 2342 3005; x_wconf 84' lang='lat' dir='ltr'><strong>Jos.,</strong></span> <span class='ocrx_word' id='word_1_647' title='bbox 2377 2957 2526 2994; x_wconf 91' lang='lat' dir='ltr'><strong>num.</strong></span> <span class='ocrx_word' id='word_1_648' title='bbox 2555 2940 2612 3005; x_wconf 77' lang='lat'><strong>5,</strong></span> <span class='ocrx_word' id='word_1_649' title='bbox 2647 2950 2702 2995; x_wconf 87' lang='lat' dir='ltr'><strong>et</strong></span> <span class='ocrx_word' id='word_1_650' title='bbox 2730 2941 2917 2996; x_wconf 88' lang='lat' dir='ltr'><strong>homil.</strong></span> <span class='ocrx_word' id='word_1_651' title='bbox 2966 2943 3033 2996; x_wconf 84' lang='lat' dir='ltr'><strong>I0</strong></span> <span class='ocrx_word' id='word_1_652' title='bbox 3079 2946 3132 2998; x_wconf 81' lang='lat' dir='ltr'><strong>in</strong></span> <span class='ocrx_word' id='word_1_653' title='bbox 3163 2944 3383 3012; x_wconf 82' lang='lat' dir='ltr'><strong>Jerem.,</strong></span> <span class='ocrx_word' id='word_1_654' title='bbox 3423 2961 3570 3001; x_wconf 85' lang='lat' dir='ltr'><strong>nunt.</strong></span> <span class='ocrx_word' id='word_1_655' title='bbox 3608 2945 3662 3008; x_wconf 88' lang='lat'><strong>6,</strong></span> <span class='ocrx_word' id='word_1_656' title='bbox 3718 2951 3773 2998; x_wconf 91' lang='lat' dir='ltr'><strong>et</strong></span> 
     </span>
    </p>
   </div>
   <div class='ocr_carea' id='block_1_86' title="bbox 2199 3029 3772 3103">
    <p class='ocr_par' dir='ltr' id='par_1_86' title="bbox 2199 3029 3772 3103">
     <span class='ocr_line' id='line_1_86' title="bbox 2199 3029 3772 3103; baseline 0.003 -19"><span class='ocrx_word' id='word_1_657' title='bbox 2199 3044 2317 3098; x_wconf 89' lang='lat' dir='ltr'><strong>cap.</strong></span> <span class='ocrx_word' id='word_1_658' title='bbox 2357 3029 2390 3084; x_wconf 90' lang='lat'><strong>8</strong></span> <span class='ocrx_word' id='word_1_659' title='bbox 2436 3030 2555 3084; x_wconf 92' lang='lat' dir='ltr'><strong>libri</strong></span> <span class='ocrx_word' id='word_1_660' title='bbox 2606 3047 2622 3085; x_wconf 91' lang='lat' dir='ltr'><strong>I</strong></span> <span class='ocrx_word' id='word_1_661' title='bbox 2668 3033 2806 3100; x_wconf 76' lang='grc' dir='ltr'><strong>Περὶ</strong></span> <span class='ocrx_word' id='word_1_662' title='bbox 2840 3032 3062 3101; x_wconf 79' lang='grc' dir='ltr'><strong>ἀρχῶν,</strong></span> <span class='ocrx_word' id='word_1_663' title='bbox 3115 3051 3263 3090; x_wconf 86' lang='grc' dir='ltr'><strong>ιιιιιη.</strong></span> <span class='ocrx_word' id='word_1_664' title='bbox 3318 3036 3370 3103; x_wconf 80' lang='grc'><strong>1,</strong></span> <span class='ocrx_word' id='word_1_665' title='bbox 3408 3045 3462 3092; x_wconf 88' lang='lat' dir='ltr'><strong>et</strong></span> <span class='ocrx_word' id='word_1_666' title='bbox 3495 3035 3629 3091; x_wconf 86' lang='lat' dir='ltr'><strong>liber</strong></span> <span class='ocrx_word' id='word_1_667' title='bbox 3677 3049 3772 3089; x_wconf 85' lang='lat' dir='ltr'><strong>vnt</strong></span> 
     </span>
    </p>
   </div>
   <div class='ocr_carea' id='block_1_87' title="bbox 2201 3119 3773 3196">
    <p class='ocr_par' dir='ltr' id='par_1_87' title="bbox 2201 3119 3773 3196">
     <span class='ocr_line' id='line_1_87' title="bbox 2201 3119 3773 3196; baseline 0.004 -23"><span class='ocrx_word' id='word_1_668' title='bbox 2201 3131 2384 3175; x_wconf 80' lang='lat' dir='ltr'><strong>contra</strong></span> <span class='ocrx_word' id='word_1_669' title='bbox 2423 3119 2589 3185; x_wconf 82' lang='lat' dir='ltr'><strong>Cels.,</strong></span> <span class='ocrx_word' id='word_1_670' title='bbox 2622 3139 2776 3176; x_wconf 90' lang='lat' dir='ltr'><strong>num.</strong></span> <span class='ocrx_word' id='word_1_671' title='bbox 2823 3124 2912 3190; x_wconf 79' lang='grc'><strong>51,</strong></span> <span class='ocrx_word' id='word_1_672' title='bbox 2963 3140 3070 3195; x_wconf 92' lang='lat' dir='ltr'><strong>quo</strong></span> <span class='ocrx_word' id='word_1_673' title='bbox 3099 3123 3421 3196; x_wconf 87' lang='lat' dir='ltr'><strong>Epicureum</strong></span> <span class='ocrx_word' id='word_1_674' title='bbox 3464 3125 3611 3180; x_wconf 90' lang='lat' dir='ltr'><strong>illum</strong></span> <span class='ocrx_word' id='word_1_675' title='bbox 3639 3141 3773 3182; x_wconf 89' lang='lat' dir='ltr'><strong>con-</strong></span> 
     </span>
    </p>
   </div>
   <div class='ocr_carea' id='block_1_88' title="bbox 2201 3213 3775 3288">
    <p class='ocr_par' dir='ltr' id='par_1_88' title="bbox 2201 3213 3775 3288">
     <span class='ocr_line' id='line_1_88' title="bbox 2201 3213 3775 3288; baseline 0.003 -18"><span class='ocrx_word' id='word_1_676' title='bbox 2201 3213 2386 3270; x_wconf 85' lang='lat' dir='ltr'><strong>futans</strong></span> <span class='ocrx_word' id='word_1_677' title='bbox 2419 3213 2814 3284; x_wconf 91' lang='lat' dir='ltr'><strong>philosophum,</strong></span> <span class='ocrx_word' id='word_1_678' title='bbox 2882 3231 3062 3272; x_wconf 87' lang='lat' dir='ltr'><strong>rerum</strong></span> <span class='ocrx_word' id='word_1_679' title='bbox 3118 3218 3400 3283; x_wconf 91' lang='lat' dir='ltr'><strong>omnium,</strong></span> <span class='ocrx_word' id='word_1_680' title='bbox 3448 3219 3648 3288; x_wconf 73' lang='lat' dir='ltr'><strong>qnzein</strong></span> <span class='ocrx_word' id='word_1_681' title='bbox 3689 3219 3775 3274; x_wconf 91' lang='lat' dir='ltr'><strong>his</strong></span> 
     </span>
    </p>
   </div>
   <div class='ocr_carea' id='block_1_89' title="bbox 2195 3305 3770 3379">
    <p class='ocr_par' dir='ltr' id='par_1_89' title="bbox 2195 3305 3770 3379">
     <span class='ocr_line' id='line_1_89' title="bbox 2195 3305 3770 3379; baseline 0.004 -19"><span class='ocrx_word' id='word_1_682' title='bbox 2195 3305 2547 3362; x_wconf 87' lang='lat' dir='ltr'><strong>inferioribus</strong></span> <span class='ocrx_word' id='word_1_683' title='bbox 2587 3319 2852 3377; x_wconf 90' lang='lat' dir='ltr'><strong>geruntur</strong></span> <span class='ocrx_word' id='word_1_684' title='bbox 2879 3307 3013 3364; x_wconf 90' lang='lat' dir='ltr'><strong>locis</strong></span> <span class='ocrx_word' id='word_1_685' title='bbox 3043 3350 3058 3375; x_wconf 91' lang='lat'><strong>,</strong></span> <span class='ocrx_word' id='word_1_686' title='bbox 3088 3311 3529 3379; x_wconf 73' lang='lat' dir='ltr'><strong>procurationem</strong></span> <span class='ocrx_word' id='word_1_687' title='bbox 3563 3311 3616 3366; x_wconf 87' lang='lat' dir='ltr'><strong>in</strong></span> <span class='ocrx_word' id='word_1_688' title='bbox 3663 3313 3770 3367; x_wconf 61' lang='lat' dir='ltr'><strong>dae-</strong></span> 
     </span>
    </p>
   </div>
   <div class='ocr_carea' id='block_1_90' title="bbox 2196 3399 3772 3472">
    <p class='ocr_par' dir='ltr' id='par_1_90' title="bbox 2196 3399 3772 3472">
     <span class='ocr_line' id='line_1_90' title="bbox 2196 3399 3772 3472; baseline 0.005 -22"><span class='ocrx_word' id='word_1_689' title='bbox 2196 3411 2390 3452; x_wconf 84' lang='lat' dir='ltr'><strong>mones</strong></span> <span class='ocrx_word' id='word_1_690' title='bbox 2420 3399 2872 3456; x_wconf 89' lang='lat' dir='ltr'><strong>transcribentem</strong></span> <span class='ocrx_word' id='word_1_691' title='bbox 2901 3441 2918 3466; x_wconf 94' lang='lat'><strong>,</strong></span> <span class='ocrx_word' id='word_1_692' title='bbox 2948 3401 3156 3472; x_wconf 90' lang='lat' dir='ltr'><strong>angelis</strong></span> <span class='ocrx_word' id='word_1_693' title='bbox 3181 3403 3334 3471; x_wconf 88' lang='lat' dir='ltr'><strong>quasi</strong></span> <span class='ocrx_word' id='word_1_694' title='bbox 3364 3417 3429 3457; x_wconf 81' lang='lat' dir='ltr'><strong>ex</strong></span> <span class='ocrx_word' id='word_1_695' title='bbox 3457 3403 3582 3472; x_wconf 89' lang='lat' dir='ltr'><strong>jure</strong></span> <span class='ocrx_word' id='word_1_696' title='bbox 3610 3419 3772 3458; x_wconf 87' lang='lat' dir='ltr'><strong>manu</strong></span> 
     </span>
    </p>
   </div>
   <div class='ocr_carea' id='block_1_91' title="bbox 2201 3487 3776 3560">
    <p class='ocr_par' dir='ltr' id='par_1_91' title="bbox 2201 3487 3776 3560">
     <span class='ocr_line' id='line_1_91' title="bbox 2201 3487 3776 3560; baseline 0.006 -17"><span class='ocrx_word' id='word_1_697' title='bbox 2201 3487 2512 3543; x_wconf 85' lang='lat' dir='ltr'><strong>confertum</strong></span> <span class='ocrx_word' id='word_1_698' title='bbox 2548 3491 2770 3559; x_wconf 88' lang='lat' dir='ltr'><strong>reperit,</strong></span> <span class='ocrx_word' id='word_1_699' title='bbox 2816 3492 2954 3546; x_wconf 88' lang='lat' dir='ltr'><strong>mala</strong></span> <span class='ocrx_word' id='word_1_700' title='bbox 2991 3491 3185 3556; x_wconf 88' lang='lat' dir='ltr'><strong>solum,</strong></span> <span class='ocrx_word' id='word_1_701' title='bbox 3217 3504 3266 3547; x_wconf 88' lang='lat' dir='ltr'><strong>et</strong></span> <span class='ocrx_word' id='word_1_702' title='bbox 3322 3494 3681 3560; x_wconf 90' lang='lat' dir='ltr'><strong>incommoda,</strong></span> <span class='ocrx_word' id='word_1_703' title='bbox 3717 3505 3776 3552; x_wconf 87' lang='lat' dir='ltr'><strong>et</strong></span> 
     </span>
    </p>
   </div>
   <div class='ocr_carea' id='block_1_92' title="bbox 2193 3580 3769 3656">
    <p class='ocr_par' dir='ltr' id='par_1_92' title="bbox 2193 3580 3769 3656">
     <span class='ocr_line' id='line_1_92' title="bbox 2193 3580 3769 3656; baseline 0.004 -23"><span class='ocrx_word' id='word_1_704' title='bbox 2193 3595 2314 3650; x_wconf 71' lang='lat' dir='ltr'><strong>quae</strong></span> <span class='ocrx_word' id='word_1_705' title='bbox 2344 3580 2578 3636; x_wconf 89' lang='lat' dir='ltr'><strong>humano</strong></span> <span class='ocrx_word' id='word_1_706' title='bbox 2624 3582 2808 3650; x_wconf 89' lang='lat' dir='ltr'><strong>generi</strong></span> <span class='ocrx_word' id='word_1_707' title='bbox 2865 3584 3020 3638; x_wconf 79' lang='lat' dir='ltr'><strong>noxia</strong></span> <span class='ocrx_word' id='word_1_708' title='bbox 3080 3595 3242 3650; x_wconf 90' lang='lat' dir='ltr'><strong>sunt,</strong></span> <span class='ocrx_word' id='word_1_709' title='bbox 3273 3584 3590 3640; x_wconf 86' lang='lat' dir='ltr'><strong>sterilitates</strong></span> <span class='ocrx_word' id='word_1_710' title='bbox 3620 3597 3769 3656; x_wconf 85' lang='lat' dir='ltr'><strong>puta,</strong></span> 
     </span>
    </p>
   </div>
   <div class='ocr_carea' id='block_1_93' title="bbox 2194 3672 3771 3748">
    <p class='ocr_par' dir='ltr' id='par_1_93' title="bbox 2194 3672 3771 3748">
     <span class='ocr_line' id='line_1_93' title="bbox 2194 3672 3771 3748; baseline 0.003 -23"><span class='ocrx_word' id='word_1_711' title='bbox 2194 3672 2557 3737; x_wconf 88' lang='lat' dir='ltr'><strong>calamitates,</strong></span> <span class='ocrx_word' id='word_1_712' title='bbox 2589 3675 2883 3742; x_wconf 88' lang='lat' dir='ltr'><strong>siccitates,</strong></span> <span class='ocrx_word' id='word_1_713' title='bbox 2920 3675 3281 3744; x_wconf 81' lang='lat' dir='ltr'><strong>pestilentiam</strong></span> <span class='ocrx_word' id='word_1_714' title='bbox 3311 3716 3325 3738; x_wconf 91' lang='lat'><strong>,</strong></span> <span class='ocrx_word' id='word_1_715' title='bbox 3359 3677 3572 3746; x_wconf 88' lang='lat' dir='ltr'><strong>aliaque</strong></span> <span class='ocrx_word' id='word_1_716' title='bbox 3599 3677 3650 3730; x_wconf 93' lang='lat' dir='ltr'><strong>id</strong></span> <span class='ocrx_word' id='word_1_717' title='bbox 3678 3693 3771 3748; x_wconf 89' lang='lat' dir='ltr'><strong>ge-</strong></span> 
     </span>
    </p>
   </div>
   <div class='ocr_carea' id='block_1_94' title="bbox 2194 3765 3772 3837">
    <p class='ocr_par' dir='ltr' id='par_1_94' title="bbox 2194 3765 3772 3837">
     <span class='ocr_line' id='line_1_94' title="bbox 2194 3765 3772 3837; baseline 0.006 -21"><span class='ocrx_word' id='word_1_718' title='bbox 2194 3779 2296 3818; x_wconf 89' lang='lat' dir='ltr'><strong>nus</strong></span> <span class='ocrx_word' id='word_1_719' title='bbox 2313 3765 2380 3819; x_wconf 90' lang='lat' dir='ltr'><strong>ad</strong></span> <span class='ocrx_word' id='word_1_720' title='bbox 2397 3774 2646 3820; x_wconf 90' lang='lat' dir='ltr'><strong>auctores</strong></span> <span class='ocrx_word' id='word_1_721' title='bbox 2667 3767 2938 3822; x_wconf 67' lang='lat' dir='ltr'><strong>daemones</strong></span> <span class='ocrx_word' id='word_1_722' title='bbox 2951 3767 3208 3832; x_wconf 87' lang='lat' dir='ltr'><strong>referens,</strong></span> <span class='ocrx_word' id='word_1_723' title='bbox 3228 3767 3628 3837; x_wconf 89' lang='lat' dir='ltr'><strong>divinojudicio</strong></span> <span class='ocrx_word' id='word_1_724' title='bbox 3647 3785 3772 3826; x_wconf 86' lang='lat' dir='ltr'><strong>eer-</strong></span> 
     </span>
    </p>
   </div>
   <div class='ocr_carea' id='block_1_95' title="bbox 2197 3855 3772 3930">
    <p class='ocr_par' dir='ltr' id='par_1_95' title="bbox 2197 3855 3772 3930">
     <span class='ocr_line' id='line_1_95' title="bbox 2197 3855 3772 3930; baseline 0.004 -21"><span class='ocrx_word' id='word_1_725' title='bbox 2197 3855 2266 3909; x_wconf 91' lang='lat' dir='ltr'><strong>tis</strong></span> <span class='ocrx_word' id='word_1_726' title='bbox 2307 3857 2636 3925; x_wconf 85' lang='lat' dir='ltr'><strong>temporibus</strong></span> <span class='ocrx_word' id='word_1_727' title='bbox 2662 3857 2803 3914; x_wconf 90' lang='lat' dir='ltr'><strong>hanc</strong></span> <span class='ocrx_word' id='word_1_728' title='bbox 2851 3860 3135 3913; x_wconf 88' lang='lat' dir='ltr'><strong>adversum</strong></span> <span class='ocrx_word' id='word_1_729' title='bbox 3170 3860 3418 3914; x_wconf 89' lang='lat' dir='ltr'><strong>homines</strong></span> <span class='ocrx_word' id='word_1_730' title='bbox 3445 3871 3772 3930; x_wconf 87' lang='lat' dir='ltr'><strong>potestatem</strong></span> 
     </span>
    </p>
   </div>
   <div class='ocr_carea' id='block_1_96' title="bbox 2193 3948 3776 4021">
    <p class='ocr_par' dir='ltr' id='par_1_96' title="bbox 2193 3948 3776 4021">
     <span class='ocr_line' id='line_1_96' title="bbox 2193 3948 3776 4021; baseline 0.004 -21"><span class='ocrx_word' id='word_1_731' title='bbox 2193 3948 2573 4002; x_wconf 87' lang='lat' dir='ltr'><strong>naucisccutes</strong></span> <span class='ocrx_word' id='word_1_732' title='bbox 2599 3988 2613 4011; x_wconf 86' lang='lat'><strong>,</strong></span> <span class='ocrx_word' id='word_1_733' title='bbox 2664 3949 2756 4003; x_wconf 88' lang='lat' dir='ltr'><strong>sed</strong></span> <span class='ocrx_word' id='word_1_734' title='bbox 2807 3949 3066 4004; x_wconf 89' lang='lat' dir='ltr'><strong>adversus</strong></span> <span class='ocrx_word' id='word_1_735' title='bbox 3104 3951 3294 4020; x_wconf 91' lang='lat' dir='ltr'><strong>impios</strong></span> <span class='ocrx_word' id='word_1_736' title='bbox 3345 3953 3644 4021; x_wconf 70' lang='lat' dir='ltr'><strong>praesertim</strong></span> <span class='ocrx_word' id='word_1_737' title='bbox 3669 3993 3684 4015; x_wconf 88' lang='lat'><strong>.</strong></span> <span class='ocrx_word' id='word_1_738' title='bbox 3719 3963 3776 4010; x_wconf 89' lang='lat' dir='ltr'><strong>et</strong></span> 
     </span>
    </p>
   </div>
   <div class='ocr_carea' id='block_1_97' title="bbox 2197 4041 3776 4115">
    <p class='ocr_par' dir='ltr' id='par_1_97' title="bbox 2197 4041 3776 4115">
     <span class='ocr_line' id='line_1_97' title="bbox 2197 4041 3776 4115; baseline 0.004 -22"><span class='ocrx_word' id='word_1_739' title='bbox 2197 4055 2226 4093; x_wconf 88' lang='lat' dir='ltr'><strong>a</strong></span> <span class='ocrx_word' id='word_1_740' title='bbox 2288 4041 2378 4094; x_wconf 88' lang='lat' dir='ltr'><strong>Dei</strong></span> <span class='ocrx_word' id='word_1_741' title='bbox 2430 4041 2577 4095; x_wconf 88' lang='lat' dir='ltr'><strong>cultu</strong></span> <span class='ocrx_word' id='word_1_742' title='bbox 2627 4043 2852 4098; x_wconf 91' lang='lat' dir='ltr'><strong>alienos.</strong></span> <span class='ocrx_word' id='word_1_743' title='bbox 2903 4043 3284 4113; x_wconf 78' lang='lat' dir='ltr'><strong>Verumtamen</strong></span> <span class='ocrx_word' id='word_1_744' title='bbox 3333 4045 3471 4100; x_wconf 92' lang='lat' dir='ltr'><strong>libro</strong></span> <span class='ocrx_word' id='word_1_745' title='bbox 3508 4043 3776 4115; x_wconf 76' lang='grc' dir='ltr'><strong>Περὶάρ-</strong></span> 
     </span>
    </p>
   </div>
   <div class='ocr_carea' id='block_1_98' title="bbox 2192 4131 3769 4205">
    <p class='ocr_par' dir='ltr' id='par_1_98' title="bbox 2192 4131 3769 4205">
     <span class='ocr_line' id='line_1_98' title="bbox 2192 4131 3769 4205; baseline 0.004 -22"><span class='ocrx_word' id='word_1_746' title='bbox 2192 4131 2319 4200; x_wconf 81' lang='grc' dir='ltr'>χῶν</span> <span class='ocrx_word' id='word_1_747' title='bbox 2341 4147 2421 4196; x_wconf 87' lang='grc' dir='ltr'><strong>ιιι,</strong></span> <span class='ocrx_word' id='word_1_748' title='bbox 2452 4148 2572 4202; x_wconf 86' lang='lat' dir='ltr'><strong>cap.</strong></span> <span class='ocrx_word' id='word_1_749' title='bbox 2600 4133 2657 4193; x_wconf 80' lang='lat'><strong>3.</strong></span> <span class='ocrx_word' id='word_1_750' title='bbox 2695 4149 2842 4187; x_wconf 91' lang='lat' dir='ltr'><strong>num.</strong></span> <span class='ocrx_word' id='word_1_751' title='bbox 2876 4133 2932 4198; x_wconf 72' lang='lat'><strong>2,</strong></span> <span class='ocrx_word' id='word_1_752' title='bbox 2965 4134 3018 4196; x_wconf 76' lang='grc'><strong>5,</strong></span> <span class='ocrx_word' id='word_1_753' title='bbox 3056 4135 3462 4205; x_wconf 87' lang='lat' dir='ltr'><strong>disciplinarum</strong></span> <span class='ocrx_word' id='word_1_754' title='bbox 3493 4145 3546 4190; x_wconf 92' lang='lat' dir='ltr'><strong>et</strong></span> <span class='ocrx_word' id='word_1_755' title='bbox 3570 4136 3769 4190; x_wconf 90' lang='lat' dir='ltr'><strong>artium</strong></span> 
     </span>
    </p>
   </div>
   <div class='ocr_carea' id='block_1_99' title="bbox 2193 4225 3777 4297">
    <p class='ocr_par' dir='ltr' id='par_1_99' title="bbox 2193 4225 3777 4297">
     <span class='ocr_line' id='line_1_99' title="bbox 2193 4225 3777 4297; baseline 0.004 -20"><span class='ocrx_word' id='word_1_756' title='bbox 2193 4231 2518 4292; x_wconf 90' lang='lat' dir='ltr'><strong>potestatem</strong></span> <span class='ocrx_word' id='word_1_757' title='bbox 2588 4225 2922 4295; x_wconf 87' lang='lat' dir='ltr'><strong>spiritalibus</strong></span> <span class='ocrx_word' id='word_1_758' title='bbox 2984 4227 3309 4296; x_wconf 91' lang='lat' dir='ltr'><strong>quibusdam</strong></span> <span class='ocrx_word' id='word_1_759' title='bbox 3373 4228 3555 4283; x_wconf 86' lang='lat' dir='ltr'><strong>mundi</strong></span> <span class='ocrx_word' id='word_1_760' title='bbox 3617 4227 3777 4297; x_wconf 85' lang='lat' dir='ltr'><strong>hujus</strong></span> 
     </span>
    </p>
   </div>
   <div class='ocr_carea' id='block_1_100' title="bbox 2193 4315 3777 4388">
    <p class='ocr_par' dir='ltr' id='par_1_100' title="bbox 2193 4315 3777 4388">
     <span class='ocr_line' id='line_1_100' title="bbox 2193 4315 3777 4388; baseline 0.003 -20"><span class='ocrx_word' id='word_1_761' title='bbox 2193 4315 2428 4384; x_wconf 89' lang='lat' dir='ltr'><strong>energiis</strong></span> <span class='ocrx_word' id='word_1_762' title='bbox 2494 4330 2558 4370; x_wconf 88' lang='lat' dir='ltr'><strong>ac</strong></span> <span class='ocrx_word' id='word_1_763' title='bbox 2606 4317 2901 4372; x_wconf 89' lang='lat' dir='ltr'><strong>virtutibus</strong></span> <span class='ocrx_word' id='word_1_764' title='bbox 2943 4317 3204 4383; x_wconf 91' lang='lat' dir='ltr'><strong>ascribit;</strong></span> <span class='ocrx_word' id='word_1_765' title='bbox 3261 4327 3423 4388; x_wconf 89' lang='lat' dir='ltr'><strong>atque</strong></span> <span class='ocrx_word' id='word_1_766' title='bbox 3468 4319 3593 4374; x_wconf 90' lang='lat' dir='ltr'><strong>inde</strong></span> <span class='ocrx_word' id='word_1_767' title='bbox 3631 4319 3777 4374; x_wconf 73' lang='lat' dir='ltr'><strong>exsi-</strong></span> 
     </span>
    </p>
   </div>
   <div class='ocr_carea' id='block_1_101' title="bbox 2195 4409 3774 4480">
    <p class='ocr_par' dir='ltr' id='par_1_101' title="bbox 2195 4409 3774 4480">
     <span class='ocr_line' id='line_1_101' title="bbox 2195 4409 3774 4480; baseline 0.001 -18"><span class='ocrx_word' id='word_1_768' title='bbox 2195 4415 2338 4462; x_wconf 89' lang='lat' dir='ltr'><strong>stere</strong></span> <span class='ocrx_word' id='word_1_769' title='bbox 2403 4409 2613 4465; x_wconf 90' lang='lat' dir='ltr'><strong>furores</strong></span> <span class='ocrx_word' id='word_1_770' title='bbox 2683 4411 2966 4479; x_wconf 89' lang='lat' dir='ltr'><strong>poeticos,</strong></span> <span class='ocrx_word' id='word_1_771' title='bbox 3022 4411 3378 4466; x_wconf 84' lang='lat' dir='ltr'><strong>divinationes</strong></span> <span class='ocrx_word' id='word_1_772' title='bbox 3433 4420 3489 4466; x_wconf 90' lang='lat' dir='ltr'><strong>et</strong></span> <span class='ocrx_word' id='word_1_773' title='bbox 3543 4412 3774 4480; x_wconf 80' lang='lat' dir='ltr'><strong>magiam</strong></span> 
     </span>
    </p>
   </div>
   <div class='ocr_carea' id='block_1_102' title="bbox 3594 4497 3776 4552">
    <p class='ocr_par' dir='ltr' id='par_1_102' title="bbox 3594 4497 3776 4552">
     <span class='ocr_line' id='line_1_102' title="bbox 3594 4497 3776 4552; baseline 0.005 -1"><span class='ocrx_word' id='word_1_774' title='bbox 3594 4497 3776 4552; x_wconf 81' lang='lat' dir='ltr'><strong>Musas</strong></span> 
     </span>
    </p>
   </div>
   <div class='ocr_carea' id='block_1_103' title="bbox 2197 4589 3775 4661">
    <p class='ocr_par' dir='ltr' id='par_1_103' title="bbox 2197 4589 3775 4661">
     <span class='ocr_line' id='line_1_103' title="bbox 2197 4589 3775 4661; baseline 0 -20"><span class='ocrx_word' id='word_1_775' title='bbox 2197 4590 2458 4658; x_wconf 89' lang='lat' dir='ltr'><strong>quasdam</strong></span> <span class='ocrx_word' id='word_1_776' title='bbox 2500 4590 2866 4644; x_wconf 89' lang='lat' dir='ltr'><strong>doctrinarum</strong></span> <span class='ocrx_word' id='word_1_777' title='bbox 2902 4591 3160 4661; x_wconf 58' lang='lat' dir='ltr'><strong>praesides</strong></span> <span class='ocrx_word' id='word_1_778' title='bbox 3188 4633 3203 4656; x_wconf 94' lang='lat'><strong>,</strong></span> <span class='ocrx_word' id='word_1_779' title='bbox 3241 4602 3296 4645; x_wconf 92' lang='lat' dir='ltr'><strong>et</strong></span> <span class='ocrx_word' id='word_1_780' title='bbox 3336 4590 3466 4645; x_wconf 90' lang='lat' dir='ltr'><strong>deos</strong></span> <span class='ocrx_word' id='word_1_781' title='bbox 3506 4589 3775 4660; x_wconf 81' lang='grc' dir='ltr'><strong>μουσηγέ-</strong></span> 
     </span>
    </p>
   </div>
   <div class='ocr_carea' id='block_1_104' title="bbox 2197 4679 3636 4750">
    <p class='ocr_par' dir='ltr' id='par_1_104' title="bbox 2197 4679 3636 4750">
     <span class='ocr_line' id='line_1_104' title="bbox 2197 4679 3636 4750; baseline 0 -20"><span class='ocrx_word' id='word_1_782' title='bbox 2197 4695 2295 4741; x_wconf 83' lang='grc' dir='ltr'><strong>τας</strong></span> <span class='ocrx_word' id='word_1_783' title='bbox 2324 4681 2669 4748; x_wconf 87' lang='lat' dir='ltr'><strong>lingentium,</strong></span> <span class='ocrx_word' id='word_1_784' title='bbox 2709 4679 2979 4750; x_wconf 82' lang='lat' dir='ltr'><strong>theologia</strong></span> <span class='ocrx_word' id='word_1_785' title='bbox 3003 4682 3256 4734; x_wconf 87' lang='lat' dir='ltr'><strong>videntur</strong></span> <span class='ocrx_word' id='word_1_786' title='bbox 3285 4694 3405 4734; x_wconf 88' lang='lat' dir='ltr'><strong>esse</strong></span> <span class='ocrx_word' id='word_1_787' title='bbox 3445 4680 3636 4745; x_wconf 88' lang='lat' dir='ltr'><strong>petita.</strong></span> 
     </span>
    </p>
   </div>
   <div class='ocr_carea' id='block_1_105' title="bbox 2271 4753 3776 4841">
    <p class='ocr_par' dir='ltr' id='par_1_105' title="bbox 2271 4753 3776 4841">
     <span class='ocr_line' id='line_1_105' title="bbox 2271 4753 3776 4841; baseline 0 -19"><span class='ocrx_word' id='word_1_788' title='bbox 2271 4768 2441 4823; x_wconf 73' lang='lat' dir='ltr'><strong>XXX.</strong></span> <span class='ocrx_word' id='word_1_789' title='bbox 2482 4769 2759 4825; x_wconf 83' lang='lat' dir='ltr'><strong>Hactenus</strong></span> <span class='ocrx_word' id='word_1_790' title='bbox 2793 4753 2860 4825; x_wconf 79' lang='lat' dir='ltr'><strong>de</strong></span> <span class='ocrx_word' id='word_1_791' title='bbox 2900 4771 3162 4825; x_wconf 85' lang='lat' dir='ltr'><strong>alterutra</strong></span> <span class='ocrx_word' id='word_1_792' title='bbox 3192 4770 3510 4841; x_wconf 86' lang='lat' dir='ltr'><strong>angelorum</strong></span> <span class='ocrx_word' id='word_1_793' title='bbox 3545 4769 3626 4824; x_wconf 89' lang='lat' dir='ltr'><strong>vel</strong></span> <span class='ocrx_word' id='word_1_794' title='bbox 3679 4769 3776 4823; x_wconf 79' lang='lat' dir='ltr'><strong>ho-</strong></span> 
     </span>
    </p>
   </div>
   <div class='ocr_carea' id='block_1_106' title="bbox 2201 4861 3770 4933">
    <p class='ocr_par' dir='ltr' id='par_1_106' title="bbox 2201 4861 3770 4933">
     <span class='ocr_line' id='line_1_106' title="bbox 2201 4861 3770 4933; baseline 0 -17"><span class='ocrx_word' id='word_1_795' title='bbox 2201 4878 2393 4916; x_wconf 91' lang='lat' dir='ltr'><strong>norum</strong></span> <span class='ocrx_word' id='word_1_796' title='bbox 2429 4861 2510 4915; x_wconf 87' lang='lat' dir='ltr'><strong>vel</strong></span> <span class='ocrx_word' id='word_1_797' title='bbox 2543 4862 2802 4916; x_wconf 88' lang='lat' dir='ltr'><strong>malorum</strong></span> <span class='ocrx_word' id='word_1_798' title='bbox 2835 4864 3123 4932; x_wconf 77' lang='lat' dir='ltr'><strong>stipatione</strong></span> <span class='ocrx_word' id='word_1_799' title='bbox 3145 4904 3160 4928; x_wconf 91' lang='lat'><strong>,</strong></span> <span class='ocrx_word' id='word_1_800' title='bbox 3209 4864 3459 4933; x_wconf 90' lang='lat' dir='ltr'><strong>gentibus</strong></span> <span class='ocrx_word' id='word_1_801' title='bbox 3487 4902 3502 4927; x_wconf 95' lang='lat'><strong>,</strong></span> <span class='ocrx_word' id='word_1_802' title='bbox 3537 4863 3770 4917; x_wconf 88' lang='lat' dir='ltr'><strong>homini-</strong></span> 
     </span>
    </p>
   </div>
   <div class='ocr_carea' id='block_1_107' title="bbox 2201 4949 3777 5023">
    <p class='ocr_par' dir='ltr' id='par_1_107' title="bbox 2201 4949 3777 5023">
     <span class='ocr_line' id='line_1_107' title="bbox 2201 4949 3777 5023; baseline -0.001 -17"><span class='ocrx_word' id='word_1_803' title='bbox 2201 4952 2322 5014; x_wconf 84' lang='lat' dir='ltr'><strong>bus,</strong></span> <span class='ocrx_word' id='word_1_804' title='bbox 2349 4962 2404 5005; x_wconf 89' lang='lat' dir='ltr'><strong>et</strong></span> <span class='ocrx_word' id='word_1_805' title='bbox 2443 4952 2697 5006; x_wconf 87' lang='lat' dir='ltr'><strong>inanimis</strong></span> <span class='ocrx_word' id='word_1_806' title='bbox 2725 4953 2892 5006; x_wconf 89' lang='lat' dir='ltr'><strong>etiam</strong></span> <span class='ocrx_word' id='word_1_807' title='bbox 2941 4954 3107 5008; x_wconf 87' lang='lat' dir='ltr'><strong>rebus</strong></span> <span class='ocrx_word' id='word_1_808' title='bbox 3140 4953 3324 5006; x_wconf 89' lang='lat' dir='ltr'><strong>addita</strong></span> <span class='ocrx_word' id='word_1_809' title='bbox 3351 4993 3366 5020; x_wconf 94' lang='lat'><strong>,</strong></span> <span class='ocrx_word' id='word_1_810' title='bbox 3397 4953 3551 5023; x_wconf 76' lang='lat' dir='ltr'><strong>juxta</strong></span> <span class='ocrx_word' id='word_1_811' title='bbox 3586 4949 3777 5020; x_wconf 79' lang='lat' dir='ltr'><strong>Orige-</strong></span> 
     </span>
    </p>
   </div>
   <div class='ocr_carea' id='block_1_108' title="bbox 2201 5042 3771 5113">
    <p class='ocr_par' dir='ltr' id='par_1_108' title="bbox 2201 5042 3771 5113">
     <span class='ocr_line' id='line_1_108' title="bbox 2201 5042 3771 5113; baseline 0.001 -19"><span class='ocrx_word' id='word_1_812' title='bbox 2201 5042 2284 5096; x_wconf 87' lang='lat' dir='ltr'><strong>nis</strong></span> <span class='ocrx_word' id='word_1_813' title='bbox 2315 5043 2638 5097; x_wconf 83' lang='lat' dir='ltr'><strong>sententiam</strong></span> <span class='ocrx_word' id='word_1_814' title='bbox 2670 5045 3053 5099; x_wconf 87' lang='lat' dir='ltr'><strong>disseruimus.</strong></span> <span class='ocrx_word' id='word_1_815' title='bbox 3086 5043 3244 5100; x_wconf 79' lang='lat' dir='ltr'><strong>Nunc</strong></span> <span class='ocrx_word' id='word_1_816' title='bbox 3291 5045 3360 5100; x_wconf 91' lang='lat' dir='ltr'><strong>de</strong></span> <span class='ocrx_word' id='word_1_817' title='bbox 3395 5056 3771 5113; x_wconf 86' lang='lat' dir='ltr'><strong>utrorumque,</strong></span> 
     </span>
    </p>
   </div>
   <div class='ocr_carea' id='block_1_109' title="bbox 2198 5133 3776 5210">
    <p class='ocr_par' dir='ltr' id='par_1_109' title="bbox 2198 5133 3776 5210">
     <span class='ocr_line' id='line_1_109' title="bbox 2198 5133 3776 5210; baseline 0.001 -21"><span class='ocrx_word' id='word_1_818' title='bbox 2198 5133 2461 5190; x_wconf 89' lang='lat' dir='ltr'><strong>bonorum</strong></span> <span class='ocrx_word' id='word_1_819' title='bbox 2502 5138 2662 5192; x_wconf 90' lang='lat' dir='ltr'><strong>simul</strong></span> <span class='ocrx_word' id='word_1_820' title='bbox 2706 5148 2762 5192; x_wconf 92' lang='lat' dir='ltr'><strong>et</strong></span> <span class='ocrx_word' id='word_1_821' title='bbox 2803 5139 3068 5194; x_wconf 89' lang='lat' dir='ltr'><strong>malorum</strong></span> <span class='ocrx_word' id='word_1_822' title='bbox 3102 5139 3414 5208; x_wconf 84' lang='lat' dir='ltr'><strong>angelorum</strong></span> <span class='ocrx_word' id='word_1_823' title='bbox 3443 5137 3694 5210; x_wconf 86' lang='lat' dir='ltr'><strong>gentibus</strong></span> <span class='ocrx_word' id='word_1_824' title='bbox 3721 5148 3776 5191; x_wconf 89' lang='lat' dir='ltr'><strong>et</strong></span> 
     </span>
    </p>
   </div>
   <div class='ocr_carea' id='block_1_110' title="bbox 2198 5229 3774 5302">
    <p class='ocr_par' dir='ltr' id='par_1_110' title="bbox 2198 5229 3774 5302">
     <span class='ocr_line' id='line_1_110' title="bbox 2198 5229 3774 5302; baseline 0.001 -20"><span class='ocrx_word' id='word_1_825' title='bbox 2198 5229 2511 5285; x_wconf 88' lang='lat' dir='ltr'><strong>hominibus</strong></span> <span class='ocrx_word' id='word_1_826' title='bbox 2568 5232 2942 5286; x_wconf 89' lang='lat' dir='ltr'><strong>assistentium</strong></span> <span class='ocrx_word' id='word_1_827' title='bbox 2999 5234 3259 5287; x_wconf 89' lang='lat' dir='ltr'><strong>comitatu</strong></span> <span class='ocrx_word' id='word_1_828' title='bbox 3303 5247 3552 5302; x_wconf 68' lang='lat' dir='ltr'><strong>quaenam</strong></span> <span class='ocrx_word' id='word_1_829' title='bbox 3606 5230 3675 5284; x_wconf 87' lang='lat' dir='ltr'><strong>ab</strong></span> <span class='ocrx_word' id='word_1_830' title='bbox 3709 5246 3774 5284; x_wconf 90' lang='lat' dir='ltr'><strong>eo</strong></span> 
     </span>
    </p>
   </div>
   <div class='ocr_carea' id='block_1_111' title="bbox 2197 5322 3776 5396">
    <p class='ocr_par' dir='ltr' id='par_1_111' title="bbox 2197 5322 3776 5396">
     <span class='ocr_line' id='line_1_111' title="bbox 2197 5322 3776 5396; baseline 0.001 -20"><span class='ocrx_word' id='word_1_831' title='bbox 2197 5322 2392 5376; x_wconf 90' lang='lat' dir='ltr'><strong>tradita</strong></span> <span class='ocrx_word' id='word_1_832' title='bbox 2419 5322 2528 5376; x_wconf 89' lang='lat' dir='ltr'><strong>sint</strong></span> <span class='ocrx_word' id='word_1_833' title='bbox 2555 5363 2570 5388; x_wconf 93' lang='lat'><strong>,</strong></span> <span class='ocrx_word' id='word_1_834' title='bbox 2595 5324 2953 5391; x_wconf 86' lang='lat' dir='ltr'><strong>disputemus.</strong></span> <span class='ocrx_word' id='word_1_835' title='bbox 2984 5323 3152 5380; x_wconf 80' lang='lat' dir='ltr'><strong>Malos</strong></span> <span class='ocrx_word' id='word_1_836' title='bbox 3183 5326 3405 5396; x_wconf 85' lang='lat' dir='ltr'><strong>angelos</strong></span> <span class='ocrx_word' id='word_1_837' title='bbox 3445 5325 3590 5380; x_wconf 90' lang='lat' dir='ltr'><strong>haud</strong></span> <span class='ocrx_word' id='word_1_838' title='bbox 3619 5339 3776 5379; x_wconf 86' lang='lat' dir='ltr'><strong>secus</strong></span> 
     </span>
    </p>
   </div>
   <div class='ocr_carea' id='block_1_112' title="bbox 2195 5415 3774 5486">
    <p class='ocr_par' dir='ltr' id='par_1_112' title="bbox 2195 5415 3774 5486">
     <span class='ocr_line' id='line_1_112' title="bbox 2195 5415 3774 5486; baseline 0.001 -19"><span class='ocrx_word' id='word_1_839' title='bbox 2195 5425 2264 5467; x_wconf 87' lang='lat' dir='ltr'><strong>ac</strong></span> <span class='ocrx_word' id='word_1_840' title='bbox 2300 5415 2471 5470; x_wconf 86' lang='lat' dir='ltr'><strong>bonos</strong></span> <span class='ocrx_word' id='word_1_841' title='bbox 2520 5415 2572 5468; x_wconf 94' lang='lat' dir='ltr'><strong>in</strong></span> <span class='ocrx_word' id='word_1_842' title='bbox 2621 5424 2812 5486; x_wconf 88' lang='lat' dir='ltr'><strong>gentes</strong></span> <span class='ocrx_word' id='word_1_843' title='bbox 2843 5425 3026 5470; x_wconf 88' lang='lat' dir='ltr'><strong>tenere</strong></span> <span class='ocrx_word' id='word_1_844' title='bbox 3079 5426 3403 5486; x_wconf 88' lang='lat' dir='ltr'><strong>potestatem</strong></span> <span class='ocrx_word' id='word_1_845' title='bbox 3454 5417 3654 5472; x_wconf 91' lang='lat' dir='ltr'><strong>scitum</strong></span> <span class='ocrx_word' id='word_1_846' title='bbox 3688 5423 3774 5469; x_wconf 89' lang='lat' dir='ltr'><strong>est</strong></span> 
     </span>
    </p>
   </div>
   <div class='ocr_carea' id='block_1_113' title="bbox 2193 5503 3768 5576">
    <p class='ocr_par' dir='ltr' id='par_1_113' title="bbox 2193 5503 3768 5576">
     <span class='ocr_line' id='line_1_113' title="bbox 2193 5503 3768 5576; baseline 0 -18"><span class='ocrx_word' id='word_1_847' title='bbox 2193 5503 2444 5576; x_wconf 89' lang='lat' dir='ltr'><strong>Origenis</strong></span> <span class='ocrx_word' id='word_1_848' title='bbox 2477 5506 2572 5561; x_wconf 91' lang='lat' dir='ltr'><strong>lib.</strong></span> <span class='ocrx_word' id='word_1_849' title='bbox 2615 5523 2707 5562; x_wconf 85' lang='lat' dir='ltr'><strong>vnt</strong></span> <span class='ocrx_word' id='word_1_850' title='bbox 2747 5521 2930 5563; x_wconf 84' lang='lat' dir='ltr'><strong>contra</strong></span> <span class='ocrx_word' id='word_1_851' title='bbox 2971 5506 3206 5575; x_wconf 74' lang='lat' dir='ltr'><strong>Celsum,</strong></span> <span class='ocrx_word' id='word_1_852' title='bbox 3240 5524 3390 5564; x_wconf 90' lang='lat' dir='ltr'><strong>num.</strong></span> <span class='ocrx_word' id='word_1_853' title='bbox 3423 5509 3513 5574; x_wconf 64' lang='grc'><strong>58,</strong></span> <span class='ocrx_word' id='word_1_854' title='bbox 3546 5516 3600 5562; x_wconf 87' lang='lat' dir='ltr'><strong>et</strong></span> <span class='ocrx_word' id='word_1_855' title='bbox 3619 5507 3768 5560; x_wconf 88' lang='lat' dir='ltr'><strong>hom.</strong></span> 
     </span>
    </p>
   </div>
   <div class='ocr_carea' id='block_1_114' title="bbox 2197 5593 3772 5671">
    <p class='ocr_par' dir='ltr' id='par_1_114' title="bbox 2197 5593 3772 5671">
     <span class='ocr_line' id='line_1_114' title="bbox 2197 5593 3772 5671; baseline 0.001 -25"><span class='ocrx_word' id='word_1_856' title='bbox 2197 5593 2262 5648; x_wconf 75' lang='lat' dir='ltr'><strong>l2</strong></span> <span class='ocrx_word' id='word_1_857' title='bbox 2285 5596 2340 5650; x_wconf 84' lang='lat' dir='ltr'><strong>in</strong></span> <span class='ocrx_word' id='word_1_858' title='bbox 2377 5594 2504 5653; x_wconf 86' lang='lat' dir='ltr'><strong>Luc.</strong></span> <span class='ocrx_word' id='word_1_859' title='bbox 2537 5611 2557 5650; x_wconf 88' lang='lat'><strong><em>:</em></strong></span> <span class='ocrx_word' id='word_1_860' title='bbox 2585 5615 2606 5650; x_wconf 78' lang='grc' dir='ltr'><strong>ι</strong></span> <span class='ocrx_word' id='word_1_861' title='bbox 2643 5595 2830 5668; x_wconf 83' lang='lat' dir='ltr'><strong>Neque</strong></span> <span class='ocrx_word' id='word_1_862' title='bbox 2855 5598 3002 5654; x_wconf 88' lang='lat' dir='ltr'><strong>enim</strong></span> <span class='ocrx_word' id='word_1_863' title='bbox 3035 5638 3050 5665; x_wconf 95' lang='lat'><strong>,</strong></span> <span class='ocrx_word' id='word_1_864' title='bbox 3094 5599 3288 5671; x_wconf 77' lang='lat' dir='ltr'><strong>inquit,</strong></span> <span class='ocrx_word' id='word_1_865' title='bbox 3318 5599 3402 5655; x_wconf 87' lang='lat' dir='ltr'><strong>fas</strong></span> <span class='ocrx_word' id='word_1_866' title='bbox 3431 5605 3516 5654; x_wconf 90' lang='lat' dir='ltr'><strong>est</strong></span> <span class='ocrx_word' id='word_1_867' title='bbox 3543 5593 3772 5652; x_wconf 81' lang='lat' dir='ltr'><strong>credere</strong></span> 
     </span>
    </p>
   </div>
   <div class='ocr_carea' id='block_1_115' title="bbox 602 5795 2190 5865">
    <p class='ocr_par' dir='ltr' id='par_1_115' title="bbox 602 5795 2190 5865">
     <span class='ocr_line' id='line_1_115' title="bbox 602 5795 2190 5865; baseline 0.001 -17"><span class='ocrx_word' id='word_1_868' title='bbox 602 5795 643 5827; x_wconf 75' lang='lat'>“</span> <span class='ocrx_word' id='word_1_869' title='bbox 672 5796 854 5850; x_wconf 81' lang='lat' dir='ltr'><strong>Matth.</strong></span> <span class='ocrx_word' id='word_1_870' title='bbox 895 5813 1044 5863; x_wconf 80' lang='lat' dir='ltr'><strong>xvm,</strong></span> <span class='ocrx_word' id='word_1_871' title='bbox 1079 5797 1167 5853; x_wconf 90' lang='lat' dir='ltr'><strong>I0.</strong></span> <span class='ocrx_word' id='word_1_872' title='bbox 1241 5797 1286 5827; x_wconf 62' lang='grc'><strong>⁸³</strong></span> <span class='ocrx_word' id='word_1_873' title='bbox 1313 5797 1433 5852; x_wconf 72' lang='lat' dir='ltr'><strong>Act.</strong></span> <span class='ocrx_word' id='word_1_874' title='bbox 1465 5814 1562 5865; x_wconf 81' lang='lat' dir='ltr'><strong>xu,</strong></span> <span class='ocrx_word' id='word_1_875' title='bbox 1602 5799 1683 5863; x_wconf 79' lang='lat' dir='ltr'><strong>l3,</strong></span> <span class='ocrx_word' id='word_1_876' title='bbox 1712 5798 1795 5852; x_wconf 86' lang='lat' dir='ltr'><strong>I5.</strong></span> <span class='ocrx_word' id='word_1_877' title='bbox 1872 5798 1917 5830; x_wconf 74' lang='lat'><strong>“</strong></span> <span class='ocrx_word' id='word_1_878' title='bbox 1947 5797 2074 5852; x_wconf 87' lang='lat' dir='ltr'><strong>ibid.</strong></span> <span class='ocrx_word' id='word_1_879' title='bbox 2105 5795 2190 5851; x_wconf 75' lang='grc'><strong>15.</strong></span> 
     </span>
    </p>
   </div>
  </div>
