4160 6426
353 465 450 522 881

1201 455 1772 514 ORIGENIANORUM
1813 454 1941 510 LIB.
1987 452 2048 518 ll,
2091 453 2245 509 CAP.
2287 451 2350 519 ll,
2395 450 2673 518 QUIEST.
2717 449 2782 505 V.

3509 451 3613 505 832

356 581 527 635 malos
561 579 782 649 angelos
819 577 933 633 suis
984 592 1217 645 praeesse
1265 577 1596 645 provinciis,
1647 587 1700 630 et
1752 575 1921 628 bonos
1955 588 1995 641 Α
2033 576 2159 627 vitio
2199 573 2489 640 unicuique
2547 585 2780 639 praeesse
2833 569 3128 622 daemonem
3203 583 3405 630 unum,
3453 572 3614 635 eique

357 687 462 726 non
500 672 720 725 easdem
759 669 1067 739 provincias
1101 667 1303 720 habere
1344 671 1658 735 permissas.
1697 687 1713 717 ι
1762 666 1931 732 Leges

356 763 557 816 similia
607 761 700 815 lib.
742 775 800 814 ιιι
834 757 973 827 Περὶ
1003 757 1223 828 ἀρχῶν,
1261 773 1380 827 cap.
1428 759 1480 819 5,
1530 774 1677 812 ιιιιιιι.
1705 757 1762 820 2,
1793 756 1848 820 5,
1877 767 1931 810 ct

359 857 508 913 hom.
541 857 574 912 9
603 856 657 909 in
682 853 894 920 Genes.,
944 868 1092 906 num.
1113 852 1169 916 5,
1200 853 1254 904 in
1291 867 1394 920 qua
1425 850 1684 919 apostolis
1705 850 1929 904 verbum

357 949 453 1004 Dei
487 946 909 1016 praedicantibus
941 946 1006 998 ad
1045 944 1381 998 iracundiam
1430 945 1732 996 concitatos
1761 941 1931 994 fuiSse

356 1040 491 1092 dicit
534 1037 756 1107 angelos
799 1036 917 1090 illos
947 1075 962 1099 ,
995 1034 1085 1102 qui
1124 1032 1366 1102 singulas
1412 1047 1650 1100 quasque
1684 1030 1930 1084 nationes

356 1133 581 1201 imperio
609 1129 944 1200 premebant.
981 1128 1080 1181 Cui
1122 1126 1416 1179 astrueudo
1450 1126 1674 1179 citatum
1709 1133 1932 1191 usurpat

357 1219 532 1272 locqu
562 1233 592 1271 e
621 1217 835 1270 cantico
881 1215 1065 1278 Mosis,
1104 1215 1392 1268 Deuteron.
1426 1228 1596 1274 χχχιι,
1616 1212 1671 1275 8,
1697 1212 1748 1274 9,
1769 1227 1928 1281 (litem

356 1319 407 1362 et
434 1308 621 1362 hotuil.
661 1305 732 1360 55
777 1307 829 1359 in
863 1304 992 1359 Luc.
1024 1306 1089 1357 ad
1121 1307 1338 1359 eosdem
1372 1303 1544 1358 malos
1577 1302 1796 1372 angelos
1847 1304 1928 1358 in-

356 1398 706 1468 terpretando
759 1395 1045 1450 convertit.
1081 1394 1342 1448 Eumdem
1402 1408 1528 1449 vero
1563 1394 1747 1449 lintnil.
1795 1393 1829 1448 8
1873 1395 1930 1446 in

356 1487 510 1561 Exod
542 1529 557 1553 ,
591 1504 738 1541 num.
758 1488 812 1550 2,
837 1501 1002 1555 super
1026 1487 1129 1539 hoc
1153 1496 1474 1555 argumento
1499 1484 1802 1554 proferens,
1823 1498 1927 1538 non

354 1580 490 1632 satis
546 1586 770 1646 apparet
826 1578 891 1630 ad
929 1577 1210 1642 malosne,
1261 1593 1328 1630 an
1385 1576 1450 1630 ad
1499 1577 1668 1631 bonos
1711 1575 1929 1646 angelos

355 1669 634 1738 pertinere
678 1669 824 1723 velit.
857 1670 934 1724 Ad
984 1671 1153 1724 bonos
1203 1685 1334 1725 vero
1365 1680 1552 1740 aperte
1593 1668 1761 1723 refert
1793 1680 1926 1722 tom.

354 1777 452 1816 xm
484 1763 538 1816 in
561 1761 750 1824 Joan.,
781 1777 930 1815 num.
961 1761 1048 1816 49.

425 1855 745 1912 Hominibus
773 1871 907 1910 vero
931 1855 1156 1925 singulis
1184 1855 1428 1926 geminos
1463 1855 1656 1910 adesse
1682 1853 1926 1923 angelos,

2036 663 2307 731 subjectos
2333 677 2453 716 esse
2493 663 2766 715 daemones
2811 657 3141 726 complures,
3173 658 3264 726 qui
3309 659 3376 711 ad
3419 658 3611 712 vitium

2036 761 2201 811 hocce
2227 752 2628 824 propagaudnm
2654 751 2996 805 subserviant
3012 792 3026 815 ,
3055 764 3242 804 omnes
3264 759 3436 803 autem
3459 750 3613 818 prin—

2034 851 2200 916 cipes,
2221 853 2566 915 peccatorum
2600 842 2938 895 incremento
2969 841 3272 910 praefectos,
3298 853 3608 908 supremmn

2035 955 2200 994 unum
2237 937 2448 1001 ducem,
2473 933 2620 988 velut
2669 932 2879 987 militiae
2906 947 3016 986 sua:
3047 933 3358 1002 magistrum
3390 931 3609 986 habere.

2033 1030 2168 1086 Cum
2201 1039 2382 1082 autem
2417 1025 2608 1079 multis
2647 1025 2807 1079 simul
2859 1024 3107 1077 laborare
3137 1025 3307 1090 possit
3332 1022 3477 1076 vitiis
3509 1023 3608 1076 ho-

2035 1138 2145 1190 mo,
2185 1129 2239 1175 et
2285 1120 2496 1174 laboret
2555 1131 2815 1188 persaepe,
2845 1125 2971 1169 tunc
3023 1132 3052 1168 a
3087 1115 3267 1168 multis
3305 1127 3427 1168 eum
3451 1114 3612 1168 simul

2033 1213 2375 1268 daemonibus
2411 1211 2651 1266 i‘usideri.
2671 1208 2824 1276 Quod
2855 1208 2926 1262 ita
2955 1218 3130 1262 tamen
3166 1206 3234 1260 ab
3262 1205 3496 1276 Origene
3523 1206 3610 1259 in-

2036 1305 2311 1359 tellectum
2347 1313 2501 1374 puto,
2534 1300 2892 1371 temporarias
2931 1315 3053 1354 esse
3104 1300 3201 1354 has
3253 1297 3610 1366 complurium

2034 1398 2338 1451 daemonum
2415 1393 2803 1463 angelorumve
2867 1389 3216 1456 aﬂ'ectiones;
3273 1399 3609 1445 constantem

2034 1497 2216 1541 autem
2238 1496 2294 1541 et
2327 1502 2422 1556 per
2447 1487 2614 1542 totius
2649 1483 2980 1539 curriculum
3010 1484 3134 1538 vitae
3173 1491 3609 1553 perseverantem

2033 1580 2168 1634 certi
2222 1577 2452 1646 alicujus
2504 1575 2685 1646 angeli
2736 1575 2918 1630 itidem
2957 1582 3013 1629 et
3062 1575 3320 1629 daemonis
3362 1573 3611 1641 stipatio-

2034 1688 2178 1736 nem,
2229 1671 2471 1727 nascenti
2527 1668 2751 1724 cuilibet
2805 1667 3009 1722 homini
3055 1667 3324 1722 decretam
3365 1674 3419 1718 et
3451 1665 3611 1718 attri-

2031 1765 2098 1819 bu
2108 1773 2235 1816 tam.

2101 1853 2273 1910 Porro
2318 1861 2436 1923 post
2461 1851 2892 1906 administratum
2940 1849 3117 1904 tutelae
3151 1858 3348 1903 nostra}
3393 1864 3607 1913 munus,

355 1948 552 2001 bonum
583 1948 834 2012 alterum,
885 1947 1114 2001 altermn
1168 1946 1364 2001 malum
1421 1945 1663 2001 decernit
1694 1947 1788 2000 lib.
1824 1962 1841 2000 ι
1873 1947 1926 2000 in
1963 1941 2001 1994 Β
2032 1955 2231 2000 statum
2261 1946 2328 1999 iri
2369 1944 2590 2014 angelos
2619 1943 2673 1997 in
2711 1941 2936 2009 judicio,
2969 1949 3022 1995 et
3064 1941 3327 2011 impositae
3354 1941 3459 1995 sibi
3485 1956 3611 2010 pro-

354 2038 522 2106 Epist.
543 2039 610 2090 ad
632 2037 809 2108 Rom,
832 2053 978 2091 num.
1004 2036 1089 2096 18,
1106 2047 1159 2090 et
1182 2051 1248 2091 ex
1277 2037 1572 2108 Scripturis
1598 2037 1767 2092 sacris
1787 2052 1926 2106 saepe

353 2131 404 2185 id
432 2145 491 2184 se
525 2131 772 2185 docuisse
798 2130 872 2182 ait
904 2129 1090 2184 homil.
1125 2131 1195 2184 25
1225 2129 1278 2182 in
1307 2127 1451 2193 103.,
1483 2145 1633 2184 num.
1667 2130 1721 2197 5,
1751 2140 1804 2185 et
1833 2145 1929 2198 per

348 2222 582 2277 Genium
632 2221 914 2291 principis,
968 2234 1127 2288 queat
1159 2221 1456 2274 daemonem
1488 2236 1607 2274 esse
1640 2221 1772 2276 dicit
1826 2223 1926 2291 ipsi

353 2308 594 2363 nascenti
639 2308 963 2377 appositum,
1019 2307 1193 2377 jurari
1253 2318 1396 2363 vetat
1445 2309 1538 2364 lib.
1585 2325 1681 2364 vut
1744 2320 1927 2364 contra

349 2399 514 2465 Cels.,
550 2418 695 2455 num.
735 2400 825 2466 65,
874 2402 1265 2456 Ἀποθανατέον
1313 2404 1430 2456 ἐστὶ
1483 2404 1703 2474 μᾶλλον,
1733 2405 1928 2474 inquit,

349 2493 482 2561 ἡμῖν
537 2493 676 2563 ὑπὲρ
715 2491 810 2545 τοῦ
848 2493 923 2564 μὴ
997 2492 1190 2562 ὀμόσαι
1255 2495 1530 2565 μοχθηρὸν
1561 2496 1790 2565 δαίμονα
1837 2500 1930 2550 καὶ

349 2583 578 2638 ἄπιστον
626 2583 886 2646 πολλάκις
930 2584 1473 2654 συνεξαμαρτάνοντα
1525 2579 1568 2654 ᾧ
1609 2586 1799 2658 ἔλαχεν
1838 2589 1930 2641 ἀν-

352 2676 576 2747 θρώπῳ,
608 2676 642 2740 ἣ
684 2676 778 2728 καὶ
811 2675 972 2727 πλέον
1001 2673 1166 2726 αὑτοῦ
1227 2675 1626 2745 ἁμαρτάνοντα.
1684 2678 1927 2748 Dogiuati

351 2769 480 2825 huic
537 2769 844 2838 praesidium
906 2769 1124 2822 asciscit
1178 2783 1246 2822 ex
1309 2769 1521 2825 Hermae
1577 2768 1820 2838 Pastore,
1876 2783 1932 2826 et

350 2861 612 2916 Barnaba:
641 2859 866 2929 epistola
891 2860 1005 2931 (qui
1030 2859 1150 2913 libri
1177 2860 1244 2914 ad
1284 2861 1426 2916 hanc
1449 2863 1588 2916 diem
1617 2873 1927 2934 supersunt,

348 2966 578 3021 eamque
608 2952 895 3008 continent
948 2952 1295 3025 doctrinam),
1353 2955 1444 3008 lib.
1477 2971 1534 3010 ιιι
1581 2955 1655 3010 De
1681 2957 1926 3028 princip.,

349 3059 470 3114 cap.
495 3044 554 3110 3,
591 3061 739 3099 num.
775 3045 829 3106 4,
864 3056 918 3100 et
975 3045 1164 3101 homil.
1218 3046 1286 3099 55
1315 3048 1372 3101 in
1400 3046 1552 3113 Luc.,
1586 3047 1676 3103 ubi
1717 3050 1794 3104 ait
1832 3051 1928 3104 ad-

349 3136 672 3202 versarium,
722 3146 776 3190 et
812 3137 1187 3193 insidiatorem
1223 3155 1250 3194 a
1292 3141 1447 3195 nobis
1479 3155 1742 3211 nusquam
1775 3156 1928 3196 rece-

348 3226 499 3292 dere,
559 3230 655 3282 sed
697 3228 762 3282 ad
820 3230 1116 3299 principem
1153 3233 1332 3302 gentis
1361 3234 1614 3287 nimirum
1645 3234 1928 3302 praesidem

351 3319 652 3375 daemonem
689 3337 788 3375 nos
815 3322 1105 3387 deducere,
1153 3333 1210 3377 et
1247 3339 1276 3376 a
1309 3340 1368 3378 se
1399 3336 1642 3380 servatos
1667 3328 1929 3382 adversus

347 3411 608 3482 principis
667 3415 930 3479 alterius,
983 3429 1174 3482 rapere
1224 3431 1322 3470 nos
1378 3417 1644 3484 volentis,
1701 3419 1929 3476 insidias

346 3503 540 3560 sistere
571 3523 583 3559 :
610 3504 886 3560 Christum
941 3517 1120 3563 autem
1173 3507 1448 3578 principes
1481 3525 1670 3566 oumes
1707 3514 1924 3579 vicisse,

343 3603 404 3651 et
440 3597 702 3650 terminos
737 3612 924 3651 eorum
985 3607 1351 3653 transeuntem
1410 3603 1654 3672 captivos
1702 3604 1929 3673 populos

344 3687 417 3741 ad
435 3701 494 3740 se
514 3687 564 3739 in
588 3688 814 3740 salutem
862 3691 1227 3746 transtulisse.
1251 3694 1413 3746 Addit
1441 3695 1634 3749 deinde
1659 3713 1674 3753 :
1705 3715 1722 3747 ι
1746 3696 1930 3766 Neque

343 3777 493 3833 enim
527 3793 718 3833 omnes
764 3781 1005 3835 omnium
1049 3795 1176 3838 sunt
1221 3786 1546 3850 adversarii,
1599 3789 1693 3841 sed
1733 3788 1947 3858 siuguli'

344 3867 593 3937 singulos
621 3870 839 3934 habent,
879 3873 970 3941 qui
1002 3874 1202 3945 ubique
1242 3891 1338 3933 eos
1369 3888 1687 3946 sequantur,
1724 3887 1778 3933 et
1821 3883 1930 3935 sint

344 3969 596 4012 COmIlt’S.
646 3979 664 4010 ι

418 4051 557 4117 Quid
585 4053 727 4120 quod
783 4055 1009 4125 singulis
1062 4058 1370 4114 hominibus
1403 4075 1508 4114 non
1559 4063 1774 4116 unicum
1806 4073 1926 4118 tan-

348 4144 625 4197 tummodo
647 4146 918 4215 angelum,
953 4150 1240 4204 unicumve
1269 4152 1593 4218 daatuonem,
1660 4157 1754 4208 sed
1793 4165 1928 4210 totas

348 4238 663 4305 angelorum
696 4241 1106 4312 dat-mortumque
1138 4245 1390 4299 cohortes
1411 4246 1653 4316 adjungit
1683 4249 1868 4302 hontil.
1894 4250 1930 4303 4

345 4326 403 4380 iu
425 4329 594 4396 psalm
642 4345 829 4398 XXXVI,
856 4349 1002 4388 ιιιιιιι.
1039 4336 1092 4400 5,
1117 4351 1238 4406 pag.
1262 4337 1387 4391 673.
1412 4357 1428 4388 ι
1458 4336 1737 4407 Nunquam
1759 4341 1924 4406 enim,

346 4417 542 4488 inquit,
575 4422 723 4476 solus
747 4432 830 4477 est
873 4425 1077 4494 justus,
1131 4429 1226 4481 sed
1261 4444 1325 4481 ne
1360 4429 1519 4483 unius
1548 4431 1790 4500 quidem,
1835 4441 1930 4486 aut

345 4513 613 4577 duorum,
681 4517 760 4567 vel
809 4518 968 4570 trium
1035 4521 1401 4574 tantummodo
1455 4522 1768 4588 angelorum
1840 4539 1928 4575 su-

2032 2036 2225 2091 vincia:
2273 2037 2538 2091 rationem
2587 2035 2890 2089 reddituros
2943 2033 3112 2102 ipsius
3163 2035 3440 2104 persuasio
3487 2034 3606 2088 fuit.

2036 2127 2208 2195 Quam
2238 2129 2492 2198 quoniam
2548 2128 2657 2198 jam
2700 2136 2824 2181 ante
2853 2126 3216 2192 excussimus,
3259 2141 3612 2194 properemus

2033 2220 2100 2274 ad
2134 2221 2260 2286 alia,
2291 2230 2346 2275 et
2375 2219 2571 2290 placita
2603 2234 2700 2274 sua
2734 2233 2896 2286 super
2932 2218 3241 2287 angelorum
3277 2217 3438 2272 tutela
3469 2219 3611 2274 unde

2035 2312 2301 2379 hauserit,
2336 2321 2389 2366 et
2445 2311 2719 2379 quodnam
2779 2311 2880 2364 sibi
2942 2311 3297 2380 patrocinium
3345 2310 3611 2378 spondere

2031 2404 2222 2472 possit,
2254 2403 2625 2471 exquiramus.

2111 2493 2304 2549 XXXI.
2339 2494 2674 2548 l’raeiveruut
2707 2494 2781 2548 illi
2819 2495 2873 2547 in
2899 2510 2960 2548 ea
3004 2495 3258 2562 opinione
3283 2496 3346 2548 de
3377 2495 3610 2549 hominis

2033 2587 2456 2655 uniuscujusque
2495 2586 2646 2640 socio
2675 2601 2740 2640 ac
2770 2587 3027 2654 stipatorc
3059 2588 3214 2656 genio
3237 2587 3462 2655 gentiles
3490 2587 3613 2653 phi-

2033 2677 2268 2747 losophi,
2305 2679 2394 2745 qui
2442 2677 2717 2730 hominum
2745 2688 2800 2731 et
2828 2677 3068 2731 locorum
3098 2678 3351 2745 praesides
3399 2675 3610 2746 genios,

2033 2787 2137 2826 non
2164 2787 2195 2825 e
2229 2771 2598 2840 superioribus
2628 2771 2874 2833 deorum,
2905 2770 2996 2824 sed
3022 2785 3086 2823 ex
3123 2769 3342 2823 deorum
3369 2770 3433 2824 de
3455 2768 3612 2839 plebe

2032 2861 2314 2915 ordinibus
2336 2861 2629 2916 accersitos
2653 2859 2886 2913 confessi
2915 2867 3077 2925 sunt;
3143 2856 3297 2913 Plato
3321 2873 3448 2912 vero
3471 2873 3615 2927 prav-

2033 2957 2209 3024 cipue,
2247 2969 2303 3018 u_t
2332 2955 2581 3011 Clemens
2619 2955 3017 3009 Alexandrinus
3049 2953 3314 3023 agnoscit,
3349 2969 3470 3007 cum
3510 2953 3610 3008 ali-

2032 3047 2110 3114 bi,
2157 3058 2271 3101 tum
2319 3049 2372 3101 in
2405 3049 2498 3102 lib.
2527 3064 2560 3101 x
2593 3048 2668 3102 De
2694 3049 2918 3117 republ.,
2961 3063 3150 3102 versus
3207 3048 3392 3102 finem.
3442 3047 3615 3115 Cujus

2035 3140 2336 3195 doctrinam
2381 3141 2457 3195 ita
2489 3141 2744 3196 edisserit
2786 3139 3028 3194 Plotinus
3061 3139 3202 3193 Enn.
3228 3139 3284 3206 5,
3317 3140 3411 3194 lib.
3450 3153 3520 3204 tv,
3551 3148 3609 3192 ut

2035 3233 2125 3302 qui
2154 3246 2215 3287 ea
2255 3233 2590 3300 perspexerit
2622 3241 2848 3296 attente,
2890 3232 3137 3286 dubitare
3163 3232 3381 3285 minime
3413 3231 3609 3300 possit,

2033 3321 2161 3390 quin
2195 3335 2292 3376 Sua
2316 3339 2346 3376 e
2373 3319 2600 3375 Platone
2635 3320 3104 3376 Platonicorumve
3137 3321 3612 3375 lucubrationibus

2032 3412 2292 3483 Origenes
2321 3412 2692 3476 transtulerit;
2735 3428 2858 3466 nam
2902 3421 2958 3468 et
2989 3413 3251 3467 daemonis
3296 3412 3606 3482 praesidium

2031 3505 2225 3558 animae
2265 3503 2512 3575 largitur,
2560 3515 2617 3560 et
2658 3505 2956 3560 secundum
3011 3504 3205 3559 animae
3259 3504 3606 3567 mutationes,

2030 3595 2230 3650 mutari
2261 3596 2558 3650 daemonem
2605 3605 2778 3666 putat,
2813 3607 2869 3650 et
2902 3611 3025 3652 eum
3054 3595 3249 3650 animae
3290 3597 3604 3663 dauuonem,

2033 3699 2318 3758 postquam
2352 3702 2584 3758 corpore
2622 3689 2798 3744 soluta
2831 3699 2935 3753 est,
2975 3689 3258 3743 imminere
3283 3700 3488 3751 censet,
3516 3690 3606 3757 qui

2029 3794 2148 3834 eam
2187 3780 2328 3832 rexit
2362 3781 2488 3832 dum
2513 3795 2712 3850 corpus
2743 3780 3050 3841 animaret;
3089 3791 3142 3834 et
3182 3790 3438 3836 externos
3473 3798 3608 3849 prae-

2031 3877 2177 3924 terea
2207 3883 2271 3923 ac
2300 3869 2544 3926 internos
2561 3873 2758 3926 animae
2788 3873 3078 3942 unicuique
3097 3873 3289 3928 adesse
3316 3875 3606 3939 daunones,

2031 3977 2099 4016 ex
2136 3961 2254 4030 ejus
2281 3965 2460 4018 verbis
2483 3967 2822 4034 perspicuum
2853 3978 2966 4024 est.
3003 3967 3139 4022 llinc
3168 3968 3426 4039 Apuleius
3452 3969 3503 4022 in
3547 3969 3608 4021 li-

2030 4053 2174 4109 bello
2209 4053 2284 4106 De
2311 4054 2407 4106 deo
2429 4053 2664 4110 Socratis
2690 4072 2708 4108 :
2746 4075 2766 4108 ι
2802 4057 2881 4112 Ex
2918 4058 3021 4113 hac
3052 4075 3204 4129 ergo,
3262 4059 3454 4129 inquit,
3513 4075 3607 4114 su-

2030 4143 2280 4199 blimiore
2321 4149 2622 4200 daemonum
2654 4149 2808 4216 c0pia
2865 4148 3020 4204 Plato
3077 4160 3323 4205 autumat
3380 4151 3608 4218 singulis

2029 4235 2341 4291 hominibus
2374 4237 2425 4289 iu
2447 4236 2554 4290 vita
2582 4239 2791 4308 agenda
2820 4249 2985 4295 testes
3004 4253 3058 4295 et
3085 4245 3341 4298 custodes
3371 4245 3610 4314 singulos

2029 4325 2369 4395 additos,qui
2391 4329 2592 4382 uetniui
2615 4331 2888 4399 conspicui
2914 4347 3128 4401 semper
3149 4335 3350 4396 adsint,
3366 4337 3607 4390 omnium

2032 4433 2137 4472 non
2171 4421 2331 4475 modo
2348 4429 2594 4474 actorqu
2627 4430 2813 4487 testes,
2834 4439 3018 4476 verum
3043 4426 3207 4478 etiam
3226 4427 3604 4496 cogitatorum.

2032 4512 2110 4565 Ac
2143 4511 2230 4565 ubi
2259 4513 2367 4566 vita
2406 4512 2548 4566 edita
2592 4517 2935 4567 rcmcaudum
2985 4527 3098 4581 est,
3139 4519 3388 4571 eumdem
3431 4521 3602 4584 illum,

344 4605 544 4661 cietate
572 4610 836 4661 subnims
872 4617 976 4670 est,
1006 4610 1101 4662 sed
1125 4610 1400 4663 exercitus
1429 4610 1477 4664 ei
1518 4612 1775 4665 virtutum
1815 4627 1925 4666 caa-

2033 4603 2122 4672 qui
2159 4602 2316 4658 nobis
2358 4606 2614 4674 praeditus
2670 4606 2788 4668 l'uit,
2847 4616 3063 4676 raptare
3119 4609 3259 4662 illico
3287 4619 3341 4663 et
3392 4614 3610 4667 trahere

348 4694 562 4750 lestium
596 4709 795 4765 ιιι-λιιι)ιο
827 4709 939 4753 est:
981 4718 1000 4749 ι
1059 4701 1201 4768 quod
1226 4716 1334 4755 nou
1362 4701 1428 4756 ad
1458 4702 1718 4770 spiritalia
1747 4714 1924 4758 tamen

348 4788 492 4842 bona
522 4789 856 4844 conferenda
891 4791 1194 4861 restringit,
1232 4792 1329 4846 sed
1373 4792 1440 4846 ad
1471 4808 1730 4862 corporea
1762 4796 1925 4848 etiam

345 4889 604 4947 prorogat
636 4880 822 4932 homil.
852 4879 918 4933 '20
952 4881 1004 4933 in
1035 4879 1176 4946 108.,
1203 4899 1353 4936 nunt.
1386 4882 1412 4936 1
1437 4899 1448 4934 :
1476 4902 1493 4933 ι
1516 4883 1742 4939 Constat
1799 4900 1928 4954 ergo

347 4967 550 5022 multas
574 4984 698 5024 esse
730 4972 956 5024 virtutes
981 4971 1122 5025 intra
1151 4988 1266 5035 nos,
1297 4975 1492 5041 quibus
1517 4974 1598 5028 vel
1624 4977 1926 5028 animarqu

347 5067 683 5123 nostrarum,
723 5061 803 5115 vel
835 5078 1128 5131 corporum
1156 5079 1284 5118 cura
1313 5066 1574 5134 permissa
1607 5077 1690 5120 est
1718 5085 1730 5131 ;
1773 5086 1791 5117 ι
1841 5068 1927 5121 cui

346 5147 691 5204 defendendo
728 5153 898 5206 utitur
949 5155 1249 5223 scriptione
1295 5159 1527 5226 quadam
1594 5160 1926 5228 apocrypha,

346 5254 508 5308 quam
547 5239 744 5294 Euochi
773 5245 964 5296 librum
986 5260 1108 5299 esse
1138 5248 1398 5316 suspicari
1421 5249 1615 5317 possis,
1646 5248 1834 5301 homil.
1858 5247 1927 5302 55

349 5332 404 5383 in
428 5328 560 5384 Luc.
627 5349 645 5382 ι
692 5332 968 5400 Legimus,
1010 5334 1204 5404 inquit,
1261 5337 1309 5390 si
1369 5348 1548 5391 tauuen
1606 5341 1692 5392 cui
1748 5340 1927 5408 placet

351 5423 657 5491 hujusmodi
687 5427 1012 5494 scripturam
1046 5430 1310 5497 recipere,
1360 5429 1583 5497 justitia:
1622 5441 1676 5485 et
1721 5431 1920 5499 iniqui-

351 5515 479 5570 tatis
499 5516 719 5585 angelos
744 5532 907 5585 super
925 5519 1156 5574 Abrahae
1187 5521 1356 5574 Salute
1392 5524 1774 5589 disceptantes,
1795 5525 1919 5576 dum

349 5615 592 5676 utraeque
632 5617 824 5662 turmae
853 5625 953 5663 suo
990 5626 1111 5664 eunt
1147 5613 1333 5666 volunt
1380 5615 1544 5667 εωιυί
1574 5614 1866 5671 vindicare.
1900 5633 1918 5664 ι

353 5697 429 5751 Ex
465 5700 708 5754 daemone
745 5711 949 5762 autem,
981 5703 1067 5757 cui
1103 5717 1298 5756 nomen
1339 5703 1520 5774 Legio,
1554 5705 1735 5759 miseri
1783 5706 1924 5760 illius

353 5806 406 5842 ιιι
432 5792 694 5858 sepulcris
724 5793 1022 5847 habitantis
1053 5809 1251 5861 corpus
1272 5805 1590 5862 occupaute,
1619 5811 1645 5846 a
1682 5796 1924 5863 plurimis

354 5882 512 5936 simul
553 5882 890 5940 daemonibus
915 5900 1012 5940 nos
1055 5885 1248 5955 prohat
1287 5887 1654 5941 circumsideri
1682 5903 1697 5952 ;
1729 5887 1924 5956 quippe

2035 4695 2201 4749 veluti
2231 4697 2536 4751 custodiam
2571 4712 2724 4750 suam
2755 4700 2820 4753 ad
2864 4699 3131 4769 judiciqu
3169 4717 3182 4751 :
3217 4711 3382 4771 atque
3420 4703 3528 4758 illic
3553 4705 3606 4758 in

2035 4799 2198 4841 causa
2231 4789 2458 4843 dicenda
2489 4792 2744 4844 assistere
2773 4807 2788 4856 ;
2840 4792 2885 4845 si
2921 4807 3026 4860 qua
3057 4795 3493 4858 commentiatur,
3522 4811 3609 4849 re-

2033 4879 2302 4948 darguere
2327 4923 2341 4946 ,
2396 4883 2440 4937 si
2470 4897 2574 4950 qua
2623 4898 2751 4935 vera
2792 4883 2955 4950 dicat,
2989 4901 3342 4951 asseverare;
3383 4902 3607 4956 prorsus

2036 4971 2178 5025 illius
2215 4975 2528 5028 testimonio
2563 4971 2691 5027 ferri
2726 4977 3078 5032 sententiam.
3118 4996 3137 5028 ι
3173 4979 3353 5047 Itaque
3394 4995 3604 5033 summa

2034 5062 2293 5132 religione
2323 5066 2511 5132 genius
2545 5065 2615 5118 ab
2641 5067 2878 5136 antiquis
2914 5068 3196 5123 colebatur
3228 5086 3240 5120 :
3275 5070 3607 5126 Censorinus

2031 5167 2154 5221 cap.
2185 5151 2220 5207 '5
2251 5153 2326 5207 De
2368 5155 2452 5208 die
2503 5157 2672 5209 natali
2711 5175 2730 5212 :
2765 5175 2783 5208 ι
2837 5157 3011 5214 Genio
3052 5161 3214 5231 igitur
3264 5162 3604 5231 potissimum

2030 5264 2127 5318 per
2152 5265 2366 5303 omnem
2409 5261 2621 5307 aetatem
2663 5256 2952 5324 quotannis
2999 5256 3391 5310 sacriticamus.
3418 5254 3603 5322 Quan-

2029 5355 2190 5410 quam
2216 5358 2322 5396 non
2353 5344 2524 5398 solum
2569 5344 2680 5410 hic,
2710 5346 2806 5399 sed
2846 5355 2900 5400 et
2946 5347 3034 5400 alii
3066 5359 3192 5401 sunt
3236 5357 3494 5416 praeterea
3529 5349 3603 5403 dii

2029 5433 2336 5502 complures
2361 5437 2636 5489 hominum
2661 5436 2826 5489 vitam
2857 5453 2952 5506 pro
2980 5454 3074 5493 sua
3102 5441 3330 5507 quisque
3359 5441 3605 5508 portione

2031 5527 2502 5591 adminiculantcs,
2549 5545 2686 5598 quos
2726 5531 2993 5584 volentem
3027 5546 3358 5600 cognoscere
3396 5529 3608 5600 Indigi-

2033 5626 2383 5669 tamentorum
2414 5619 2536 5672 libri
2569 5620 2702 5674 satis
2733 5623 3066 5686 edocebunt;
3097 5623 3188 5675 sed
3213 5638 3403 5676 Olllllcs
3434 5626 3485 5676 bi
3517 5638 3605 5676 se-

2033 5709 2135 5761 mel
2189 5711 2239 5763 in
2285 5725 2608 5781 unoquoque
2647 5714 2861 5769 homine
2903 5717 3180 5770 numinum
3215 5732 3433 5770 suorqu
3474 5717 3604 5771 etl‘e-

2032 5813 2175 5853 ctum
2215 5816 2641 5870 l'epl‘wsenlaltt:
2680 5809 2935 5874 quocirca
2996 5826 3098 5862 non
3141 5823 3238 5876 per
3289 5825 3448 5862 omne
3482 5811 3603 5862 vitae

2033 5894 2266 5962 spatium
2297 5896 2450 5953 novis
2479 5897 2828 5965 religionibus
2868 5911 3237 5958 arcessuntur.
3263 5900 3470 5958 Genius
3503 5915 3600 5955 au-
