4160 6396
548 411 656 467 835

1820 399 1881 455 Ρ.
1930 394 2247 453 DANIELIS
2281 389 2518 450 HUETII

3696 380 3802 435 884

551 537 659 580 tem
689 524 761 579 ita
801 516 956 577 nobis
990 522 1323 576 'observator
1356 517 1632 589 appositus
1659 525 1766 579 est,
1795 526 1947 573 utne
1984 532 2122 587 pnn-
2153 519 2195 572 A
2225 512 2527 584 asperiores
2577 506 2773 576 imponi
2814 505 2976 560 duces
3030 503 3270 558 definivit
3313 498 3670 557 Adamantius
3706 520 3720 556 :
3755 505 3801 558 si

550 626 641 673 cto
668 613 883 685 quidem
920 611 1177 679 temporis
1208 610 1419 680 longius
1449 609 1722 671 abscedat,
1746 607 1841 662 sed
1871 608 1940 661 ab
1968 617 2122 662 utero

552 709 742 760 matris
763 712 1019 771 exceptos
1037 703 1102 756 ad
1130 714 1431 756 extremum
1455 701 1576 753 vita:
1592 701 1734 756 diem
1763 699 2070 755 comitetur.
2098 717 2118 748 ι

550 796 685 853 Nota
731 806 928 865 prater
973 802 1289 863 perpetuum
1330 791 1470 861 genii
1516 792 1854 852 comitatum,
1900 790 2123 845 deorum

552 886 904 957 complur-ium
964 882 1264 939 ministerio
1344 884 1508 935 vitam
1583 882 1875 937 humanam
1944 879 2122 947 juvari

553 980 762 1048 priscos
801 979 922 1034 illos
968 990 1215 1048 putasse,
1267 977 1407 1044 quod
1451 973 1794 1045 Origenianis
1840 972 2124 1029 sententiis

551 1075 836 1123 consonat.
881 1069 1056 1133 Atque
1086 1078 1146 1119 ea
1179 1077 1309 1119 sane
1351 1064 1628 1133 persuasio
1660 1060 1728 1115 ad
1760 1071 1971 1116 veteres
2005 1060 2125 1115 illos

551 1175 582 1212 e
610 1158 782 1212 sacris
801 1154 1162 1212 voluminibus
1194 1153 1429 1222 profecta
1466 1152 1726 1222 primum,
1760 1153 1853 1207 sed
1885 1150 2125 1220 profanis

554 1250 783 1306 subinde
830 1247 1102 1319 ﬁgmentis
1164 1247 1462 1302 deformata
1515 1245 1775 1304 manavit.
1826 1244 1953 1299 llaec
2008 1245 2121 1313 ipsa

554 1356 768 1412 quoque
803 1341 1039 1395 indidem
1080 1338 1133 1392 in
1177 1337 1497 1401 Ecclesiam,
1526 1335 1887 1406 Ecclesiaeque
1915 1334 2124 1399 Patres,

553 1435 647 1489 sed
686 1432 872 1500 purior
897 1440 952 1486 et
990 1429 1298 1485 defaecatior
1321 1427 1594 1498 proﬂuxit.

623 1521 840 1577 XXXII.
874 1520 1049 1576 Verba
1083 1518 1247 1575 Mosis
1276 1534 1307 1573 e
1344 1519 1634 1574 Deuteron.
1669 1533 1845 1578 xxxn.
1874 1517 1927 1583 8,
1956 1517 2012 1582 9,
2034 1533 2126 1573 eo-

554 1616 674 1669 dem
720 1615 1107 1683 propemodum
1144 1612 1363 1669 deﬂexit
1418 1610 1682 1667 Eusebius
1729 1626 1792 1664 ac
1844 1607 2121 1678 Origenes.

556 1706 835 1764 Universis
860 1706 1054 1777 quippe
1096 1705 1347 1776 gentibus
1399 1703 1620 1773 angelos
1667 1704 1920 1773 praesides
1951 1718 1979 1757 a
2015 1702 2127 1757 Deo

552 1800 830 1870 appositos
851 1800 1025 1854 docet.
1056 1797 1249 1852 Filium
1273 1806 1451 1852 autem
1483 1796 1575 1852 Dei
1604 1797 1908 1865 suscepisse
1930 1811 2123 1866 regen-

552 1897 680 1950 dum
706 1895 986 1958 lsraelem,
1023 1894 1332 1965 quicunque
1368 1908 1560 1963 nempe
1582 1892 1907 1962 patriarcha:
1937 1890 2123 1948 Jacobi

554 1986 808 2058 pietatem
841 1986 1060 2047 imitati,
1094 1985 1317 2039 nomine
1349 1984 1465 2053 ejus
1491 1982 1745 2053 appellari
1783 1991 2121 2038 meruerunt.

554 2080 729 2147 Atque
799 2078 911 2136 lttPc
992 2076 1468 2132 Demonstrationis
1517 2074 1821 2145 evangelicae
1896 2073 1989 2128 lib.
2051 2087 2123 2137 tv,

553 2184 673 2240 cap.
720 2168 774 2223 7.
811 2167 945 2222 Tum
998 2169 1048 2221 in
1103 2167 1455 2237 sequentibus
1493 2167 1679 2222 scribit
1713 2164 1930 2234 angelos
1977 2164 2121 2229 illos,

552 2264 666 2316 sive
694 2261 872 2333 potius
902 2259 1214 2331 angelorum
1265 2258 1441 2314 tutela:
1472 2257 1793 2314 commissos
1825 2258 2069 2315 homines
2093 2273 2122 2311 a

551 2352 885 2409 daemonibus
910 2351 1204 2423 Oppugnari
1257 2352 1423 2407 fuisse
1450 2361 1681 2421 coeptos,
1711 2366 2014 2422 magnaque
2055 2367 2121 2407 ex

552 2454 705 2513 parte
732 2446 785 2500 itt
821 2460 1007 2502 eorum
1041 2453 1362 2514 potestatem
1413 2444 1582 2499 fuisse
1611 2444 1897 2510 redactos;
1949 2445 2125 2513 quoad

552 2538 922 2595 laborantibus
946 2550 999 2592 et
1041 2537 1314 2607 oppressis
1352 2544 1695 2591 succurreret
1724 2535 1998 2603 Christus,
2025 2535 2124 2587 int-

549 2631 872 2698 piorutnque
931 2629 1231 2682 dmunonum
1285 2626 1624 2697 tyrannidem
1673 2626 2001 2695 proﬂigaret.
2048 2625 2122 2681 lta

548 2731 602 2776 et
621 2721 953 2788 Augustinus
980 2722 1033 2774 in
1063 2718 1260 2774 Psalm.
1282 2735 1523 2774 Lxxxvtn
1546 2733 1561 2773 :
1590 2736 1608 2767 ι
1630 2717 1743 2773 Non
1768 2720 1961 2775 clausit
1987 2720 2125 2774 Deus
2182 2782 2191 2792 ,

549 2811 749 2867 fontem
783 2811 1041 2865 bonitatis
1089 2825 1199 2865 suae
1246 2812 1407 2863 etiam
1444 2811 1496 2863 in
1535 2809 1876 2879 alienigenas
1913 2821 2122 2880 gentes,

546 2916 684 2975 quas
713 2900 1040 2971 subangelis
1070 2902 1448 2965 constituerat,
1477 2899 1776 2967 portionem
1798 2899 1899 2952 sibi
1922 2899 2123 2955 faciens

547 2993 797 3066 pupulum
829 2992 1010 3046 Israel.
1047 3012 1061 3047 ι

617 3081 694 3136 Ne
729 3079 1008 3140 conﬂictus
1029 3080 1242 3150 quidem
1276 3078 1395 3134 illos
1428 3079 1745 3149 angelorum
1780 3079 1921 3133 inter
1945 3093 2027 3143 se,
2068 3088 2123 3133 et

545 3173 749 3243 prmlia,
778 3173 1024 3231 homines
1046 3172 1147 3227 sibi
1176 3173 1493 3226 commissos
1522 3172 1753 3225 invicem
1776 3170 2117 3235 subtrahere,
2145 3213 2188 3271 ε

542 3264 754 3333 sibique
828 3262 1096 3329 subjicere
1144 3262 1439 3317 volentium
1502 3261 1619 3316 sine
1676 3262 2119 3332 astipulatoribus

542 3351 825 3425 proposuit
872 3351 1132 3423 Origenes
1163 3368 1176 3405 :
1205 3366 1342 3423 quos
1399 3352 1543 3406 inter
1590 3352 1913 3407 recensendi
1970 3362 2115 3419 sunt,

543 3453 805 3515 quotquot
830 3444 1056 3499 citatum
1095 3443 1330 3498 Daniclis
1352 3444 1622 3499 decimum
1653 3453 1817 3513 caput
1843 3444 1909 3498 ad
1951 3444 2120 3501 bonos

545 3535 768 3608 angelos
799 3544 1203 3596 converterunt.
1232 3533 1368 3589 Nam
1394 3535 1438 3591 si
1465 3535 1720 3606 princeps
1742 3536 1896 3605 regni
1924 3535 2116 3592 Persa-

543 3640 687 3691 rum,
717 3625 942 3692 angelus
964 3625 1162 3696 quippe
1198 3626 1393 3689 bonus,
1421 3640 1547 3681 cum
1584 3625 1842 3689 Michaele
1869 3629 2118 3685 velitatus

502 3736 511 3745 ε
542 3727 655 3784 est,
683 3717 905 3787 angelos
933 3718 1103 3775 bonos
1139 3719 1278 3772 inter
1306 3731 1366 3772 se
1411 3719 1671 3774 dimicare
1707 3719 1982 3775 fatendum
2011 3734 2115 3777 est.

547 3807 827 3877 Principes
856 3817 1035 3862 autem
1083 3807 1230 3880 regni
1271 3806 1583 3875 Pet-Surum,
1611 3820 1664 3864 et
1688 3809 1995 3873 Cra-corum
2019 3814 2118 3867 bo-

546 3913 644 3953 nos
690 3913 812 3954 esse
871 3899 1092 3971 angelos
1151 3882 1532 3956 existimarunt
1585 3903 1933 3971 complures;
1976 3905 2121 3960 velut

544 3988 915 4049 Theodoretus
944 3990 1000 4045 in
1048 3992 1149 4047 hoc
1197 3991 1431 4054 Danielis
1461 4004 1657 4060 caput;
1697 3993 1929 4051 lsidOrus
1964 3993 2121 4049 Pelu-

543 4084 681 4143 siota
724 4082 819 4139 lib.
847 4098 911 4152 tt,
948 4085 1108 4155 epist.
1159 4082 1258 4146 85;
1309 4080 1545 4137 Joannes
1590 4083 2009 4154 Cbrysostomus
2063 4085 2115 4139 iu

546 4173 778 4237 homilia:
821 4174 1102 4245 cujusdam
1150 4175 1204 4229 in
1238 4173 1435 4229 Christi
1488 4171 1735 4228 Natalem
1794 4175 2117 4246 fragmento,

542 4267 687 4337 quod
724 4265 950 4319 exhibet
979 4263 1208 4320 Photius
1228 4264 1352 4320 cod.
1393 4277 1685 4328 cosxxvn;
1718 4263 1813 4317 sed
1854 4261 2120 4331 imprimis

542 4359 603 4415 S.
633 4356 890 4422 Thomas,
920 4372 972 4427 p.
997 4374 1038 4424 ι,
1082 4373 1140 4434 q.
1169 4358 1292 4421 115,
1317 4366 1424 4411 art.
1456 4356 1514 4422 8,
1557 4356 1648 4426 qui
1681 4355 1951 4426 quomodo
1978 4355 2121 4410 inter

540 4463 600 4504 se
622 4449 931 4509 discordare
972 4450 1181 4519 possint
1220 4448 1419 4517 angeli,
1450 4447 1693 4518 exponit.

2228 603 2407 658 minus
2431 615 2599 658 novos
2624 598 2817 655 ascribi
2851 596 3118 668 principes
3144 595 3535 650 rebellantibus
3564 594 3802 649 homini-

2225 696 2344 756 bus.
2380 705 2435 749 at
2475 693 2687 763 priores
2717 699 2865 745 certe
2901 688 3115 745 detrahi
3171 687 3404 742 Basilius
3432 687 3663 740 censuit.
3714 683 3808 740 Sic

2224 788 2365 841 enim
2421 786 2581 840 habet
2622 785 2675 837 in
2711 783 2870 836 Isaia?
2899 796 2957 845 ν,
3009 779 3043 833 5
3096 797 3111 833 :
3156 780 3384 851 Μήποτε
3428 776 3486 833 δὲ
3515 777 3610 832 καὶ
3648 776 3807 847 ἡμῶν

2229 880 2459 942 ἕκαστος
2504 878 2642 949 ἔχων
2712 873 2942 945 ἄγγελον
2984 872 3137 941 ἆγιον
3195 871 3288 923 τὸν
3358 867 3808 941 παρεμϐάλλοντα

2231 971 2415 1041 κύκλῳ
2436 969 2544 1024 τῶν
2572 968 2919 1038 φοϐουμένων
2939 966 3031 1020 τὸν
3059 965 3282 1036 Κύριον,
3306 965 3363 1017 ὲν
3394 960 3689 1033 ἁμαρτίαις
3724 956 3811 1023 ἐξ·

2234 1061 2481 1124 ετασθεὶς
2506 1059 2760 1122 ὑπόδικος
2782 1058 3003 1128 γένηται
3029 1059 3095 1128 τῇ
3124 1052 3478 1126 ἀπειληοείσῃ
3494 1053 3698 1122 πληγῇ,
3716 1050 3811 1103 καὶ

2232 1155 2493 1227 γυμνωθῇ
2527 1152 2621 1208 τοῦ
2669 1153 2882 1222 τείχους
2907 1150 3007 1222 τῆς
3037 1147 3144 1202 ἀπὸ
3172 1147 3279 1202 τῶν
3320 1146 3487 1216 ἁγίων
3527 1143 3811 1214 δύναμεων

2235 1246 2557 1317 ἀσφαλείας.
2597 1264 2615 1297 ι
2646 1243 2903 1301 Fortasse
2942 1250 3118 1295 autem
3158 1240 3528 1309 unusquisque
3563 1244 3809 1290 nostrqu

2226 1339 2433 1394 habens
2454 1334 2702 1406 angelum
2722 1342 2987 1398 sanctum,
3006 1336 3478 1386 castrametantem
3508 1327 3559 1379 in
3577 1324 3808 1379 circuitu

2232 1429 2537 1484 timentium
2564 1425 2879 1491 Dominum,
2927 1423 2982 1479 in
3034 1420 3267 1492 peccatis
3296 1417 3683 1489 deprehensus,
3714 1417 3813 1472 ob-

2232 1520 2429 1575 noxius
2464 1517 2561 1572 ﬁat
2590 1517 2868 1570 intentata:
2911 1514 3012 1569 sibi
3046 1512 3235 1582 plagae,
3266 1519 3319 1565 et
3345 1508 3605 1580 spolietur
3630 1522 3809 1572 muro,

2226 1612 2471 1668 custodia
2509 1611 2719 1668 scilicet
2755 1617 3065 1677 sanctarum
3115 1606 3398 1659 virtutum.
3430 1621 3450 1654 ι
3504 1598 3688 1669 Neque
3715 1598 3811 1653 de-

2233 1711 2361 1757 sunt
2382 1703 2745 1771 sane,quibus
2766 1716 2834 1757 ne
2860 1714 2999 1754 nunc
3019 1698 3235 1768 quidem
3254 1695 3386 1751 satis
3407 1692 3572 1761 liquet
3598 1691 3812 1745 idemne

2234 1802 2528 1864 perpetuus
2556 1793 2760 1848 homini
2810 1791 3101 1860 unicuique
3129 1802 3311 1843 comes
3356 1783 3580 1855 angelus
3628 1781 3812 1837 adhic-

2156 1865 2201 1921 Β
2236 1894 2373 1948 reat,
2407 1897 2475 1937 an
2511 1884 2647 1939 alios
2674 1883 2763 1938 alii
2797 1885 2852 1938 in
2879 1897 2945 1939 eo
2971 1894 3193 1937 munere
3218 1878 3508 1946 excipiant.

2307 1972 2523 2043 Origeni
2553 1989 2733 2028 rerum
2768 1975 3032 2042 omnium,
3092 1972 3257 2027 etiam
3302 1969 3659 2024 inanimarum
3708 1977 3808 2018 cu-

2228 2063 2459 2118 stodiam
2501 2063 2710 2134 angelis
2748 2064 3014 2135 deleganti
3064 2062 3206 2117 favet
3255 2062 3675 2130 Chrysostomus
3707 2059 3807 2114 ho-

2229 2154 2339 2208 mil.
2382 2157 2436 2209 in
2472 2154 2659 2209 Natat.
2683 2155 2902 2221 Christi,
2930 2156 3068 2224 apud
3096 2154 3347 2208 Photium
3377 2153 3498 2208 cod.
3534 2168 3811 2215 ccuxxvn,

2237 2247 2509 2317 Ἐστησεν
2533 2249 2562 2301 ὁ
2584 2247 2717 2313 Θεὸς
2752 2247 3018 2318 ἀγγέλους
3066 2247 3207 2302 κατά
3232 2247 3301 2301 τὰ
3341 2246 3578 2318 κλίματα
3599 2247 3696 2317 τῆς
3738 2248 3813 2300 oi—

2231 2339 2523 2411 κουμένης,
2548 2341 2644 2394 ἕνα
2665 2341 2894 2395 ἕκαστον
2924 2340 3319 2413 ἐπιτροπεύειν,
3353 2341 3428 2404 ὼς
3483 2341 3578 2394 καὶ
3603 2340 3812 2411 Μωσῆς

2232 2433 2402 2502 λέγει,
2458 2434 2576 2496 ἑνὸς
2625 2434 2856 2488 ἑκάστου
2892 2434 3097 2497 ἔθνους.
3145 2434 3379 2504 Ἔστησε
3427 2433 3516 2500 δὲ,
3577 2432 3664 2486 ἵνα
3709 2434 3811 2504 τὴν

2234 2524 2445 2595 ἄψυχον
2474 2526 2651 2580 κτίσιν
2688 2525 3078 2595 χαλινώσωσιν,
3112 2526 3261 2596 ἥλιον
3289 2526 3385 2579 καὶ
3430 2524 3679 2596 σελήνην,
3713 2527 3811 2579 καὶ

2226 2614 2525 2679 θάλασσαν,
2559 2616 2653 2668 καὶ¹
2696 2616 2817 2685 γῆν,
2865 2615 3046 2669 καὶτὰ
3088 2618 3145 2669 ὲν
3174 2616 3379 2679 αὐτοῖς,
3419 2618 3713 2688 ὑπηρετεῖν
3738 2620 3805 2688 τῇ

2228 2704 2320 2765 τοῦ
2353 2704 2638 2778 ἀνθρώπου
2675 2707 2989 2761 ἀπολαύσει.
3032 2726 3049 2756 σ
3087 2710 3377 2763 Constituit
3424 2708 3563 2763 Deus
3587 2710 3807 2779 angelos

2226 2799 2515 2853 secundum
2545 2799 2761 2852 climata
2788 2801 2955 2861 orbis.
2989 2811 3044 2853 ιιι
3068 2800 3264 2869 singuli
3310 2816 3495 2855 curam
3534 2813 3805 2871 gererent,

2228 2890 2679 2963 quemadmodum
2715 2891 2790 2943 ait
2833 2900 2887 2944 et
2920 2890 3151 2961 Moyses,
3180 2892 3512 2961 singularum
3540 2893 3802 2961 gentium.

2224 2980 2515 3045 Constituit
2558 2991 2737 3035 autem
2784 2984 2848 3036 ad
2919 2984 3215 3037 iuanimam
3248 2994 3552 3039 creaturam
3612 2999 3800 3053 regen-

2224 3074 2367 3139 dam,
2409 3072 2601 3134 solem.
2633 3082 2689 3129 et
2741 3073 2942 3142 lunam,
2972 3083 3027 3129 et
3060 3091 3230 3141 mare,
3254 3084 3310 3129 et
3355 3085 3576 3141 terram,
3613 3087 3667 3131 et
3687 3091 3807 3148 quas

2225 3163 2277 3217 itt
2308 3163 2373 3218 iis
2406 3172 2553 3229 sunt,
2579 3174 2637 3219 ut
2665 3166 2938 3219 hominum
2970 3165 3155 3221 usibus
3192 3167 3537 3223 inservirent.
3578 3189 3597 3221 ι

2294 3254 2369 3308 De
2398 3256 2595 3324 gemini
2632 3256 2832 3324 angeli,
2866 3256 2995 3310 boni
3049 3258 3300 3311 nimirutn
3352 3269 3406 3313 et
3467 3260 3592 3314 ntali
3638 3261 3804 3317 satel-

2221 3344 2357 3411 litio,
2414 3363 2575 3417 quam
2623 3348 2843 3401 tradidit
2888 3348 3218 3414 doctrinam,
3248 3351 3389 3405 hanc
3424 3368 3526 3406 non
3556 3351 3624 3406 ab
3670 3351 3808 3408 lier-

2224 3456 2308 3493 tna
2345 3439 2517 3495 solum
2567 3452 2621 3498 et
2660 3440 2933 3507 Barttaba,
2992 3445 3085 3496 sed
3122 3457 3153 3495 a
3186 3442 3452 3498 dictatore
3500 3447 3663 3499 etiam
3704 3462 3807 3502 suo

2226 3529 2443 3588 Platone
2486 3544 2791 3602 acceperat,
2821 3533 2974 3602 cujus
3011 3534 3174 3588 verba
3228 3520 3403 3592 haece
3456 3536 3595 3592 libro
3637 3555 3669 3592 x
3709 3537 3808 3594 Le-

2219 3641 2341 3695 gum
2368 3623 2532 3678 refert
2549 3624 2919 3679 Theodoretus
2948 3641 3112 3679 serm.
3141 3625 3175 3679 5
3208 3624 3283 3679 De
3308 3629 3527 3681 cummi.
3569 3628 3803 3684 Cruor.

2226 3716 2453 3785 affect.:
2487 3714 2676 3791 Ψυχὴν
2724 3713 2781 3765 δὲ
2810 3714 3135 3781 διοικοῦσαν,
3179 3716 3274 3769 καὶ
3319 3719 3633 3774 ἐνοικοῦσαν
3672 3725 3807 3775 πᾶσι

2223 3808 2336 3869 τοῖς
2370 3806 2616 3878 πανταχῆ
2649 3806 2985 3878 κινουμένοις
3026 3806 3274 3876 λέγοντός
3303 3826 3418 3872 σου,
3454 3811 3551 3863 καὶ
3604 3810 3694 3865 τὸν
3715 3813 3806 3865 οὐ·

2222 3897 2384 3967 ρανὸν
2405 3899 2624 3952 διοικεῖν
2639 3900 2852 3969 ἀνάγκη
2883 3901 3047 3967 φάναι
3069 3914 3084 3929 ο
3100 3899 3152 3951 τί
3181 3900 3322 3971 μήν;
3351 3899 3530 3973 μίανῆ
3558 3901 3804 3969 πλείουςς

2221 3989 2335 4065 ἐγὼ
2367 3991 2505 4063 ὑπὲρ
2540 3990 2689 4060 σφῶν
2718 3989 3117 4062 ἀποκρινοῦμαι
3143 4008 3156 4021 ·
3186 3991 3329 4046 δυοῖν
3367 3995 3467 4066 μὲν
3494 3990 3588 4049 οὖν
3632 3996 3806 4066 γέπου

2227 4083 2437 4137 ἐλάττω
2478 4084 2553 4155 μὴ
2591 4083 2849 4154 τιθῶμεν,
2887 4087 2988 4156 τῆς
3035 4103 3093 4138 τε
3144 4085 3508 4157 εὐεργέτιδος,
3564 4090 3658 4141 καὶ
3702 4088 3806 4159 τῆς

2224 4174 2482 4229 τάναντία
2507 4173 2811 4246 δυναμένης
2832 4175 3190 4251 ἐργάσασθαι.
3227 4197 3245 4228 t
3287 4179 3421 4233 Cum
3450 4191 3630 4233 autem
3671 4180 3807 4235 dicis

2221 4265 2455 4321 animam
2504 4267 2923 4337 gubernantem,
2989 4276 3046 4323 et
3108 4268 3328 4322 insitam
3380 4268 3631 4325 omnibus
3681 4285 3805 4338 qua:

2222 4358 2423 4433 ubique
2451 4368 2767 4424 moventur;
2814 4358 3012 4413 coelum
3060 4373 3275 4429 quoque
3303 4359 3607 4431 gubernare
3655 4360 3805 4419 illam

2222 4450 2531 4506 necessario
2556 4450 2842 4507 dicendum
2877 4461 2981 4507 est.
3032 4451 3171 4521 Quid
3217 4455 3423 4526 igitur?
3470 4470 3705 4509 unamne
3733 4470 3805 4509 an

615 4540 776 4603 Varia
806 4550 986 4595 autem
1017 4542 1132 4597 haec
1156 4539 1287 4611 ipsis
1315 4540 1554 4607 injuncta
1591 4539 1759 4603 fuisse
1788 4555 1886 4611 pro
1912 4540 2119 4595 meritis
2148 4550 2193 4607 Ι)
2224 4540 2441 4610 plures?
2475 4540 2586 4612 Ego
2607 4543 2761 4599 vobis
2792 4547 3143 4615 reSpondebo.
3176 4543 3253 4602 Ne
3282 4545 3562 4616 pauciores
3593 4546 3808 4603 duabus

539 4632 736 4698 uﬂicia,
768 4642 892 4702 post
928 4633 1216 4699 Origenem
1256 4628 1494 4686 Isidorus
1532 4645 1749 4701 quoque
1783 4629 2117 4702 Hispalensis

540 4724 847 4780 aﬂirmavit.
876 4741 896 4777 ι
926 4722 1230 4791 Unicuique
1259 4723 1445 4786 etiam,
1476 4740 1495 4776 ι
1535 4723 1710 4794 inquit
1757 4723 1850 4779 lib.
1883 4739 1954 4777 vn
1988 4721 2118 4777 Ori-

538 4819 670 4888 gin.,
710 4830 828 4886 cap.
863 4816 919 4879 5,
962 4833 981 4870 ι
1014 4815 1156 4869 sicut
1203 4812 1517 4883 praedictum
1546 4824 1654 4881 est,
1684 4815 1899 4887 propria
1943 4813 2116 4870 ofﬁcia

538 4923 634 4961 sua
661 4907 923 4976 injuncta,
947 4921 1067 4983 qua:
1095 4921 1188 4961 eos
1218 4908 1579 4975 promeruisse
1611 4906 1664 4960 in
1696 4906 1878 4961 mundi
1907 4915 2121 4962 constat

535 5000 783 5057 exordio.
812 4997 947 5053 Nam
975 4998 1097 5067 quia
1126 5000 1298 5065 angeli
1324 5008 1378 5056 et
1398 4998 1531 5054 locis
1554 5008 1610 5052 et
1639 4997 1952 5054 hominibus
1974 5014 2114 5068 prte-

536 5101 683 5156 sunt,
714 5106 811 5160 per
837 5092 1154 5163 prOphetam
1184 5100 1414 5149 testatur
1438 5090 1664 5161 angelus
1687 5090 1873 5149 dicens
1896 5108 1911 5146 :
1952 5089 2114 5144 Prin-

536 5199 655 5251 ceps
690 5186 837 5253 regni
892 5181 1179 5238 Persarum
1222 5185 1407 5238 restitit
1456 5184 1583 5238 mihi
1601 5182 1669 5236 ⁸⁸.
1709 5181 1861 5238 Unde
1891 5193 2117 5253 apparet

538 5279 741 5337 nullum
765 5294 886 5336 esse
910 5280 1111 5344 locum,
1138 5280 1225 5334 cui
1253 5278 1427 5351 angeli
1452 5295 1561 5334 non
1584 5278 1807 5348 praesint
1833 5295 1846 5331 :
1873 5262 2115 5347 praesunt

535 5373 683 5428 enim
706 5382 762 5427 et
799 5374 1058 5446 auspiciis
1088 5387 1315 5441 operum
1346 5373 1610 5427 omnium.
1639 5370 1735 5425 llic
1767 5383 1853 5424 est
1880 5371 2012 5425 ordo
2026 5371 2116 5424 vel

535 5466 812 5520 distinctio
839 5467 1175 5536 angelorum,
1215 5466 1309 5536 qui
1358 5476 1481 5535 post
1528 5463 1738 5535 lapsum
1766 5464 2031 5520 malorum
2062 5464 2115 5516 in

537 5557 741 5611 ctrlesti
770 5555 954 5627 vigore
1000 5567 1287 5612 steterunt.
1322 5576 1341 5609 ι

609 5646 962 5703 Refractariis
1001 5647 1265 5706 adversus
1306 5652 1622 5728 angelorum
1646 5651 1792 5721 jussa
1816 5644 2120 5708 hominibus

600 5792 649 5863 i“
676 5828 810 5889 Dan.
845 5845 895 5896 ι,
932 5828 1018 5887 15.

2222 4646 2549 4701 statuamus,
2582 4650 2702 4689 eam
2749 4652 2870 4707 quae
2918 4636 3056 4693 bona
3089 4638 3358 4704 conferat,
3412 4648 3470 4693 et
3525 4654 3644 4692 eam
3679 4653 3805 4707 qu'e

2223 4725 2499 4789 contraria
2526 4728 2697 4794 possit
2726 4727 2956 4784 efﬁcere.
2999 4747 3017 4780 ι
3057 4729 3114 4784 In
3147 4744 3213 4785 eo
3237 4741 3416 4785 autem
3447 4732 3807 4787 Adamantius

2223 4816 2481 4886 plurimos
2506 4819 2693 4873 habuit
2721 4822 3140 4885 consentientes,
3178 4824 3270 4878 sed
3300 4822 3615 4878 Cassianum
3664 4839 3805 4893 pne-

2224 4909 2413 4964 sertim
2446 4910 2641 4965 Collat.
2670 4927 2788 4978 vtn,
2820 4927 2943 4983 cap.
2972 4910 3062 4979 17,
3086 4924 3141 4968 et
3175 4914 3269 4970 lib.
3292 4931 3417 4981 xttt,
3449 4931 3569 4986 cap.
3594 4915 3683 4980 12,
3708 4917 3801 4984 qui

2224 5001 2363 5058 idem
2396 4998 2606 5058 Hermae
2631 5005 2991 5059 testimonium
3032 5006 3286 5073 adducit;
3314 5016 3478 5077 atque
3532 5007 3806 5077 dogmatis

2223 5092 2382 5162 hujus
2415 5102 2670 5161 tanquam
2708 5092 2825 5148 falsi
2855 5102 2911 5148 et
2950 5109 3139 5151 errore
3188 5097 3452 5167 implicati
3484 5096 3719 5159 nomine,
3750 5107 3806 5152 et

2226 5189 2389 5248 hunc,
2416 5192 2469 5239 et
2497 5185 2670 5249 illurn,
2705 5194 2781 5264 et.
2807 5185 3092 5259 Origenem
3142 5199 3400 5258 praeterea
3445 5186 3806 5242 Bellarminus

2228 5278 2511 5347 castigavit
2552 5278 2605 5332 in
2639 5278 2732 5334 lib.
2776 5277 2856 5333 De
2887 5281 3068 5349 script.
3099 5279 3306 5348 eccles.,
3346 5280 3398 5333 in
3428 5279 3523 5333 lib.
3559 5275 3806 5343 Pastum,

2224 5370 2368 5437 quod
2396 5384 2504 5424 non
2540 5369 2756 5426 fecisset
2780 5371 3030 5436 fortasse,
3084 5374 3128 5427 si
3176 5373 3229 5426 iu
3259 5372 3450 5427 eadem
3484 5385 3606 5425 esse
3636 5385 3804 5424 causa

2230 5462 2551 5533 Gregorium
2582 5462 2883 5534 Nyssenum
2928 5466 3283 5520 meminisset.
3354 5463 3542 5519 Eidem
3586 5478 3806 5534 quoque

2226 5555 2489 5610 Cassiano
2538 5559 2752 5625 prativit
2795 5557 3076 5628 Origenes,
3146 5573 3269 5613 cum
3327 5556 3617 5625 unicuique
3670 5555 3806 5610 vitio

2226 5663 2381 5715 suum
2402 5652 2684 5723 praasident
2710 5667 2831 5710 esse
2856 5653 3173 5712 attributum
3200 5652 3442 5710 definivit
3462 5670 3477 5721 ;
3500 5654 3643 5725 quod
3676 5652 3802 5707 licet
