4160 6412
388 375 494 432 885

1243 371 1815 430 ORIGENIANORUM
1855 369 1982 424 LIB.
2025 367 2088 432 ll,
2127 368 2280 424 CAP.
2323 367 2388 430 II’,
2426 365 2704 434 QUIEST.
2747 364 2812 419 ν.

3526 355 3634 412 886

385 503 574 556 parum
603 487 802 542 habere
831 487 1080 542 videatur
1109 487 1526 557 probabilitatis,
1561 488 1628 540 ab
1657 485 1956 554 insignibus
1985 492 2030 540 Α
2058 495 2266 554 patrum
2295 484 2644 538 Boslrensem
2670 481 3130 550 imitabimur,qui
3157 479 3406 550 Origenis
3433 478 3636 534 doctri-
3673 473 3688 542 έ

387 594 564 634 tamen
598 580 803 650 aliquot
845 579 1184 635 scholasticis
1224 593 1328 633 nou
1359 579 1580 633 omnino
1615 577 1952 646 repudiatum

386 679 488 726 est.

455 763 538 816 Ad
585 761 952 816 excusandum
983 759 1230 830 Origenis
1285 775 1526 815 errorem
1557 759 1623 813 de
1657 759 1862 826 judicio
1901 759 1953 812 in

389 852 893 920 angelostutelares
939 851 1066 906 olim
1127 853 1416 908 statuendo
1475 852 1652 922 aliqua
1707 850 1956 920 superius

389 945 796 1014 proposuimus;
858 961 1003 1000 nunc
1039 946 1294 1016 quoniam
1343 932 1588 998 Patrum.
1612 942 1877 1011 suffragiis
1903 953 1958 997 et

387 1037 709 1092 auctoritate
737 1053 1063 1107 pugnamus,
1097 1038 1164 1091 ad
1199 1037 1514 1092 elevandum
1555 1035 1822 1104 opinionis
1854 1035 1958 1089 htt-

383 1127 472 1198 jns
502 1127 755 1184 invidiam
805 1129 1192 1200 Hieronymum
1246 1129 1496 1198 Origenis
1547 1126 1955 1197 sull'ragatorem

386 1221 730 1274 adducemus.
763 1219 892 1276 Isin
933 1221 1060 1275 illud
1099 1221 1353 1287 Michaue,
1395 1235 1513 1288 cap.
1542 1235 1617 1285 v1,
1651 1233 1794 1274 vers.
1821 1219 1874 1283 I,
1900 1219 1956 1280 2,

393 1329 413 1362 ε
449 1313 642 1366 Audite
670 1327 790 1382 quae
837 1313 1095 1368 Dominus
1127 1313 1403 1382 loquitur:
1438 1311 1634 1382 Surge,
1693 1310 1960 1364 contende

382 1400 585 1470 judicio
615 1405 900 1458 adversum
939 1415 1170 1464 montes,
1197 1412 1252 1458 ct
1292 1404 1515 1458 audiant
1564 1402 1730 1457 colles
1773 1415 1958 1456 vocem

391 1503 556 1549 tuam.
599 1495 839 1548 Audiam
887 1505 1100 1550 montes
1141 1495 1400 1564 judicium
1449 1493 1680 1554 Domini,
1716 1501 1769 1546 et
1803 1491 1961 1546 fortia

387 1585 732 1641 fundamenta
765 1569 962 1641 terrae?
997 1606 1016 1638 ι
1043 1587 1315 1640 montibus
1345 1585 1450 1639 illis
1489 1585 1778 1654 significari
1809 1595 1964 1654 putat

389 1677 628 1748 angelos,
653 1679 850 1748 quibus
887 1694 1064 1732 rerum
1111 1679 1470 1732 humanarum
1505 1678 1790 1731 commissa
1841 1693 1962 1746 pro-

389 1770 598 1826 curatio
621 1779 725 1832 est,
781 1769 930 1838 juxta
969 1770 1184 1823 Denter.
1224 1785 1399 1834 χχχιι,
1427 1769 1480 1830 8,
1514 1779 1566 1822 et
1609 1767 1772 1823 IIehr.
1804 1785 1843 1833 ι,
1871 1769 1962 1832 14,

391 1872 554 1930 atque
584 1878 698 1930 eos,
715 1865 758 1917 si
783 1862 1004 1932 p0pulos
1023 1877 1166 1916 curm
1195 1877 1308 1916 suae
1335 1861 1626 1929 permissos
1651 1863 1788 1914 male
1812 1875 1965 1914 rexe—

387 1958 524 2021 rint,
561 1957 833 2026 culpatum
861 1957 948 2022 iri,
979 1957 1124 2012 velut
1151 1956 1376 2024 Apocal.
1407 1972 1442 2009 ιι
1470 1965 1526 2008 et
1558 1970 1640 2009 ιιι.
1668 1953 1804 2008 Hinc
1842 1953 1964 2008 Ori-

390 2048 542 2119 genis
601 2063 703 2101 non
736 2047 1056 2102 sententiam
1113 2047 1296 2110 modo,
1351 2047 1446 2102 sed
1487 2045 1651 2100 verba
1709 2044 1822 2098 fere
1852 2044 1966 2112 ipsa

397 2148 638 2208 usurpat.
679 2157 696 2189 ι
724 2137 876 2192 Sicut
913 2139 1082 2204 enim,
1141 2137 1352 2206 inquit,
1404 2137 1671 2190 interdum
1728 2135 1968 2204 episcopi

393 2229 549 2299 culpa
584 2237 690 2292 est,
717 2228 984 2282 interdum
1012 2227 1203 2296 plebis,
1227 2237 1282 2281 et
1314 2241 1454 2296 saepe
1477 2227 1733 2295 magister
1762 2233 1968 2294 peccat,

391 2331 533 2386 saepe
564 2315 886 2386 discipulus,
912 2324 966 2370 et
999 2331 1380 2385 nonnunquam
1409 2315 1577 2384 patris
1617 2316 1806 2370 vitium
1862 2325 1966 2380 est,

389 2424 779 2478 nonnunquam
801 2409 918 2472 lilii,
934 2417 992 2463 ut
1008 2409 1088 2462 vel
1125 2410 1264 2464 bene
1285 2409 1365 2462 vel
1383 2409 1518 2464 male
1535 2408 1875 2464 erudiuntur:
1899 2409 1968 2461 ita

393 2501 447 2556 in
486 2501 690 2571 judicio
721 2502 836 2568 Dei,
861 2503 946 2556 vel
991 2502 1057 2557 ad
1109 2501 1330 2571 angelos
1374 2502 1577 2556 crimen
1609 2501 1894 2566 referetur,
1925 2503 1970 2557 si

393 2611 500 2651 non
526 2596 740 2665 egerint
777 2605 994 2659 cuncta,
1026 2610 1146 2665 qua:
1171 2596 1236 2648 ad
1273 2609 1428 2648 suum
1465 2593 1698 2650 ofﬁcium
1731 2595 1968 2665 pertine-

394 2688 554 2753 bant;
587 2687 669 2741 vel
701 2689 766 2741 ad
799 2687 1076 2755 populum,
1131 2686 1174 2742 si
1207 2686 1312 2739 illis
1342 2686 1592 2742 universa
1631 2687 1972 2750 facientibus,

395 2778 500 2848 ipsi
541 2779 726 2835 audire
771 2779 1214 2850 contempserint.
1249 2798 1266 2830 ι
1338 2777 1466 2845 Qua:
1527 2795 1732 2834 merum
1783 2780 1972 2851 Orige-

395 2872 630 2928 nismum
657 2872 918 2927 redolent.

467 2964 706 3019 XXXIII.
742 2965 848 3020 Sed
885 2965 1064 3020 missis
1107 2965 1333 3022 aliorum
1363 2966 1664 3038 suffragiis,
1703 2967 1975 3018 Adaman-

400 3057 472 3112 tio
505 3071 599 3112 sua
639 3072 852 3128 quoque
899 3058 1064 3126 ipsius
1090 3057 1354 3114 dubitatio
1400 3061 1532 3114 satis
1581 3058 1974 3128 patrocinatur.

2057 591 2178 628 nam
2212 576 2279 629 de
2307 577 2620 644 angelorum
2658 575 2846 636 tutela,
2896 574 3294 640 Origenemque
3322 573 3520 641 ipsum,
3552 571 3634 626 sic
3676 571 3680 576 ’

2057 679 2314 734 tanquam
2365 665 2540 720 ell'atis
2568 667 2681 722 suis
2726 666 3076 734 pertinaciter
3103 665 3488 726 adhaerentem.
3527 678 3633 716 non

2056 760 2210 831 quasi
2255 759 2599 829 conjecturas
2634 759 2820 812 timide
2861 767 3268 826 proponentem,
3319 755 3550 810 traducit
3579 763 3636 808 et

2056 852 2326 923 suggillat.
2353 851 2493 907 Nihil
2527 852 2652 905 licet
2682 851 2818 905 falso
2847 849 2951 920 ipsi
2979 849 3216 920 affingat,
3241 864 3360 904 cum
3397 848 3472 903 ait
3503 861 3635 903 cen-

2057 946 2235 1000 suisse
2289 958 2412 998 eum
2461 943 2681 1013 angelos
2727 958 2827 1010 pro
2875 943 2988 998 suis
3042 943 3450 1011 peccatis,cum
3485 941 3637 1010 prius

2057 1044 2266 1091 mentes
2295 1043 2500 1100 essent,
2524 1034 2744 1104 angelos
2775 1042 2831 1088 ct
2859 1033 3218 1101 archangelos
3251 1032 3522 1094 evasisse;
3563 1031 3638 1085 le-

2057 1131 2378 1199 viorumque
2409 1129 2686 1197 culparum
2715 1142 2836 1181 reos
2876 1127 2929 1180 in
2963 1141 3058 1180 eos
3080 1127 3170 1195 qui
3211 1126 3456 1196 graviora
3500 1125 3644 1178 desi-

2059 1231 2317 1291 gnassent
2355 1221 2585 1276 crimina
2625 1220 2915 1290 imperium
2967 1219 3278 1284 accepisse;
3312 1217 3644 1286 tutelamque

2059 1315 2191 1385 ipsis
2213 1329 2398 1370 eorum
2426 1313 2704 1368 hominum
2733 1313 3007 1378 traditam,
3031 1311 3118 1380 qui
3144 1311 3210 1363 ad
3233 1311 3462 1365 salutem
3487 1317 3646 1385 tetch

2061 1421 2182 1460 nam
2201 1415 2356 1460 erant
2387 1405 2734 1475 promovendi
2765 1423 2778 1468 ;
2803 1419 2924 1458 cum
2958 1403 3056 1472 ipsi
3085 1413 3262 1457 tamen
3288 1401 3514 1456 salutem
3540 1381 3644 1454 sibi

2059 1501 2383 1570 promereri,
2417 1509 2470 1552 et
2514 1499 2580 1553 ad
2631 1498 2920 1567 pristinum
2956 1497 3186 1567 gradum
3211 1495 3646 1565 recuperandum

2065 1591 2324 1646 deberent
2363 1591 2514 1650 eniti.
2553 1591 2839 1659 eidemque
2880 1589 3087 1658 judicio
3124 1604 3187 1643 ac
3221 1588 3470 1642 homines
3503 1600 3649 1642 cura:

2067 1697 2179 1738 suze
2230 1681 2511 1735 commissi
2564 1690 2746 1734 essent
2807 1679 2934 1732 olim
2980 1679 3318 1748 subjiciendi.
3370 1674 3648 1730 Habentur

2069 1774 2338 1844 Antipatri
2386 1773 2547 1844 hujus
2597 1773 2899 1840 fragmenta
2967 1773 3110 1826 inter
3150 1770 3376 1838 Eclogas
3425 1766 3647 1822 Joannis

2073 1867 2408 1932 Damasceni,
2429 1881 2548 1934 qum
2582 1866 2968 1933 manuscriptae
2995 1873 3350 1919 asservantur
3371 1862 3424 1915 in
3451 1859 3648 1916 biblio-

2072 1963 2224 2016 theca
2249 1959 2668 2015 Claromontana
2689 1959 2910 2014 Patrum
2941 1957 3230 2014 Societatis
3247 1954 3394 2021 Iesu,
3425 1964 3480 2010 et
3509 1967 3647 2022 qua-

2071 2069 2190 2107 rum
2215 2063 2466 2122 excerpta
2501 2057 2568 2107 ad
2603 2069 2688 2107 me
2723 2052 2962 2107 olliciose
3014 2049 3321 2105 transmisit
3347 2047 3653 2104 eruditissi-

2073 2161 2192 2200 mus
2238 2155 2294 2199 et
2339 2145 2762 2200 humanissimus
2801 2143 3018 2199 Gabriel
3046 2141 3369 2198 Cossartius.

2142 2237 2384 2294 XXXIV.
2421 2238 2530 2292 Nec
2559 2238 2683 2292 vita:
2709 2237 2868 2306 hujus
2909 2236 3157 2290 mortalis
3201 2233 3397 2288 finibus
3428 2230 3652 2301 angelo-

2072 2349 2190 2387 rum
2217 2332 2578 2387 ministerium
2615 2331 2931 2386 hominibus
2977 2329 3348 2398 prmstandum
3385 2325 3654 2380 Adaman-

2075 2426 2180 2479 tius
2205 2433 2444 2484 coercet,
2477 2425 2572 2478 sed
2598 2431 2860 2492 prorogat
2896 2423 3062 2476 etiam
3100 2420 3166 2474 ad
3196 2433 3257 2473 ea
3286 2433 3405 2487 qua:
3433 2425 3654 2470 antece-

2073 2519 2205 2570 dunt
2229 2516 2510 2571 hominum
2534 2516 2726 2578 vitam,
2749 2527 2977 2582 quaeque
3003 2513 3174 2582 ipsam
3194 2510 3496 2578 excipiunt.
3513 2506 3652 2562 Nam

2074 2608 2383 2678 angelorum
2405 2623 2506 2676 ope
2522 2607 2731 2659 animas
2755 2603 3038 2658 hominum
3063 2601 3282 2655 immitti
3309 2597 3649 2665 corporibus,

2075 2717 2272 2770 easque
2299 2713 2528 2768 corpore
2550 2697 2757 2753 solutas
2777 2695 2976 2763 suscipi
3005 2695 3072 2748 ab
3099 2693 3250 2764 ipsis,
3278 2691 3393 2745 sisti
3423 2691 3474 2744 in
3503 2688 3653 2757 judi-

2075 2795 2242 2858 cium,
2281 2795 2333 2848 iu
2364 2791 2693 2846 destinatum
2731 2791 2946 2844 demum
3003 2785 3180 2840 locum
3209 2783 3423 2848 deduci,
3449 2791 3506 2836 et
3545 2796 3653 2836 non

2077 2887 2235 2940 aliter
2271 2884 2402 2952 regi,
2439 2897 2602 2952 quam
2629 2896 2753 2934 cum
2805 2878 3126 2946 corporibus
3177 2875 3396 2945 illigata:
3424 2883 3610 2928 essent
3637 2911 3654 2933 ,

2079 2975 2354 3044 conceptis
2385 2973 2568 3028 verbis
2611 2969 2916 3025 aﬂirmavit.
2961 2967 3122 3022 Certe
3144 2963 3656 3020 Commentariorum

2078 3070 2130 3122 in
2155 3066 2319 3120 Joan.
2350 3075 2498 3120 tomo
2529 3079 2649 3128 xm,
2701 3075 2850 3117 num.
2877 3059 2967 3124 49,
3005 3056 3226 3126 angelos
3261 3055 3324 3110 ad
3376 3053 3656 3108 hominum

399 3150 490 3204 Illa
522 3157 699 3204 autem
730 3149 814 3204 vel
843 3165 905 3204 ex
933 3166 998 3206 eo
1039 3150 1276 3205 maxime
1311 3159 1556 3219 apparet,
1607 3149 1750 3216 quod
1780 3163 1914 3218 quas
1942 3164 1971 3201 a

2077 3169 2228 3214 satus
2257 3175 2285 3210 a
2317 3157 2425 3212 Deo
2456 3157 2735 3211 ordinatos
2755 3167 2874 3209 esse
2903 3153 3304 3220 dicit,quorum
3338 3161 3500 3217 opera
3530 3161 3657 3202 cor-

399 3243 666 3296 communi
714 3241 1087 3309 theologorum
1138 3255 1300 3295 sensu
1339 3243 1573 3295 maxime
1620 3241 1976 3294 abhorrentes

397 3334 546 3389 visus
577 3342 660 3389 est
711 3333 966 3403 amplecti
1015 3333 1337 3393 sententias,
1389 3331 1578 3386 iisdem
1633 3348 1699 3386 ex
1748 3331 1976 3386 adverso

399 3427 702 3482 contrarias
743 3427 1003 3496 quasdam
1058 3425 1360 3494 proposuit.
1415 3425 1492 3479 Ac
1523 3423 1590 3480 de
1616 3423 1822 3494 angelis
1862 3424 1974 3494 pri-

399 3533 545 3572 mum
577 3518 630 3572 in
661 3517 938 3570 hominum
970 3517 1192 3572 tutelam
1224 3516 1520 3584 deputatis,
1550 3523 1693 3570 tanta
1734 3513 1849 3584 ejus
1877 3515 1976 3570 du-

399 3607 591 3661 bitatio
614 3615 716 3668 est.
748 3615 808 3660 ut
843 3615 1080 3662 statuere
1112 3607 1335 3661 minime
1384 3609 1575 3676 possit,
1626 3609 1978 3676 quemadmo-

399 3699 524 3751 dum
555 3698 810 3763 diximus,
851 3713 918 3752 an
953 3699 1020 3754 ab
1051 3709 1194 3764 ortu,
1235 3713 1302 3752 an
1335 3715 1364 3753 a
1397 3700 1664 3768 baptismo
1695 3701 1974 3758 hominum

400 3805 584 3844 curam
629 3789 946 3860 suscipiant.
1009 3791 1120 3846 Nec
1167 3793 1370 3859 absque
1421 3793 1754 3848 dubitatione
1812 3791 1978 3848 tradit

402 3882 620 3953 angelos
651 3883 806 3939 nobis
844 3883 1090 3954 regendis
1119 3883 1414 3950 delegatos.
1447 3885 1663 3940 eosdem
1695 3885 1974 3940 nobiscum

402 3975 456 4030 in
481 3976 584 4031 fide
613 3973 798 4030 facere
827 3990 1163 4046 progressus.
1186 3975 1432 4032 Incertus
1459 3975 1710 4030 similiter
1736 3987 1818 4032 est
1856 3977 1980 4032 ani-

403 4066 502 4132 mi,
527 4065 820 4135 angelusne
839 4067 1067 4131 homini,
1094 4066 1330 4121 homone
1371 4065 1562 4137 angelo
1593 4065 1819 4122 salutem
1853 4082 1979 4134 pro-

399 4168 554 4213 curet
599 4167 654 4214 et
691 4157 962 4214 conciliet.
1021 4158 1202 4214 Nihilo
1235 4159 1406 4229 magis
1447 4156 1550 4214 sibi
1583 4167 1820 4224 constat,
1855 4175 1978 4214 cum

397 4251 574 4322 iustos
601 4251 746 4321 ipsos
775 4267 804 4305 a
841 4251 1083 4314 Christo,
1109 4253 1199 4321 qui
1230 4267 1358 4308 vero
1382 4252 1434 4306 in
1463 4255 1664 4322 pietate
1695 4251 1980 4308 inferiores

402 4351 530 4397 sunt
571 4343 639 4396 ah
669 4342 876 4414 angelis
936 4343 1196 4398 custodiri
1245 4343 1512 4409 decernit,
1563 4343 1705 4398 sicut
1758 4357 1788 4396 a
1823 4344 1980 4399 nobis

401 4435 744 4490 observatum
777 4443 860 4489 est
891 4451 903 4486 :
937 4435 1152 4490 cunctis
1172 4433 1370 4505 quippe
1401 4434 1530 4489 alias
1552 4433 1865 4505 angelorum
1897 4446 1981 4490 tu-

405 4527 566 4582 telam
584 4527 844 4596 assignat.
867 4524 1144 4581 Neminem
1173 4526 1486 4596 angelorum
1514 4527 1766 4595 praesidio
1793 4541 1980 4582 carere

406 4618 565 4672 docet
593 4617 908 4687 aliquando;
960 4618 1092 4674 solis
1139 4618 1268 4672 illud
1311 4618 1603 4688 aliquando
1653 4617 1980 4675 Christianis

404 4709 670 4765 concedit.
693 4707 824 4763 Tam
845 4718 1183 4766 constantem
1216 4725 1596 4781 nonnunquam
1635 4711 1786 4782 lingit
1809 4713 1980 4782 stipa-

410 4801 609 4857 tionem
637 4801 972 4871 angelorum,
1015 4811 1074 4855 ut
1101 4817 1236 4870 quos
1269 4803 1320 4855 in
1353 4803 1455 4857 hoc
1486 4804 1687 4858 mundo
1719 4804 1982 4874 regendos

409 4892 766 4960 susceperint,
791 4891 980 4947 iisdem
1017 4893 1072 4946 in
1103 4893 1282 4948 futuro
1321 4909 1552 4964 praeesse
1585 4895 1805 4950 minime
1833 4896 1980 4950 desi-

407 4992 542 5038 nant
575 5000 588 5036 :
615 4996 669 5036 at
696 4991 884 5038 contra
919 4984 1174 5038 homines
1205 4985 1307 5040 sibi
1339 4985 1392 5038 in
1419 4987 1722 5040 custodiam
1755 4987 1982 5043 traditos

409 5077 625 5147 eripere
674 5076 928 5141 invicem,
973 5087 1030 5131 et
1069 5075 1134 5130 ad
1171 5091 1230 5130 se
1261 5078 1560 5132 transferre
1594 5093 1980 5148 nonnunquam

411 5167 633 5238 angelos
660 5167 864 5224 docuit.
893 5167 1048 5234 Quod
1087 5169 1132 5223 si
1163 5179 1308 5224 recte
1334 5185 1464 5238 ergo
1493 5179 1548 5225 et
1581 5187 1642 5226 ex
1676 5185 1830 5240 aequo
1861 5187 1981 5226 cum

410 5258 644 5330 Origene
671 5276 832 5331 agere
879 5261 1148 5327 velimus;
1204 5263 1466 5333 quidquid
1516 5263 1570 5318 in
1619 5279 1678 5317 re
1726 5265 1981 5327 obscura,

409 5365 512 5408 nec
538 5351 660 5405 ullis
686 5350 940 5405 Ecclesia:
965 5353 1352 5417 _sauctionibus
1392 5354 1746 5408 determinata
1789 5369 1985 5423 propo~

411 5441 551 5508 suit,
595 5441 741 5496 Velut
787 5443 853 5496 ab
901 5443 1122 5497 homine
1153 5481 1171 5508 ,
1219 5460 1324 5500 non
1373 5454 1483 5499 tam
1522 5458 1730 5501 certum
1785 5445 1986 5515 aliquid

409 5533 818 5600 pronuntiante,
853 5548 1014 5600 quam
1063 5535 1309 5591 veritatis
1338 5537 1516 5592 studio
1547 5539 1752 5594 incerta
1785 5555 1988 5608 expen-

411 5623 573 5681 deute
599 5621 896 5692 profectum
929 5624 1274 5694 accipiemus.
1311 5623 1632 5698 Neutiquam
1671 5643 1798 5684 vero
1831 5627 1986 5684 Auti-

487 5797 537 5836 ⁸⁷
560 5799 690 5858 Luc.
729 5816 826 5865 χιι,
855 5803 942 5857 ‘20.

2077 3266 2178 3320 pus
2209 3259 2262 3304 et
2297 3251 2478 3304 anima
2503 3247 2556 3300 in
2591 3261 2756 3300 unum
2783 3243 3113 3299 c0alescant.
3139 3239 3293 3306 Quod
3325 3248 3503 3292 autem
3532 3253 3657 3290 con-

2080 3353 2160 3398 tra
2191 3341 2350 3409 obiici
2383 3349 2581 3409 potest,
2615 3337 2869 3391 manibus
2907 3335 2996 3388 Dei
3033 3333 3215 3387 fictum
3249 3345 3309 3384 se
3343 3341 3398 3385 et
3449 3329 3658 3384 forma-

2079 3443 2190 3488 tum
2217 3445 2510 3502 agnoscere
2541 3429 2794 3484 Davidem
2837 3425 3028 3497 psalm.
3083 3439 3278 3487 cxvm,
3301 3421 3391 3486 75,
3417 3431 3470 3474 ct
3502 3418 3659 3475 lere—

2077 3525 2242 3580 miam
2272 3541 2311 3590 ι,
2330 3523 2383 3586 5,
2409 3523 2461 3578 id
2491 3523 2562 3577 ita
2598 3521 2778 3588 solvit,
2803 3521 3050 3575 conditos
3067 3517 3287 3587 quidem
3324 3515 3447 3569 illos
3475 3529 3503 3567 a
3527 3513 3656 3574 Deo,

2079 3617 2172 3672 sed
2203 3616 2515 3688 angelorum
2549 3612 2854 3669 ministerio
2898 3621 2954 3665 et
3001 3624 3138 3678 ope;
3195 3605 3659 3675 quemadmodum

2081 3709 2166 3762 lex
2191 3707 2389 3762 dicitur
2439 3707 2690 3761 ordinata
2744 3719 2841 3773 per
2896 3701 3141 3771 angelos,
3204 3701 3333 3754 licet
3381 3705 3658 3752 auctorem

2083 3800 2247 3854 Deum
2282 3801 2498 3854 haheat.
2535 3797 2684 3853 Hanc
2712 3809 2927 3866 quoque
2947 3793 3171 3850 obducit
3204 3791 3616 3860 responsionem
3643 3807 3656 3855 ;

2080 3905 2218 3960 quos
2255 3889 2354 3944 sibi
2389 3889 2530 3946 Deus
2551 3887 2903 3960 peculiariter
2926 3885 3245 3952 destinavit,
3277 3883 3474 3938 Jobum
3509 3890 3658 3950 puta.

2081 3981 2338 4036 Davidcm
2379 3992 2433 4036 et
2467 3979 2782 4044 Jeremiam,
2834 3994 2864 4032 a
2908 3979 3016 4033 Deo
3046 3977 3162 4047 ipso
3219 3975 3390 4030 fuisse
3445 3973 3658 4034 factos;

2081 4073 2319 4144 reliquos
2359 4089 2486 4128 vero
2511 4072 2577 4126 ab
2609 4072 2676 4126 iis
2703 4071 2908 4141 angelis
2933 4069 3128 4139 quibus
3161 4065 3301 4122 forte
3325 4065 3658 4134 obtigerunt.

2081 4165 2198 4233 Quo
2229 4164 2419 4220 referri
2453 4163 2608 4234 jubet
2636 4163 2769 4218 illud
2802 4161 3004 4217 Genes.
3049 4176 3106 4222 ι.
3150 4157 3218 4212 ‘26
3255 4175 3268 4211 :
3308 4175 3327 4209 ι
3367 4155 3662 4210 Faciamus

2079 4255 2356 4312 hominem
2385 4255 2452 4309 ad
2478 4253 2766 4324 imaginem
2794 4262 2850 4306 et
2882 4249 3294 4306 similitudinem
3327 4255 3597 4309 nostram;
3635 4263 3653 4293 ι

2081 4355 2134 4399 et
2159 4345 2286 4400 illud
2311 4343 2510 4399 Genes.
2534 4357 2613 4406 ιι,
2639 4341 2668 4393 7
2691 4361 2720 4396 ε-
2737 4359 2754 4392 ι
2789 4339 3000 4402 Venite,
3025 4339 3437 4399 descendamus,
3450 4341 3506 4390 et
3526 4349 3659 4390 con-

2083 4439 2368 4494 fundamus
2402 4435 2472 4491 ibi
2499 4435 2736 4502 linguam
2769 4447 2956 4488 eorum
2987 4451 3002 4498 ;
3046 4449 3064 4482 ι
3096 4432 3205 4485 Deo
3230 4443 3424 4498 nempe
3453 4429 3532 4482 sic
3562 4441 3660 4480 an-

2009 4507 2058 4568 D
2083 4531 2229 4601 gelos
2255 4528 2566 4585 hominibus
2586 4515 2802 4583 tue'ndis
2827 4523 3109 4594 praefectos
3133 4521 3463 4590 alloquente.
3488 4519 3664 4574 Tomo

2081 4637 2210 4677 vero
2233 4637 2324 4675 χιχ
2349 4620 2404 4674 in
2457 4619 2638 4680 Joan.,
2671 4631 2822 4672 num.
2849 4616 2900 4678 4,
2921 4629 2986 4668 ex
3009 4615 3110 4668 hoc
3127 4611 3289 4668 Lucae
3311 4611 3392 4668 δέ
3423 4631 3441 4664 ι
3461 4609 3660 4673 Stulte,

2082 4714 2186 4768 hac
2221 4721 2377 4768 nocte
2405 4711 2640 4765 animam
2684 4719 2832 4761 tuam
2871 4715 3120 4772 repetunt
3147 4719 3174 4758 a
3213 4717 3288 4768 te,
3325 4723 3343 4756 ι
3379 4703 3658 4757 hominum

2083 4805 2322 4858 omnium
2359 4803 2567 4855 animas
2592 4815 2618 4852 a
2645 4799 2994 4870 ψυχαγωγοῖς
3031 4799 3374 4866 quibusdam,
3416 4795 3506 4864 qui
3541 4795 3662 4848 ani-

2085 4897 2188 4950 mis
2215 4895 2347 4965 ipsis
2387 4891 2795 4963 praastantiores
2823 4903 2986 4954 sunt,
3023 4891 3228 4944 assumi
3275 4890 3462 4950 tradit,
3497 4896 3664 4956 atque

2083 4985 2244 5055 hujus
2273 4983 2628 5056 ψυχαγωγίας
2661 4983 2953 5035 immunem
2991 4981 3158 5034 fuisse
3180 4979 3354 5034 solum
3385 4977 3661 5033 Christum

2082 5077 2288 5142 Iesum,
2311 5079 2396 5131 cui
2436 5073 2628 5143 reliqui
2647 5087 2838 5128 omnes
2858 5072 3022 5126 etiam
3051 5070 3398 5139 patriarchae,
3425 5070 3664 5138 prophe-

2085 5179 2154 5226 tae
2187 5181 2242 5224 et
2267 5167 2494 5239 apostoli
2523 5167 2678 5221 fuere
2722 5164 2965 5220 obnoxii.
2997 5165 3318 5231 Assumptus
3355 5171 3536 5216 autem
3589 5160 3658 5215 ab

2086 5261 2294 5332 angelis
2321 5259 2581 5315 custodiae
2615 5257 2849 5319 illarum,
2897 5258 3022 5308 dum
3083 5257 3134 5307 in
3165 5269 3394 5322 corpore
3425 5259 3616 5308 essent
3645 5291 3661 5316 ,

2091 5353 2357 5423 deputatis
2381 5351 2616 5418 animas,
2637 5349 2690 5404 in
2718 5347 2978 5416 judicium
3013 5347 3080 5400 ab
3113 5346 3217 5400 illis
3247 5347 3378 5413 ipsis
3407 5348 3660 5400 eductum

2091 5448 2156 5503 iri
2195 5445 2386 5500 scribit
2413 5443 2600 5498 homil.
2631 5444 2686 5496 in
2719 5440 2884 5494 Num.
2923 5439 3010 5502 ll,
3033 5454 3183 5492 num.
3211 5437 3266 5502 4,
3297 5447 3352 5492 et
3383 5437 3474 5500 20,
3507 5449 3658 5489 num.

2092 5539 2146 5592 4.
2183 5535 2294 5591 Nec
2327 5535 2380 5588 iu
2407 5533 2676 5604 judicium
2720 5533 2914 5591 solum,
2949 5530 3041 5582 sed
3084 5529 3136 5582 in
3166 5527 3445 5596 suppliciis
3474 5525 3662 5590 etiam,

2093 5630 2180 5685 vel
2199 5626 2384 5700 gloria:
2419 5624 2745 5682 destinatum
2801 5623 2996 5678 locnm.
3029 5638 3046 5670 ι
3092 5619 3334 5675 Mortuus
3363 5628 3470 5685 est,
3511 5637 3531 5671 ι
3573 5617 3664 5672 in-
