4160 6456
472 377 578 433 887

1751 374 1818 426 Ρ.
1863 366 2184 428 DANIELIS
2217 366 2454 423 llUETIl

3629 364 3734 420 888

474 491 594 559 quit
622 490 808 546 homil.
846 490 878 545 9
901 491 956 543 in
988 487 1179 554 Levit.,
1209 504 1356 543 num.
1381 488 1437 555 4,
1470 510 1487 540 ι
1529 486 1772 545 Lazarus
1802 501 1857 545 et
1881 490 2053 546 abdu-
2086 491 2132 546 A
2164 495 2342 540 tamen
2377 497 2488 540 tam
2521 500 2626 540 non
2643 498 2740 540 eos
2765 484 2995 540 dicimus
3044 491 3325 539 creatorcs
3370 482 3684 536 animalium
3712 522 3731 548 ,

475 595 597 638 ctus
619 594 702 637 est
730 583 800 636 ab
825 582 1033 651 angelis
1060 582 1111 635 in
1145 582 1324 636 sinum
1373 582 1630 636 Abrahae.
1667 582 1927 636 Similiter
1955 598 2052 636 au-

473 687 582 730 tem
620 685 676 730 et
697 676 866 740 dives,
897 685 954 728 et
981 675 1251 728 abductus
1280 682 1364 729 est
1394 675 1459 727 ad
1492 674 1763 729 infernum
1792 676 1844 728 in
1876 675 2053 728 locum

470 766 724 820 tormenti
742 765 806 819 ⁸⁸.
825 764 1226 822 Animadvertis
1241 764 1520 818 evidenter
1535 765 1651 820 loca
1677 767 1839 820 sortis
1857 766 2055 820 utrius-

471 871 578 924 que
623 857 902 910 distincta.
932 856 1066 910 V'ide
1105 857 1268 912 etiam
1312 859 1401 926 qui
1433 867 1563 911 sunt
1605 857 1696 926 qui
1743 857 2050 911 abducunt:

471 949 666 1019 angeli,
705 949 900 1018 inquit,
935 949 1027 1017 qui
1050 963 1268 1017 semper
1297 953 1467 1019 parati
1498 960 1624 1005 sunt
1657 950 1724 1003 ad
1781 951 2053 1004 abducen-

469 1040 596 1092 dum
630 1057 643 1090 :
679 1037 917 1091 ministri
944 1038 1094 1093 enim
1141 1039 1236 1094 Dei
1269 1050 1398 1094 sunt
1425 1047 1491 1093 ad
1546 1041 1648 1095 hoc
1679 1041 1852 1108 ipsum
1888 1040 2054 1094 desti-

469 1127 600 1190 nati,
634 1127 728 1195 qui
757 1127 1013 1196 impleant
1042 1138 1241 1184 sortem
1269 1146 1433 1199 quam
1467 1130 1561 1184 tibi
1584 1131 1696 1198 ipse
1715 1131 2046 1199 paraveris.»

469 1218 667 1272 llomil.
698 1219 733 1273 5
771 1220 825 1274 in
858 1219 1048 1285 Narin,
1094 1238 1243 1279 num.
1275 1223 1330 1285 ὅ,
1360 1232 1582 1278 sanctos
1603 1227 1672 1278 ab
1693 1224 1902 1294 angelis
1930 1234 2052 1294 post

471 1321 703 1364 mortem
734 1313 988 1368 manibus
1029 1323 1084 1370 et
1108 1314 1352 1369 humeris
1385 1315 1509 1369 vehi
1551 1315 1912 1382 demonstrat,
1952 1316 2051 1370 do-

471 1415 572 1456 nec
603 1400 654 1454 in
687 1402 890 1469 quietis
911 1403 1089 1458 locum
1121 1404 1337 1460 deducti
1383 1406 1513 1459 sint.
1547 1405 1702 1471 Quod
1754 1406 2048 1477 signiﬁcari

467 1491 547 1552 ait
579 1491 672 1548 illo
706 1494 925 1552 Davidis
951 1495 1145 1564 psalm.
1183 1511 1266 1561 xc,
1305 1497 1391 1562 ll,
1428 1497 1498 1552 l2
1527 1517 1540 1550 :
1580 1516 1598 1548 ι
1629 1497 1897 1564 Quoniam
1958 1516 2050 1554 an-

463 1584 600 1649 gelis
629 1587 743 1641 suis
766 1589 1135 1646 mandavitde
1160 1597 1232 1652 te,
1277 1601 1335 1645 ut
1363 1591 1676 1647 custodiant
1709 1593 1839 1647 tein
1870 1594 2047 1648 omni-

463 1677 566 1730 bus
598 1679 702 1733 viis
736 1680 861 1736 tuis.
910 1679 966 1734 ln
1018 1683 1270 1738 manibus
1315 1685 1612 1754 portabunt
1680 1697 1752 1748 te,
1806 1701 1874 1742 ne
1905 1685 2048 1741 forte

463 1767 707 1825 oll'endas
757 1773 820 1826 ad
874 1771 1103 1843 lapidem
1137 1777 1330 1844 pedem
1362 1787 1536 1832 tuum.
1575 1796 1594 1829 ι
1647 1777 1726 1834 Ex
1769 1791 1837 1832 eo
1861 1789 2044 1833 autem

467 1859 637 1924 Pauli,
674 1862 690 1915 Ι
724 1862 974 1921 Thessal.
1001 1882 1074 1928 ιν,
1119 1867 1223 1920 l6:
1259 1885 1278 1918 ι
1317 1869 1518 1924 Deinde
1548 1884 1646 1923 nos
1673 1869 1764 1937 qui
1792 1869 2045 1934 vivimus,

463 1951 555 2018 qui
591 1949 968 2022 relinquimur,
1001 1957 1163 2011 simul
1206 1958 1479 2027 rapientur
1503 1974 1626 2013 cum
1660 1959 1768 2014 illis
1804 1960 1858 2013 in
1890 1960 2050 2015 nubi-

461 2042 563 2097 bus
595 2044 807 2098 obviam
835 2045 1064 2101 Domino
1095 2047 1146 2101 in
1165 2063 1318 2110 aera,
1357 2059 1413 2104 et
1439 2049 1519 2103 sic
1547 2065 1762 2120 semper
1789 2067 1912 2105 cum
1946 2051 2048 2106 Do-

465 2132 615 2184 mino
643 2135 868 2200 erimus,
905 2153 924 2187 ι
970 2137 1166 2205 prohat
1215 2146 1429 2206 raptum
1491 2139 1556 2194 iri
1608 2141 1678 2195 ab
1711 2141 1921 2212 angelis
1950 2156 2047 2198 eos

464 2222 554 2290 qui
589 2223 736 2280 vitiis
766 2226 981 2296 purgati
1006 2226 1242 2282 leviores
1259 2239 1590 2294 evaserunt;
1617 2239 1888 2298 portatum
1916 2246 2047 2286 vero

464 2313 533 2368 iri
577 2316 836 2386 reliquos,
866 2319 961 2388 qui
1013 2327 1367 2386 peccatorum
1405 2319 1654 2390 reliquiis
1681 2333 1810 2377 sunt
1838 2328 2042 2379 onusti.

462 2406 528 2462 Et
563 2407 786 2470 humilia
826 2410 1045 2466 demum
1073 2411 1132 2466 ll
1195 2412 1248 2466 in
1281 2411 1474 2476 Num.,
1501 2430 1649 2469 num.
1681 2415 1739 2478 4.
1766 2431 1888 2487 pag.
1915 2415 2042 2483 508,

455 2497 574 2562 jam
609 2513 775 2568 supra
801 2499 1039 2565 laudata,
1059 2501 1280 2572 angelos
1301 2514 1421 2572 post
1457 2504 1597 2560 hanc
1623 2507 1791 2560 vitam
1826 2506 2043 2564 futuros

462 2602 650 2642 eorum
681 2589 955 2658 principes
980 2591 1250 2654 decernit,
1286 2595 1486 2663 quibus
1539 2597 1665 2650 dum
1701 2597 1752 2650 in
1786 2597 1926 2652 vivis
1951 2613 2042 2653 cs-

461 2688 603 2740 sent,
631 2678 747 2746 jam
777 2690 904 2734 ante
930 2682 1283 2750 prmfuerant,
1338 2703 1587 2756 quosque
1619 2688 1799 2744 studio
1851 2705 1952 2745 suo
1977 2705 2042 2745 ac

462 2769 644 2826 labore
668 2772 736 2826 ad
765 2772 1044 2829 Christum
1079 2789 1482 2832 converterant.

533 2945 612 3000 Ex
639 2945 882 3004 Platonis
913 2960 1093 3006 autem
1127 2952 1368 3009 fontibus
1397 2972 1460 3011 ea
1504 2955 1620 3012 lere
1661 2959 1855 3013 hausta
1889 2971 2034 3016 sunt.

460 3035 553 3090 Sic
585 3039 728 3092 enim
772 3040 858 3094 ille
909 3041 960 3094 in
997 3041 1305 3099 Phaedone:
1345 3047 1578 3115 Λέγεται
1619 3048 1677 3102 δὲ
1713 3047 1921 3116 οὕτως,
1963 3054 2038 3117 ὡς

454 3125 563 3196 ἄρα
586 3127 986 3200 τελευτήσαντα
1017 3131 1248 3186 ’ἑκαστον
1279 3137 1306 3188 ὁ
1338 3137 1570 3190 ἑκάστου
1599 3138 1831 3209 δαίμων,
1866 3141 2038 3214 ὅσπερ

457 3219 637 3284 ζῶντα
663 3221 890 3294 εἰλήχει,
925 3218 1080 3288 οὗτος
1112 3227 1267 3294 ἄγειν
1299 3227 1569 3300 ἐπιχείροι
1600 3233 1680 3294 εἰς
1715 3232 1778 3304 δή
1816 3251 1938 3286 τινα
1954 3235 2039 3287 τό·

445 3328 579 3377 πον,
608 3309 663 3366 οἶ
678 3313 758 3366 δεῖ
783 3315 906 3380 τοὺς
927 3317 1284 3386 συλλεγέντας
1303 3320 1789 3394 διαδικασαμένους
1813 3329 1892 3391 εἰς
1909 3327 2037 3398 ᾆδον

455 3403 817 3472 πορεύεσθαι,
866 3405 1004 3474 μετὰ
1057 3409 1324 3478 ἡγεμόνος
1377 3413 1612 3478 ἐκείνου,
1711 3416 1774 3486 δὴ
1812 3419 2040 3488 προστέ-

453 3506 652 3546 τακται
697 3497 823 3560 τοὺς
855 3497 1065 3550 ἐνθένδε
1098 3500 1275 3553 ἐκεῖσε
1305 3503 1590 3574 πορεῦσαι.
1650 3526 1668 3558 ι
1715 3507 1808 3562 Sic
1856 3522 2036 3566 autem

458 3583 633 3636 l'crtur
659 3594 929 3640 mortuum
955 3603 1422 3661 unumquemque,
1441 3595 1742 3652 daemonem
1767 3599 1918 3655 illum
1944 3606 2036 3672 qui

456 3673 731 3728 viventem
758 3678 985 3732 sortitus
1015 3679 1218 3746 fuerat,
1244 3684 1515 3742 deducere
1540 3690 1731 3743 conari
1766 3692 1817 3746 in
1846 3709 2036 3763 quem-

459 3766 584 3821 dam
617 3767 815 3836 locum,
858 3771 949 3826 ubi
987 3783 1202 3840 oportet
1225 3789 1585 3848 congregatos
1633 3796 1824 3838 omnes
1868 3801 2034 3842 causa

451 3860 600 3915 dicta
631 3865 697 3916 ad
725 3862 930 3919 inferos
952 3866 1225 3933 prolicisci
1261 3884 1385 3924 cum
1419 3871 1560 3925 duce
1605 3873 1725 3937 illo,
1758 3876 1846 3930 cui
1883 3895 2035 3934 man-

452 3951 638 4004 datum
678 3961 765 4006 est
795 3967 890 4008 eos
911 3955 1006 4025 qui
1041 3955 1188 4010 illinc
1215 3959 1490 4028 abierunt,
1523 3961 1648 4018 illuc
1672 3965 1964 4024 deducere.
2007 3989 2028 4022 ι

449 4041 607 4108 Quod
645 4043 767 4100 aliis
813 4043 1010 4100 deinde
1053 4046 1178 4102 libri
1233 4049 1474 4118 ejusdem
1531 4051 1668 4109 locis
1699 4059 1932 4126 repetit;
1978 4069 2033 4114 et

450 4146 574 4203 post
609 4137 755 4190 illum
775 4138 1025 4194 Plotinus
1051 4139 1192 4194 Enn.
1224 4157 1311 4205 ιιι,
1337 4143 1432 4198 lih.
1461 4160 1536 4210 IV,
1575 4162 1693 4217 cap.
1717 4149 1789 4204 6:
1827 4151 1884 4204 Ὁ
1913 4153 2033 4222 μέν·

447 4239 530 4280 τοι
576 4229 787 4300 δαίμων
841 4225 997 4296 οὗτος
1032 4232 1092 4285 ὃν
1131 4231 1382 4305 λέγομεν,
1427 4237 1654 4305 ἀγαγεῖν
1689 4239 1902 4305 λέγεται
1949 4246 2032 4308 εἰς

445 4315 595 4389 ᾅδου,
620 4322 808 4376 οὐκέτι
841 4324 868 4376 ὁ
902 4325 1063 4388 αὐτὸς
1097 4327 1301 4396 μένειν,
1324 4327 1420 4382 ἐὰν
1442 4330 1520 4400 μὴ
1546 4330 1614 4384 τὰ
1651 4333 1788 4386 αὐτὰ
1841 4335 2030 4407 ἕληται

447 4411 627 4464 πάλιν·
664 4414 770 4486 πρὸ
806 4415 862 4468 δὲ
892 4417 986 4471 τοῦ
1023 4417 1173 4484 πῶς;
1221 4420 1280 4473 τὸ
1307 4420 1370 4492 δὴ
1397 4423 1622 4490 ἀγαγεῖν
1661 4427 1738 4486 εἰς
1773 4426 1872 4497 τὴν
1913 4430 2032 4499 κρί-

2160 594 2324 648 quam
2361 594 2461 634 nec
2494 577 2762 647 agricolas
2788 576 3007 648 frugum
3036 586 3202 645 atque
3225 577 3502 630 arborum.
3541 593 3562 627 ι

2232 669 2308 722 Illi
2345 670 2562 738 quidem
2588 668 2814 738 Origeni
2846 683 2914 723 ex
2938 668 3175 723 ethnicis
3215 666 3617 736 praeluserunt:
3664 680 3731 721 ex

2158 762 2488 818 Christianis
2521 777 2653 815 vero
2703 760 2950 830 praelusit
3001 758 3252 814 Clemens
3309 756 3731 822 Alexandrinus,

2156 858 2248 926 qui
2272 857 2510 909 animam
2544 855 2596 907 in
2629 853 2956 907 muliebrem
2993 861 3206 904 uterum
3237 847 3454 902 immitti
3476 847 3606 902 dicit
3629 847 3736 901 ὑπό

2155 964 2298 1010 τινος
2327 946 2437 1000 τῶν
2470 949 2537 1017 τῇ
2565 945 2776 1014 γενέσει
2799 940 3117 1012 ἐφεστώτων
3142 939 3410 1010 ἀγγέλων,
3434 951 3488 994 et
3513 941 3734 1008 angelos

2158 1038 2476 1108 ἐφεστῶτας
2497 1039 2564 1106 τῇ
2593 1036 2767 1106 ἀνόδῳ
2793 1041 3206 1090 commemorat.
3235 1031 3302 1086 Et
3325 1046 3452 1086 vero
3469 1031 3738 1101 posterior

2156 1133 2244 1186 illa
2273 1134 2340 1184 de
2375 1130 2692 1198 angelorum
2729 1130 2996 1183 humanas
3056 1126 3267 1180 animas
3305 1125 3360 1178 in
3403 1139 3530 1180 suas
3576 1124 3740 1179 sedes

2157 1225 2544 1294 reponentium
2576 1220 2884 1276 ministerio
2905 1218 3178 1274 sententia
3229 1216 3485 1271 Ecclesiae
3543 1217 3734 1270 catho-

2159 1318 2274 1372 licze
2311 1317 2523 1386 placitis
2546 1328 2791 1370 consona
2811 1321 2916 1368 est.
2955 1311 3198 1366 Priorem
3222 1319 3426 1372 autem,
3458 1322 3581 1378 quae
3607 1309 3734 1361 ani-

2158 1423 2369 1462 marum
2423 1406 2652 1460 sationis
2701 1421 2888 1460 curam
2949 1401 3157 1472 angelis
3206 1403 3476 1468 ascribit,
3505 1414 3736 1470 quaeque

2160 1498 2292 1552 tomi
2330 1514 2429 1552 xm
2463 1499 2517 1550 in
2545 1495 2711 1550 Joan.
2749 1496 2871 1550 loco
2908 1509 2940 1548 a
2979 1494 3135 1548 nobis
3158 1507 3324 1560 supra
3365 1493 3530 1546 allato
3557 1497 3730 1546 conti-

2150 1600 2333 1652 netur,
2368 1591 2449 1644 sic
2475 1592 2590 1658 ipse
2612 1588 2875 1659 Origenes
2892 1598 3117 1642 excusat
3140 1605 3154 1640 :
3187 1585 3374 1640 Ταῦτα
3393 1585 3450 1638 δὲ
3473 1585 3575 1638 οὐκ
3598 1585 3725 1637 ἀπο·

2153 1681 2474 1752 φαινόμενοι
2525 1680 2754 1750 λέγομεν
2781 1723 2796 1745 ,
2832 1677 3034 1750 πολλῆς
3081 1679 3190 1750 γὰρ
3220 1678 3453 1748 βασάνου
3484 1676 3555 1729 τὰ
3576 1677 3730 1748 τηλι-

2164 1771 2344 1826 καῦτα
2393 1771 2615 1843 χρῄζει,
2667 1770 2733 1823 ἵν’
2759 1770 2953 1842 εὑρεθῇ
3015 1769 3244 1840 πότερον
3279 1767 3452 1831 οὕτως
3502 1767 3652 1838 ἔχει,

2080 1843 2124 1898 Β
2155 1865 2377 1934 ἑτέρως.

2236 1953 2457 2009 XXXV.
2492 1952 2836 2008 Praetermitti
2876 1959 3091 2019 poterat
3137 1953 3364 2021 quaestio
3402 1966 3634 2022 sequens
3661 1955 3729 2005 de

2153 2045 2685 2100 remunerationihus
2716 2055 2771 2097 et
2820 2043 2998 2113 pinnis
3033 2058 3126 2111 per
3161 2043 3383 2112 angelos
3417 2058 3448 2096 a
3497 2045 3606 2099 Deo
3629 2053 3727 2098 ad-

2152 2135 2565 2200 ministrandis;
2603 2135 2738 2188 nihil
2771 2134 2914 2187 enim
2954 2134 3185 2187 multum
3213 2134 3472 2187 abnorme
3493 2133 3637 2187 circa
3672 2135 3726 2187 id

2153 2237 2537 2296 argumentum
2581 2224 2842 2294 Origenes
2871 2225 3222 2295 excogitavit.
3243 2224 3508 2291 Quoniam
3545 2235 3726 2279 tamen

2149 2336 2270 2372 cum
2303 2319 2590 2387 superiore
2627 2318 2993 2387 disputatione
3031 2318 3270 2373 cohwret
3299 2317 3418 2386 ejus
3454 2317 3725 2378 tractatio,

2147 2421 2204 2464 et
2253 2409 2524 2479 peculiare
2572 2411 2819 2464 nonnihil
2871 2411 3036 2465 habet
3095 2411 3475 2473 Adamantius,
3523 2411 3727 2464 idcirco

2149 2502 2324 2570 ipsam
2377 2515 2597 2572 quoque
2635 2502 2825 2557 leviter
2873 2503 3224 2572 attingemus.
3260 2501 3490 2556 llomilia
3545 2501 3729 2569 itaque

2147 2597 2199 2646 in
2229 2593 2520 2648 Jeremiam
2545 2594 2635 2658 21,
2664 2609 2816 2648 num.
2849 2593 2901 2658 6,
2928 2594 3214 2662 tripliciter
3245 2593 3578 2654 hominibus,
3607 2607 3728 2661 quae

2149 2686 2430 2754 promeriti
2469 2697 2618 2751 sunt,
2661 2687 2826 2740 Deum
2855 2686 3158 2739 retribuere
3195 2685 3456 2745 ostendit,
3489 2685 3720 2752 primum

2153 2792 2250 2845 per
2274 2792 2357 2841 se,
2409 2779 2707 2831 secundum
2764 2777 2896 2831 illud
2929 2774 3130 2829 Jerem.
3166 2791 3237 2838 LI,
3284 2775 3337 2841 6,
3391 2793 3410 2826 ι
3443 2773 3729 2829 Vicissim-

2145 2871 2326 2924 dinem
2358 2874 2472 2940 ipse
2503 2871 2765 2925 retribuet
2793 2871 2875 2934 ei;
2917 2889 2934 2921 ι
2974 2870 3168 2924 deinde
3213 2885 3309 2938 per
3361 2868 3530 2923 malos
3557 2881 3726 2935 ange-

2147 2962 2246 3026 los,
2279 2961 2572 3017 secundum
2603 2961 2729 3015 illud
2749 2960 2939 3029 psalmi
2967 2976 3168 3026 ann,
3199 2959 3290 3023 Μ),
3323 2979 3341 3009 ι
3373 2957 3523 3012 Misit
3549 2959 3601 3010 in
3629 2972 3730 3012 eos

2146 3054 2284 3106 iram
2317 3053 2705 3123 indignationis
2733 3069 2871 3117 sum,
2904 3053 3372 3123 indignationem,
3398 3061 3454 3104 et
3477 3051 3636 3114 iram,
3669 3062 3727 3104 et

2065 3183 2108 3239 C
2149 3145 2555 3200 tribulationem
2584 3186 2601 3210 ,
2640 3145 3012 3200 immissiones
3041 3161 3138 3215 per
3182 3144 3410 3214 aligelos
3439 3143 3649 3196 malos:
3694 3160 3716 3193 ι

2148 3251 2533 3305 nonnunquam
2559 3238 2722 3292 etiam
2747 3252 2841 3307 per
2874 3239 3066 3302 bonos,
3122 3237 3428 3304 cujusmodi
3463 3234 3631 3290 multa
3667 3235 3721 3287 in

2146 3326 2442 3398 Scripturis
2475 3330 2699 3399 reperiri
2718 3330 2848 3383 dicit
2871 3346 2885 3383 :
2924 3344 2989 3384 ac
3017 3329 3218 3384 leviora
3245 3328 3462 3397 quidem
3485 3327 3715 3382 crimina

2145 3421 2413 3476 ministris
2435 3422 2552 3475 suis
2583 3421 2903 3476 vindicanda
2935 3420 3102 3476 Deum
3134 3422 3449 3490 permittere
3474 3460 3492 3486 ,
3539 3419 3718 3487 ipsum

2143 3527 2274 3568 vero
2298 3515 2573 3583 graviores
2599 3529 2768 3569 noxas
2789 3514 2997 3568 ulcisci.
3031 3511 3174 3568 Fuse
3203 3514 3308 3568 hoc
3334 3521 3714 3581 argumentum

2145 3601 2286 3658 libro
2322 3619 2409 3658 νιιι
2443 3614 2630 3656 contra
2674 3603 2921 3668 Celsum,
2950 3620 3096 3656 num.
3127 3601 3222 3667 59-,
3256 3602 3615 3671 persequitur,
3655 3609 3711 3652 et

2141 3711 2473 3764 quaecunque
2513 3696 2825 3749 hominibus
2861 3696 3002 3748 mala
3046 3696 3388 3762 contingunt,
3432 3693 3524 3746 Dei
3573 3703 3706 3745 nutu

2140 3799 2196 3840 et
2222 3790 2450 3842 consilio
2483 3806 2512 3840 a
2542 3791 2875 3843 daeinomhus
2902 3787 3120 3840 immitti
3163 3789 3357 3854 probat
3397 3800 3465 3838 ex
3490 3784 3710 3837 laudato
3759 3811 3762 3814 ~

2140 3878 2328 3946 psalmi
2358 3895 2543 3933 Lxxvu
2596 3880 2755 3946 loco;
2810 3882 2950 3934 bona
2982 3894 3112 3934 vero
3162 3881 3230 3934 ah
3261 3879 3472 3948 angelis
3499 3875 3716 3932 submi-

2137 3972 2379 4026 nistrari.

2212 4065 2266 4118 ln
2295 4065 2491 4133 quibus
2533 4082 2563 4118 a
2615 4065 2872 4134 magistro
2918 4081 3016 4120 suo
3056 4064 3281 4118 Platone
3311 4080 3415 4120 non
3447 4065 3713 4131 recessit;

2135 4159 2228 4228 qui
2255 4159 2306 4211 in
2335 4154 2613 4225 Symposio
2627 4160 2756 4211 deos
2784 4159 2924 4211 inter
2941 4167 2994 4212 et
3015 4157 3260 4212 homines
3289 4158 3522 4211 medium
3543 4160 3716 4227 quod-

2137 4253 2260 4302 dam
2301 4250 2584 4304 constituit
2610 4264 2799 4319 genus.
2835 4259 2890 4303 et
2931 4249 3205 4302 daemones
3239 4249 3494 4316 appellat,
3543 4250 3715 4303 inter-

2137 4349 2316 4408 prctes
2356 4350 2712 4408 utrorumque
2740 4351 2796 4394 et
2825 4351 3157 4409 sequestros,
3187 4342 3590 4412 ἑρμηνεύοντας
3618 4343 3712 4396 καὶ

2134 4427 2633 4498 διαπορθμεύοντας
2681 4427 2822 4492 θεοῖς
2869 4434 2937 4482 τὰ
2972 4432 3101 4502 παρ’
3137 4431 3459 4502 ἀνθρώπων,
3490 4434 3582 4486 καὶ
3620 4435 3717 4485 ἀνθ

448 4517 555 4557 σιν.
587 4523 605 4556 ι
638 4503 858 4560 Damon
882 4523 1011 4578 ergo
1045 4509 1135 4562 ille
1157 4527 1317 4578 quem
1344 4513 1598 4578 dicimus,
1628 4516 1896 4574 deducere
1916 4520 2027 4575 fer-

2143 4519 2371 4592 θρώποις
2397 4522 2466 4575 τὰ
2495 4521 2644 4593 παρὰ
2669 4522 2804 4575 θεῶν
2827 4538 2838 4550 ·
2871 4522 2980 4575 τῶν
3005 4525 3104 4593 μὲν
3137 4525 3234 4586 τὰς
3257 4525 3471 4594 δεήσεις
3501 4526 3591 4576 καὶ
3619 4525 3715 4576 θυ-

447 4605 535 4649 ῑυι-
560 4598 626 4650 ad
660 4597 882 4665 inferos,
917 4616 1022 4653 non
1067 4603 1300 4670 amplius
1352 4605 1492 4659 idem
1527 4621 1869 4677 permanere,
1922 4615 2024 4670 nisi

445 4685 638 4739 eadem
672 4702 892 4742 rursum
916 4687 1104 4758 eligat.
1138 4691 1309 4744 Antea
1347 4705 1478 4747 vero
1517 4697 1825 4766 quomodo?
1857 4699 2027 4754 addu-

443 4788 571 4829 cere
597 4775 854 4828 nimirum
911 4778 978 4831 ad
1030 4778 1319 4846 judicium.
1355 4799 1374 4832 ι
1417 4782 1755 4852 Augusrinus
1801 4787 1894 4842 lib.
1947 4806 2024 4844 xu

443 4865 523 4921 De
547 4868 690 4924 civit.
723 4869 837 4934 Dei,
869 4886 989 4938 cap.
1018 4870 1086 4925 24
1115 4891 1128 4926 :
1153 4891 1172 4924 ‹
1213 4874 1292 4928 llli
1321 4885 1528 4941 autem,
1563 4877 1760 4946 inquit,
1782 4881 1874 4949 qui
1902 4881 2028 4936 Pla-

445 4959 558 5014 toni
591 4975 691 5014 suo
712 4962 962 5026 credunt,
994 4978 1100 5017 non
1137 4965 1206 5019 ab
1239 4965 1331 5020 illo
1357 4981 1569 5021 summo
1596 4969 1706 5024 Deo
1733 4973 1824 5041 qui
1852 4974 2022 5029 labri-

444 5063 601 5106 catus
631 5054 1013 5120 estmundum,
1043 5057 1136 5111 sed
1162 5058 1230 5112 ab
1253 5059 1373 5113 aliis
1405 5060 1730 5127 minoribus,
1754 5079 1888 5132 quos
1914 5068 2026 5136 qui-

444 5146 566 5198 dem
593 5144 706 5212 ipse
729 5147 1017 5212 creaverit,
1052 5150 1321 5216 permissu
1352 5151 1466 5206 sive
1488 5152 1644 5220 jussu
1668 5156 1785 5224 ejus
1817 5159 2025 5214 anima-

447 5234 522 5288 lia
561 5236 704 5292 facta
725 5254 844 5294 esse
867 5252 1064 5295 cuncta
1095 5244 1368 5307 mortalia,
1403 5246 1456 5298 in
1482 5247 1680 5314 quibus
1706 5250 1869 5306 homo
1895 5268 2031 5322 prte-

441 5327 685 5394 cipuum,
713 5330 924 5400 diisque
953 5334 1085 5402 ipsis
1115 5345 1407 5406 cognatum
1434 5350 1646 5395 teneret
1678 5341 1878 5399 locum.
1907 5363 1928 5398 ι
1959 5348 2026 5401 Et

443 5421 640 5476 deinde
667 5442 682 5476 ;
714 5441 733 5475 ι
761 5429 954 5497 Angeli
979 5437 1179 5492 autem,
1211 5445 1349 5500 quos
1375 5431 1448 5485 illi
1483 5433 1611 5490 deos
1658 5434 1910 5495 libentius
1932 5456 2021 5509 ap-

445 5511 668 5581 pellant,
699 5517 860 5572 etiam
913 5521 961 5573 si
991 5522 1252 5576 adhibent
1301 5522 1387 5578 vel
1427 5523 1586 5593 jussi,
1629 5529 1721 5581 vel
1773 5534 2016 5598 permissi

441 5606 816 5671 operationem
852 5627 1005 5666 suam
1041 5614 1201 5669 rebus
1229 5629 1345 5684 qua:
1377 5616 1669 5687 gignuntur
1709 5622 1761 5678 in
1795 5626 2015 5688 mundo.

510 5784 561 5820 "
596 5787 724 5847 Luc.
759 5803 865 5853 .u'i,
891 5791 981 5855 Ἡ,
1018 5791 1108 5849 95.

2138 4611 2287 4674 σίας’
2318 4611 2427 4665 τῶν
2464 4612 2522 4666 δὲ
2559 4612 2657 4676 τὰς
2696 4611 2974 4676 ἐπιτάξεις
3001 4631 3058 4665 τε
3085 4615 3178 4666 καὶ
3207 4615 3442 4683 ἀμοιϐὰς
3488 4615 3597 4665 τῶν
3626 4614 3715 4665 θεσ-

2139 4702 2288 4755 σιῶν.
2318 4723 2336 4755 i
2378 4703 2808 4774 lntcrpretantes
2831 4717 2886 4759 et
2923 4707 3220 4762 referentes
3256 4710 3380 4772 diis,
3424 4722 3543 4775 qua:
3591 4708 3715 4760 mit-

2079 4839 2082 4842 .
2138 4805 2327 4849 tuntur
2356 4797 2424 4850 ab
2454 4797 2803 4863 hominibus;
2851 4808 2906 4851 et
2938 4799 3249 4853 hominibus
3275 4815 3397 4868 qua:
3423 4801 3716 4852 mittuntur

2136 4903 2164 4939 a
2193 4887 2331 4952 diis;
2365 4887 2578 4941 illorum
2609 4889 2825 4957 quidem
2854 4890 3194 4957 precationes
3210 4900 3265 4944 et
3287 4890 3557 4944 sacrilicia
3580 4893 3713 4953 ;ho-

2136 4994 2254 5031 rum
2289 4994 2420 5032 vero
2470 4981 2723 5033 mandata
2756 4991 2812 5034 et
2863 4983 3257 5036 sacriﬁciorum
3312 4984 3710 5038 remuneratio-

2133 5083 2252 5123 nes.
2292 5087 2311 5117 ι
2347 5068 2476 5134 Quae
2501 5070 2686 5123 munia
2720 5071 2910 5123 eadem
2943 5073 3154 5141 angelis
3187 5075 3524 5138 tribuuntur,
3567 5077 3711 5127 unde

2131 5145 2361 5222 D‘ﬂNLJD
2418 5171 2472 5216 et
2519 5161 2742 5230 ἄγγελοι
2794 5179 2824 5217 a
2871 5166 3229 5234 scriptoribus
3279 5168 3454 5222 sacris
3520 5170 3708 5236 appel-

2134 5255 2330 5318 lantur,
2363 5255 2466 5309 hoc
2488 5265 2567 5311 est
2604 5257 2936 5311 internuntii.
2981 5260 3225 5314 Plotinus
3253 5269 3431 5314 autem
3462 5259 3704 5316 Euneod.

2137 5366 2219 5413 ιιι,
2253 5347 2345 5404 lib.
2378 5363 2453 5415 ιν,
2486 5364 2606 5418 cap.
2639 5351 2693 5416 6,
2735 5361 3020 5420 postquam
3071 5354 3259 5408 docuit
3287 5355 3501 5407 animae
3541 5356 3593 5406 in
3621 5356 3711 5420 ju-

2134 5442 2334 5495 dicium
2366 5440 2435 5494 ab
2457 5443 2663 5510 angelis
2692 5445 2908 5508 adduci,
2957 5461 3146 5512 paruas
3178 5447 3520 5516 postmodum
3551 5447 3706 5502 lusu-

2133 5535 2272 5588 tihus
2305 5532 2411 5586 illis
2441 5535 2632 5589 adesse
2670 5535 2969 5606 subjunxit.

2208 5625 2426 5694 Origeui
2465 5626 2849 5695 astipulantur,
2882 5641 3079 5698 praeter
3103 5629 3259 5695 alios,
3300 5630 3623 5687 Ambrosius
3651 5642 3707 5686 et
