4160 6434
415 373 520 442 sse

1296 377 1868 436 ORIGENIANORUM
1909 377 2040 433 LIB.
2081 378 2145 444 ll,
2189 378 2343 436 CAP.
2376 378 2442 448 11,
2485 375 2763 446 ρυιεδτ.
2802 374 2870 432 ν.

3567 375 3674 432 890

419 507 800 574 Hieronymus,
840 515 1071 571 quorum
1126 500 1217 554 ille
1267 500 1425 569 epist.
1483 500 1578 554 lib.
1606 517 1661 564 ν,
1699 501 1860 570 epist.
1896 500 1989 564 58,
2018 505 2067 562 Α
2096 499 2398 570 θεραπείαν
2415 500 2705 564 hanc,non
2725 502 2792 552 de
2824 495 3074 568 religiosa
3093 494 3440 551 observantia
3455 504 3512 550 et
3529 495 3674 550 cultu

417 600 532 652 haec
581 595 818 654 scribit:
865 612 884 645 ι
920 594 1005 647 An
1050 593 1198 661 ipsos
1255 606 1470 659 quoque
1521 592 1758 660 angelos,
1813 590 1996 660 quiin

421 689 580 744 istius
606 685 790 742 mundi
820 684 1094 738 laboribus
1124 685 1336 737 diversa
1363 683 1630 736 sustinent
1665 681 1990 747 ministeria,

417 781 558 836 sicut
599 779 653 834 in
678 776 1002 847 Apocalypsi
1062 774 1290 845 legimus
1321 774 1563 837 Joannis,
1601 790 1707 829 non
1767 773 1993 844 ingemi-

418 887 580 927 scere
607 870 904 932 credimus,
936 883 1059 922 cum
1091 869 1416 923 adhibentur
1448 882 1732 938 poenarum
1758 879 1814 924 et
1840 868 1990 922 exci-

413 964 628 1018 diorum
658 960 892 1016 ministri
917 979 930 1015 :
955 961 1045 1028 qui
1075 960 1336 1015 habentes
1362 961 1526 1014 vitam
1551 970 1833 1026 asternam,
1859 960 1994 1014 mal-

414 1055 530 1108 lent
552 1055 741 1123 utique
768 1067 888 1108 eam
923 1053 980 1106 in
1016 1052 1107 1107 illo
1135 1053 1414 1122 superiore
1439 1051 1852 1122 tranquillitatis
1879 1067 1992 1108 suae

413 1157 556 1204 statu
591 1160 831 1212 currere,
889 1161 1051 1215 quam
1101 1157 1410 1199 nostrorum
1469 1155 1815 1214 peccatorum
1868 1158 1989 1214 pae-

415 1239 500 1291 nis
535 1237 819 1292 ultricibus
845 1237 1204 1306 interpellari.
1235 1255 1253 1287 ι
1279 1235 1649 1307 Hieronymus.
1683 1251 1812 1291 vero
1843 1236 1934 1292 lib.
1973 1251 1989 1290 ι

411 1331 466 1383 in
505 1347 622 1397 cap.
663 1345 736 1382 vtt
767 1329 908 1385 Dan.
935 1342 954 1380 :
985 1348 1004 1380 ι
1043 1329 1246 1398 Duplex
1301 1342 1484 1383 autem
1526 1328 1844 1398 angelorum.
1869 1327 1988 1384 θαί-

409 1423 553 1476 eium
583 1430 698 1486 est;
735 1419 962 1474 aliorum
997 1420 1090 1490 qui
1122 1420 1286 1489 justis
1313 1421 1534 1488 praemia
1562 1421 1829 1486 tribuunt,
1850 1419 1990 1476 alio-

410 1528 530 1566 rum
556 1512 652 1580 qui
677 1512 906 1582 singulis
939 1521 1179 1580 praesunt
1199 1513 1557 1568 cruciatibus.
1592 1532 1640 1572 ι,

478 1599 724 1658 XXXVI.
757 1602 1026 1669 Quoniam
1076 1603 1228 1655 varia
1250 1615 1306 1656 et
1348 1617 1542 1670 parum
1569 1612 1829 1658 constans
1867 1601 1990 1658 Ori-

407 1695 565 1764 genis
603 1697 670 1748 de
701 1693 1021 1766 angelorum
1057 1695 1410 1750 invocatione
1440 1695 1654 1750 videtur
1703 1696 1871 1750 fuisse
1903 1713 1987 1750 ra-

410 1785 504 1849 tio,
545 1785 834 1840 delibanda
866 1800 1085 1855 quoque
1121 1801 1149 1840 a
1182 1786 1339 1841 nobis
1374 1801 1436 1841 ea
1484 1786 1713 1856 quaestio
1738 1796 1841 1842 est.
1893 1786 1984 1842 Sic

2094 603 2216 644 esse
2251 589 2676 659 intelligendam,
2700 603 2824 642 cum
2855 588 2946 641 hic
2971 587 3184 642 nonnisi
3202 587 3268 640 de
3296 585 3548 654 religioso
3566 586 3678 641 dish

2097 689 2314 750 putetur
2360 680 2544 744 cultu,
2572 694 2734 748 quem
2779 677 2974 734 Celsus
3020 679 3358 734 damonibus
3401 679 3585 733 itidem
3616 686 3677 734 ut

2094 771 2206 827 Deo
2235 771 2606 843 praestandum
2638 786 2758 824 esse
2797 770 3097 825 asserebat.
3121 770 3178 824 ιιι
3212 778 3270 822 ut
3292 769 3629 839 signiﬁcaret
3652 811 3674 836 ,

2096 867 2351 920 utebatur
2395 879 2532 920 voce
2590 860 3012 934 θεραπεύεσθαι.
3047 863 3362 932 Respondet
3411 863 3678 932 Origenes

2093 957 2365 1026 quoddam
2398 953 2694 1024 θεραπείας
2721 955 2863 1008 illius
2894 970 2922 1006 a
2944 952 3104 1007 Celso
3136 967 3429 1021 expressae,
3465 954 3566 1008 hoc
3591 961 3676 1005 est

2091 1045 2334 1114 religiosi
2390 1049 2570 1100 cultus
2604 1059 2775 1111 genus
2819 1043 3029 1113 angelis
3093 1043 3309 1112 quidem
3359 1043 3569 1105 deberi,
3607 1056 3677 1096 ea

2094 1141 2256 1194 modo
2290 1147 2443 1194 recte
2475 1149 2531 1193 et
2559 1137 2801 1210 legitime
2851 1137 3195 1199 exhibeatur,
3224 1145 3279 1190 et
3313 1135 3493 1188 cultus
3523 1134 3612 1190 ille
3640 1149 3670 1187 a

2097 1231 2246 1287 cultu
2279 1231 2389 1286 Deo
2434 1231 2680 1299 prrestari
2714 1229 2874 1284 solito
2905 1239 3064 1284 caute
3121 1229 3512 1296 distinguatur.
3545 1227 3670 1280 Pari

2095 1325 2254 1380 modo
2295 1339 2418 1377 cum
2445 1323 2804 1392 distingueret
2832 1322 2972 1376 libro
3006 1336 3036 1373 v
3077 1322 3356 1376 orationes
3382 1320 3494 1374 Deo
3522 1318 3674 1374 Patri

2091 1417 2401 1474 oﬂ'erendas
2436 1417 2504 1470 ab
2535 1417 2600 1471 iis
2627 1432 2766 1486 quas
2796 1413 2979 1470 offerri
3024 1413 3360 1469 concedebat
3404 1413 3575 1475 Filio,
3611 1419 3674 1466 ut

2096 1511 2313 1581 μεσίτῃ,
2363 1510 2594 1564 nominis
2631 1509 2817 1575 hujus,
2854 1510 3056 1570 oratio,
3080 1508 3357 1576 proprium
3399 1521 3555 1560 usum
3583 1507 3667 1559 in-

2093 1601 2258 1670 telligi
2291 1599 2428 1663 vult,
2457 1610 2512 1654 et
2567 1601 2635 1656 ab
2687 1599 2932 1666 ejusdem
2974 1599 3148 1652 abusu
3194 1597 3451 1652 secerni:
3481 1595 3670 1650 Πᾶσαν

2097 1693 2196 1764 μὲν
2229 1693 2340 1764 γὰρ
2373 1692 2577 1762 δέησιν,
2607 1691 2782 1760 inquit
2817 1705 2966 1744 num.
2998 1689 3052 1750 4,
3090 1689 3186 1742 καὶ
3216 1687 3546 1758 προσευχὴν,
3573 1686 3669 1742 καὶ

2091 1785 2351 1850 ἔντευξιν,
2385 1785 2484 1838 καὶ
2507 1781 2859 1853 εὐχαριστίαν
2888 1780 3272 1850 ἁναπεμπτέον
3300 1778 3376 1849 τῷ
3414 1779 3508 1831 ἐπὶ
3531 1779 3665 1832 πᾶσι

407 1877 496 1933 ille
521 1877 759 1940 loquitur
783 1853 940 1932 lib.iv
967 1853 1149 1932 contra
1173 1879 1336 1942 Cels.,
1372 1853 1520 1932 num:
1546 1879 1582 1933 ὁ
1613 1897 1628 1933 :
1660 1878 1884 1942 Τούτοις
1916 1879 1986 1949 δὴ

2088 1877 2212 1948 Θεῷ
2243 1877 2334 1930 διὰ
2371 1877 2466 1930 τοῦ
2499 1876 2593 1929 ἐπὶ
2627 1876 2847 1930 ’πάντων
2886 1873 3132 1942 ἀγγέλων
3162 1872 3462 1944 ἀρχιερέως
3492 1870 3666 1941 ἐμψύ-

403 1967 670 2037 ἀγγέλους
699 1967 808 2022 ἀπὸ
838 1965 930 2020 τοῦ
972 1967 1133 2038 ἔργου
1159 1967 1339 2020 αὐτῶν
1367 1966 1743 2037 μεμαθηκότες
1773 1965 1982 2030 καλεῖν,

402 2061 729 2132 εὑρίσκομεν
759 2061 978 2122 αὐτοὺς,
1005 2059 1093 2113 διὰ
1129 2059 1188 2112 τὸ
1219 2058 1396 2122 θείους
1424 2057 1582 2124 εἶναι,
1611 2058 1706 2111 καὶ
1739 2057 1894 2121 Θεοῦς
1924 2059 1982 2110 ὲν

400 2156 520 2216 ταῖς
551 2154 722 2223 ἱεραῖς
769 2169 899 2204 ποτε
944 2151 1374 2222 ὀνομαζομένους
1404 2151 1666 2222 Γραφαίς.
1719 2150 1854 2203 Ἀλλ’
1884 2150 1982 2221 οὐχ

401 2242 545 2298 ὥστε
575 2243 1011 2314 προστάσσεσθαι
1069 2244 1200 2314 ἡμῖν
1257 2244 1382 2306 τοὺς
1429 2242 1832 2307 διακονοῦντας,
1885 2244 1980 2296 καὶ

402 2335 665 2405 φέροντας
695 2337 826 2404 ἡμῖν
854 2336 922 2388 τὰ
967 2334 1059 2388 τοῦ
1105 2334 1246 2387 Θεοῦ
1275 2334 1452 2388 σέϐειν
1505 2335 1602 2388 καὶ
1653 2338 1978 2406 προσκυνεῖν

401 2428 523 2481 ἀντὶ
543 2427 636 2480 τοῦ
664 2426 798 2480 Θεοῦ
819 2445 831 2457 ·
859 2427 1038 2480 πᾶσαν
1060 2427 1157 2497 μὲν
1172 2427 1280 2498 γὰρ
1304 2426 1506 2498 δέησιν,
1533 2428 1625 2480 καὶ
1649 2426 1978 2498 προσευχὴν,

401 2519 498 2572 καὶ
525 2517 787 2584 ἔντευξιν,
818 2520 911 2571 καὶ
938 2517 1288 2590 εὐχαριστίαν
1339 2519 1723 2588 ἀναπεμπτέον
1755 2519 1832 2589 τῷ
1886 2522 1980 2576 ἐπὶ

399 2612 534 2664 πᾶσι
554 2609 691 2680 Θεῷ,
715 2608 804 2663 διὰ
831 2609 923 2664 τοῦ
952 2611 1046 2663 ἐπὶ
1091 2610 1312 2666 πάντων
1340 2610 1590 2678 ἀγγέλων
1637 2612 1941 2683 ἀρχιερέως
1960 2656 1975 2680 ,

399 2701 646 2772 ἐμψύχου
679 2702 852 2770 Λόγου
879 2703 973 2756 καὶ
999 2701 1154 2756 Θεοῦ.
1190 2701 1320 2768 Qua:
1353 2704 1544 2756 iterum
1571 2705 1763 2758 deinde
1804 2705 1974 2758 incul-

401 2805 527 2856 cat:
556 2796 698 2848 unde
734 2795 915 2848 omnis
933 2795 1247 2863 angelorum
1281 2795 1496 2865 praecidi
1526 2797 1732 2851 videtur
1753 2797 1979 2852 invoca-

403 2888 496 2940 tio.
539 2885 648 2940 Sed
678 2901 782 2940 non
817 2887 890 2940 ita
913 2897 1032 2952 est;
1081 2902 1208 2940 nam
1237 2886 1472 2942 honores
1497 2886 1718 2956 quidem
1756 2903 1819 2942 ac
1849 2903 1977 2957 pre-

400 2990 490 3030 ces
512 2975 721 3046 angelis
748 2975 994 3031 adhiberi
1023 2985 1166 3030 vetat
1207 2991 1326 3038 eas,
1362 2990 1483 3044 quae
1510 2977 1617 3030 Deo
1653 2977 1740 3030 uni
1775 2991 1976 3033 conve-

399 3068 574 3132 niunt,
611 3083 711 3122 nec
746 3068 959 3122 adorari
993 3068 1076 3123 vel
1107 3068 1208 3123 coli
1250 3069 1397 3138 ipsos
1429 3068 1700 3136 concedit,
1734 3070 1854 3122 ἀντὶ
1880 3069 1975 3124 τοῦ

397 3155 559 3219 Θεοῦ,
587 3167 641 3212 at
672 3168 854 3214 certos
882 3160 1151 3228 quosdam
1177 3159 1244 3214 iis
1273 3160 1520 3216 exhiberi
1547 3161 1750 3227 cultus,
1771 3173 1978 3218 certas-
2001 3188 2044 3243 ο

397 3263 504 3318 que
531 3249 684 3303 fundi
699 3251 1047 3319 precationes
1072 3252 1359 3320 permittit,
1379 3263 1588 3306 natum:
1613 3268 1799 3308 eorum
1819 3270 1976 3309 crea-

394 3348 464 3394 ta:
483 3341 888 3404 convenientes,
913 3351 973 3396 et
1015 3341 1214 3396 diversi
1247 3357 1276 3393 a
1305 3342 1684 3411 superioribus
1711 3345 1928 3410 generis
1953 3361 1968 3398 :

397 3432 766 3505 Εὐφημοῦμεεν
795 3433 1014 3496 αὐτοὺς,
1055 3433 1228 3502 inquit
1290 3432 1382 3489 lib.
1428 3449 1524 3488 vm
1583 3445 1768 3488 contra
1793 3434 1972 3504 σείει,

395 3541 547 3581 nutu.
585 3525 675 3590 57,
705 3539 828 3594 pag.
863 3523 986 3588 785,
1020 3525 1114 3578 καὶ
1138 3522 1518 3597 μακαρίζομεν
1537 3527 1975 3599 ἐγχειρισθζέντας

395 3616 502 3669 ὑπὸ
544 3615 640 3668 τοῦ
676 3613 810 3668 Θεοῦ
847 3615 914 3668 τὰ
955 3616 1203 3686 χρήσιμα
1238 3614 1477 3686 τῷγένει
1515 3617 1672 3688 ἡμῶν
1695 3635 1707 3648 ·
1755 3619 1814 3671 οὐ
1867 3618 1973 3690 μὴν

392 3705 493 3776 τὴν
517 3705 872 3774 ὀφειλομένην
914 3704 1053 3775 πρὸς
1079 3703 1209 3758 Θεὸν
1255 3707 1422 3778 τιμὴν
1458 3705 1670 3770 τούτοις
1701 3708 1969 3778 ἀπονέμο-

396 3813 516 3866 μεν.
545 3794 661 3854 Non
689 3797 1060 3864 precationem
1087 3813 1240 3865 ergo,
1268 3798 1362 3851 sed
1395 3798 1725 3866 precationis
1753 3801 1967 3854 modum

395 3891 635 3940 damnat.
673 3885 846 3954 Hujus
871 3887 1229 3955 expositionis
1260 3888 1372 3955 ipse
1397 3888 1472 3941 sit
1509 3888 1815 3957 lidejussor,
1838 3905 1968 3959 ope-

395 3979 470 4031 ris
504 3977 742 4046 ejusdem
765 3989 949 4030 comra
975 3976 1184 4032 Celsum
1211 3978 1302 4032 ιιι).
1339 3993 1458 4040 vm,
1484 3995 1630 4034 num.
1664 3981 1751 4045 15,
1780 3982 1832 4033 in
1863 3996 1972 4048 quo

390 4067 551 4122 Celso
583 4070 941 4138 respondens,
992 4070 1082 4139 qni
1116 4071 1258 4138 quod
1294 4070 1388 4124 Dei
1431 4069 1625 4124 Filium
1673 4071 1968 4127 Christiani

392 4161 660 4226 colerent,
683 4162 938 4216 colendos
965 4162 1033 4216 iis
1059 4178 1275 4232 quoque
1306 4163 1586 4218 ministros
1614 4163 1734 4234 ejus
1764 4166 1968 4219 damno-

393 4268 490 4306 nes
522 4253 801 4316 nimirum,
832 4253 1088 4308 censebat
1117 4271 1130 4305 :
1185 4255 1247 4306 El
1283 4253 1378 4323 μὲν
1405 4249 1519 4317 οὗ),
1569 4255 1784 4324 inquit,
1830 4256 1970 4309 ἐνόει

388 4347 516 4409 τοὺς
547 4344 763 4416 ἀληθῶς
799 4346 1073 4418 ὑπηρέτας
1094 4346 1188 4400 τοῦ
1218 4346 1354 4399 Θεοῦ
1393 4346 1532 4415 μετὰ
1580 4347 1671 4400 τὸν
1706 4350 1966 4420 μονογενῆ

390 4437 484 4491 τοῦ
509 4439 666 4502 Θεοῦ,
714 4438 806 4491 τὸν
862 4438 1117 4510 Γαϐριὴλ,
1148 4441 1242 4492 καὶ
1288 4441 1377 4493 τὸν
1414 4442 1654 4515 Μιχαὴλ,
1703 4445 1797 4497 καὶ
1842 4444 1968 4506 τοὺς

389 4528 608 4594 λοιποὺς
635 4531 897 4600 ἀγγέλους
926 4573 940 4595 ,
992 4533 1383 4602 ἁρχαγγέλους,
1417 4537 1511 4589 καὶ
1548 4535 1772 4600 τούτους
1813 4537 1964 4606 ἔλεγε

386 4623 497 4675 δεῖν
530 4622 949 4694 θεραπεύεσθαι,
983 4626 1114 4687 ἴσως
1150 4625 1215 4678 ἂν
1249 4627 1310 4680 τὸ
1343 4629 1471 4698 περὶ
1509 4627 1604 4680 τοῦ
1642 4627 1964 4700 θεραπεύειν

388 4715 554 4769 αὐτοῦ
585 4717 984 4788 σημαινόμενον
1017 4718 1444 4790 ἐκκαθήραντες,
1481 4724 1573 4776 καὶ
1608 4725 1716 4777 τῶν
1744 4724 1838 4777 τοῦ
1880 4724 1966 4777 θε-

392 4807 720 4878 ραπεύοντος
754 4809 1007 4881 πράξεων
1029 4850 1042 4870 ,
1091 4812 1316 4882 εἴπομεν
1347 4813 1413 4866 ἂν
1454 4817 1534 4878 εἰς
1557 4817 1646 4869 τὸν
1676 4817 1858 4875 τόπον.
1889 4819 1966 4882 ὡς

389 4901 520 4972 περὶ
541 4901 872 4972 τηλικούτων
897 4902 1289 4973 διαλεγόμενοι,
1327 4906 1470 4976 ἅπερ
1494 4908 1806 4979 ἐχωροῦμεν
1837 4912 1965 4980 περὶ

388 4993 568 5047 αὐτῶν
595 4997 808 5065 νοῆσαι.
841 4994 954 5047 Vini
987 4997 1090 5048 loci
1131 4999 1290 5066 hujus
1338 4999 1588 5068 frangere
1630 5005 1810 5056 conati
1841 5015 1966 5057 sunt

389 5084 701 5137 hcterodoxi
723 5085 938 5152 quidam
959 5099 1254 5148 nostrates,
1283 5089 1377 5143 sed
1417 5089 1630 5145 ellicere
1663 5104 1837 5148 tamen
1859 5113 1962 5149 non

388 5186 718 5243 potuerunt,
753 5179 884 5244 quin
932 5179 1146 5247 aliquod
1201 5178 1500 5252 θεραπείας
1530 5199 1704 5252 genus
1756 5189 1963 5257 angelis

389 5269 730 5322 concessisse
763 5270 1052 5337 Urigenem
1095 5286 1158 5324 ex
1194 5272 1277 5326 his
1303 5275 1472 5340 ipsius
1510 5277 1691 5330 verbis
1725 5279 1961 5336 manife-

389 5370 533 5412 stum
559 5359 662 5424 sit;
689 5375 756 5413 eo
773 5375 963 5429 nempe
985 5361 1284 5432 θεραπείας
1311 5380 1511 5434 genere
1544 5369 1796 5437 inferius,
1819 5375 1961 5441 quod

393 5452 502 5505 Deo
527 5451 628 5505 soli
661 5451 1028 5506 exhibendum
1055 5465 1156 5508 est.
1176 5455 1402 5510 Frustra
1424 5469 1603 5514 autem
1627 5467 1963 5524 contendunt

459 5605 572 5683 (55)
612 5609 811 5683 Eadem
848 5611 1095 5683 cautione
1119 5613 1318 5666 cultum
1363 5626 1408 5667 et
1441 5634 1617 5682 preces
1675 5620 1783 5676 Deo
1813 5622 1964 5683 Patri

387 5680 704 5760 efferari-(los,
732 5697 764 5760 α
785 5683 1019 5760 precibus
1051 5681 1190 5736 Filio
1230 5680 1519 5760 allegnndis
1544 5691 1770 5744 discerni
1796 5680 1960 5760 iubet,

287 5777 296 5787 ρ
387 5747 493 5801 mc.
531 5747 664 5823 Vide
693 5751 1101 5823 observationes
1136 5747 1353 5807 nostras
1380 5758 1428 5808 in
1461 5772 1654 5822 qtnest.
1692 5761 1746 5823 2,
1796 5747 1953 5818 ἰιιιιιιί

389 5823 477 5883 ιυ,
503 5824 569 5873 ad
593 5821 707 5877 haec
731 5821 889 5876 verba
919 5839 933 5876 ;
963 5839 980 5872 ι
1021 5825 1148 5889 Quae
1179 5826 1392 5894 quidem
1423 5821 1654 5884 absurda
1676 5821 1755 5887 est
1781 5843 1834 5888 et
1869 5851 1948 5889 se-

2085 1987 2183 2042 χου
2206 1972 2382 2039 Λόγου
2409 1970 2504 2023 καὶ
2526 1969 2659 2022 Θεοῦ
2683 1986 2695 1999 ·
2719 1966 3024 2038 δεησόμεθα
3054 1965 3111 2018 δὲ
3139 1966 3234 2020 καὶΙ
3259 1963 3532 2018 αὐτοῦτοῦ
3563 1964 3668 2017 Δό-

2091 2080 2213 2132 γου,
2251 2065 2346 2117 καὶ
2368 2063 2730 2132 ἐντευξόμεθα
2765 2060 2915 2131 αύτῷ
2947 2061 3039 2114 καὶ
3059 2059 3546 2130 εὐχαριστήσομεν,
3571 2059 3670 2112 καὶ

2087 2157 2502 2228 προσευξόμεθα
2534 2157 2611 2220 δὲ,
2631 2155 2725 2209 ἐὰν
2752 2152 3036 2224 δυνώμεθα
3062 2151 3388 2206 κατακούειν
3413 2150 3513 2222 τῆς
3538 2149 3666 2220 περὶ

2085 2252 2396 2322 προσευχῆς
2415 2249 2754 2321 κυριολεξίας
2777 2247 2871 2301 καὶ
2889 2246 3276 2316 καταχρήσεως
3308 2244 3444 2314 (55).
3467 2242 3664 2296 Eadem

2080 2345 2331 2398 cautione
2365 2343 2590 2406 cultum,
2625 2351 2679 2393 et
2727 2353 2918 2406 preces
2963 2338 3072 2391 Deo
3096 2335 3248 2388 Patri
3273 2333 3596 2397 ollerendas,
3630 2347 3662 2386 a

2081 2435 2333 2504 precibus
2383 2432 2520 2486 Filio
2553 2432 2852 2500 allegandis
2885 2430 3122 2483 discerni
3158 2426 3337 2494 jubet,
3367 2434 3424 2479 et
3446 2441 3478 2479 a
3509 2423 3662 2480 cultu

2080 2525 2286 2594 angelis
2319 2523 2650 2577 exhibendo.
2696 2521 2860 2590 Atqui
2901 2521 3094 2574 Filium
3147 2521 3298 2572 orari
3357 2517 3608 2594 concedit
3641 2557 3662 2584 ,

2080 2592 2248 2670 modo
2267 2625 2520 2684 tanquam
2565 2614 2816 2684 μεσίτης,
2843 2622 2897 2666 et
2926 2611 3168 2665 inferiori
3203 2592 3660 2679 precationis'ge-

2081 2722 2211 2763 nere
2235 2709 2516 2763 invocetur
2539 2723 2603 2761 ac
2637 2706 2828 2771 Pater;
2857 2704 2973 2757 haec
3002 2703 3146 2758 enim
3181 2702 3283 2775 fuit
3311 2703 3478 2771 ipsius
3507 2703 3660 2756 insa-

2081 2800 2167 2852 nia
2194 2815 2208 2851 :
2248 2798 2389 2852 idem
2435 2798 2600 2866 igitur
2639 2798 2704 2850 de
2731 2797 2985 2865 precibus
3017 2805 3069 2850 et
3095 2795 3243 2849 cultu
3274 2793 3480 2864 angelis
3505 2795 3663 2850 exhi-

2079 2888 2258 2944 bendo
2287 2876 2550 2943 sensisse
2599 2889 2776 2956 ipsum
2808 2887 3240 2942 concludendum
3297 2897 3403 2942 est.
3438 2885 3509 2940 At
3541 2887 3663 2941 sine

2080 2982 2307 3048 ambage
2332 2979 2577 3050 angelum
2599 2994 2758 3046 prece
2784 2987 3076 3032 veneratur
3094 2978 3324 3034 homilJ
3351 2982 3408 3033 in
3435 2977 3656 3046 ΕεεσΙιη

2080 3087 2231 3126 nutu.
2260 3071 2292 3123 7
2327 3089 2340 3124 :
2373 3089 2392 3122 ι
2435 3070 2651 3136 Omnia,
2683 3070 2882 3140 inquit,
2903 3073 3108 3140 angelis
3134 3071 3290 3141 plena
3321 3082 3469 3125 sunt.
3503 3071 3658 3136 Veni,

2080 3163 2306 3232 angele:
2339 3163 2554 3234 suscipe
2585 3179 2838 3219 sermone
2877 3178 3202 3218 conversum
3233 3163 3303 3216 ab
3326 3177 3514 3217 errore
3549 3165 3660 3230 pri-

2078 3259 2246 3320 stino,
2282 3272 2313 3309 a
2353 3258 2600 3313 doctrina
2635 3257 3051 3320 diemoniorum,
3079 3254 3147 3307 ab
3178 3254 3467 3323 iniquitate
3496 3254 3549 3306 in
3575 3251 3658 3305 al-

2079 3352 2469 3421 tum~loquente
2503 3368 2515 3403 :
2553 3349 2856 3419 suscipiens
2873 3363 2996 3401 eum
3022 3346 3180 3415 quasi
3207 3345 3451 3399 medicus
3481 3344 3661 3398 bonus

2077 3447 2305 3500 confore
2327 3457 2490 3515 atque
2517 3446 2743 3500 institue
2769 3460 2784 3506 ;
2819 3442 3078 3510 parvulus
3107 3448 3212 3502 est,
3249 3439 3410 3492 hodie
3470 3437 3660 3491 nasci-

2079 3549 2166 3592 tur
2189 3553 2352 3592 scnex
2390 3550 2789 3605 repuerascens
2815 3551 2830 3586 :
2858 3542 2913 3587 et
2955 3533 3171 3600 suscipe
3204 3530 3449 3584 tribuens
3480 3529 3528 3583 ei
3563 3529 3662 3584 ba-

2081 3633 2340 3699 ptismum
2359 3631 2608 3684 secunda:
2629 3626 3075 3697 regenerationis,
3099 3633 3152 3680 et
3176 3623 3378 3678 advoca
3407 3623 3499 3678 tibi
3523 3621 3661 3678 alios

2074 3725 2253 3778 socios
2298 3723 2587 3776 ministerii
2619 3723 2722 3786 tni,
2770 3732 2830 3773 ut
2860 3721 3044 3776 cuncti
3077 3719 3281 3788 pariter
3311 3731 3407 3770 eos
3435 3716 3526 3785 qui
3555 3716 3660 3768 ali-

2074 3816 2294 3883 quando
2349 3815 2558 3883 decepti
2619 3822 2774 3877 sunt,
2829 3811 3097 3867 erudiatis
3134 3810 3201 3863 ad
3256 3809 3434 3862 tidem.
3474 3827 3493 3860 ι
3527 3808 3659 3874 Quae

2072 3906 2320 3975 quamvis
2349 3905 2462 3960 sole
2492 3906 2607 3974 ipso
2637 3905 2872 3959 clariora
2907 3903 3037 3962 sint,
3064 3902 3332 3955 adversus
3366 3915 3430 3953 ea
3468 3907 3653 3952 tamen

2071 3997 2425 4066 praescribere
2450 4012 2556 4050 non
2590 3995 2913 4049 dubitarunt
2948 3997 3112 4049 iidem
3149 3993 3241 4063 qui
3293 3997 3457 4060 supra
3504 3990 3659 4043 hete-

2073 4089 2284 4155 rodoxi,
2319 4098 2375 4143 et
2411 4088 2704 4142 testimonii
2733 4088 3084 4154 gravitatem,
3117 4101 3222 4154 qua
3257 4097 3318 4137 se
3349 4081 3505 4137 obrui
3531 4095 3655 4134 sen-

2073 4180 2300 4238 tiebant.
2337 4177 2536 4247 duplici
2566 4179 2920 4246 reSponsione
2950 4176 3197 4241 elevare;
3234 4174 3409 4244 prima
3433 4171 3652 4241 quidem

2072 4270 2196 4336 hac,
2222 4286 2329 4324 non
2355 4270 2605 4338 religiosa
2637 4270 2747 4324 illic
2770 4269 3022 4338 angelum
3057 4268 3369 4334 precatione
3389 4263 3665 4327 invocari,

2071 4362 2165 4416 sed
2195 4361 2483 4415 rhetorica
2509 4362 2774 4415 duntaxat
2808 4359 3140 4428 apostropha
3163 4357 3454 4426 appellari;
3482 4353 3653 4407 altera

2075 4454 2198 4517 ista,
2235 4454 2479 4520 spurium
2509 4467 2633 4506 esse
2684 4453 2827 4506 hunc
2860 4451 3060 4516 locum,
3093 4459 3149 4504 et
3193 4449 3439 4502 adultera
3491 4462 3650 4499 manu

2073 4543 2368 4598 insertum:
2397 4559 2518 4613 quae
2544 4524 2714 4614 gratis
2737 4545 2903 4607 dicta,
2932 4552 2986 4596 et
3019 4541 3206 4595 solidis
3230 4539 3394 4594 nullis
3426 4540 3654 4608 probata

2072 4635 2403 4702 argumentis
2421 4637 2591 4704 gratis
2608 4635 2793 4705 negari
2827 4645 3072 4703 possunt.
3091 4634 3287 4688 Fateor
3309 4630 3652 4699 apostrophis

2073 4729 2364 4797 aliquando
2415 4729 2608 4784 Patres
2661 4730 2777 4795 uti;
2829 4728 3156 4798 apostropha
3211 4727 3299 4781 hic
3333 4742 3489 4780 usum
3529 4739 3652 4779 εδει)

2073 4821 2386 4892 Origenem,
2421 4821 2473 4875 id
2503 4837 2634 4876 vero
2675 4837 2934 4890 pernego.
2977 4819 3246 4885 Profecto,
3279 4821 3321 4874 si
3356 4821 3442 4874 cui
3479 4821 3650 4872 luere-

2072 4914 2180 4968 tico
2211 4915 2572 4968 invocandum
2609 4914 2870 4983 Spiritum
2928 4927 3177 4967 sanctum
3232 4913 3391 4966 hodie
3428 4911 3646 4981 neganti

2071 5007 2378 5062 testimonia
2413 5007 2631 5061 Patrum
2661 5024 2782 5060 eum
2816 5008 3185 5061 invocantium
3208 5006 3571 5076 objiciuntur;
3603 5005 3651 5058 is

2069 5113 2201 5153 vero
2229 5100 2587 5169 apostrophas
2613 5099 2713 5154 has
2749 5115 2872 5154 esse
2921 5102 3266 5168 respondeat,
3306 5114 3498 5168 magna
3528 5113 3650 5152 esse

2070 5192 2286 5246 dicetur
2312 5194 2683 5261 responsionis
2711 5194 2874 5262 hujus
2903 5191 3151 5248 l‘utilitas.
3189 5193 3296 5247 Nec
3319 5193 3490 5246 altera
3519 5207 3649 5245 vero

2071 5283 2530 5340 felicior:Gra:ca
2578 5287 2812 5342 humilia:
2855 5286 3014 5354 bujns
3068 5284 3396 5352 exemplaria
3432 5284 3648 5337 deside-

2070 5378 2178 5431 rari
2210 5379 2360 5431 aiunt
2385 5396 2398 5443 ;
2431 5379 2737 5433 elaboratas
2771 5393 2898 5432 vero
2927 5392 3046 5432 esse
3073 5392 3102 5430 a
3146 5377 3341 5430 Ruiino
3369 5385 3422 5432 et
3452 5373 3647 5428 lliero-

2067 5485 2230 5540 nymo
2261 5472 2755 5542 interpretationes,
2785 5486 3014 5541 quorum
3039 5471 3112 5528 sit
3137 5472 3272 5527 levis
3294 5471 3346 5524 in
3374 5471 3644 5538 interpre-

2071 5645 2192 5684 cum
2222 5646 2467 5700 pugnans
2496 5630 2836 5701 conquestio.
2877 5649 2895 5680 ι
2934 5629 3066 5701 Vide
3120 5639 3174 5682 et
3219 5627 3428 5701 Bnllum
3458 5627 3510 5681 in
3540 5626 3648 5681 εε-

2069 5701 2202 5768 fens.
2237 5702 2362 5826 Ιῗέρὶ
2416 5699 2688 5767 Nica'mt’,
2719 5701 2786 5756 de
2820 5701 2940 5756 Filii
2979 5699 3056 5773 τῷ
3090 5700 3380 5772 ὀμοουσίῳ,
3412 5714 3533 5768 «τδρ.
3593 5702 3648 5764 9,

2069 5787 2219 5826 num.
2333 5809 2346 5824 .
