4160 6450
479 402 575 458 891

1741 401 1803 458 Ρ.
1846 401 2164 478 DANIELIS
2203 401 2439 458 IIUETII

3615 400 3717 458 892

481 516 646 568 tando
707 514 870 579 ﬁdes;
926 513 1311 582 apostropham
1353 513 1586 583 denique
1643 513 1787 568 illam
1847 529 1967 570 esse
2019 532 2047 568 a
2079 520 2124 576 Α
2156 515 2435 583 praetendit
2465 515 2546 569 vir
2571 514 2805 585 alioquin
2837 515 3049 570 eximiae
3079 515 3398 570 eruditionis
3421 514 3716 571 Ger.Joan.

479 607 620 676 style
643 605 889 673 Origenis
913 605 1161 659 alienam.
1195 605 1415 660 Certum
1443 607 1880 660 esthomiliarum
1911 608 2040 659 ista-

481 714 598 751 rum
639 699 695 750 in
727 697 1052 750 Ezecltielem
1091 698 1444 766 interpretem
1476 712 1598 751 esse
1634 697 2041 766 Hieronymum;

477 805 636 859 quem
667 789 712 842 si
747 787 1042 841 fateremur
1074 789 1186 842 haec
1213 790 1277 842 de
1305 804 1402 842 suo
1440 790 1696 852 assuisse,
1761 788 1915 843 fateri
1951 804 2044 842 co—

477 883 735 940 gerentur
761 873 948 939 utique
987 873 1307 937 adversarii,
1342 876 1386 928 si
1433 877 1610 930 minus
1633 875 1947 946 Origenem,
1991 888 2046 930 at

475 973 626 1019 certe
657 962 1050 1032 Hieronymum
1093 965 1406 1029 angelorum
1441 965 1835 1019 invocationem
1863 983 2047 1021 exem-

475 1055 562 1124 plo
588 1069 688 1108 suo
723 1053 1124 1122 comprobasse.
1159 1059 1228 1109 At
1282 1070 1414 1110 sane
1456 1071 1519 1109 ea
1558 1057 1876 1126 exceptione
1910 1072 2045 1125 opus

477 1161 580 1199 non
612 1154 714 1199 est.
759 1145 914 1215 Saepe
945 1160 1004 1200 se
1032 1148 1111 1201 ait
1158 1146 1540 1218 Hieronymus,
1576 1158 1631 1203 et
1666 1163 1766 1203 nos
1795 1149 1922 1204 alibi
1952 1152 2046 1205 do-

475 1237 708 1300 cuimus,
734 1239 1026 1291 verborum
1080 1254 1362 1292 numerum
1403 1240 1455 1293 in
1487 1240 1898 1308 interpretando
1939 1257 2043 1296 non

477 1324 798 1390 reddidisse,
835 1326 1136 1379 sententias
1167 1327 1432 1379 duntaxat
1467 1326 1792 1396 appendisse
1825 1346 1836 1381 :
1877 1327 2043 1381 verba

479 1413 803 1484 neglexisse,
843 1428 1038 1468 sensus
1071 1414 1303 1468 ﬁdeliter
1349 1415 1660 1470 retinuisse.
1690 1416 1890 1470 Demus
1939 1416 2044 1470 ita-

477 1517 581 1570 que
603 1503 719 1557 htee
746 1503 1044 1569 αὐτολεξεὶ,
1069 1505 1113 1558 si
1144 1503 1300 1569 forte,
1339 1506 1391 1559 in
1413 1505 1614 1560 Graacis
1649 1507 1720 1560 ita
1751 1523 1855 1561 non
1880 1508 2048 1563 exsu-

479 1595 642 1660 tisse;
673 1596 801 1649 dent
828 1597 986 1650 modo
1018 1595 1314 1650 adversarii
1348 1598 1678 1652 sententiam
1705 1599 1902 1666 ipsam,
1938 1613 2047 1667 qua

479 1685 654 1756 angeli
688 1689 1000 1742 continetur
1024 1688 1316 1755 invocatio,
1345 1689 1488 1743 nulla
1515 1699 1668 1758 parte
1697 1689 1862 1744 fuisse
1890 1690 2047 1744 vitia-

481 1786 613 1830 tam.
645 1777 801 1844 Quod
820 1779 1022 1833 addunt
1049 1791 1228 1834 autem
1259 1781 1608 1849 apostrophis
1631 1781 1934 1848 hujusmodi
1968 1783 2044 1836 uti

2152 606 2372 659 Vossius
2409 606 2502 660 lib.
2539 622 2554 660 ι
2591 605 2669 659 De
2713 607 2846 674 orig.
2891 606 3045 671 ido!.,
3087 621 3205 676 cap.
3241 606 3295 661 9.
3336 605 3508 662 Porro
3555 620 3716 675 quam

2145 701 2328 769 priore
2360 699 2478 753 loco
2507 699 2853 754 adhibuimus
2901 701 3331 770 responsionem,
3380 715 3496 755 eam
3543 700 3715 769 ipsam

2147 804 2408 858 usurpare
2450 788 2562 843 fere
2605 791 2731 843 licet
2775 793 3036 844 adversus
3067 790 3182 845 loca
3225 791 3400 860 aliqua
3445 791 3715 860 Origeuis,

2147 881 2482 950 aliorumque
2507 879 2753 943 Patrum,
2796 883 2993 950 quibus
3042 883 3151 937 Deo
3181 883 3302 948 soli,
3344 898 3442 936 nec
3467 884 3719 952 cuiquam

2149 982 2412 1040 praeterea
2444 973 2618 1026 cultus
2659 988 2720 1026 ac
2752 972 2885 1027 ﬁdes
2917 974 3203 1028 tribuenda
3231 973 3632 1043 pronuntiatur,
3665 982 3722 1027 et

2149 1064 2347 1128 quibus
2375 1073 2648 1131 receptam
2684 1078 2712 1115 a
2743 1062 3038 1118 Catholicis
3084 1065 3392 1134 angelorum
3425 1065 3720 1118 invocatio—

2151 1169 2296 1217 nem,
2328 1162 2382 1208 et
2416 1153 2482 1207 ad
2515 1168 2704 1222 preces
2741 1165 2956 1210 nostras
2987 1155 3096 1208 Deo
3126 1153 3429 1209 oll‘erendas
3449 1155 3721 1224 allegatio-

2150 1258 2271 1296 uem
2313 1242 2632 1311 impugnare
2663 1245 2882 1298 student
2913 1245 3209 1299 adversarii
3251 1261 3268 1300 :
3299 1245 3441 1298 inter
3473 1259 3610 1313 quos
3636 1253 3723 1299 ta-

2149 1349 2272 1390 men
2305 1333 2578 1400 nonnulli,
2610 1335 2713 1389 viri
2739 1337 2956 1390 candidi
2987 1346 3043 1390 et
3071 1336 3290 1401 eruditi,
3322 1339 3548 1390 veritate
3575 1339 3726 1408 quip-

2149 1441 2217 1494 pe
2271 1425 2423 1490 victi,
2482 1427 2796 1496 angelorum
2852 1428 3297 1483 intercessionem
3363 1437 3418 1484 et
3466 1428 3723 1498 postulari

2148 1531 2327 1588 posse,
2355 1525 2411 1570 et
2442 1517 2720 1586 impetrari
2751 1517 3007 1574 fatentur.

2221 1607 2491 1664 XXXVII.
2527 1611 2856 1664 Accusatum
2892 1610 3018 1665 olim
3058 1610 3196 1666 falso
3232 1609 3518 1679 Origenem
3559 1609 3729 1666 refert

2149 1715 2451 1770 auouymus
2479 1703 2618 1768 apud
2648 1700 2900 1754 Photium
2929 1697 3235 1765 c'od.cxvn,
3265 1715 3386 1754 cum
3418 1699 3600 1754 multis
3629 1715 3728 1754 no-

2152 1794 2408 1860 minibus,
2453 1802 2564 1846 tum
2615 1793 2816 1848 idcirco
2845 1792 2984 1859 quod
3019 1791 3390 1857 aﬁirmaverit,
3426 1791 3508 1845 ὅτι
3540 1791 3608 1848 τὰ
3632 1809 3725 1864 χε-

478 1869 764 1939 Origenem
799 1884 904 1922 non
963 1870 1178 1938 solere;
1237 1872 1288 1924 id
1320 1872 1537 1940 quidem
1571 1875 1624 1927 in
1674 1875 1833 1929 tomis
1861 1890 2047 1928 verum

2156 1885 2357 1954 ρουϐὶμ
2393 1884 2626 1937 ἐπίνοιαι
2655 1882 2912 1942 τοῦ,Υίοῦ
2947 1883 3084 1936 εἰσιν
3104 1899 3117 1912 ⁸
3153 1901 3172 1933 ι
3195 1881 3550 1937 Cberubimos
3582 1884 3729 1953 cogi-

477 1977 602 2017 esse
622 1964 991 2028 concedimus,
1027 1963 1079 2016 in
1113 1963 1346 2018 homiliis
1379 1981 1484 2019 non
1522 1967 1672 2030 item,
1703 1983 1824 2036 qua:
1861 1967 2045 2035 hujus-

481 2056 623 2109 modi
653 2055 940 2125 pigmentis
966 2065 1019 2109 et
1046 2056 1232 2126 ﬁguris
1254 2057 1296 2111 si
1321 2073 1425 2111 non
1455 2058 1698 2124 refertae,
1749 2075 1812 2113 ac
1834 2061 2048 2128 penitus

479 2156 627 2200 certe
653 2160 832 2200 vacuae
862 2160 968 2199 non
996 2157 1143 2200 sunt.
1174 2148 1365 2201 Audivi
1389 2151 1650 2217 quosdam
1683 2158 1944 2217 praeterea
1972 2165 2041 2204 ex

479 2238 667 2292 eadem
697 2247 870 2301 secta,
893 2237 1070 2307 angeli
1100 2239 1315 2292 nomine
1337 2251 1578 2294 uetatqu
1616 2241 1702 2294 hic
1731 2243 2046 2311 episcopum

482 2338 836 2394 asserentes,
871 2329 1332 2398 quemadmodum
1384 2331 1783 2402 Apocalypseos
1837 2347 1958 2401 cap.
2007 2347 2048 2386 ιι

481 2428 538 2474 et
582 2436 644 2474 ιιι
680 2420 869 2474 eadem
923 2421 1244 2490 angelorum
1276 2420 1634 2489 appellatione
1685 2422 2046 2476 Asiaticarum

481 2512 850 2568 Ecclesiarum
902 2513 1139 2581 episcopi
1205 2511 1603 2581 signiﬁcantur.
1660 2513 1897 2566 Puderet
1932 2513 2050 2568 illos

481 2619 592 2660 suae
613 2604 980 2674 responsionis
1002 2605 1048 2658 si
1070 2605 1234 2658 totius
1266 2604 1366 2658 loci
1384 2605 1770 2658 colmreutiam
1793 2608 2052 2660 attentius

485 2696 905 2766 perspicerent,
952 2695 1006 2748 iu
1056 2710 1163 2762 quo
1226 2694 1538 2750 tutelarium
1587 2696 1944 2766 angelorum,
1985 2699 2052 2752 ad

480 2788 787 2857 exemplum
834 2787 1058 2851 Christi,
1091 2796 1150 2842 ut
1183 2787 1286 2842 sibi
1328 2788 1542 2856 quidem
1575 2787 1812 2856 ﬁngebat
1859 2787 2050 2858 Orige-

482 2896 598 2945 nes,
631 2882 698 2934 de
721 2879 861 2935 ccelo
887 2880 1352 2942 descendentium,
1377 2891 1431 2933 et
1467 2880 1716 2933 humana:
1743 2881 1934 2935 salutis
1961 2896 2054 2935 cu-

481 2985 596 3026 ram
619 2970 1027 3042 suscipientium
1057 2969 1338 3023 manifesta
1364 2970 1590 3023 habetur
1623 2970 1845 3024 mentio.
1881 2971 2053 3025 Verba

482 3063 597 3118 haec
629 3071 756 3117 sunt
786 3081 802 3118 :
833 3080 853 3114 ι
876 3063 990 3117 Non
1013 3060 1205 3117 sullicit
1227 3076 1393 3114 unum
1427 3060 1623 3115 caelum
1659 3062 1852 3130 aperiri
1883 3078 1897 3114 :
1929 3076 2056 3129 ape-

482 3157 697 3210 riuntur
728 3156 968 3225 plurimi,
995 3164 1054 3209 ut
1085 3155 1418 3209 descendant
1462 3169 1566 3208 non
1601 3154 1669 3207 ab
1701 3170 1829 3219 uno,
1871 3157 1962 3210 sed
1987 3157 2054 3211 ab

479 3248 731 3302 omnibus
758 3249 912 3304 caelis
945 3247 1116 3316 angeli
1149 3252 1214 3300 ad
1245 3262 1340 3300 eos
1361 3247 1454 3314 qui
1483 3246 1723 3300 salvandi
1752 3255 1880 3300 sunt
1915 3265 1928 3301 :
1962 3263 2056 3301 an—
2082 3229 2126 3287 (ἶ

481 3339 698 3407 geliqui
747 3340 1115 3394 ascendebant
1147 3349 1202 3393 et
1227 3339 1626 3393 descendebant
1670 3353 1832 3407 super
1860 3339 2056 3395 Filium

482 3433 736 3498 hominis,
769 3442 825 3487 et
853 3442 1200 3486 accesserunt
1226 3432 1291 3484 ad
1313 3446 1456 3492 eum,
1491 3440 1548 3485 et
1575 3431 1952 3486 ministrabant
1985 3433 2054 3488 ei.

484 3522 889 3576 liescenderunt
927 3533 1108 3576 autem
1139 3521 1336 3591 angeli,
1372 3523 1496 3589 quia
1525 3522 1675 3589 prior
1709 3522 2061 3578 descenderat

481 3613 756 3679 Christus,
792 3625 1096 3668 metuentes
1129 3611 1476 3680 descendere,
1518 3613 1830 3683 priusquam
1880 3615 2062 3669 Domi-

487 3720 586 3758 nus
608 3705 866 3759 virtutum
897 3705 1162 3768 onmium,
1195 3717 1481 3772 rerumque
1513 3707 1848 3775 praeciperet.
1880 3707 2062 3772 Quan-

485 3798 555 3850 do
599 3806 778 3851 autem
825 3799 1077 3852 viderunt
1123 3795 1430 3866 Priueipem
1474 3798 1678 3852 militia:
1720 3799 1956 3854 ccelestis
2005 3801 2059 3854 in

485 3889 836 3944 terrestribus
902 3887 1034 3943 locis
1088 3889 1434 3954 commorari,
1490 3899 1617 3944 tunc
1666 3906 1762 3961 per
1816 3901 2059 3960 apertam

485 3982 626 4034 viam
670 3979 896 4049 ingressi
946 3987 1074 4034 sunt
1123 3989 1408 4050 sequentes
1446 3980 1729 4036 Dominum
1768 3998 1948 4050 suum,
2008 3993 2062 4040 et

483 4082 735 4142 parentes
765 4071 1027 4127 voluntati
1061 4072 1200 4143 ejus,
1241 4073 1334 4141 qui
1370 4072 1648 4128 distribuit
1683 4089 1776 4130 eos
1809 4079 2062 4133 custodes

483 4163 821 4217 credentium
854 4161 1053 4216 nomini
1078 4176 1199 4217 suo.
1235 4160 1313 4215 Tu
1346 4160 1460 4215 heri
1501 4163 1603 4218 sub
1629 4163 1892 4220 dannonio
1912 4179 2057 4232 eras,

487 4255 644 4310 hodie
672 4255 771 4309 sub
801 4254 1013 4326 angelo.
1041 4273 1060 4307 ι
1098 4254 1301 4310 Deinde
1331 4270 1344 4307 :
1376 4271 1394 4304 ι
1422 4252 1704 4309 Multitudo
1725 4256 1927 4310 militiai.
1950 4270 2063 4310 c03-

487 4346 638 4401 lestis
698 4355 816 4402 erat
879 4347 1215 4401 laudantium
1277 4359 1332 4403 et
1390 4349 1803 4419 gloriﬁcantium
1856 4347 2057 4413 Deum;

486 4437 700 4505 quando
751 4447 908 4492 natus
945 4446 1028 4493 est
1077 4437 1346 4494 Christus.
1405 4437 1596 4493 Omnia
1652 4437 1859 4507 angelis
1902 4439 2061 4507 plena

488 4537 632 4582 sunt.
665 4526 834 4594 Veni,
881 4529 1087 4599 angele,
1120 4532 1333 4600 suscipe
1355 4543 1603 4584 sermone
1642 4543 1960 4584 conversum
1993 4527 2062 4582 ab

488 4633 676 4673 errore
694 4619 948 4688 pristino.
976 4639 994 4671 ι
1031 4619 1216 4675 Robur
1246 4621 1329 4674 bis
1351 4619 1564 4672 additur
1587 4633 1652 4673 ex
1687 4619 1788 4674 hoc
1819 4619 2061 4675 testimo-

490 4710 580 4764 nio
612 4710 795 4764 homil.
835 4710 906 4765 25
936 4713 989 4765 in
1017 4710 1147 4768 Luc.
1182 4728 1201 4767 :
1237 4732 1257 4764 ι
1283 4712 1390 4780 Ego
1418 4727 1523 4766 non
1556 4712 1770 4781 ambigo
1793 4720 1846 4765 et
1873 4713 1925 4765 in
1953 4726 2063 4765 cm-

488 4813 545 4856 ιιι
573 4812 756 4858 nostro
778 4804 965 4860 adesse
982 4805 1218 4875 angelos,
1248 4821 1351 4860 non
1378 4805 1547 4861 solum
1573 4805 1895 4874 generaliter
1914 4804 2060 4856 οηιηί

492 4895 768 4959 Ecclesiae,
804 4895 897 4949 sed
934 4897 1096 4951 etiam
1129 4897 1443 4967 sigillatim;
1481 4899 1546 4950 de
1579 4897 1773 4964 quibus
1813 4895 2063 4948 Salvator

491 4988 566 5042 ait
593 5005 608 5041 :
641 4987 825 5056 Ληριίὶ
855 5004 1036 5041 eorum
1066 5003 1267 5056 semper
1303 4988 1477 5042 uident
1515 4988 1704 5054 faciem
1750 4985 1931 5040 Patris
1963 4986 2064 5038 mei

489 5078 580 5147 qui
608 5077 661 5131 in
698 5079 840 5132 caelis
879 5089 953 5131 est
977 5077 1044 5136 ⁸⁸.
1082 5078 1285 5147 Duplex
1318 5077 1405 5131 hic
1450 5079 1606 5131 adest
1640 5076 1901 5141 Ecclesia,
1951 5091 2058 5128 una

493 5170 796 5234 hominum,
823 5169 991 5224 altera
1021 5172 1357 5239 angelorum.
1385 5168 1444 5227 Si
1462 5169 1588 5238 quid
1612 5168 1768 5237 juxta
1794 5169 2057 5222 rationem

493 5269 550 5314 ct
573 5260 725 5330 juxta
760 5260 1163 5330 Scripturarum
1191 5261 1421 5315 dicimus
1438 5258 1788 5321 voluntatem,
1816 5256 2065 5311 laetantur

496 5351 691 5420 angeli,
728 5360 784 5404 et
816 5365 974 5406 orant
1005 5351 1305 5406 nobiscum.
1337 5371 1354 5402 ι
1386 5353 1572 5419 Itaque
1613 5349 1955 5418 perspicuum
1983 5355 2066 5402 est

500 5457 601 5496 non
630 5442 939 5511 episcopum
965 5442 1337 5510 interpellasse
1364 5440 1650 5510 Origenem
1686 5440 1738 5494 in
1769 5442 1948 5505 priore
1975 5438 2066 5492 illo

502 5533 640 5599 loco,
673 5536 765 5588 sed
800 5538 1048 5602 angelum
1081 5538 1379 5589 invocasse.
1414 5531 1688 5585 Incassum
1723 5545 1851 5600 ergo
1880 5529 1944 5583 ad
1969 5544 2065 5581 an-

501 5623 742 5694 gelorum
774 5627 1164 5697 repudiandum
1180 5625 1381 5681 cultqu
1409 5623 1655 5696 Origenis
1686 5621 2061 5681 auctoritatem

577 5823 622 5858 °’
654 5824 837 5882 llattb.
879 5839 1028 5892 xvtu,
1065 5822 1148 5878 l0.

2151 1974 2383 2028 taliones
2406 1972 2522 2026 Filii
2545 1988 2683 2027 esse.
2712 1991 2730 2024 ι
2762 1972 2981 2027 Crimen
3011 1973 3153 2026 istud
3188 1970 3458 2041 quomodo
3490 1973 3556 2027 ab
3587 1971 3726 2025 Ada-

2149 2063 2354 2118 mantio
2382 2062 2641 2132 depulerit
2665 2077 2964 2131 anonymus
2991 2061 3110 2122 iste,
3136 2060 3386 2129 equidem
3413 2060 3632 2126 nescio;
3661 2075 3728 2114 ex

2149 2153 2328 2210 Photii
2363 2162 2542 2206 tamen
2574 2151 2756 2204 verbis
2801 2150 2853 2204 id
2885 2150 3100 2203 videtur
3139 2149 3424 2217 consequi,
3471 2158 3727 2217 tanquam

2150 2245 2284 2299 falso
2313 2243 2570 2306 conﬁcta,
2595 2253 2649 2296 et
2677 2240 2896 2310 Origeni
2925 2256 3022 2310 per
3042 2240 3369 2294 calumniam
3403 2241 3633 2308 impacta
3659 2241 3728 2294 ab

2149 2338 2252 2391 hoc
2298 2333 2415 2402 ejus
2446 2341 2674 2400 patrono
2713 2332 2878 2385 fuisse
2917 2331 3216 2386 confutata.
3249 2330 3630 2384 Verumtamen
3671 2338 3732 2383 ut

2151 2429 2280 2483 illud
2307 2430 2374 2482 ab
2394 2426 2628 2495 Origene
2660 2425 2918 2492 scriptum
2939 2423 3152 2483 demus.
3187 2423 3392 2492 liquido
3424 2433 3606 2475 tamen
3640 2421 3728 2489 ju-

2154 2517 2404 2578 raverim,
2438 2525 2496 2568 ut
2533 2514 2637 2567 alia
2669 2513 2782 2566 fere
2817 2513 3025 2576 omnia,
3055 2513 3134 2566 sic
3161 2527 3224 2566 ea
3259 2526 3474 2580 quoque
3500 2511 3634 2582 ἀλλη
3651 2529 3732 2579 το-

2155 2608 2320 2681 ρικῶς
2350 2609 2523 2675 ipsum
2555 2605 2919 2673 proposuisse.
2959 2603 3156 2656 Eadem
3208 2603 3390 2671 itaque
3437 2603 3614 2656 valeat
3645 2604 3734 2657 hic

2153 2697 2456 2768 responsio,
2503 2710 2608 2763 qua
2642 2696 2708 2748 ad
2751 2710 2872 2748 eum
2905 2708 3068 2761 supra
3109 2692 3481 2746 excusandum
3519 2692 3599 2745 usi
3640 2707 3732 2746 su-

2155 2807 2294 2854 mus,
2336 2806 2458 2845 cum
2497 2787 2694 2841 Filium
2731 2796 2786 2839 et
2819 2785 3082 2854 Spiritum
3135 2795 3385 2839 sanctum
3435 2785 3570 2839 duos
3611 2799 3734 2840 esse

2157 2883 2529 2954 Seraphimos,
2559 2890 2613 2934 et
2640 2880 2913 2934 Cbristmn
2952 2890 3166 2947 quoque
3199 2878 3370 2930 virum
3402 2892 3526 2932 eum
3575 2880 3732 2932 steri-

2159 2975 2266 3030 lem
2327 2988 2452 3029 esse
2509 2973 2748 3036 diceret,
2803 2983 2964 3039 quem
3021 2977 3412 3024 commemorat
3469 2967 3734 3024 Jeremias

2157 3082 2277 3135 cap.
2309 3080 2448 3128 mi,
2481 3077 2625 3117 vers.
2647 3059 2748 3115 '50..

2226 3156 2518 3213 XXXVI".
2560 3155 3054 3219 Animadvertimus
3092 3168 3253 3222 supra
3303 3153 3512 3209 diversa
3541 3155 3731 3226 Orige-

2160 3269 2280 3308 nem
2311 3250 2515 3320 angelis
2545 3263 2610 3302 ae
2644 3248 2979 3303 daemonibus
3019 3246 3290 3301 aﬁinxisse
3321 3262 3570 3315 corpora,
3598 3251 3731 3303 citra

2161 3345 2322 3398 ullum
2349 3341 2539 3405 οὐσίας
2572 3350 2627 3396 et
2666 3348 2874 3393 natura:
2905 3339 3219 3393 discrimen.
3265 3337 3343 3392 Ex
3373 3353 3438 3393 ea
3481 3341 3734 3409 opinione

2161 3445 2285 3489 nata
2321 3447 2402 3490 est
2433 3434 2522 3487 illa
2559 3434 2750 3497 altera,
2779 3431 3018 3486 crassius
3045 3431 3166 3494 hoc,
3197 3439 3251 3484 et
3285 3431 3396 3483 aeri
3430 3439 3614 3485 nostro
3643 3443 3734 3482 co-

2159 3536 2378 3596 gnatum
2409 3526 2710 3580 dremonum
2739 3541 2956 3595 corpus,
2982 3538 3070 3578 res
3101 3521 3182 3577 sui
3213 3522 3425 3592 generis
3456 3531 3734 3591 appetere,

2159 3617 2368 3674 sullitus
2401 3628 2549 3686 puta,
2588 3626 2639 3672 et
2675 3619 2890 3672 nidores
2926 3616 3344 3674 sacriﬁciorum,
3403 3627 3468 3667 ac
3511 3613 3739 3680 sangui-

2161 3727 2282 3764 nem
2310 3711 2471 3763 etiam
2495 3711 2840 3763 victimarum
2879 3709 3133 3775 ligurire;
3165 3723 3265 3762 nec
3301 3707 3364 3759 iis
3394 3714 3602 3757 tantmn
3638 3704 3736 3754 de-

2161 3802 2368 3867 lectari,
2417 3803 2560 3872 quod
2589 3804 2834 3856 homines
2883 3799 3198 3854 idololatria:
3247 3799 3456 3852 deditos
3489 3810 3609 3850 esse
3655 3796 3737 3846 vi-

2161 3893 2344 3959 deant,
2388 3897 2483 3948 sed
2531 3895 2696 3948 etiam
2737 3901 2958 3962 propter
2997 3891 3332 3956 voluptatem
3385 3903 3448 3940 ac
3495 3885 3738 3947 delicias,

2160 3983 2360 4053 quibus
2395 3999 2583 4039 eorum
2623 3998 2854 4054 corpora
2894 3981 3224 4036 aﬁiciuntur.
3261 3977 3524 4050 Origenes
3547 3977 3640 4030 lib.
3677 3991 3741 4030 ιιι

2159 4083 2342 4129 contra
2374 4074 2538 4139 σεῖε..
2591 4091 2740 4129 num.
2776 4075 2841 4129 57
2875 4093 2888 4129 :
2919 4074 3128 4136 Πάντες
3173 4071 3292 4141 μὲν,
3323 4069 3517 4137 inquit,
3544 4068 3591 4119 οἱ
3629 4064 3744 4118 θεοὶ

2159 4164 2267 4219 τῶν
2292 4165 2461 4219 ἐθνῶν
2490 4167 2594 4218 εἱσι
2626 4164 2880 4233 δαιμόνια
2913 4162 3090 4232 λιχνὰ,
3122 4162 3217 4214 καὶ
3254 4159 3380 4228 περὶ
3410 4158 3506 4221 τὰς
3527 4156 3740 4218 Θυσίας,

2161 4255 2256 4309 καὶ
2307 4256 2376 4309 τὰ
2416 4257 2642 4326 αἵματα,
2678 4255 2773 4308 καὶ
2809 4254 2906 4317 τὰς
2935 4253 3042 4305 ἀπὸ
3073 4252 3178 4304 τῶν
3223 4248 3423 4302 θυσιῶν
3461 4245 3746 4316 ἀποφορὰς

2161 4346 2570 4417 καλινδούμενα,
2605 4346 2697 4397 ἐπὶ
2717 4344 2900 4416 ἀπάτῃ
2916 4342 3024 4396 τῶν
3052 4341 3125 4412 μὴ
3149 4337 3637 4412 προσπεφευγότων
3666 4333 3746 4405 τῷ

2162 4438 2254 4493 ἐπὶ
2295 4440 2430 4490 πᾶσι
2477 4436 2624 4507 Θεῷ·
2662 4447 2718 4491 et
2751 4436 2845 4492 lib.
2871 4451 2940 4488 vn
2987 4445 3273 4504 sequente,
3311 4448 3457 4486 nunt.
3500 4429 3552 4493 5,
3593 4437 3742 4496 post-

2093 4571 2137 4625 D
2165 4545 2324 4598 quam
2349 4529 2497 4597 .dixit
2534 4528 2758 4596 Spiritus
2789 4525 3053 4596 quosdam
3095 4525 3336 4591 impuros
3369 4524 3515 4578 circa
3543 4532 3747 4575 terram

2165 4622 2380 4689 degere,
2413 4620 2516 4673 hoc
2544 4617 2801 4687 subjicit:
2842 4615 3004 4687 Δηλοῖ
3034 4615 3090 4668 δὲ
3134 4615 3193 4668 τὸ
3225 4613 3463 4667 τοιοῦτον
3497 4612 3623 4674 τοὺς
3645 4611 3748 4664 αὐ-

2162 4711 2290 4774 τοὺς
2322 4709 2611 4779 τυγχάνειν
2649 4709 2743 4761 καὶ
2767 4707 2848 4773 τὸ,
2881 4708 3000 4769 ταῖς
3041 4703 3149 4758 ἀπὸ
3176 4703 3283 4756 τῶν
3312 4701 3511 4756 θυσιῶν
3548 4700 3750 4753 ἀναθυ-

2167 4805 2383 4874 μιάσεσι
2421 4803 2516 4855 καὶ
2549 4803 2663 4863 ταῖς
2697 4798 2805 4850 ἀπὸ
2833 4798 2941 4851 τῶν
2978 4796 3224 4867 αἱμάτων
3249 4795 3342 4847 καὶ
3366 4792 3752 4862 ὁλοκαυτωμά-

2163 4913 2270 4949 των
2300 4894 2602 4964 ἀποφοραῖς
2630 4889 2939 4962 τρεφόμενα
2973 4889 3152 4942 αὐτῶν
3189 4887 3257 4940 τὰ
3295 4885 3540 4955 σώματα,
3589 4883 3752 4953 φιλη-

2163 4985 2456 5040 δονούντων
2508 4985 2621 5044 τοῖς
2678 4979 2960 5044 τοιούτοις,
3011 4981 3098 5032 ἐπ’
3139 4978 3268 5032 αὐτὸ
3318 4977 3604 5046 τυγχάνειν
3649 4990 3749 5026 τοι.

2158 5074 2397 5146 ὡσπερεὶ
2426 5072 2707 5142 φιλοζωεῖν
2730 5089 2744 5102 ο
2787 5081 2840 5126 et
2865 5071 2958 5124 lib.
2993 5085 3108 5136 vm,
3133 5086 3279 5122 num.
3305 5068 3373 5121 50
3397 5085 3408 5120 :
3438 5066 3518 5118 Τὰ
3546 5065 3602 5118 δὲ
3636 5080 3756 5119 πνι-

2161 5165 2284 5230 κτὰ,
2311 5163 2405 5217 τοῦ
2451 5164 2683 5233 αἵματος
2725 5161 2802 5236 μὴ
2845 5162 3212 5234 ἐκκριθέντος,
3238 5160 3375 5230 ὅπερ
3407 5159 3572 5227 φασὶν
3607 5151 3754 5211 εἶναι.

2164 5257 2367 5326 τροφὴν
2399 5252 2692 5322 δαιμόνων,
2739 5254 3088 5324 τρεφομένων
3123 5254 3242 5313 ταῖς
3281 5250 3374 5306 ἀπ’
3410 5247 3577 5302 αὐτοῦ
3621 5247 3782 5332 (Σινα-Ι

2166 5345 2519 5415 θυμιάσεσιν·
2553 5343 2884 5414 ἀπαγορεύει
2928 5346 2957 5396 ὁ
2989 5345 3167 5411 λόγος,
3212 5343 3298 5395 ἵνα
3341 5341 3415 5411 μὴ
3452 5338 3756 5410 τραφῶμεν

2171 5437 2343 5506 τροφῇ
2389 5435 2687 5505 δαιμόνων·
2736 5447 2790 5488 et
2832 5437 2883 5488 in
2922 5434 3248 5501 Protreplico
3303 5435 3371 5484 ad
3411 5431 3756 5499 martyrium,

2174 5542 2324 5578 num.
2348 5526 2417 5578 45
2449 5544 2462 5578 :
2509 5527 2663 5578 Ἐπεὶ
2709 5526 2765 5578 δέ
2799 5543 2944 5588 τινες
2993 5525 3066 5595 μὴ
3106 5522 3442 5595 θεωροῦντες
3481 5521 3572 5574 τὸν
3625 5519 3759 5590 περὶ

2171 5617 2277 5671 τῶν
2303 5617 2568 5688 δαιμόνων
2591 5617 2764 5692 λόγον,
2804 5620 2894 5673 καὶ
2920 5617 2995 5680 ὡς
3028 5616 3167 5687 ὑπὲρ
3206 5615 3298 5669 τοῦ
3329 5612 3666 5684 παραμένειν
3695 5610 3757 5664 ὲν
