4160 6468
464 403 569 460 895

1294 401 1870 462 ORIGENIANORUM
1912 405 2042 460 Llii.
2085 404 2150 470 II,
2191 403 2348 460 CAP.
2391 404 2459 470 II,
2499 403 2777 471 QCEST.
2811 399 2899 458 VI.

3622 401 3730 458 894

463 523 542 594 τῷ
569 522 732 591 πάχει
777 521 949 591 τούτῳ
977 522 1070 574 καὶ
1099 521 1356 592 περιγείῳ
1389 522 1532 594 ἀέρι,
1575 523 1814 594 δεόμενοι
1845 525 2050 595 τροφῆς

2156 524 2209 577 in
2243 523 2446 577 nullam
2483 522 2752 576 inclinans
2779 531 3013 592 partem,
3041 520 3314 592 subiungit
3336 521 3550 576 tandem
3575 537 3726 576 num.

461 615 559 684 τῆς
591 611 681 666 διὰ
711 611 818 663 τῶν
853 611 1268 682 ἀναθυμιάσεων
1301 615 1646 684 ἐπιτηροῦσιν
1683 616 1817 667 ὅπου
1853 615 2043 667 κνίσσσ.

461 703 581 756 ἐστὶ
625 703 722 756 καὶ
771 704 1000 773 αἵματα,
1043 703 1134 754 καὶ
1167 701 1476 766 λιϐανωτοὶ,
1510 706 1932 770 ἐξευτελίζουσιν
1971 706 2042 768 ὡς

464 795 753 865 ἀδιάφορον
778 795 836 847 τὸ
865 794 1033 856 θύειν,
1071 793 1318 864 εἴποιμεν
1347 795 1414 847 ἂν
1449 797 1540 848 καὶ
1575 797 1708 868 πρὸς
1733 797 1928 858 ταῦτα,
1961 797 2042 848 ὅτι

460 887 618 957 εἴπερ
637 890 686 940 οἱ
716 885 920 956 τροφὰς
946 886 1190 956 λῃσταῖς,
1223 885 1316 939 καὶ
1349 887 1590 955 φονεῦσι,
1627 889 1718 940 καὶ
1748 887 2045 958 βαρϐάροις

461 975 672 1045 ἐχθροῖς
696 974 788 1026 τοῦ
817 975 1052 1044 μεγάλου
1082 974 1344 1043 βασιλέως
1369 977 1711 1045 παρέχοντες,
1738 977 1813 1040 ὼς
1845 977 1904 1029 τὸ
1934 994 2045 1029 κοι-

461 1065 548 1118 νὺν
579 1066 933 1136 ἀδικήσαντες
969 1065 1320 1129 κολάζονται·
1359 1067 1507 1136 πόσῳ
1543 1066 1700 1120 πλέον
1738 1071 1786 1120 oi
1809 1071 1917 1131 τοῖς
1943 1069 2043 1138 τῆς

461 1154 654 1217 κακίας
681 1155 978 1224 ὑπηρέταις
1004 1153 1092 1207 διὰ
1121 1153 1214 1207 τοῦ
1255 1154 1399 1207 θύειν
1431 1155 1660 1220 διδόντες
1695 1157 1896 1227 τροφὰς
1937 1175 2043 1209 πα-

461 1243 866 1316 ρακατεχούσας
891 1246 1086 1309 αὐτοὺς
1129 1248 1186 1298 ἐν
1220 1245 1296 1316 τῷ
1323 1246 1585 1318 περιγείῳ
1633 1248 1803 1317 τόπῳ,
1843 1249 2043 1302 δικαιό-

458 1353 596 1390 τατα
627 1337 692 1392 ἂν
726 1337 1058 1404 ἐγκαλοῖντο.
1741 1387 1744 1392 .

534 1429 588 1480 In
613 1427 800 1480 eadem
843 1443 1002 1495 porro
1025 1445 1090 1480 ac
1121 1425 1382 1496 Origenes
1411 1441 1578 1480 causa
1624 1436 1750 1480 sunt
1781 1428 2044 1484 vetustior

461 1520 556 1574 illo
583 1519 848 1580 Justinus,
877 1529 932 1573 et
971 1519 1245 1573 recentior
1277 1519 1554 1573 Maternus
1579 1519 1871 1583 Firmicus,
1891 1535 2042 1589 quo-

461 1627 580 1665 rum
618 1611 706 1664 ille
733 1610 948 1678 Apolog.
979 1624 997 1662 ι
1032 1610 1222 1662 scribit
1250 1615 1472 1678 angelos
1505 1610 1808 1678 perduelles
1833 1611 1884 1663 in
1921 1626 2040 1665 ser-

457 1699 684 1751 vitutem
711 1697 962 1750 homines
985 1697 1279 1766 redegisse,
1304 1713 1424 1750 cum
1454 1699 1574 1751 aliis
1597 1700 1790 1761 modis.
1821 1708 1932 1754 tum
1953 1699 2041 1752 διὰ

456 1785 678 1856 διδαχῆς
711 1785 966 1856 θυμάτων
1011 1786 1108 1838 καὶ
1131 1784 1510 1856 θυμιαμάτων,
1539 1789 1634 1840 καὶ
1668 1789 1928 1852 σπονδῶν,
1965 1783 2040 1842 ὧν

2151 615 2184 668 5
2219 632 2233 668 :
2271 633 2290 665 ι
2316 615 2382 667 Et
2426 630 2524 668 nos
2551 615 2766 684 quidem
2798 621 2955 682 prout
2989 615 3279 682 potuimus,
3302 627 3369 666 ex
3390 611 3727 680 singulorum

2152 707 2402 773 personis
2450 721 2571 774 quae
2601 705 2705 758 dici
2759 713 2986 772 possunt
3033 703 3410 772 disputationis
3452 717 3614 756 causa
3659 701 3730 756 de

2149 795 2376 864 singulis
2399 795 2745 864 dogmatibus
2779 795 2831 846 in
2857 794 3092 847 medium
3125 793 3460 861 protulimus.
3498 792 3598 859 Qui
3625 807 3730 847 atl-

2152 897 2260 940 tem
2291 887 2444 957 legit,
2493 886 2656 955 eligat
2685 901 2752 940 ex
2789 887 2872 938 his
2899 901 3020 954 quae
3051 886 3224 954 magis
3265 884 3632 954 amplectenda
3655 881 3732 938 sit

2147 980 2307 1036 ratio.
2334 999 2354 1031 ι
2405 979 2702 1034 Denuntiat
2737 989 3000 1048 praeterea
3043 994 3146 1030 non
3185 978 3372 1042 semel,
3411 977 3728 1048 διαπορητι-

2149 1071 2262 1136 κῶς
2301 1087 2422 1126 sese
2452 1071 2742 1134 disserere,
2774 1086 2880 1123 non
2908 1069 3294 1139 καταφατικῶς
3319 1069 3490 1138 loqui,
3515 1069 3728 1138 siquan-

2147 1165 2216 1217 do
2239 1161 2387 1216 visus
2413 1171 2495 1216 est
2525 1162 2731 1231 aliquid
2763 1163 2830 1214 de
2856 1175 2919 1213 ea
2961 1177 3017 1214 re
3052 1171 3314 1223 statuere,
3347 1169 3533 1228 utpote
3554 1159 3729 1214 incer-

2149 1264 2228 1316 ta,
2270 1255 2504 1308 nomium
2531 1254 2784 1307 Ecclesiae
2824 1254 3062 1308 decretis
3095 1252 3422 1323 Origeniano
3453 1266 3588 1314 arvo,
3625 1265 3728 1306 nec

2147 1345 2318 1400 multo
2357 1345 2754 1400 recentioribus
2775 1346 3029 1410 deﬁnita;
3061 1345 3512 1414 quemadmodum
3546 1344 3729 1398 decla-

2147 1439 2358 1493 rabitur
2395 1437 2646 1491 inl'erius.
2697 1437 2750 1490 Id
2787 1435 3075 1490 conﬁrmat
3111 1433 3418 1504 Pamphilus
3453 1435 3506 1488 in
3529 1434 3727 1502 Apolo—

2147 1530 2269 1600 gia;
2296 1529 2542 1597 quamvis
2572 1527 2968 1596 disputationes
2997 1525 3251 1596 Origenis
3273 1525 3351 1579 vel
3372 1525 3728 1590 assertiones,

2145 1637 2284 1692 quas
2327 1622 2395 1675 de
2445 1621 2640 1674 animae
2693 1629 2838 1673 statu
2884 1627 2937 1673 et
2983 1617 3388 1687 dispensatione
3425 1617 3725 1686 proposuit,

2145 1711 2434 1766 nonnullos
2470 1711 2719 1778 culpasse
2743 1709 2995 1764 fateatur.

2219 1801 2285 1856 II.
2312 1802 2582 1870 Imprimis
2613 1812 2818 1864 autem,
2845 1802 3080 1855 maxima
3107 1800 3236 1856 illud
3259 1800 3725 1857 animadversione

459 1878 656 1941 ἐνδεεῖς
678 1877 951 1946 γεγόνασι,
1005 1879 1144 1950 μετὰ
1166 1879 1226 1931 τὸ
1261 1879 1488 1934 πάθεσιν
1517 1881 1822 1952 ἐπιθυμιῶν
1851 1883 2046 1936 δουλω-

2148 1895 2364 1963 dignum
2397 1903 2502 1958 est,
2533 1908 2598 1946 ex
2643 1893 2890 1961 superius
2920 1902 3221 1946 memorato
3250 1895 3466 1962 gemino
3494 1892 3596 1947 hoc
3631 1893 3728 1946 do-

458 1967 640 2038 θῆναι,
689 1970 974 2022 «docendo
1011 1969 1430 2030 sacriﬁciorum,
1499 1970 1769 2022 sullituum
1801 1981 1856 2024 et
1897 1972 2035 2024 liba—

463 2061 666 2112 tionnm
715 2061 869 2122 ritus,
909 2063 1105 2128 quibus
1159 2069 1270 2114 tum
1317 2060 1690 2130 indiguerunt,
1748 2071 2034 2130 postquam

457 2153 812 2221 cupiditatum
858 2153 1231 2206 all'ectionibus
1281 2168 1402 2208 sese
1455 2155 1888 2212 sulnniserunt.»
1941 2155 2038 2209 Ilic

459 2257 590 2297 vero
631 2258 750 2312 cap.
782 2244 849 2296 M
889 2243 1010 2296 libri
1057 2243 1132 2296 De
1175 2260 1344 2300 error.
1387 2245 1600 2312 profan.
1646 2245 1798 2314 relig.
1844 2250 2038 2300 asserit

459 2335 816 2389 substantiam
851 2337 1152 2390 daemonum
1175 2350 1204 2388 a
1242 2337 1456 2390 diabolo
1497 2348 1880 2407 prognatorum
1913 2354 2036 2394 san-

459 2427 624 2496 guine
654 2426 996 2481 victimarum
1032 2428 1250 2480 nutriri.

1031 2539 1358 2606 QUIESTIO
1383 2541 1474 2595 VI.

1109 2645 1174 2684 DE
1207 2647 1394 2686 ΛΝΙΙᾹ.

457 2721 500 2776 I.
544 2721 620 2776 De
652 2723 841 2776 animle
870 2722 1068 2791 origine
1112 2725 1239 2792 quid
1262 2731 1510 2776 statueret
1552 2722 1798 2792 Origenes
1839 2735 2036 2777 eertum

530 2809 632 2845 non
676 2793 876 2846 habuit.
917 2793 980 2846 Il.
1019 2793 1104 2846 Ea;
1124 2791 1364 2861 dogmate
1391 2791 1806 2861 προῦπάρξεως.
1845 2807 1892 2845 et
1922 2811 2038 2860 per-

531 2864 670 2928 petui
707 2862 963 2916 libertatis
995 2879 1118 2916 usus
1157 2863 1388 2932 maxima
1426 2862 1860 2932 Origenianorum
1887 2880 2033 2915 erro-

533 2949 650 2984 rum
694 2949 814 3000 pars
861 2935 1133 3000 pro/luxit.
1197 2932 1276 2984 III.
1314 2931 1761 2985 Utrnm’animas
1815 2933 2036 2987 rationis

533 3013 790 3068 compotes
815 3020 840 3054 e
861 3003 1154 3055 substantia
1189 3003 1362 3054 diuina
1388 3002 1643 3054 delibatos
1668 3019 1776 3054 esse
1799 3019 2036 3055 asserue-

536 3075 621 3125 rit.
661 3071 746 3124 IV.
777 3072 856 3124 An
881 3089 968 3125 eas
995 3089 1209 3138 corpore
1231 3074 1572 3141 antiquiores,
1602 3073 1654 3123 in
1683 3071 1915 3137 illudque
1944 3089 2036 3135 pro

533 3145 753 3206 peccatis
784 3143 1036 3194 demissas
1076 3145 1357 3208 putaverit.
1400 3140 1464 3194 V.
1493 3140 1641 3194 Unde
1688 3157 1892 3202 nomen,
1919 3143 2036 3194 Ψυ-

533 3212 623 3282 χὴ.
651 3211 846 3294 Ila-Clu!!!
878 3213 1246 3294 nutumaverit.
1291 3211 1499 3294 Vl."l'._‘5c
1530 3211 1912 3294 It‘islntnltorum
1941 3213 2038 3294 eri-
2065 3239 2104 3294 ρ

529 3280 906 3334 minationibus
952 3293 1026 3334 est
1059 3283 1336 3348 appetitus.
1391 3280 1496 3337 Vll.
1539 3282 1616 3332 Αιι
1645 3282 1898 3334 doctrina:
1937 3283 2037 3334 hu-

522 3354 614 3419 jus
661 3352 826 3420 fontes
879 3353 1078 3419 digitus
1125 3353 1434 3404 intenditur.
1481 3351 1612 3404 VIII.
1648 3351 1826 3420 Quam
1875 3353 2034 3404 variis

529 3419 820 3486 scriptura:
865 3421 988 3474 locis
1031 3422 1216 3487 fulcire
1264 3433 1482 3474 conatus
1516 3432 1588 3474 est
1633 3419 1901 3488 Origenes.
1943 3421 2034 3475 IX.

533 3485 690 3544 Multi
747 3491 866 3543 licet
909 3485 1039 3543 eant
1076 3491 1314 3557 funditus
1369 3491 1704 3555 labefactent.
1731 3485 1815 3544 'X.
1848 3485 2038 3544 Patres

529 3561 642 3628 ejus
667 3571 947 3613 assertores
978 3572 1328 3612 recensentur.
1347 3558 1436 3612 XI.
1457 3559 1604 3613 Nihil
1627 3561 1708 3611 his
1727 3563 2038 3628 temporibus

532 3633 704 3697 fuerat
739 3631 804 3682 ab
846 3629 1080 3698 Ecclesia
1117 3645 1271 3694 super
1299 3631 1394 3682 hoc
1439 3639 1746 3698 argumento
1786 3633 2033 3698 determi-

531 3707 732 3752 natam.
765 3699 876 3751 XII.
913 3697 1024 3750 Nec
1048 3700 1213 3750 multo
1242 3697 1636 3752 recentioribus.
1679 3699 1815 3752 XIII.
1847 3697 2038 3752 Utrum

530 3771 734 3821 animus
759 3785 1058 3832 corporeus,
1097 3777 1146 3820 et
1173 3768 1318 3833 quali
1347 3785 1561 3835 corpore
1587 3771 1840 3834 prwditas
1862 3771 2036 3820 credi-

529 3838 682 3892 derit.
727 3836 866 3891 XIV.
899 3838 1175 3905 Origenem
1197 3835 1417 3890 Patrum
1446 3838 1728 3890 multorum
1767 3853 2034 3899 assensus,

530 3919 578 3960 et
607 3923 702 3960 sua
733 3923 984 3960 excusare
1027 3917 1191 3976 potest
1228 3908 1509 3959 limitatio.
1544 3905 1658 3960 XV.
1700 3907 1784 3960 Ex
1814 3907 2038 3976 antiqua

525 3977 853 4046 philosophia
893 3974 1191 4044 opinionem
1247 3993 1398 4028 suam
1431 3978 1768 4046 deprompsit.
1806 3974 2037 4046 Intriea-

530 4043 614 4102 tus
659 4043 1090 4101 Methodiilocus
1120 4045 1433 4112 expl‘catur.
1479 4047 1617 4100 XVI.
1647 4043 1843 4098 Utrum
1872 4045 2038 4097 solam

531 4120 764 4172 animam
802 4117 1064 4169 hominem
1103 4117 1414 4168 constituere
1441 4119 1650 4168 dixerit.
1695 4114 1854 4169 XVII.
1889 4113 2038 4166 Επαο

531 4191 766 4242 minatur
796 4185 1120 4255 Origeniana
1149 4186 1659 4255 μετενσωμάτωσις.
1712 4183 1892 4255 XVIII.
1930 4184 2036 4253 Py-

531 4261 856 4327 thagoricum
891 4253 1708 4327 pereptbdﬁwqtv__propugnasse
1737 4271 1766 4306 a
1801 4253 2040 4322 plurimis

528 4323 698 4382 dictus
728 4337 802 4380 est
829 4323 1201 4380 Adamantius.
1245 4323 1383 4377 XIX.
1415 4323 1732 4378 Sed’multis
1760 4337 2036 4393 purgatur.

529 4399 651 4454 XX.
680 4399 1179 4452 Metensomatoseos
1207 4407 1447 4448 auctores
1469 4398 1788 4461 produntur.

530 4491 574 4543 I.
611 4489 878 4555 Quoniam
937 4487 1212 4541 hominum
1247 4487 1480 4550 animus,
1515 4487 1758 4554 ejusdem
1806 4500 1928 4540 esse
1971 4501 2036 4540 ac

457 4583 678 4651 angelos
708 4579 916 4633 ordinis
955 4588 1010 4632 ct
1045 4589 1250 4630 naturae
1275 4577 1447 4632 voluit
1470 4576 1755 4646 Origenes,
1791 4578 2037 4646 explora-

459 4684 509 4730 ta
549 4674 738 4728 horum
788 4673 944 4741 juxta
979 4671 1147 4740 ipsius
1185 4671 1530 4726 deﬁnitiones
1561 4683 1776 4734 natura,
1827 4675 1894 4726 de
1931 4673 2036 4727 illis

459 4781 602 4820 nunc
631 4774 689 4818 ut
717 4779 962 4832 agamus,
995 4778 1176 4816 rerum
1208 4764 1380 4817 series
1407 4763 1696 4817 desiderat.
1725 4762 2035 4818 Observan-

457 4859 584 4911 dum
619 4871 748 4909 vero
788 4855 916 4908 illud
961 4863 1046 4908 est
1078 4865 1206 4908 ante
1240 4855 1443 4918 omnia,
1477 4855 1768 4909 obscurum
1811 4869 1876 4908 ac
1900 4853 2037 4908 ditii-

459 4950 559 5004 cile
582 4949 758 5002 visum
802 4949 903 5002 hoc
926 4959 1304 5017 argumentum
1328 4947 1571 5017 Origeni,
1611 4947 1800 5002 itidem
1827 4955 1886 5000 ut
1915 4948 2035 5000 aliis

461 5040 712 5094 Ecclesia:
744 5039 995 5092 Patribus
1037 5039 1328 5107 plerisque,
1379 5019 1698 5108 Sttitnnaque
1731 5039 1784 5092 in
1823 5038 2038 5093 haesita-

459 5134 604 5185 tione
648 5141 704 5186 et
746 5130 990 5198 angustia
1038 5129 1203 5184 fuisse
1243 5143 1540 5184 versatum.
1597 5132 1730 5184 Cum
1776 5133 1918 5185 enim
1968 5131 2034 5184 Ii-

457 5224 554 5276 bro
587 5239 644 5276 Ill
677 5221 749 5275 De
778 5223 1025 5289 princip.,
1081 5237 1202 5290 cap.
1239 5223 1293 5288 4,
1323 5239 1470 5275 nttm.
1503 5223 1555 5284 1,
1594 5223 1889 5290 praecipuas
1924 5231 2035 5277 tres

457 5315 821 5383 proposuisset
852 5315 917 5364 de
949 5312 1129 5365 anima
1163 5314 1494 5377 sententias;
1535 5323 1711 5365 utrum
1745 5313 1941 5381 duplex
1965 5315 2036 5366 sit

459 5405 508 5456 in
544 5403 724 5467 nobis,
764 5403 998 5455 divinior
1025 5403 1192 5454 altera
1225 5413 1278 5455 et
1305 5405 1370 5456 de
1391 5404 1531 5457 caelo
1565 5405 1904 5472 deprompta,
1931 5403 2032 5455 alia

460 5495 720 5557 inferior;
755 5507 820 5544 an
853 5509 956 5545 una
989 5501 1194 5545 tantum
1245 5493 1486 5546 ctelestis
1514 5491 1700 5560 juncta
1735 5493 1970 5560 corpori,
2007 5509 2035 5546 a

457 5601 564 5654 quo
587 5585 873 5639 inclinetur
899 5594 952 5638 et
984 5585 1320 5652 deprimatur
1352 5587 1420 5638 ad
1450 5585 1578 5638 vitia
1603 5603 1618 5650 ;
1647 5601 1714 5637 an
1743 5601 1868 5639 vero
1897 5601 2030 5638 con-

459 5688 566 5731 stet
599 5677 775 5729 anima
809 5679 1052 5746 partibus
1079 5677 1306 5739 duabus,
1355 5693 1582 5745 quarum
1621 5678 1726 5729 alia
1757 5679 1826 5732 sit
1869 5679 2034 5732 ratio-

463 5767 546 5820 nis
580 5767 872 5838 particeps,
917 5767 1126 5822 ratione
1155 5767 1323 5820 altera
1358 5779 1544 5822 careat
1569 5786 1581 5832 ;
1611 5779 1892 5838 postquam
1926 5771 2034 5824 sin-

463 5857 613 5930 gulas
641 5866 892 5912 accurate
915 5857 1198 5930 opiniones
1234 5859 1468 5919 excussit
1501 5875 1650 5914 mnu.
1680 5857 1736 5926 9,
1761 5859 1814 5924 '5,
1845 5859 1876 5920 4
1904 5869 1952 5912 et
1979 5864 2033 5926 ὲ),

2139 1994 2341 2054 gmate,
2370 1985 2632 2038 mentium
2668 1982 3087 2054 προῦπάρξεως,
3127 1992 3180 2035 et
3215 1982 3356 2052 pleni
3387 1997 3451 2036 ac
3484 1987 3724 2052 perpetui

2140 2078 2411 2134 libertatis
2448 2093 2574 2133 usus
2605 2092 2825 2146 semper
2870 2076 3106 2146 vigentis
3146 2091 3208 2130 ac
3253 2077 3513 2146 ﬂorentis,
3551 2080 3726 2134 maxi-

2140 2187 2284 2224 mam
2347 2169 2798 2240 Origenianormn
2856 2186 3103 2225 errorum
3166 2183 3374 2239 partem
3423 2173 3722 2240 prodiisse;

2138 2277 2264 2316 nam
2307 2261 2563 2330 proﬂuxit
2597 2261 2723 2316 inde
2767 2262 3026 2332 quidquid
3062 2263 3175 2318 fere
3213 2266 3354 2318 circa
3407 2265 3724 2331 angelorum

2137 2361 2388 2405 naturam
2426 2361 2710 2420 peccatum
2739 2351 2806 2405 ah
2853 2367 2918 2406 eo
2942 2363 3026 2406 est
3069 2375 3079 2408 :
3137 2355 3260 2408 inde
3291 2355 3720 2426 μετενσωμάτω-

2142 2458 2248 2506 σις,
2289 2441 2394 2496 alia
2435 2442 2648 2510 aliaque
2697 2457 2924 2512 corpora
2971 2443 3329 2501 subeuntibus
3375 2447 3590 2514 animis,
3624 2462 3726 2517 pro

2139 2535 2296 2588 vario
2325 2535 2596 2588 libertatis
2627 2550 2727 2590 usu
2779 2555 2792 2590 :
2841 2535 2968 2591 inde
3006 2537 3176 2591 solam
3231 2538 3465 2593 animam
3513 2541 3724 2596 censuit

2141 2627 2473 2682 constituere
2506 2628 2803 2696 hominem,
2832 2639 3109 2698 assumpto
3134 2630 3389 2684 nimirum
3421 2631 3473 2684 in
3503 2647 3721 2700 limitant

2142 2733 2394 2786 corpore,
2453 2727 2708 2787 tanquam
2755 2719 2972 2773 vinculo
3005 2730 3060 2776 et
3103 2723 3363 2790 compede
3419 2742 3433 2777 :
3487 2725 3626 2778 unde
3668 2732 3727 2780 et

2140 2807 2372 2861 tollenda
2401 2805 2504 2860 fuit
2545 2808 2893 2871 resurrectio,
2940 2825 3063 2861 nam
3107 2810 3236 2878 quid
3269 2825 3494 2880 corpore
3531 2809 3631 2865 hoc
3668 2824 3724 2866 et

2140 2900 2372 2954 vinculis
2392 2914 2530 2968 opus
2559 2898 2766 2952 homini
2798 2900 2850 2953 in
2885 2901 3156 2969 integrum
3191 2901 3489 2954 restituto?
3522 2901 3722 2958 Gratiae

2140 3001 2354 3056 quoque
2402 2987 2724 3040 beneﬁcium
2771 2989 2997 3055 peremit
3029 2988 3192 3040 nimia
3235 2988 3326 3042 illa
3353 2996 3407 3043 et
3433 2989 3722 3046 immodica

2142 3080 2384 3134 libertas.
2437 3079 2591 3133 Unde
2621 3095 2748 3135 vero
2791 3079 2994 3134 aﬁictas
3017 3081 3260 3135 dicemus
3288 3084 3454 3136 astris
3487 3085 3722 3150 animas,

2139 3181 2193 3224 et
2219 3171 2444 3226 liberum
2481 3171 2790 3239 arbitrium,
2815 3189 2978 3242 quam
3003 3189 3068 3228 ex
3107 3176 3210 3228 hoc
3237 3176 3496 3228 mentium
3533 3190 3724 3230 ascen-

2138 3277 2198 3316 su
2230 3271 2284 3316 et
2315 3263 2604 3329 descensu,
2631 3265 2926 3328 crassiora,
2956 3265 3038 3318 vel
3077 3265 3357 3320 subtiliora
3387 3280 3451 3321 ac
3481 3267 3716 3336 splendiv

2139 3354 2292 3407 diora
2324 3355 2672 3408 subeuntium
2703 3369 2930 3423 corpora
2959 3370 3058 3420 pro
3085 3355 3330 3410 meritis?
3381 3355 3523 3410 unde
3563 3371 3721 3410 vesa—

2139 3461 2206 3499 na
2240 3447 2356 3501 haec
2385 3457 2440 3500 et
2462 3445 2718 3516 pestifera
2744 3447 2948 3512 opinio,
2979 3447 3254 3502 Christum
3277 3446 3363 3500 vel
3390 3462 3608 3517 passum
3639 3447 3722 3502 vel

2143 3555 2426 3608 passurum
2452 3555 2551 3607 pro
2585 3539 2876 3604 sideribus,
2917 3557 3016 3610 pro
3037 3541 3244 3609 angelis
3283 3551 3338 3594 et
3363 3541 3720 3607 daemonibus,

2139 3644 2300 3697 qttam
2339 3644 2401 3682 ex
2441 3631 2612 3682 altera
2649 3629 2776 3692 ista,
2805 3639 3028 3696 peccato
3067 3637 3290 3682 naturas
3323 3627 3442 3680 illas
3471 3641 3593 3680 esse
3619 3628 3718 3682 ob—

2143 3721 2355 3784 noxias,
2389 3735 2494 3774 non
2531 3733 2688 3773 secus
2719 3734 2784 3773 ac
2827 3720 3114 3781 humanas,
3159 3720 3494 3787 proindeqne
3529 3717 3717 3770 eadem

2143 3812 2484 3878 reparatione
2511 3825 2576 3865 ac
2603 3811 2846 3865 remedio
2876 3810 3162 3880 indigere?
3209 3811 3314 3864 Sed
3341 3819 3398 3863 ct
3421 3809 3723 3877 praeﬁnitus

2139 3903 2519 3954 damnatorum
2545 3901 2826 3970 suppliciis
2852 3901 3042 3955 modus
3064 3917 3126 3953 nc
3151 3911 3359 3970 tempus
3375 3917 3440 3954 ex
3474 3916 3580 3969 quo
3603 3901 3722 3956 l'on-

2144 4001 2194 4046 te
2231 3993 2492 4055 manavit,
2523 4007 2686 4060 quam
2731 4007 2800 4044 ex
2832 4001 3213 4061 perseverante
3242 3993 3404 4044 etiam
3429 4002 3548 4060 post
3583 3991 3720 4044 inlli-

2141 4093 2258 4136 etas
2289 4097 2478 4152 poenas
2511 4083 2780 4138 libertatis
2807 4083 2943 4136 usu?
2979 4083 3222 4152 Denique
3243 4083 3430 4152 positis
3459 4083 3544 4137 his
3571 4099 3723 4137 uten-

2143 4173 2275 4226 tium
2305 4173 2749 4238 revolutionibus,
2783 4188 2846 4227 ac
2868 4189 3142 4241 nunquam
3191 4173 3432 4228 desituro
3457 4173 3714 4236 circuitu,

2145 4267 2354 4320 renasci
2395 4279 2610 4335 quoque
2657 4265 2887 4319 utendos
2941 4264 3234 4318 identidem
3283 4267 3543 4333 oportuit,
3594 4279 3717 4317 cum

2141 4357 2414 4412 mentibus
2441 4358 2617 4410 denuo
2656 4360 3008 4424 peccantibus
3047 4373 3181 4411 nova
3231 4359 3424 4410 iterum
3475 4355 3719 4426 paranda

2140 4455 2322 4500 essent
2344 4445 2580 4510 vincula,
2618 4461 2754 4499 nova
2781 4447 2989 4500 scilicet
3011 4447 3333 4514 imponemla
3369 4459 3618 4514 corpora,
3651 4459 3718 4497 ex

2074 4573 2114 4626 Β
2143 4553 2371 4606 quorum
2408 4539 2726 4592 diversitate
2762 4541 2996 4593 mundus
3024 4537 3330 4593 eiiiorescit.
3367 4537 3495 4601 Quae
3531 4537 3575 4590 si
3599 4537 3723 4604 quis

2141 4631 2456 4686 ohservabit
2486 4631 2795 4701 diligenter,
2827 4647 2930 4685 non
2967 4631 3389 4701 repugnantibus
3415 4639 3468 4684 et
3491 4629 3722 4698 dissipa-

2149 4728 2217 4780 tis
2239 4725 2584 4796 dogmatibus
2623 4735 2875 4780 constare
2908 4726 3209 4780 doctrinam
3243 4723 3492 4794 Origenis
3527 4722 3722 4776 fatebi-

2151 4827 2259 4884 tur,
2305 4818 2400 4874 sed
2435 4828 2559 4888 apte
2598 4835 2898 4873 connexum
2943 4833 3082 4884 esse,
3119 4828 3172 4872 et
3209 4818 3518 4871 necessaria
3560 4831 3722 4885 argu-

2145 4917 2450 4961 mentorum
2471 4911 2613 4964 scrie
2641 4925 2705 4963 ac
2732 4919 2944 4963 textura
2982 4911 3364 4962 cohaerentem.

2217 5017 2304 5072 III.
2333 5017 2572 5071 Primam
2598 5019 2651 5072 in
2695 5020 2796 5073 hac
2824 5019 3124 5088 quaestione
3148 5017 3406 5070 adversus
3434 5013 3718 5083 Origenem

2144 5113 2382 5168 intentat
2429 5114 2872 5167 criminationem
2934 5113 3292 5182 Hieronymus
3327 5109 3486 5178 epist.
3532 5107 3602 5161 59
3651 5109 3721 5162 ad

2145 5205 2313 5271 Avit.,
2339 5219 2460 5275 cap.
2487 5206 2545 5270 4,
2577 5221 2700 5259 cum
2735 5207 3056 5258 arbltratum
3089 5204 3260 5271 ipsum
3295 5201 3462 5254 fuisse
3497 5200 3574 5252 ait
3599 5199 3718 5252 ani-

2146 5314 2262 5352 nias
2301 5313 2512 5362 omnes,
2555 5307 2610 5352 et
2655 5313 2992 5367 qttutcunque
3033 5297 3244 5350 ratione
3279 5295 3501 5363 praedita
3537 5301 3664 5346 sunt
3690 5308 3722 5348 ο

2143 5391 2238 5444 Dei
2266 5391 2568 5444 substantia
2593 5405 2848 5458 expressa
2896 5389 3181 5457 prodiisse,
3215 5387 3518 5455 divinatque
3551 5388 3722 5453 ipsius

2145 5491 2354 5552 partem
2404 5497 2526 5535 esse
2583 5481 2924 5534 substantiae.
2962 5497 2980 5528 ι
3014 5478 3093 5531 Ne
3130 5491 3350 5547 parvam
3385 5489 3720 5546 putaremus,

2145 5577 2338 5644 inquit,
2399 5575 2730 5643 impietatem
2790 5587 2913 5625 esse
2983 5585 3169 5624 eorum
3221 5585 3342 5636 qua:
3385 5569 3722 5638 praemiserat

2146 5665 2452 5735 (Origenes)
2511 5665 2564 5717 in
2612 5663 2850 5730 ejusdem
2918 5662 3207 5716 voluminis
3275 5661 3436 5732 (Περὶ
3496 5659 3718 5730 ἀρχῶν)

2149 5759 2765 5828 lineconjungitomues
2825 5757 3175 5811 rationabiles
3233 5767 3474 5820 naturas,
3533 5757 3720 5822 idest

2152 5853 2390 5918 Patrem,
2427 5861 2482 5906 ct
2527 5849 2742 5917 Filium,
2771 5859 2818 5905 et
2857 5849 3118 5928 Spiritum
3173 5857 3442 5916 sanctum,
3473 5845 3720 5924 angelos,
