4160 6460
432 411 538 472 895

1685 428 1745 483 P.
1793 428 2112 483 DAMELIS
2152 429 2387 486 HUETII

3581 429 3686 484 896

423 552 740 614 potestates,
763 547 1182 614 dominationes,
1208 558 1540 619 exterasque
1555 551 1809 616 virtutes,
1833 551 2006 620 ipsum
2037 560 2084 614 Α
2112 554 2221 608 bet.
2256 573 2274 605 r
2310 552 2483 608 Unum
2514 553 2664 608 addit
2685 555 2934 618 verbum,
2955 553 3368 623 quodammodo,
3403 571 3422 603 ι
3455 551 3532 605 ait
3562 549 3688 606 Hie-

422 650 638 706 quoque
660 638 930 693 hominem
955 639 1250 694 secundum
1281 642 1475 696 anima:
1505 643 1822 709 dignitatem
1848 643 2008 696 unius

422 741 544 783 esse
584 727 924 784 substantiae.
973 729 1426 796 lnlelleetua’lem,
1467 733 1659 800 inquit,
1709 734 2007 787 rationabi-

423 817 637 888 lemque
680 832 930 874 naturam
976 823 1144 876 sentit
1178 822 1344 886 Deus,
1389 831 1445 877 et
1487 824 1797 892 unigenitus
1839 825 2008 880 Filius

421 911 565 980 ejus,
595 920 651 966 et
678 911 918 982 Spiritus
958 923 1221 979 sanctus;
1255 915 1496 968 sentiunt
1539 916 1739 984 angeli.
1768 925 1824 968 et
1851 927 2007 986 pote-

421 1011 611 1068 states,
636 1012 952 1072 cteterzeque
976 1005 1235 1072 virtutes;
1261 1007 1428 1059 sentit
1453 1006 1680 1060 interior
1698 1009 1878 1070 homo,
1915 1009 2008 1078 qui

422 1093 489 1147 ad
522 1093 810 1164 imaginem
841 1106 895 1150 et
927 1095 1336 1151 similitudinem
1372 1098 1465 1152 Dei
1494 1100 1749 1154 conditus
1779 1109 1883 1155 est.
1931 1101 2007 1154 Ex

420 1199 526 1251 quo
554 1187 900 1241 concluditur
929 1188 1119 1248 Deum.
1158 1197 1211 1242 et
1246 1189 1358 1244 haec
1409 1191 1813 1259 quodammodo
1851 1191 2010 1248 unius

419 1289 541 1330 esse
575 1277 914 1334 substantize.
941 1300 959 1332 ι
992 1281 1144 1348 Quod
1167 1284 1220 1336 in
1247 1281 1484 1352 Crigene
1512 1287 1867 1338 damnaverat
1893 1284 2012 1338 Ilie-

419 1384 703 1440 roaymus,
741 1371 878 1426 idem
910 1373 960 1427 in
995 1374 1639 1445 l’alzestiuisOrigeuistis
1664 1378 1883 1430 damnat
1911 1375 2006 1432 Ju-

419 1458 692 1516 stinianus
733 1462 785 1515 in
836 1463 1067 1532 epistola
1103 1467 1169 1520 ad
1212 1469 1457 1536 quintam
1514 1468 1802 1538 synodum,
1845 1484 2008 1538 quant

420 1547 584 1602 habet
623 1551 900 1604 Cedrenus
951 1573 964 1608 :
998 1555 1233 1624 Λέγουσι
1269 1557 1375 1628 γὰρ
1423 1558 1505 1610 ὃτι
1539 1559 1656 1622 νόες
1697 1554 1838 1630 ἦσαν
1887 1560 2009 1631 δίχα

420 1641 622 1704 παντὸς
673 1642 906 1714 ἀριθμοῦ
952 1663 1011 1699 τε
1060 1649 1151 1702 καὶ
1176 1650 1459 1720 ὀνόματος,
1493 1649 1569 1714 ὡς
1599 1652 1759 1705 ἐνάδα
1793 1653 2010 1706 πάντων

419 1727 560 1786 εἶναι
586 1733 693 1786 τῶν
720 1735 952 1804 λογικῶν
981 1743 1046 1810 τῇ
1073 1740 1358 1812 ταυτότητι
1387 1743 1489 1812 τῆς
1513 1743 1698 1808 οὐσίας
1731 1745 1825 1799 καὶ
1855 1746 2009 1816 ἐνερ-

418 1819 595 1888 γείας,
651 1824 748 1878 καὶ
784 1828 849 1896 τῇ
909 1825 1134 1898 δυνάμει
1180 1831 1247 1900 τῇ
1303 1830 1439 1902 πρὸς
1488 1833 1581 1885 τὸν
1636 1833 1768 1886 Θεὸν
1812 1833 2005 1902 Λόγσν,

421 1909 608 1966 ὲνὼσει
639 1931 699 1967 τε
726 1917 1044 1985 καὶγνώσει.
1070 1939 1087 1970 ι
1117 1922 1464 1978 Dieuntenitn
1485 1935 1692 1980 mentes
1707 1925 1875 1982 fuisse
1889 1930 2004 1981 abs-

2115 1930 2333 1985 cunque
2386 1916 2564 1984 ipsum
2616 1915 2812 1984 spiritu
2880 1916 3171 1971 adorarent

421 2017 527 2069 que
551 2020 776 2061 numero
803 2017 856 2062 et
885 2011 1125 2078 nomine,
1159 2013 1291 2068 adeo
1320 2024 1378 2068 ut
1411 2030 1593 2070 rerum
1624 2017 1866 2071 omnium
1919 2031 2006 2070 ra-

422 2095 706 2151 ti0nalium
744 2099 925 2154 unitas
980 2102 1072 2164 sit,
1100 2118 1223 2156 eum
1261 2103 1402 2160 idem
1457 2107 1567 2162 sint
1597 2107 1922 2174 substantia,
1952 2117 2008 2162 et

421 2189 764 2257 operatione,
795 2201 850 2245 et
877 2193 1078 2247 virtute
1109 2210 1227 2262 qua:
1261 2205 1346 2252 est
1373 2200 1514 2266 apud
1552 2199 1716 2254 Deum
1745 2199 2006 2265 Verbum,

424 2289 537 2334 tum
587 2283 914 2339 adunatione
945 2294 999 2339 et
1053 2289 1381 2358 cognitione.
1416 2308 1435 2341 ι
1495 2289 1745 2345 Gobarus
1789 2305 2004 2360 quoque

421 2369 688 2427 Tritbeita
731 2374 838 2439 ille,
877 2375 1030 2445 cujus
1072 2387 1329 2445 excerpta
1362 2377 1579 2449 collegit
1621 2378 1846 2435 Pbotius
1882 2381 2004 2435 cod.

419 2476 665 2528 ccxxx",
693 2466 941 2534 dogmata
980 2466 1172 2533 multa,
1194 2484 1313 2537 qua:
1348 2470 1462 2524 fere
1495 2471 1818 2541 Origeniana
1857 2483 2003 2540 sunt,

423 2555 475 2606 in
511 2567 803 2626 utramque
852 2558 1134 2626 disputans
1190 2571 1421 2630 partem,
1473 2574 1666 2617 octavo
1711 2565 1829 2619 loro
1876 2566 2004 2620 illud

425 2646 603 2712 habet,
626 2648 700 2711 ὡς
729 2651 793 2702 ἐκ
826 2649 924 2720 τῆς
952 2650 1102 2713 θείας
1139 2652 1328 2716 οὐσίας
1363 2656 1395 2725 ἡ
1426 2654 1740 2726 ἀνθρωπίνη
1769 2655 2004 2728 προελή-

419 2735 546 2790 λυθε
591 2737 759 2812 ψυχή,
817 2757 926 2796 «ει
973 2742 1151 2796 divina
1204 2744 1508 2800 substantia
1549 2747 1840 2801 humanam
1883 2749 2004 2802 ani-

421 2843 563 2881 mam
593 2844 942 2898 pl'OCCSSISSC.
974 2853 993 2886 ›

494 2921 617 2975 Fuit
645 2923 736 2978 illa
767 2927 984 2995 quidem
1032 2927 1500 3000 Pythagoreorum
1555 2930 1831 2993 doctrina,
1865 2929 2005 2982 divi-

425 3025 508 3065 nae
555 3027 701 3068 aura;
741 3015 1010 3086 particula
1075 3021 1288 3076 animas
1340 3031 1563 3076 nostras
1611 3032 1898 3088 constare,
1949 3031 2006 3077 ct

425 3103 598 3161 Deum

776 3259 791 3275 .
839 3260 852 3274 .
899 3262 915 3276 .
956 3259 972 3274 .
1017 3260 1032 3276 .
1077 3263 1092 3277 .
1138 3262 1153 3277 .
1199 3224 1277 3278 ,⁷.
1317 3225 1511 3289 ireper-
1539 3241 1720 3279 omnes

2111 656 2375 711 ronymus
2407 642 2566 711 epist.
2611 641 2681 695 59
2710 645 2774 696 ad
2817 643 2988 709 Avit.,
3027 656 3147 710 cap.
3185 642 3240 707 1,
3278 661 3296 693 ‹
3324 649 3383 694 ut
3427 641 3563 694 tanti
3593 657 3686 696 sa-

2109 731 2317 800 crilegii
2346 732 2553 787 crimen
2585 733 2873 801 effugeret,
2904 752 2922 784 ι
2959 732 3043 787 vel
3070 732 3302 786 fortasse
3324 741 3382 786 ut
3415 731 3689 800 opinionis

2111 820 2272 887 hujus
2299 821 2614 890 neutiquam
2641 821 2856 876 afﬁnem
2889 836 2948 875 se
2973 836 3096 876 esse
3128 821 3452 875 declararet.
3483 820 3574 874 Sic
3600 820 3690 874 ille

2111 912 2328 980 quidem
2362 913 2414 965 in
2451 912 2590 965 libro
2624 911 2697 966 De
2722 915 3004 983 martyrio,
3035 930 3184 966 num.
3219 913 3284 966 47
3321 932 3334 966 :
3369 913 3567 966 Ἕτιδὲ
3593 915 3690 967 καὶ

2112 1002 2366 1072 φιλοζωεῖ
2397 1002 2492 1055 ἄνθ
2501 1020 2701 1071 ρωπος,
2726 1006 2929 1074 πεῖσμα
2971 1003 3150 1056 λαϐὼν
3178 1021 3243 1055 πε
3254 1004 3306 1074 ρ).
3329 1004 3514 1068 οὐσίας
3538 1005 3686 1073 λογι-

2111 1092 2215 1164 κῆς
2258 1093 2458 1164 ψυχῆς,
2495 1094 2570 1158 ὡς
2613 1094 2846 1165 ἐχούσης
2873 1113 2926 1147 τι
2949 1095 3210 1163 συγγενὲς
3230 1095 3368 1167 Θεῷ.
3401 1095 3553 1162 Quod
3585 1098 3628 1150 si
3657 1111 3690 1151 e

2112 1185 2207 1238 Dei
2259 1187 2566 1239 substantia
2617 1185 2914 1240 delibatam
2955 1185 3263 1239 censuisset
3294 1187 3550 1249 animam,
3579 1201 3686 1241 non

2113 1273 2270 1329 afﬁne
2314 1275 2518 1344 aliquid
2560 1274 2786 1340 habere,
2835 1275 2927 1329 sed
2979 1276 3152 1345 ipsius
3193 1276 3514 1344 particulam
3567 1291 3690 1330 esse

2113 1367 2342 1422 dixisset
2377 1366 2576 1422 :alIine
2623 1376 2804 1421 autem
2865 1382 2987 1422 cum
3048 1383 3115 1422 eo
3165 1367 3441 1438 quidpiam
3501 1368 3684 1434 habet,

2111 1460 2255 1529 quod
2285 1459 2352 1514 ad
2397 1457 2515 1526 ejus
2566 1459 2858 1530 imaginem
2907 1461 3126 1513 condita
3174 1459 3265 1523 sit,
3297 1459 3440 1528 quod
3486 1458 3690 1515 lumine

2112 1552 2296 1605 divino
2333 1550 2513 1605 vultus
2553 1551 2722 1620 ipsius
2765 1553 3012 1620 signatus
3065 1551 3157 1616 sit,
3199 1552 3340 1620 quod
3373 1553 3561 1606 mortis
3594 1569 3690 1607 ex-

2111 1655 2256 1710 pers,
2280 1650 2336 1695 et
2361 1641 2636 1696 beatitatis
2670 1650 2886 1696 aeterna:
2917 1657 3086 1711 capax
3111 1643 3200 1695 sit.
3245 1640 3568 1698 Planissime
3593 1657 3689 1698 ve-

2112 1747 2174 1785 ro
2206 1745 2448 1785 errorem
2480 1730 2624 1785 hunc
2673 1731 2976 1800 impietatis
3011 1733 3188 1802 arguit
3232 1732 3285 1785 in
3323 1729 3688 1800 Heracleone;

2111 1825 2203 1894 qui
2238 1823 2478 1891 ejusdem
2523 1837 2645 1879 esse
2688 1839 2752 1878 ae
2787 1823 2955 1878 Deum
3005 1825 3258 1878 essentite
3306 1824 3540 1894 ﬁngebat
3570 1828 3692 1896 qui-

3221 1933 3235 1971 :
3275 1917 3501 1988 Ἐπιστή
3510 1934 3690 1993 σῳμεν

2109 2007 2188 2073 δὲ,
2225 2007 2397 2076 inquit
2438 2017 2581 2060 tomo
2604 2023 2703 2061 xnt
2741 2009 2795 2060 in
2825 2005 3012 2074 leam,
3047 2024 3198 2063 num.
3227 2007 3320 2070 25,
3365 2010 3415 2062 ei
3460 2007 3533 2079 μὴ
3565 2008 3691 2077 σφὸ-

2109 2099 2210 2172 δρα
2232 2100 2376 2153 ἐστὶν
2401 2099 2594 2162 ἀσεϐὲς
2615 2099 2897 2168 ὁμοούσιον
2923 2097 3063 2170 [lego
3087 2099 3427 2171 ὀμοουσίους]
3447 2103 3512 2170 τῇ
3533 2102 3692 2168 ἀγεν-

2111 2195 2257 2264 νήτῳ
2282 2191 2441 2262 φύσει
2469 2193 2564 2246 καὶ
2593 2191 2967 2262 παμμακαρξᾳ
3007 2188 3142 2246 εἶναι
3169 2193 3347 2260 λέγειν
3375 2192 3499 2257 τοὺς
3520 2209 3690 2263 προσ-

2110 2284 2406 2348 κυνοῦντας
2433 2283 2512 2354 τῷ
2551 2283 2819 2353 πνεύματι
2848 2283 2926 2354 τῷ
2956 2283 3074 2354 Θεῷ
3111 2283 3245 2355 (56).
3288 2285 3397 2339 lloc
3430 2285 3591 2337 etiam
3631 2299 3692 2338 se

2109 2386 2304 2447 purgat
2331 2377 2590 2447 Origenes
2619 2376 2712 2430 illo
2735 2377 2987 2439 crimine,
3011 2377 3154 2445 quod
3198 2377 3436 2430 animam
3463 2391 3687 2445 corpora

2111 2479 2217 2522 tam
2258 2484 2376 2523 esse
2407 2468 2666 2532 decrevit,
2704 2478 2762 2521 ut
2787 2467 2926 2521 infra
2955 2468 3384 2532 declarabimus;
3411 2468 3502 2538 qui
3545 2467 3688 2520 enim

2112 2575 2372 2628 corporea
2400 2575 2483 2613 res
2511 2575 2634 2628 pars
2660 2575 2778 2614 esse
2801 2560 2893 2614 Dei
2922 2575 3153 2628 corpore
3182 2560 3444 2622 carentis,
3476 2559 3688 2628 qualem

2111 2664 2232 2704 esse
2268 2648 2509 2704 defendit
2548 2648 2836 2718 Origenes,
2871 2649 2976 2702 diei
3034 2649 3274 2717 pozerit?
3326 2648 3462 2701 lline
3504 2649 3689 2715 Augu-

2109 2739 2282 2792 stinus
2331 2738 2424 2793 lib.
2466 2755 2480 2792 ι
2524 2738 2597 2791 De
2646 2741 2792 2794 civit.
2841 2737 2960 2801 Dei,
3020 2753 3141 2808 cap.
3171 2739 3276 2792 23:
3312 2757 3330 2790 ι
3356 2739 3577 2793 Animas
3605 2741 3690 2793 di-

2108 2841 2264 2896 cunt,
2298 2847 2402 2884 non
2437 2833 2657 2899 quidem
2692 2841 2873 2900 partes
2900 2831 3015 2894 Dei,
3043 2833 3135 2885 sed
3179 2831 3348 2885 factas
3374 2848 3401 2884 a
3429 2833 3536 2885 lico
3559 2846 3687 2900 pec-

2109 2936 2265 2975 casse
2294 2936 2323 2973 a
2357 2921 2655 2975 Conditore
2705 2922 3038 2988 recedendo;
3063 2932 3116 2976 et
3163 2923 3394 2976 diversis
3433 2937 3689 2993 progres-

2111 3011 2260 3066 sibus
2294 3027 2394 3081 pro
2420 3013 2740 3068 diversitate
2786 3023 3132 3082 peccatorum
3175 3031 3202 3068 a
3241 3016 3392 3071 malis
3421 3032 3587 3086 usque
3621 3017 3688 3070 ad

2112 3114 2308 3168 terras,
2338 3105 2555 3161 dwersa
2583 3121 2814 3176 corpora
2859 3111 3014 3177 quasi
3050 3110 3265 3163 vincula
3302 3111 3584 3164 meruisse.
3625 3111 3691 3164 Et

2109 3195 2253 3251 hunc
2278 3212 2399 3252 esse
2433 3199 2715 3265 mundum,
2752 3215 2982 3268 eamque
3013 3217 3236 3256 causam
3294 3203 3479 3256 tnundi
3525 3201 3693 3257 fuisse

427 3285 740 3362 terrasque,
764 3300 1082 3362 tractusque
1110 3296 1295 3355 maris,
1323 3285 1611 3360 (telumque
1637 3294 1957 3362 profundum
1985 3311 2004 3349 :

2113 3285 2368 3353 faciendi,
2402 3299 2604 3342 nonut
2654 3291 3022 3345 conderentur
3079 3291 3241 3357 bona,
3295 3297 3388 3347 sed
3442 3304 3500 3347 tit
3549 3293 3690 3348 mala

430 3357 566 3432 [fine
608 3360 852 3432 pecudes.
885 3357 1149 3424 armenta,
1182 3365 1346 3427 viros,
1373 3357 1534 3432 genus
1569 3357 2003 3432 omne'ferurum,

426 3425 696 3496 Quemque
716 3429 816 3482 sibi
835 3441 1018 3483 tenues
1043 3425 1344 3485 nascentem
1373 3425 1643 3487 arcessere
1667 3425 1822 3488 uitus.

813 3519 1050 3589 (VIRGIL.
1083 3521 1300 3592 (ἔθου-9.,
1331 3523 1426 3578 lib.
1453 3539 1528 3584 tv.
1561 3539 1708 3579 vers.
1746 3525 1900 3596 221.)

430 3664 449 3698 ι
479 3647 803 3714 Audiebam,
855 3670 872 3702 ι
909 3654 986 3706 ait
1035 3653 1173 3709 Cato
1217 3657 1359 3724 apud
1388 3655 1648 3723 Tullium,
1679 3677 1698 3709 ‹
1726 3658 1994 3729 Pythago-

431 3751 568 3803 ram,
611 3737 1112 3811 Pythagoreosque,
1167 3745 1375 3799 incolas
1447 3762 1583 3815 pene
1621 3761 1858 3815 nostros,
1906 3752 1999 3819 qui

424 3842 610 3886 essent
658 3833 829 3888 Italici
872 3836 1181 3906 philosolihi
1226 3841 1503 3907 quondam
1555 3842 1838 3904 nominati,
1869 3861 2005 3898 nun-

424 3938 586 3990 quam
652 3925 928 3982 dubitasse
979 3933 1109 3997 quin
1148 3945 1214 3983 ex
1268 3931 1523 3986 universa
1583 3945 1765 3988 mente
1815 3936 2000 3988 divina

425 4013 694 4070 delibatos
733 4016 948 4072 animos
989 4019 1334 4076 haberemus.
1372 4041 1389 4072 ι
1440 4021 1496 4076 1η
1542 4027 1730 4078 eadem
1788 4027 2007 4080 fuerunt

422 4107 741 4176 opinatione
788 4109 1053 4166 Platonici
1095 4121 1149 4165 et
1193 4112 1386 4180 Stoici,
1425 4133 1588 4186 quam
1637 4129 1692 4171 et
1722 4117 1923 4178 Cerdo.
1952 4129 2007 4174 et

426 4197 659 4264 Marcio,
691 4211 746 4254 et
780 4201 1060 4257 Manichaei
1095 4205 1326 4259 subinde
1359 4208 1594 4277 amplexi
1632 4220 1778 4264 sunt.
1808 4210 2006 4264 ηερω-

423 4305 619 4364 nymus
658 4294 819 4362 epist.
866 4294 927 4348 61
965 4296 1032 4349 ad
1081 4294 1424 4364 Pammaeh.,
1470 4316 1592 4369 cap.
1634 4302 1690 4364 5,
1723 4302 1803 4354 sic
1840 4300 2006 4356 Joan-

424 4399 547 4438 nem
578 4384 1128 4457 Hierosolymitannm
1164 4389 1474 4461 interpellat
1506 4411 1519 4447 :
1557 4413 1574 4444 ι
1601 4394 1743 4448 Dicis
1794 4397 2006 4450 animas

423 4477 704 4532 hominum
753 4494 857 4533 non
892 4492 1103 4551 partem
1133 4497 1255 4538 esse
1288 4484 1381 4538 Dei
1411 4495 1620 4539 natura:
1651 4501 1667 4539 :
1701 4487 1858 4555 quasi
1888 4486 2004 4541 Ma-

424 4570 664 4624 nichmus
725 4587 866 4626 nunc
929 4572 997 4626 ab
1066 4573 1362 4644 Epiphanio
1419 4576 1500 4630 sis
1562 4587 1870 4644 vocatus;i
1952 4588 2006 4632 et

421 4675 544 4726 cap.
578 4659 610 4712 6
643 4682 653 4713 :
692 4679 710 4711 ι
741 4661 883 4715 Dii-is
917 4664 1152 4716 animam
1177 4681 1280 4719 non
1304 4681 1425 4720 esse
1449 4667 1514 4720 de
1542 4665 1632 4719 Dei
1655 4668 1959 4721 substantia
1988 4685 2003 4734 ;

423 4749 668 4817 pulchre,
725 4751 953 4804 damnas
999 4752 1142 4806 enim
1189 4753 1576 4822 impiissimum
1620 4753 2000 4821 Manichaaunt,

421 4854 582 4907 quem
640 4841 925 4897 nominare
973 4844 1198 4913 pollutio
1249 4856 1330 4900 est
1359 4863 1372 4910 ;
1401 4854 1509 4902 [ει
1555 4861 1677 4899 mox
1723 4862 1736 4900 :
1778 4864 1797 4898 ι
1831 4847 2001 4903 Nemo

422 4927 636 4981 dubitat
683 4944 874 4984 errare
933 4933 1027 5002 qui
1072 4933 1204 4987 dicit
1255 4951 1374 4988 eam
1437 4934 1694 5008 (animam
1756 4941 2000 4993 rationa-

422 5016 547 5089 lein)
589 5035 710 5076 esse
738 5022 828 5075 Dei
859 5025 1248 5078 substantiam.
1291 5046 1309 5079 ι

496 5109 671 5180 Igitur
706 5109 944 5168 Joannes
980 5114 1066 5180 ille
1112 5115 1660 5188 llierosolymitanus,
1692 5122 1784 5191 qui
1807 5122 1996 5193 Orige-

422 5201 567 5256 nista
623 5204 783 5272 vulgo
831 5207 1112 5270 audiebat.
1157 5208 1225 5262 ab
1264 5225 1326 5262 ea
1369 5221 1546 5266 tamen
1592 5214 1874 5282 opinione,
1919 5215 1998 5268 fa-

423 5300 570 5348 tente
610 5294 964 5368 Hieronymo,
999 5309 1122 5353 erat
1175 5300 1425 5366 alienus;
1475 5305 1619 5371 quod
1653 5306 1722 5360 ad
1767 5322 2001 5377 purgan-

421 5383 549 5440 dum
585 5387 876 5456 Origenem
905 5391 1090 5446 valere
1129 5401 1326 5462 potest.
1367 5394 1486 5464 Ipse
1528 5397 1816 5469 Origenes,
1847 5403 2000 5471 cujus

419 5480 586 5533 verba
625 5496 722 5548 pro
757 5482 858 5539 hoc
886 5484 1141 5554 dogmate
1171 5491 1363 5542 recitat
1396 5490 1776 5562 Hieronymus,
1808 5509 1996 5548 vocem

420 5571 646 5634 addens,
687 5580 1092 5643 quodammodo,
1131 5583 1580 5648 reprehensiones
1630 5599 1660 5636 a
1706 5600 1764 5639 se
1811 5588 1996 5653 prohi-

493 5683 612 5762 (3_6)
646 5681 759 5762 "ioc
792 5689 950 5741 etiam
998 5707 1052 5744 se
1098 5703 1287 5760 purga!
1323 5691 1576 5762 Origenes
1626 5695 1721 5748 illo
1752 5698 1996 5758 crimine,

423 5755 562 5822 quod
614 5756 845 5828 animum
895 5755 1241 5828 corporalem
1285 5755 1690 5828 ess/decrevit,
1719 5779 1826 5820 etc.
1877 5755 1997 5821 Jani

426 5838 594 5894 supra
627 5826 1030 5883 observavimus
1069 5844 1262 5900 quaest.
1299 5837 1352 5896 9,
1395 5832 1470 5886 De
1509 5826 1732 5905 angelis,
1755 5853 1904 5891 num.
1940 5837 1994 5901 5,

2109 3379 2522 3434 cohiberentur.
2573 3379 2712 3435 Hinc
2745 3382 3014 3449 Origenes
3041 3382 3162 3450 jure
3193 3385 3442 3451 culpatur
3483 3404 3495 3439 :
3540 3386 3592 3438 itt
3627 3387 3692 3438 Ii-

2108 3474 2223 3528 bris
2262 3474 2404 3528 enim
2458 3489 2595 3543 quos
2649 3475 2885 3544 appellat
2932 3475 3071 3543 [Iepl
3129 3475 3355 3545 ἀρχῶν,
3394 3477 3444 3531 id
3479 3490 3581 3544 est,
3613 3477 3693 3532 De

2108 3561 2419 3632 principiis.
2446 3564 2550 3618 hoc
2589 3565 2779 3630 sensit,
2814 3566 2916 3620 hoc
2964 3568 3208 3635 scripsit.
3246 3586 3262 3617 ι
3302 3567 3561 3637 Origenes
3591 3569 3694 3638 igi-

2112 3663 2199 3706 tur
2229 3656 2462 3718 animas,
2495 3671 2601 3708 non
2655 3656 2873 3725 quidem
2925 3667 3110 3723 partes
3159 3657 3272 3720 Dei,
3304 3661 3398 3712 sed
3450 3658 3625 3713 factas
3658 3674 3692 3712 a

2111 3746 2220 3800 Deo
2251 3761 2372 3801 esse
2403 3747 2653 3801 credidit.
2689 3745 2801 3801 Nec
2851 3748 3030 3802 minus
3062 3751 3166 3802 hoc
3200 3750 3354 3813 utile,
3385 3752 3529 3818 quod
3563 3751 3692 3804 Ilie-

2109 3851 2366 3906 rouytnus
2399 3837 2558 3904 epist.
2584 3835 2678 3901 89.,
2706 3837 2771 3889 ad
2803 3835 3172 3889 Marcellinum
3197 3847 3251 3889 et
3271 3837 3692 3906 Anapsychiam,

2113 3943 2428 3997 germanam
2463 3926 2716 3997 Origenis
2754 3929 3078 3980 sententiam
3108 3929 3175 3982 ab
3221 3927 3323 3982 hac
3373 3929 3472 3997 ipsi
3516 3927 3694 3982 allicta

2108 4021 2394 4090 distinguit
2431 4037 2446 4073 :
2477 4038 2496 4072 ί
2543 4020 2716 4087 Super
2756 4021 2950 4073 anima:
3001 4030 3167 4084 statu,
3213 4020 3408 4088 inquit,
3469 4020 3690 4074 memini

2108 4122 2302 4167 vestra:
2351 4113 2777 4181 qumstiuncuke,
2844 4113 2952 4166 imo
3009 4113 3246 4166 maxime
3305 4113 3693 4166 ecclesiastica:

2108 4205 2428 4274 quatstiouis
2465 4222 2480 4260 :
2516 4215 2695 4258 utrum
2730 4207 2878 4274 lapsa
2934 4204 3002 4257 de
3045 4205 3185 4258 coelo
3210 4206 3301 4270 sit,
3337 4215 3392 4256 ut
3424 4204 3692 4275 Pythago-

2110 4311 2195 4349 ras
2225 4296 2600 4366 pbiIOSOpbus,
2650 4312 2952 4364 omnesque
3004 4293 3272 4350 Platonici
3330 4307 3380 4349 et
3428 4297 3693 4365 Origenes

2109 4395 2332 4454 putant;
2370 4403 2440 4440 an
2466 4403 2494 4440 a
2527 4387 2746 4456 propria
2779 4388 2868 4441 Dei
2897 4391 3228 4449 substantia,
3266 4399 3322 4440 ut
3352 4387 3546 4454 Stoici,
3577 4388 3692 4442 Ma-

2111 4477 2376 4544 nichaeus,
2400 4486 2454 4531 et
2485 4477 2755 4546 Hispaniae
2777 4477 3106 4532 Priscilliani
3143 4480 3379 4535 haereses
3406 4484 3694 4551 suspican-

2112 4577 2218 4624 tur.
2245 4589 2264 4618 ι
2306 4569 2415 4625 Hoc
2455 4572 2672 4638 quidem
2713 4573 2782 4624 ob
2819 4573 3017 4640 degma
3067 4571 3395 4627 Palaestinos
3440 4574 3694 4643 Origeni-

2110 4670 2223 4715 stas
2275 4662 2513 4728 pulsavit
2571 4661 2937 4724 Justinianus,
2998 4662 3200 4718 idcirco
3257 4664 3494 4718 fortasse
3544 4666 3693 4734 quod

2108 4755 2342 4809 tributos
2373 4771 2564 4810 omnes
2607 4756 2830 4824 Origeni
2863 4771 3081 4810 errores
3127 4756 3195 4809 ab
3222 4756 3286 4809 iis
3321 4766 3692 4826 propugnatus

2108 4846 2278 4902 fuisse
2310 4849 2565 4917 opinatus
2593 4859 2675 4902 est
2703 4867 2716 4902 :
2744 4850 2827 4903 sin
2860 4850 2908 4903 ei
2963 4850 3309 4903 adhaeserunt
3345 4863 3555 4912 revera,
3591 4847 3690 4899 mi-

2105 4939 2252 4992 nime
2319 4955 2451 4994 Siille
2514 4951 2847 4994 εθριίιιονυιιι
2906 4954 3129 4993 8001⁵11111
3194 4942 3440 4992 vesanias
3501 4953 3691 4991 omnes

2103 5029 2386 5098 praestabit
2417 5029 2804 5084 Adamantius.
2844 5029 2998 5094 Quod
3035 5031 3078 5084 si
3117 5039 3294 5084 tamen
3325 5030 3495 5097 culpae
3526 5029 3692 5094 hujus

2103 5120 2295 5175 fuisset
2327 5135 2470 5183 reus,
2519 5121 2926 5189 astipulatorem
2983 5121 3084 5190 ipsi
3117 5124 3370 5175 daremus
3398 5119 3690 5173 Tertullia-

2107 5228 2255 5279 nttm,
2287 5213 2378 5281 qui
2417 5213 2509 5266 ltb.
2556 5227 2607 5265 tv
2667 5214 2918 5266 adversus
2953 5212 3304 5277 Marcionem,
3334 5229 3455 5282 cap.
3486 5212 3576 5275 58,
3609 5213 3690 5267 sic

2110 5308 2183 5360 ait
2216 5326 2231 5361 :
2266 5327 2284 5357 ι
2311 5305 2593 5360 Hominem
2628 5306 2792 5376 igitur
2829 5306 2976 5360 reddi
2998 5305 3158 5373 jubet
3189 5308 3464 5373 Creatori,
3502 5292 3691 5361 in'cu-

2101 5397 2192 5466 jus
2222 5398 2459 5467 imagine
2499 5408 2554 5451 et
2584 5397 2963 5464 similitudine,
2997 5408 3050 5452 et
3094 5401 3336 5464 nomine,
3369 5413 3423 5454 et
3460 5403 3690 5456 materia

2105 5507 2392 5561 expressus
2418 5501 2518 5545 est.
2549 5511 2567 5542 ι

2181 5583 2269 5641 ιγ.
2296 5585 2633 5640 Certioribus
2665 5584 2928 5657 Origenes
2960 5595 3014 5641 et
3051 5585 3518 5643 manifestioribus
3561 5601 3692 5642 sen-

2110 5700 2611 5771 naturam‘animm
2667 5701 2720 5754 in
2776 5713 3008 5770 corpore
3069 5702 3419 5771 quantumvis
3493 5699 3686 5757 subtili

2107 5786 2213 5827 non
2239 5769 2486 5841 posuisse
2521 5772 2834 5842 Origenem.
