4160 6402
496 375 603 432 899

1735 377 1796 434 P.
1839 378 2157 435 DANIELIS
2195 379 2429 435 llUETll

3655 402 3761 454 900

497 496 714 563 copiam
757 509 973 565 semper
1015 495 1132 550 ﬁeri
1179 496 1311 559 vult,
1348 497 1526 567 qualis
1567 497 1696 552 olim
1725 499 1898 568 Moysi
1936 500 2076 554 facta
2106 505 2150 560 Α
2184 501 2376 554 minari
2410 503 2572 566 dicat,
2607 505 2828 559 minime
2861 517 3039 563 tamen
3071 512 3211 566 satio
3248 513 3338 566 illa
3376 529 3496 583 quze
3545 528 3758 586 patrum

494 596 599 641 est.
637 586 811 654 Quam
843 589 1015 655 ipsam
1047 589 1556 658 interpretationem
1591 606 1712 644 cum
1736 591 2076 658 praecedente

495 680 562 733 de
594 676 782 733 Jacobi
829 680 1032 745 anima,
1067 689 1122 733 et
1157 681 1303 734 vasis
1340 683 1406 736 ad
1457 683 1844 735 contumeliam
1895 683 2075 736 liono~

496 783 679 822 remve
709 769 995 824 destinatis
1037 769 1404 839 disputatione
1445 787 1662 825 rursum
1715 773 1934 828 adlubet
1978 774 2072 830 lib.

493 875 571 915 vn
620 863 673 914 in
720 861 895 927 Epist.
938 863 1008 916 ad
1051 863 1230 927 Rom.,
1283 880 1430 917 num.
1488 865 1587 931 l7,
1629 866 1755 918 dum
1799 867 1900 920 hoc
1935 867 2073 922 idem

493 963 657 1022 caput
699 953 1113 1010 Commentariis
1149 957 1266 1012 suis
1321 958 1602 1025 explanat.
1639 958 1806 1013 Vaute
1861 959 2074 1015 scilicet

491 1055 548 1099 et
569 1045 777 1100 frivola:
799 1047 850 1100 in
881 1056 1147 1115 rcapcrla
1180 1047 1581 1111 cavillationes,
1615 1059 1667 1104 et
1701 1050 1813 1104 acri
1839 1066 2069 1105 censura

489 1153 555 1190 ac
612 1137 974 1206 castigatione
1035 1139 1232 1210 dignai.
1291 1139 1426 1194 Huic
1461 1141 1840 1196 conﬁrmando
1895 1143 2068 1197 errori

489 1227 653 1282 allata
701 1230 952 1296 superius
1007 1231 1256 1300 exempla
1305 1231 1530 1286 Joannis
1564 1233 1616 1285 in
1678 1235 1869 1288 matris
1919 1245 2071 1289 utero

487 1319 838 1386 exsultantis,
877 1331 932 1374 et
972 1319 1228 1376 Ieremia:
1255 1332 1551 1391 antequam
1585 1324 1638 1378 in
1674 1334 1920 1379 materna
1949 1327 2070 1380 alvo

493 1412 848 1477 formaretur,
879 1429 944 1466 ex
991 1428 1163 1483 eaque
1191 1413 1455 1482 prodiret,
1489 1413 1598 1468 Deo
1628 1416 1768 1478 noti,
1805 1417 1873 1470 ah
1897 1432 2070 1485 eaque

486 1505 810 1572 sanctiﬁcati
851 1507 1052 1575 repetit
1099 1507 1294 1560 iterum
1349 1523 1470 1578 cap.
1507 1509 1541 1562 5
1571 1507 1691 1561 libri
1749 1510 1890 1563 tertii
1927 1510 2070 1578 Περὶ

483 1595 710 1665 ἀρχῶν,
739 1613 887 1650 num.
920 1597 974 1660 5,
1011 1596 1232 1667 aliaque
1275 1599 1523 1668 congerit
1561 1600 1729 1668 petita
1768 1615 1835 1654 ex
1883 1599 1951 1654 iis
1985 1617 2069 1654 ar-

486 1698 763 1757 gumenta,
791 1690 885 1759 qui
917 1705 946 1742 a
978 1690 1311 1744 daemonibus
1350 1691 1533 1744 statim
1591 1692 1660 1746 ab
1707 1701 1830 1746 ortu
1875 1707 2064 1747 corre-

484 1781 586 1849 pti,
623 1781 704 1836 vel
737 1796 766 1835 a
800 1781 1032 1850 pueritia
1067 1782 1345 1837 divinandi
1379 1783 1638 1837 facultate
1664 1784 1875 1853 praediti
1909 1797 2061 1853 sunt;

481 1888 716 1943 quorum
763 1889 870 1928 non
922 1873 1086 1927 aliam
1128 1888 1252 1929 esse
1287 1889 1506 1928 causam
1558 1875 1862 1940 existimat,
1902 1892 2062 1946 quam

483 1980 573 2020 res
604 1964 734 2020 olim
775 1965 842 2020 ab
870 1965 938 2021 iis
963 1975 1169 2037 gestas,
1203 1977 1495 2036 antequam
1524 1982 1756 2037 corpora
1790 1969 2063 2034 subirent;

479 2057 695 2113 arbitrii
748 2059 949 2128 quippe
1004 2061 1088 2112 sui
1131 2059 1391 2113 libertate
1440 2059 1516 2112 uti
1553 2075 1770 2130 semper
1796 2062 2064 2126 animam,

479 2150 596 2204 sive
629 2160 782 2204 extra
822 2164 1045 2219 corpus,
1088 2150 1204 2204 sive
1250 2151 1465 2220 corpori
1503 2153 1758 2221 adjuncta
1794 2154 1886 2208 sit.
1918 2154 2063 2209 Idem

479 2251 678 2295 sonant
727 2241 844 2295 loca
889 2256 920 2296 a
963 2240 1278 2296 Justiniano
1324 2241 1583 2306 collecta,
1613 2253 1667 2297 et
1697 2245 1947 2314 epistolae
1993 2248 2062 2300 ad

481 2329 691 2385 Menam
748 2332 1013 2402 subjecta.
1067 2331 1366 2389 Nonnullas
1419 2349 1548 2387 vero
1599 2335 1814 2390 animas
1865 2350 2062 2408 sponte

477 2421 655 2476 delabi
682 2423 736 2476 in
771 2431 964 2489 terras,
1005 2435 1060 2479 et
1093 2427 1459 2496 exsequendis
1510 2425 1606 2479 Dei
1649 2428 1892 2482 consiliis
1926 2444 2058 2498 ope-

477 2527 592 2566 ram
635 2527 788 2567 suam
831 2530 1031 2568 navare
1063 2515 1201 2569 velle
1232 2518 1464 2571 somniat
1496 2529 1627 2572 tom.
1660 2534 1726 2571 xv
1750 2520 1802 2571 in
1839 2519 2055 2587 Matth,

475 2618 625 2657 tium.
654 2604 764 2659 διε
813 2605 954 2675 Ἐγὼ
995 2607 1052 2660 δὲ
1100 2601 1314 2660 ὑπονοῶ
1353 2610 1444 2663 τὸν
1487 2611 1616 2680 περὶ
1662 2611 1842 2682 ψυχῆς
1881 2613 2055 2684 ἀπόρ-

477 2696 640 2764 ρητον
668 2698 762 2750 καὶ
794 2698 853 2750 ὲν
890 2697 1100 2762 τούτοις
1141 2699 1448 2770 κεκρύφθαι
1505 2700 1684 2770 λόγον,
1721 2704 1810 2756 ὅτε
1850 2705 2054 2776 ἤργουν

473 2785 604 2858 ὅλην
648 2791 746 2862 τὴν
788 2791 1000 2864 ἡμέραν
1042 2793 1207 2864 μέχρι
1249 2794 1349 2864 τῆς
1401 2795 1696 2867 ἑνδεκάτης
1737 2797 1918 2868 ῶρας·
1960 2798 2051 2851 θέ-

473 2880 656 2946 λοντες
694 2885 791 2954 μὲν
816 2885 1178 2956 ἐργάσασθαι,
1218 2888 1278 2940 οὐ
1304 2887 1855 2960 παραλαμϐανόμενοι
1877 2889 1932 2942 δὲ
1969 2893 2050 2954 εἰς

471 2973 565 3028 τὸν
597 2975 895 3046 ἀμπελῶνα
931 2979 978 3030 οἱ
1014 2977 1434 3051 τεθαρρηκότως
1475 2979 1924 3051 ἀπολογούμενοι,
1954 2980 2049 3033 καὶ

471 3063 758 3137 λέγοντες·
801 3070 988 3134 Οὐδεὶς
1024 3073 1170 3141 ἡμᾶς
1205 3070 1571 3142 ἐμισθώσατο.
1615 3073 1685 3125 At
1731 3073 1874 3127 enim
1923 3072 2046 3126 Ori-

2184 589 2492 646 ministerio
2517 597 2814 662 perﬁcitur,
2857 598 2936 650 vel
2968 615 3288 664 corporeum
3335 618 3520 659 semen
3550 608 3753 662 intelli-

2179 683 2411 754 gendum
2448 699 2569 737 esse
2614 687 2846 749 videtur,
2874 691 2966 742 sed
2997 692 3142 745 satio
3172 692 3276 746 alia
3307 695 3559 765 mystica,
3601 708 3654 751 et
3681 715 3764 754 se-

2177 790 2298 827 tnen
2331 776 2702 845 πνευματικὸν
2730 790 2784 832 et
2821 779 3032 850 νοητὸν,
3061 781 3217 850 cujus
3250 795 3438 840 auctor
3470 788 3584 856 ipse
3616 789 3710 842 De.
3732 807 3758 841 ς

2177 877 2260 919 est
2289 883 2303 919 :
2331 881 2517 920 serere
2543 869 2689 920 enim
2736 871 2945 924 animas
2984 872 3090 926 dici
3127 884 3328 942 potest,
3364 889 3635 945 quatenus
3664 895 3758 936 eas

2178 958 2229 1010 in
2259 960 2411 1011 varia
2439 975 2672 1029 corpora
2716 962 2870 1031 juxta
2902 962 3157 1034 Origeuis
3207 970 3538 1024 sententiam
3570 973 3751 1028 distri.

2175 1049 2289 1102 buit
2325 1069 2338 1104 :
2378 1059 2506 1105 tunc
2551 1064 2732 1105 autem
2764 1064 2947 1110 certas
2996 1057 3183 1111 iisdem
3213 1075 3311 1128 pro
3342 1063 3554 1116 meritis
3579 1065 3758 1134 quali-

2174 1150 2318 1198 tates
2345 1143 2509 1198 inseri
2547 1147 2755 1214 putavit
2789 1147 3172 1213 Adamantius,
3200 1166 3398 1220 easque
3424 1154 3549 1222 quia
3583 1159 3751 1209 semi-

2175 1243 2373 1288 nantur
2403 1236 2456 1289 in
2498 1238 2716 1300 animis,
2757 1248 2868 1291 tum
2913 1256 3036 1294 cum
3086 1241 3200 1310 ipsa
3230 1243 3531 1299 animarum
3581 1249 3752 1302 admi-

2172 1324 2440 1380 nistratur
2467 1328 2627 1390 satio,
2670 1329 3030 1398 spermaticas
3059 1331 3194 1386 dixit
3221 1348 3235 1385 :
3269 1348 3389 1402 qua:
3433 1336 3479 1390 si
3511 1336 3753 1404 qualita-

2174 1424 2319 1482 tum,
2347 1418 2540 1472 anima:
2571 1418 2888 1488 Abrahami,
2929 1421 3016 1475 vel
3041 1420 3177 1490 justi
3206 1423 3428 1480 alterius
3457 1427 3558 1481 viri
3603 1429 3752 1497 inge—

2171 1509 2410 1562 nitarum
2433 1510 2641 1564 similes
2677 1511 2883 1577 sint,et
2917 1512 3208 1582 diligenter
3239 1516 3584 1582 excolantur,
3613 1519 3750 1573 ﬁlios

2172 1616 2271 1655 nos
2306 1602 2555 1665 Abrahar,
2587 1603 2670 1655 vel
2690 1605 2788 1657 viri
2827 1603 3052 1658 alterius
3074 1603 3204 1670 justi
3235 1605 3489 1672 efficient,
3523 1610 3752 1680 mystico

2173 1693 2408 1760 quodam
2458 1702 2512 1747 et
2557 1689 2788 1760 spiritali
2841 1688 3022 1750 modo.
3071 1695 3402 1752 Germanum
3443 1700 3589 1755 hunc
3629 1715 3749 1755 esse

2170 1783 2431 1853 Origenis
2459 1799 2679 1840 sensum
2717 1801 2782 1841 ex
2812 1787 2980 1842 totius
3030 1788 3130 1843 loci
3164 1797 3372 1844 attenta
3401 1785 3636 1846 lectione
3663 1793 3744 1845 in-

2174 1874 2456 1944 telligitnr,
2488 1876 2582 1929 sed
2625 1887 2690 1929 ex
2724 1891 2790 1930 eo
2843 1877 3171 1945 praesertim,
3222 1879 3367 1948 quod
3420 1860 3744 1950 qualitatum

2169 1967 2384 2020 illarum
2413 1967 2621 2020 variam
2663 1981 2729 2022 ac
2775 1967 3092 2036 inaequalem
3123 1970 3581 2039 dispensationem
3611 1988 3743 2028 cau-

2167 2073 2258 2112 sas
2300 2068 2478 2112 ortmn
2520 2060 2886 2124 prmcedentes
2948 2060 3149 2115 habere
3206 2062 3365 2118 dixit.
3419 2062 3551 2117 lnde
3598 2066 3742 2118 enim

2165 2149 2440 2222 colligitur
2475 2152 2779 2204 animarum
2814 2147 3160 2224 προῦπαρξις
3205 2167 3330 2220 qua:
3370 2169 3492 2208 cum
3535 2153 3745 2209 anima-

2164 2259 2283 2296 rum
2337 2243 2723 2312 propagatione
2767 2258 2833 2296 ex
2893 2244 3116 2298 traduce
3178 2254 3324 2299 stare
3380 2259 3486 2299 non
3541 2257 3740 2316 potest.

2164 2335 2280 2390 lluc
2311 2335 2448 2389 adde
2495 2335 2811 2402 frequentes
2849 2332 3104 2404 Origcnis
3131 2336 3420 2390 adversum
3458 2339 3595 2392 lianc
3621 2354 3740 2394 sen-

2164 2424 2393 2477 tentiam
2426 2438 2710 2487 excursus,
2735 2439 2965 2492 quorum
2995 2427 3039 2478 si
3073 2440 3196 2479 eum
3227 2425 3339 2493 jam
3369 2428 3620 2496 paenitet,
3659 2431 3740 2483 ni-

2161 2515 2282 2567 mia:
2333 2515 2522 2582 utique
2573 2513 2982 2579 inconstantia»,
3041 2525 3095 2568 et
3143 2523 3295 2568 tanto
3338 2518 3457 2569 viro
3505 2517 3739 2587 indigna-

2159 2619 2283 2658 reus
2329 2603 2512 2658 fuerit.
2557 2603 2940 2673 Suﬂ‘ragantur
2985 2606 3111 2659 huic
3145 2607 3471 2674 expositioni
3519 2621 3639 2676 qua:
3668 2609 3739 2663 le-

2155 2698 2332 2767 gimus
2365 2708 2493 2750 tum.
2532 2711 2626 2750 xttt
2672 2698 2724 2749 in
2755 2695 2940 2761 .Ιοαη.,
2975 2714 3121 2752 num.
3153 2698 3222 2751 45
3256 2692 3366 2751 ;Τὸ
3399 2696 3456 2752 δὲ
3484 2696 3592 2753 ἀπὸ
3629 2702 3737 2754 τῶν

2153 2788 2382 2858 ψαλμῶν
2415 2788 2560 2840 δοκεῖ
2584 2806 2671 2858 μοι
2692 2788 2883 2859 δηλοῦν
2907 2787 3152 2860 περὶτῆς
3174 2788 3404 2842 καθόλου
3444 2791 3551 2843 τῶν
3581 2793 3737 2862 εὐγε-

2151 2881 2417 2950 νεστέρων
2438 2880 2624 2952 ψυχῶν
2658 2883 3113 2952 παραγενομένων
3146 2883 3226 2945 είς
3262 2882 3352 2936 τὸν
3376 2878 3489 2953 βίον
3524 2885 3732 2948 τοῦτον,

2153 2973 2290 3043 μετά
2313 2974 2420 3026 τῶν
2446 2974 2728 3045 σωτηρίων
2758 2977 3106 3046 σπερμάτων,
3149 2976 3243 3028 καὶ
3284 2977 3734 3048 παραγενομένων

2147 3081 2231 3132 γε,
2254 3065 2414 3117 οἱονεὶ
2444 3065 2712 3128 ἀκουσίως
2755 3065 2893 3135 μετά
2936 3066 3260 3136 στεναγμοῦ,
3288 3068 3733 3139 ὲπανερχομένων

470 3175 638 3230 genes
667 3171 796 3216 tom.
834 3178 902 3216 xx
933 3163 986 3216 in
1022 3161 1186 3218 Joan.
1240 3163 1500 3217 nonnulla
1548 3164 1709 3218 habet
1748 3179 1871 3232 quae
1924 3178 2044 3218 cum

2157 3154 2205 3207 δὲ
2221 3156 2277 3206 ὲν
2311 3154 2647 3222 ἀγαλλιάσει,
2671 3155 2757 3208 διὰ
2797 3153 2856 3208 τὸ
2888 3155 3064 3218 καλῶς
3108 3157 3504 3229 γεωργηκὲναι,
3529 3161 3734 3230 καὶηὺ-

472 3254 752 3323 superiore
783 3255 900 3325 ejus
951 3255 1018 3309 de
1060 3257 1238 3309 anima
1285 3257 1542 3325 opinione
1571 3271 1760 3324 parum
1793 3257 2050 3310 videntur

469 3347 802 3411 consentire,
853 3349 1151 3417 qualitates
1201 3364 1395 3418 nempe
1442 3349 1634 3402 nescio
1673 3362 1813 3416 quas
1855 3347 2052 3401 animis

473 3438 698 3507 iugigni,
731 3439 920 3507 quales
950 3441 1278 3507 corporibus
1307 3441 1679 3509 ingignuntur.
1707 3439 1906 3492 Demus
1937 3438 2050 3507 ipsa

470 3531 632 3583 verba
661 3543 727 3582 ex
757 3546 902 3583 num.
931 3529 966 3582 2
992 3549 1003 3583 :
1041 3530 1195 3582 Ἐπεὶ
1227 3530 1284 3583 δὲ
1331 3530 1439 3582 ἀπὸ
1472 3530 1634 3601 ἤθους
1668 3531 1914 3602 κρίνεται
1955 3531 2050 3582 καὶ

468 3620 647 3692 ἔργων
688 3619 758 3674 τὰ
799 3621 966 3675 τέκνα
1019 3620 1113 3673 τοῦ
1156 3621 1427 3692 Ἀϐραὰμ,
1482 3623 1692 3691 μήποτε
1742 3622 1850 3674 ἀπό
1888 3639 2051 3675 τινων

467 3712 859 3784 σπερματικῶν
900 3713 1076 3782 λόγων
1122 3715 1720 3785 συγκαταϐαλλομένων
1762 3716 1927 3779 τισὶν,
1973 3716 2050 3778 ὼς

463 3798 640 3876 οἶμαι,
659 3805 876 3874 ψυχαῖς,
903 3806 986 3859 δεῖ
1008 3807 1434 3877 χαρακτηρίζειν
1464 3809 1592 3872 τοὺς
1633 3807 1793 3872 ὄντας
1825 3808 2048 3879 σπέρμα

463 3895 559 3954 τοῦ
603 3896 883 3968 Ἀϐραάμο
923 3897 1017 3951 καὶ
1046 3898 1228 3969 εἰπερ,
1255 3899 1330 3962 ὼς
1365 3898 1505 3952 κατά
1541 3895 1606 3952 τὸ
1629 3900 1961 3970 σωματικὸν,
1985 3901 2046 3953 οὐ

464 3989 666 4054 πάντες
707 3990 982 4062 ἄνθρωποι
1024 3991 1247 4062 σπέρμα
1298 3991 1407 4044 εἰσὶ
1449 3990 1544 4044 τοῦ
1593 3992 1864 4063 Ἀϐραὰμ,
1905 3993 2048 4045 οὕτω

461 4082 604 4136 κατά
632 4082 700 4136 τὰ
737 4082 830 4136 νῦν
856 4079 1217 4154 ἀποδιδόμενα
1247 4082 1504 4155 περὶτοῦ,
1529 4076 1671 4148 τίνες
1693 4085 1799 4136 εἰσὶ
1823 4084 2047 4154 σπέρμα

459 4171 557 4226 τοῦ
606 4171 879 4243 Ἀϐραὰμ,
929 4172 1088 4241 δῆλον
1129 4173 1212 4225 ὅτι
1245 4173 1306 4225 οὐ
1354 4174 1553 4236 πάντες
1592 4174 1868 4243 ἄνθρωποι
1911 4173 2048 4244 μετά

461 4266 639 4336 πάντη
679 4265 1069 4336 σπερματικῶν
1122 4265 1298 4334 λόγων
1341 4266 1451 4318 τῶν
1510 4267 2044 4336 ἐγκατασπαρέντων

459 4356 642 4411 αὐτῶν
673 4359 792 4419 ταῖς
815 4356 1012 4426 ψυχαῖς
1040 4355 1118 4426 τῷ
1165 4356 1264 4428 βίῳ
1305 4356 1413 4410 τῶν
1443 4354 1749 4425 ἀνθρώπων
1787 4359 2044 4429 ἐπιδεδη-

463 4449 693 4520 μήκασι·
731 4459 788 4503 et
837 4450 1033 4504 deinde
1064 4469 1076 4503 τ
1107 4449 1182 4501 Οὐ
1211 4449 1411 4512 πάντες
1455 4445 1549 4502 οὖν
1585 4451 1723 4502 εἰσιν
1763 4450 2041 4521 ἄνθρωποι

2155 3245 2398 3319 ξηκὲναι,
2433 3247 2527 3302 καὶ
2557 3247 2999 3320 πεπληθυγκέναι
3046 3250 3116 3303 τὰ
3164 3251 3474 3320 σπέρματα,
3511 3247 3628 3323 μεθ’
3656 3247 3732 3307 ῶν

2152 3339 2463 3410 ἐληλύθασι.

2228 3430 2296 3484 ν.
2337 3431 2644 3485 InSIitutam
2688 3446 2851 3501 porro
2882 3432 2932 3484 iii
2967 3430 3153 3485 animo
3185 3433 3496 3501 opinionem
3549 3450 3730 3504 perse-

2156 3539 2328 3592 quens
2359 3522 2644 3589 Origenes,
2691 3523 2758 3577 ad
2784 3523 3062 3592 superiora
3095 3515 3226 3576 illud
3262 3539 3479 3595 quoque
3509 3526 3725 3594 adjecit,

2152 3627 2360 3670 mentes
2401 3617 2452 3668 in
2493 3615 2643 3683 pejus
2683 3615 2935 3684 delapsas
2987 3615 3192 3671 idcirco
3230 3617 3409 3687 ψυχάς
3443 3618 3611 3674 fuisse
3657 3621 3732 3673 di-

2151 3721 2288 3773 ctas,
2313 3710 2454 3777 quod
2485 3711 2722 3778 ipsarum
2756 3710 2974 3777 pictatis
3014 3719 3066 3764 et
3097 3711 3381 3766 charitatis
3427 3712 3608 3768 fervor
3639 3729 3725 3768 re-

2150 3802 2385 3856 frixerit.
2419 3800 2542 3856 llrcc
2583 3799 2857 3857 habentur
2887 3801 2982 3856 lib.
3014 3816 3051 3857 tt
3083 3803 3224 3871 Περὶ
3257 3800 3480 3873 ἀρχῶν,
3517 3821 3636 3876 cap.
3669 3806 3725 3866 δ.

2150 3909 2299 3948 num.
2331 3895 2385 3957 5,
2418 3896 2508 3947 ubi
2553 3894 2720 3950 Deum
2760 3893 2941 3963 ignem
2967 3910 3089 3948 esse
3121 3897 3300 3960 docet,
3341 3897 3530 3965 igneos
3561 3912 3727 3965 angv-

2151 3984 2253 4046 los.
2291 3986 2556 4054 nobisque
2608 3986 2737 4054 ipsis
2787 3986 2984 4052 spiritu
3039 3997 3097 4040 ut
3138 3986 3447 4042 ferveamus
3477 3989 3723 4056 praacipi,

2149 4076 2192 4130 si
2224 4077 2384 4129 modo
2410 4074 2521 4130 Deo
2557 4077 2771 4146 placere
2801 4078 3031 4131 velimus
3061 4094 3075 4132 :
3104 4078 3299 4147 impius
3345 4091 3552 4147 autem,
3585 4083 3730 4152 frigi-

2149 4167 2249 4223 dos
2282 4179 2487 4222 etesse
2534 4180 2589 4222 et
2623 4168 2760 4235 dici;
2817 4169 3088 4223 diabolum
3144 4171 3320 4240 ipsum
3373 4173 3609 4227 dracone
3655 4191 3722 4228 eo

2148 4260 2466 4329 signiﬁcari,
2511 4261 2601 4329 qui
2645 4261 2698 4314 in
2745 4262 2878 4314 mari
2932 4275 3159 4331 regnare
3207 4261 3428 4316 dicitur.
3464 4263 3601 4318 Tum
3650 4265 3722 4320 ita

2149 4352 2421 4406 concludit
2455 4368 2468 4404 :
2503 4371 2520 4402 ι
2550 4351 2608 4406 Si
2639 4368 2769 4422 ergo
2799 4369 2860 4407 ea
2892 4368 3012 4422 quae
3047 4363 3236 4408 sancta
3273 4366 3420 4423 sunt,
3457 4368 3512 4411 et
3550 4357 3723 4426 ignis,

2150 4453 2207 4498 et
2258 4443 2462 4508 lumen,
2514 4454 2568 4498 et
2618 4443 2882 4498 ferventia
2927 4446 3313 4510 nominantur;
3367 4464 3489 4516 quae
3542 4460 3720 4503 autem

458 4516 680 4612 σπέρμα
713 4540 806 4594 τοῦ
852 4539 1126 4612 Ἀϐραὰμ,
1163 4541 1285 4594 οὐδὲ
1331 4541 1440 4612 γὰρ
1475 4540 1658 4612 ἔχουσι
1684 4543 1810 4605 τοὺς
1850 4516 2041 4611 λόγους

2157 4536 2423 4589 :ontraria
2477 4545 2604 4589 sunt
2641 4535 2858 4602 frigida,
2892 4547 2948 4589 et
2987 4537 3234 4590 charilas
3269 4550 3492 4606 peccato
3523 4541 3724 4593 dicitur

459 4634 1050 4705 συγκατεσπαρμένους
1075 4633 1250 4687 αὐτῶν
1288 4638 1407 4698 ταῖς
1435 4635 1654 4700 ψυχαῖς,
1675 4637 1770 4688 καὶ
1811 4636 2041 4708 δυναμέ-

455 4741 601 4788 νους,
629 4725 1089 4796 είγεωργηθεῖεν,
1145 4725 1370 4795 ποιῆσαι
1401 4725 1566 4778 τέκνα
1611 4725 1706 4778 τοῦ
1762 4725 2034 4796 Ἀϐραάμ.

456 4816 586 4871 ltem
622 4818 676 4871 in
714 4818 908 4886 psalm.
947 4833 1037 4883 xv,
1088 4817 1143 4879 7,
1189 4832 1219 4871 e
1267 4817 1484 4870 Catenis
1537 4817 1746 4882 Regiis,
1783 4835 1835 4886 p.
1878 4818 1982 4872 599
2019 4833 2034 4871 :

456 4907 574 4964 Κᾶν
595 4912 660 4980 τῇ
694 4909 838 4980 ψυχῇ
866 4909 1043 4963 τοίνυν
1081 4909 1200 4961 ἐστὶ
1220 4907 1469 4979 νοήματα
1503 4925 1622 4961 τινα
1638 4907 1751 4972 τοῖς
1776 4910 2032 4980 σπέρμα-

458 5017 540 5054 σιν
563 4999 824 5069 ἀνάλογα,
856 5000 978 5054 καθ⁴
1000 5000 1036 5054 ἂ
1056 5001 1125 5053 τὰ
1150 5000 1296 5053 ἔνδον
1333 5000 1645 5071 γεννήματα
1696 5003 1754 5053 ἐν
1801 5001 2035 5069 ἀγαθαῖς

455 5093 706 5164 πράξεσι,
745 5093 866 5146 καῖ’
894 5093 1151 5162 Θεωρίαις
1203 5092 1514 5162 ἀληθιναῖς.
1551 5094 1856 5159 Qttalitates
1919 5095 2037 5150 illas

455 5185 836 5257 σπερματικὰς
862 5185 1056 5238 animis
1101 5184 1370 5254 ingenitas
1399 5186 1527 5253 quid
1562 5185 1704 5238 aliud
1728 5200 1848 5239 esse
1887 5188 2036 5240 dica-

455 5291 595 5342 mus,
627 5292 790 5346 quam
817 5277 1106 5346 qualitates
1137 5292 1260 5330 cum
1299 5277 1508 5330 semine
1542 5277 1856 5330 traductas?
1881 5276 2033 5342 Quod

453 5369 497 5422 si
537 5369 588 5422 in
619 5369 830 5422 animos
869 5371 1188 5422 traducatur
1217 5367 1421 5435 aliquid
1455 5383 1580 5421 cum
1623 5367 1834 5420 semine
1864 5377 1917 5421 et
1951 5367 2033 5420 in-

453 5459 722 5529 gignatur,
760 5461 869 5514 imo
911 5461 957 5514 si
1013 5475 1135 5514 cum
1173 5459 1370 5513 animis
1419 5459 1552 5528 ipsis
1599 5459 1904 5512 seminatur
1931 5458 2032 5510 ali-

451 5552 602 5619 quid,
631 5552 1298 5623 συγκατασπείρεταιταῖς
1323 5550 1540 5620 ψυχαῖς,
1563 5551 1899 5603 seminantur
1921 5551 2030 5604 uti-

449 5657 555 5712 que
585 5642 714 5708 ipsa
743 5643 958 5706 animae,
984 5654 1041 5698 et
1067 5658 1134 5696 ex
1163 5643 1386 5697 traduce
1411 5651 1798 5712 propagautur.
1830 5639 2030 5695 Verum

449 5735 608 5789 aliter
640 5733 954 5802 accipienda
1002 5743 1134 5801 puto
1178 5733 1268 5787 illa
1295 5732 1582 5802 Origenis;
1627 5732 1835 5786 animas
1885 5733 2030 5786 cnim

452 5823 578 5880 licet
613 5822 937 5894 quibusdam
963 5823 1142 5892 λόγοις
1179 5825 1573 5894 σπερματικοῖς
1616 5823 1912 5880 instructas
1945 5839 2029 5880 sc-

2143 4623 2456 4694 frigescere,
2487 4627 2872 4693 requirendum
2897 4635 2980 4681 est
3020 4643 3088 4681 ne
3121 4627 3260 4683 forte
3297 4639 3351 4683 et
3383 4645 3577 4685 nomen
3606 4634 3724 4685 aui-

2140 4731 2264 4780 maa,
2295 4731 2414 4784 qua:
2468 4716 2656 4771 Graece
2691 4716 2890 4770 dicitur
2931 4717 3101 4788 ψυχή,
3131 4733 3159 4772 a
3209 4720 3612 4789 refrigescendo
3657 4726 3722 4776 de

2138 4818 2284 4862 statu
2318 4809 2582 4863 diviniore
2609 4827 2672 4864 ac
2702 4809 2928 4863 meliore
2955 4810 3159 4863 dictum
3188 4812 3280 4878 sit,
3311 4824 3368 4867 et
3395 4815 3718 4868 translatum

2139 4901 2264 4954 inde
2304 4903 2448 4970 quod
2488 4919 2553 4956 cx
2591 4903 2773 4956 calore
2818 4903 2910 4956 illo
2957 4905 3192 4958 naturali
3232 4907 3524 4962 etdivino
3560 4908 3721 4962 refri-

2141 4993 2285 5047 xisse
2317 4994 2601 5058 videatur;
2644 5003 2697 5049 et
2724 4994 2844 5049 ideo
2878 4995 2932 5048 in
2974 4996 3074 5050 hoc
3119 5014 3226 5066 quo
3253 5014 3398 5052 nunc
3426 5011 3510 5053 est
3548 5012 3718 5064 statu,

2140 5095 2194 5139 ct
2224 5085 2488 5140 vocabulo
2517 5087 2622 5138 sita
2659 5086 2751 5139 sit.
2779 5103 2800 5139 ο
2844 5086 3193 5142 Consimileni
3244 5090 3370 5145 huic
3417 5091 3596 5145 locum
3638 5094 3709 5146 in-

2138 5180 2317 5230 didem
2353 5177 2573 5230 adducit
2596 5175 3014 5234 Justinianusin
3051 5181 3200 5236 calce
3228 5184 3470 5251 epistula:
3501 5185 3568 5238 ad
3605 5185 3716 5240 Me-

2137 5285 2286 5322 nam.

2210 5357 2542 5428 Epiphanius
2571 5361 2763 5416 hmres.
2798 5378 2947 5426 LXIV,
2979 5379 3096 5432 cap.
3129 5362 3184 5428 5,
3214 5374 3269 5418 et
3324 5365 3375 5418 in
3420 5367 3586 5436 epist,
3645 5368 3712 5421 ad

2137 5451 2294 5506 Joan.
2328 5450 2583 5514 Jerusol.,
2611 5471 2730 5521 cap.
2769 5456 2822 5520 ἓ,
2865 5457 3068 5508 dixisse
3096 5456 3383 5526 Origenem
3423 5461 3586 5512 refert
3605 5459 3710 5528 ψυο

2133 5546 2234 5616 χάς
2273 5549 2560 5609 vocitatas,
2598 5546 2685 5600 διὰ
2745 5549 2806 5600 τὸ
2865 5548 3071 5601 ἄνωθεν
3107 5547 3398 5618 πεψύχθαι.
3451 5549 3506 5604 Id
3552 5553 3715 5604 vertit

2135 5635 2484 5690 doctissimus
2515 5636 2804 5705 interpres,
2844 5656 2862 5689 ι
2896 5639 3038 5706 quod
3067 5637 3282 5691 C(Blitub
3317 5637 3496 5692 κωκυ
3533 5640 3640 5704 sit;
3687 5658 3707 5690 ι

2136 5745 2256 5799 qua:
2298 5744 2430 5783 sane
2463 5729 2592 5783 mihi
2623 5730 2836 5799 probari
2887 5746 2991 5782 non
3029 5739 3205 5798 potest
3231 5731 3526 5798 expOsitio;
3585 5747 3710 5783 nam

2140 5824 2346 5877 animas
2381 5823 2599 5893 quidem
2645 5823 2877 5892 desuper
2912 5823 3129 5876 immitti
3175 5821 3460 5877 afﬁrmavit
3514 5820 3708 5892 Orige-
