4160 6472
451 390 546 445 9οι
1252 387 1986 444 οηιδΕΝνιΑΝιωυΜιιιΒ.
2033 389 2098 453 ll,
2142 388 2292 442 CAP.
2339 388 2404 453 tt,
2443 387 2720 456 QUAEST.
2762 388 2852 445 Vl.
3603 399 3712 454 θοῇ

451 521 586 574 nes;
636 506 804 561 amari
855 521 986 561 vero
1019 505 1103 560 vel
1156 505 1410 573 inspirari
1461 507 1640 560 anima
1687 507 1856 560 multo
1897 519 2025 562 ante
2052 516 2100 570 Α
2129 514 2183 558 et
2214 503 2478 575 Cyriacus
2512 506 2833 572 monachus,
2864 521 3022 576 quem
3057 509 3509 577 narrat;Simeon
3543 512 3710 569 Meta-

447 599 667 653 condita
705 614 812 654 non
845 598 1018 668 magis
1048 598 1154 652 dici
1192 609 1371 668 potest
1391 613 1554 667 quam
1582 600 1828 668 angelus,
1859 616 2020 669 quem
2129 594 2380 662 phrasles
2409 595 2612 650 dicenti
2641 594 2847 664 Cyrillo
2884 616 2903 647 ‹
2945 599 3198 668 dogmata
3228 603 3294 654 de
3326 605 3712 669 przeexsisten-

449 705 607 744 nemo
642 693 874 759 desuper
895 690 1064 744 afﬂari
1089 691 1308 754 dixerit,
1333 705 1454 744 cum
1487 691 1554 745 de
1584 690 1722 746 εωιο
1753 693 1806 747 in
1849 705 2022 750 terras
2129 685 2200 736 tia
2240 693 2297 737 et
2335 684 2676 738 restitutione
2697 685 2751 739 in
2783 687 3030 740 eumdem
3063 697 3264 742 statum
3308 708 3328 740 )
3362 692 3432 746 ab
3459 691 3714 757 Origeni-

447 783 747 852 ablegatur.
791 783 1122 838 Vertendum
1157 796 1311 854 ergo,
1345 801 1364 835 ι
1414 784 1557 853 quod
1599 800 1812 841 sursum
1857 785 2017 841 rem-
2125 773 2226 828 stis
2255 774 2409 842 quasi
2448 792 2466 825 ι
2496 775 2672 828 media
2707 777 2844 829 etab
2877 778 3024 830 omni
3085 779 3331 847 periculo
3379 781 3553 836 aliena
3608 784 3710 838 ha-

445 875 608 929 χειιῑι,
640 893 660 926 ι
2121 865 2261 930 beri,
2299 884 2318 918 ›
2361 868 2710 936 respondisse
2748 887 2765 918 ι
2806 868 3157 946 Nequaquam
3208 888 3328 927 esse
3384 877 3585 944 media,
3655 887 3711 932 et

514 964 604 1020 Vl.
642 966 720 1021 Ex
760 966 845 1021 his
869 966 1177 1021 Adamantii
1208 966 1352 1022 circa
1381 967 1574 1022 anima!
1600 968 1863 1038 originem
1903 969 2017 1038 pla-
2122 971 2318 1012 vacare
2371 958 2611 1027 ΡθτίευΙο
2665 960 2913 1029 dogma“
2963 962 3028 1015 de
3075 965 3531 1032 Ρηεθκεῖδιθηιῖδν
3599 969 3708 1023 imo

444 1058 568 1114 citis
591 1067 719 1112 nata
764 1067 848 1112 est
891 1067 1083 1114 octava
1122 1075 1154 1114 e
1201 1061 1694 1125 criminationibus,
1727 1077 1864 1130 quas
1913 1063 2014 1131 ipsi

2121 1066 2248 1106 esse
2276 1051 2484 1107 lubrica
2523 1054 2704 1122 potius
2750 1063 2806 1109 et
2850 1057 3182 1125 periculosa.
3225 1077 3242 1109 ο
3273 1059 3612 1130 lmpugnavit
3654 1074 3708 1118 et

443 1149 608 1220 obiici
665 1149 856 1204 solitas
895 1160 1251 1219 repraasenlat
1302 1163 1358 1206 et
1411 1152 1567 1206 diluit
1597 1151 1910 1222 Pamphilus
1961 1157 2014 1209 itt

2121 1144 2412 1212 Antipater
2443 1143 2768 1210 Bostrenus,
2801 1148 3034 1216 scriptor
3069 1150 3247 1204 aetatis
3293 1153 3425 1204 ntihi
3457 1155 3699 1208 nondum

441 1241 718 1310 Apologia.
767 1239 864 1295 llla
915 1250 1066 1297 certe
1116 1253 1401 1312 postquam
1457 1244 1667 1312 prolixe
1720 1245 2016 1302 confutavit
2117 1246 2432 1307 compertae,
2469 1238 2524 1292 in
2555 1239 3036 1295 dissertationibus
3078 1244 3341 1297 adversus
3393 1241 3703 1314 Origenem,

440 1330 782 1388 Iustinianus
821 1333 875 1387 in
917 1333 1142 1403 epistola
1178 1337 1244 1388 ad
1277 1333 1511 1398 Menam,
1558 1345 1668 1388 tum
1719 1334 2014 1406 Scriptura
2118 1342 2256 1394 quas
2288 1327 2501 1396 Eclogis
2526 1329 2640 1383 suis
2667 1328 3152 1385 intexuitJoannes
3187 1333 3571 1398 Damascentts,
3608 1337 3695 1391 ιίῑ.

441 1433 666 1489 sanetat,
685 1433 796 1478 tum
822 1423 1040 1479 Patrum
1068 1426 1408 1491 auctoritate,
1429 1427 1498 1480 ab
1519 1426 1650 1494 ipsis
1670 1426 1862 1481 deinde
1883 1443 2014 1482 ana-

2115 1420 2254 1488 Περὶ
2281 1418 2532 1489 ἀμοιϐῆς
2562 1418 2684 1473 τῶν
2717 1415 2787 1474 εὖ
2822 1421 2949 1474 κατ’
2977 1421 3201 1489 ἀρετὴν
3224 1424 3696 1487 βιοτευσάντων.

441 1515 817 1570 thematismos
846 1530 973 1570 suos
1017 1516 1190 1570 eidem
1232 1516 1472 1584 epistolae
1512 1515 1786 1572 subnexos
1833 1520 2014 1582 auspi-
2116 1515 2417 1569 Damnatur
2449 1529 2510 1568 ea
2546 1529 2762 1584 quoque
2806 1517 2856 1569 in
2903 1515 3136 1586 Origene
3185 1535 3214 1571 a
3263 1521 3470 1590 synodo
3516 1523 3691 1591 quini-

440 1615 595 1660 catus
622 1615 737 1671 est;
771 1615 936 1676 atque
958 1605 1049 1661 illa
1079 1607 1323 1676 quisquis
1349 1607 1512 1662 fuerit
1551 1609 1854 1678 amplexus,
1886 1624 2014 1664 ana-
2113 1615 2287 1674 sexta,
2311 1605 2505 1671 canJ,
2539 1615 2638 1660 eta
2666 1604 2975 1675 Sophronio
3004 1607 3566 1679 Hierosolymitanoin
3590 1616 3705 1684 epi-

438 1699 620 1752 thema
669 1713 792 1752 esse
839 1699 1039 1764 sancit,
1083 1700 1381 1768 eademque
1427 1715 1615 1755 rursus
1681 1701 1906 1769 contigit
1959 1702 2010 1756 in
2112 1698 2250 1752 stola
2278 1699 2344 1752 ad
2379 1697 2626 1767 Sergium
2675 1697 3362 1770 Constantinopolitanum;
3393 1703 3460 1759 ab
3491 1705 3702 1763 Isidoro

437 1790 665 1858 epistola
687 1791 753 1844 ad
777 1791 1023 1860 quintam
1059 1793 1352 1861 synodum,
1382 1806 1504 1860 qua:
1533 1799 1616 1845 est
1642 1795 1782 1861 apud
1805 1790 2007 1847 Cedre-
2118 1790 2330 1859 Urigin.
2361 1789 2462 1843 lib.
2491 1803 2610 1851 vut,
2645 1805 2764 1859 cap.
2794 1790 2862 1855 5;
2905 1789 3112 1846 Joanne
3160 1793 3497 1852 Damasceno
3537 1797 3632 1852 lib.
3661 1814 3701 1852 tt

438 1897 591 1936 num.
619 1883 718 1936 Diu
744 1898 906 1953 porro
934 1892 1061 1936 tunc
1085 1891 1227 1946 erat,
1259 1894 1541 1952 postquam
1570 1899 1705 1938 vana
1743 1885 1858 1940 haec
1883 1885 2010 1941 Ori-
2045 1864 2090 1923 Β
2119 1880 2343 1936 Orthod.
2373 1881 2499 1949 ﬁd.,
2549 1897 2669 1946 cap.
2727 1880 2812 1943 12,
2843 1890 2896 1936 et
2934 1883 3030 1937 lib.
3071 1899 3146 1946 tv,
3196 1901 3317 1954 cap.
3349 1886 3420 1952 6;
3463 1887 3696 1958 Georgio

437 1975 591 2044 genis
619 1975 852 2044 cogitata
888 1975 1248 2045 castigaverat
1279 1975 1606 2042 Methodius,
1659 1987 1719 2031 ut
1779 1993 1848 2032 ex
1898 1978 2014 2047 ejus
2118 1970 2375 2042 Syncello
2401 1972 2454 2026 in
2503 1971 2751 2040 Excerpl.
2789 1971 3109 2043 Chronogr.;
3143 1975 3386 2032 Cedreno
3412 1978 3466 2032 in
3499 1978 3696 2048 Camp.

435 2064 704 2132 excerptis
755 2064 962 2120 discere
1014 2074 1134 2130 est,
1177 2081 1298 2134 qua:
1355 2066 1681 2136 Epiphanius
1744 2069 1900 2126 nobis
1963 2077 2015 2123 et
2116 2062 2281 2126 Itist.,'
2327 2062 2493 2117 Snida
2534 2063 2588 2118 in
2627 2063 2878 2132 Origene;
2917 2063 3103 2120 Niceta
3131 2064 3285 2121 Thes.
3326 2068 3535 2123 orthod.
3591 2071 3688 2138 βό.

435 2155 658 2212 Photius
681 2167 1032 2211 asservarunt
1067 2173 1082 2210 :
1115 2159 1470 2227 castigaverat
1491 2167 1547 2213 et
1571 2159 1839 2215 Caesarius
1878 2161 2014 2216 Gre-
2113 2152 2208 2208 lib-
2241 2169 2314 2220 IV.
2363 2153 2494 2209 1121⁸·
2543 2170 2714 2218 IXXI;
2756 2153 3045 2212 Vincentio
3096 2158 3481 2216 Bellovacense
3537 2160 3694 2232 Spec.

435 2249 572 2317 gorii
616 2247 945 2302 Nazianzeni
995 2247 1164 2304 frater
1219 2251 1430 2319 dialogo
1466 2266 1548 2314 tu,
1584 2251 1775 2306 interr.
1821 2253 1924 2308 M9
1958 2264 2012 2309 et

2112 2245 2308 2309 doctr.,
2334 2245 2429 2301 lib.
2456 2261 2612 2314 xvttt,
2641 2262 2760 2316 cap.
2802 2249 2911 2315 45;
2949 2247 3256 2318 Nicephoro
3285 2250 3378 2306 lib.
3410 2268 3542 2320 xvn,
3569 2269 3691 2324 cap.

434 2341 783 2410 sequentibus
826 2341 893 2410 (si
937 2341 1098 2397 modo
1142 2341 1488 2414 Dialogorum
1541 2345 1764 2400 istorum
1821 2360 2010 2400 revera
2109 2332 2199 2400 27,
2227 2343 2283 2388 et
2317 2334 2567 2391 Guidone
2606 2336 2904 2392 Cartnelita
2930 2338 2980 2392 itt
3014 2338 3236 2393 Summa
3266 2339 3330 2394 de
3360 2342 3570 2406 haeres"
3603 2343 3697 2413 qni

431 2441 624 2486 auctor
651 2441 757 2495 est,
789 2433 866 2485 uti
905 2432 1098 2498 fertur,
1141 2434 1244 2488 iste
1281 2435 1610 2508 Cazsarius);
1646 2438 2010 2508 castigaverat

1042 2451 1098 2498 η’,
1141 2434 1244 2488 iste
1281 2435 1610 2508 Cazsarius);
1646 2438 2010 2508 castigaverat
2111 2425 2298 2478 munis
2318 2439 2438 2478 eam
2467 2425 2685 2480 τθῖθηῖι·

433 2533 489 2575 et
514 2522 810 2592 Gregorius
831 2522 1114 2595 Nyssenus
1144 2524 1284 2580 libro
1323 2527 1461 2594 Περὶ
1491 2527 1874 2597 κατασκευῆς
1900 2529 2009 2583 ἀν-

2187 2514 2293 2568 Vll.
2328 2515 2540 2571 Platoni
2591 2533 2753 2586 porro
2781 2518 2869 2572 hic
2903 2533 3118 2589 quoque
3153 2523 3444 2589 regendum
3475 2538 3533 2577 se
3558 2522 3695 2579 Ada-

432 2611 686 2682 θρώπου,
713 2629 830 2681 εει),
862 2615 954 2678 58,
980 2624 1034 2668 ει
1065 2615 1395 2682 Epiphanius
1429 2619 1560 2671 ιιαειι,
1613 2634 1762 2684 my,
1793 2635 1915 2688 cap.
1949 2620 2006 2684 4,
2110 2610 2347 2664 manlius
2390 2611 2639 2679 praebuit.
2692 2610 2784 2666 llle
2836 2623 3018 2666 autem
3069 2615 3119 2667 in
3156 2613 3446 2681 Phwdone,
3481 2627 3536 2673 et
3565 2616 3694 2686 Epi-

429 2717 486 2758 et
513 2705 566 2758 in
597 2707 759 2774 epist.
792 2706 859 2759 ad
885 2705 1041 2760 Joan.
1072 2707 1400 2778 .lerosolym.
1430 2725 1549 2780 cap.
1593 2710 1650 2774 2,
1686 2711 1883 2780 quibus
1922 2713 2005 2766 lo-

2108 2701 2270 2764 nomi,
2301 2712 2356 2754 et
2385 2700 2478 2755 lib.
2519 2717 2549 2754 x
2583 2701 2664 2756 De
2696 2703 2875 2772 legib.,
2906 2712 2959 2757 et
3002 2703 3057 2757 itt
3093 2703 3314 2774 Tintwo,
3343 2708 3571 2778 aliisque
3601 2709 3687 2763 lo-

427 2796 509 2849 cis
543 2806 760 2864 putasse
793 2797 1327 2853 diciiAdamaniium
1354 2799 1531 2871 ψυχὴν
1563 2802 1784 2866 dictam,
1811 2801 1900 2855 διὰ
1945 2804 2007 2856 τὸ
2107 2790 2206 2857 cis,
2239 2792 2545 2846 doctrinam
2598 2793 2740 2848 hanc
2790 2795 3173 2850 disertissimis
3209 2799 3445 2868 explicat
3483 2799 3690 2865 verbis,

424 2887 632 2941 ἄνωθεν
662 2887 958 2958 πεψύχθαι,
991 2900 1045 2944 et
1077 2890 1267 2960 δέμας,
1293 2893 1382 2945 διὰ
1410 2893 1468 2945 τὸ
1495 2892 1738 2946 δεδέσθαι
1767 2895 1863 2966 τὴν
1902 2895 2004 2964 ψυ-

2105 2896 2268 2949 quam
2305 2899 2497 2953 magna
2543 2885 2775 2939 subinde
2817 2896 3063 2940 veterum
3113 2883 3242 2956 pars
3281 2890 3536 2958 arripuit.
3574 2889 3686 2946 Nec

427 2978 528 3050 χὴν
558 2980 616 3033 ἐν
649 2978 726 3050 τῷ
756 2979 992 3050 σώματι,
1023 2991 1078 3035 et
1117 2981 1277 3052 σῶμα
1307 2986 1462 3052 quasi
1491 2985 1662 3056 σῆμα,
1694 3003 1712 3036 t
1751 3001 1817 3041 eo
1861 2990 2004 3056 quod

2105 2972 2268 3041 hujus
2313 2990 2444 3030 sane
2490 2975 2598 3030 fuit
2649 2979 2763 3046 ipse
2812 2982 3099 3036 sententiae
3138 2983 3507 3050 architectus;
3565 3000 3683 3038 eam

427 3071 500 3124 ita
528 3073 765 3126 animam
805 3073 858 3126 in
888 3089 946 3128 se
977 3074 1217 3130 clausam
1252 3077 1470 3142 haheat,
1514 3079 1784 3146 quomodo
1826 3081 2003 3148 sepul-

2103 3067 2302 3134 quippe
2339 3067 2507 3121 multo
2551 3071 2706 3136 prius
2743 3084 3226 3138 pr0pngnaverant
3260 3075 3598 3144 Pythagoras
3636 3083 3691 3130 et

425 3176 514 3216 cra
536 3173 591 3216 et
620 3164 807 3218 tumuli
840 3165 1104 3220 cadavera
1145 3177 1486 3221 mortuorum
1521 3185 1535 3221 :
1572 3188 1592 3221 ι
1637 3170 2002 3239 castigaverat
2028 3212 2068 3271 C

2046 3212 2072 3230 η
2105 3157 2479 3226 Empedocles.
2514 3159 2581 3212 Ἢ
2620 3160 3003 3229 εὐλογώτερον,
3037 3163 3490 3235 inquitOrigenes
3532 3166 3627 3221 lib.
3674 3184 3689 3222 ι

2046 3251 2073 3271 .1
2116 3260 2287 3271 -_-_._._
2319 3248 2434 3271 11-1-
2534 3267 2601 3271 -.-μ
2629 3269 2653 3271 κ.
2743 3251 2811 3271 *ΡΟ
2872 3253 2906 3271 1,
2947 3254 3000 3271 I,
3147 3255 3158 3271 ι
3251 3255 3260 3271 1
3476 3256 3487 3271 ι

422 3261 479 3309 et
508 3251 842 3323 TheOphilus
868 3256 1284 3322 Alexandrinus,
1326 3269 1378 3312 et
1423 3258 1786 3329 Hieronymus
1837 3263 1995 3330 epist.
2029 3248 2065 3271 u

2046 3251 2073 3271 ⁴
2106 3260 2288 3302 contra
2318 3248 2485 3316 Cels.,
2534 3267 2682 3308 ttttnt.
2743 3251 2831 3315 39.,
2866 3253 3105 3323 ἑκάστην
3131 3255 3309 3325 ψυχὴν
3354 3256 3498 3308 κατά
3540 3273 3689 3320 τινας

420 3343 512 3412 59,
530 3346 596 3398 ad
622 3346 790 3408 Avit.,
824 3362 941 3415 cap.
964 3347 989 3399 1
1019 3346 1139 3408 eti,
1184 3357 1238 3400 et
1265 3349 1421 3417 epist.
1451 3348 1540 3414 61,
1564 3354 1630 3403 ad
1663 3349 1998 3417 Pammacln,

2103 3342 2446 3412 ἀπορῤήτους
2478 3341 2670 3409 λόγους
2696 3342 2862 3411 (λέγω
2904 3343 2960 3396 δὲ
2993 3343 3167 3397 ταῦτα
3207 3344 3303 3397 νῦν
3337 3346 3477 3398 κατὰ
3508 3347 3689 3399 Πυθα-

418 3453 541 3506 Cap.
565 3438 620 3502 3,
653 3439 708 3506 5,
737 3438 792 3502 6,
825 3449 878 3492 et
913 3441 1075 3508 epist.
1103 3439 1193 3504 65,
1226 3441 1294 3495 ad
1333 3440 1645 3495 Pammach.
1685 3453 1738 3495 et
1769 3444 1997 3508 Ocean.,

2102 3433 2292 3504 γόραν,
2316 3435 2410 3485 καὶ
2437 3433 2720 3499 Πλάτωνα,
2751 3436 2845 3487 καὶ
2871 3435 3259 3506 Ἐμπεδοκλέα,
3292 3435 3384 3501 οὓς
3429 3437 3689 3501 πολλάκις

420 3542 540 3598 cap.
566 3528 622 3592 ‘2,
654 3539 710 3582 et
743 3529 836 3582 lib.
868 3544 896 3580 v
929 3528 1222 3583 Comment.
1258 3531 1312 3583 in
1364 3529 1586 3597 Jerem.,
1635 3548 1756 3601 cap.
1797 3534 1889 3601 94,
1947 3544 2001 3590 et

2101 3523 2387 3594 ὠνόμασεν
2444 3525 2472 3576 ὁ
2531 3523 2755 3597 Κέλσος)
2809 3527 3226 3597 εἰσκρινομένην
3276 3529 3508 3597 σώματι,
3567 3531 3687 3581 κατ’

421 3619 474 3671 in
504 3619 666 3686 epist.
716 3621 782 3671 ad
826 3616 1225 3673 Demetriadem
1276 3636 1396 3690 cap.
1445 3623 1500 3688 9,
1553 3623 1644 3677 ubi
1693 3626 1997 3682 animarum

2099 3615 2254 3681 ἀξίαν
2296 3616 2668 3688 εἰσκρίνεσοαι
2713 3617 2986 3671 καὶκατὰ
3041 3617 3112 3671 τὰ
3164 3619 3408 3690 πρότερα
3455 3619 3596 3691 aen;
3635 3629 3690 3674 et

417 3707 762 3779 προῦπαρξιν
807 3709 859 3762 itt
899 3709 1134 3778 Egypto
1184 3721 1237 3764 et
1285 3711 1525 3767 Orientis
1583 3716 1826 3782 partibus
1868 3718 1995 3772 olim

2098 3704 2466 3779 Hieronymus
2492 3709 2651 3779 epist.
2687 3709 2780 3774 82,
2819 3725 2941 3779 quae
2972 3720 3057 3765 est
3102 3712 3168 3765 ad
3220 3710 3596 3766 Marcellinum
3630 3723 3687 3767 et

422 3811 749 3869 grassatam,
779 3801 893 3856 suis
934 3803 1266 3870 temporibus
1303 3822 1321 3854 ε
1375 3805 1689 3860 abscondite
1735 3810 1892 3876 quasi
1944 3812 1996 3865 in

2097 3797 2494 3868 Anapsychiam
2520 3819 2532 3854 :
2555 3819 2574 3851 ‹
2615 3803 2789 3870 Super
2821 3803 3018 3856 animae
3054 3812 3201 3858 statu
3235 3806 3454 3859 memini
3488 3815 3683 3860 vestra:

415 3892 590 3945 foveis
615 3893 922 3962 viperarum
956 3894 1094 3962 apud
1118 3893 1403 3963 plerosque
1432 3897 1638 3950 versari
1673 3914 1692 3947 ι
1726 3899 1992 3966 queritur,
2096 3891 2528 3958 Quaestiunculas,
2556 3895 2665 3947 imo
2711 3895 2950 3949 maxime
3008 3897 3399 3951 ecclesiastica:
3428 3898 3687 3966 quaestio-

421 4000 442 4034 ι
473 3982 796 4050 illarumque
826 3984 1060 4051 partiutn
1094 3983 1334 4053 polluere
1371 3985 1682 4052 puritatem,
1741 3997 1796 4040 ct
1839 3991 1992 4056 quasi
2097 3981 2182 4034 "is
2216 3999 2228 4034 τ
2265 3990 2448 4034 “trum
2474 3983 2624 4053 lapsa
2655 3984 2724 4038 de
2753 3984 2895 4039 C(BIO
2924 3985 3020 4051 είῑν
3048 3999 3107 4040 υι
3133 3986 3474 4058 Pythagoras
3505 3987 3684 4058 ριιίιο-

417 4075 768 4130 haereditario
819 4075 958 4129 malo
1005 4092 1227 4145 serpere
1265 4077 1319 4130 in
1361 4079 1569 4147 paucis,
1608 4089 1667 4134 ttt
1712 4082 1994 4148 perveniat

2095 4071 2320 4139 sophus,
2359 4087 2660 4142 omnesque
2687 4075 2979 4143 Platonici,
3005 4087 3061 4131 et
3095 4077 3358 4147 Origenes
3396 4089 3613 4147 putant.
3653 4099 3673 4131 ›

411 4166 478 4221 ad
507 4167 802 4236 plurimos;
827 4176 882 4221 et
911 4166 964 4220 in
993 4167 1284 4221 Comment.
1324 4170 1378 4220 in
1403 4168 1592 4237 psalm.
1641 4186 1868 4239 anxtx,
1903 4173 1992 4228 ubi
2095 4161 2288 4219 Simile
2314 4165 2648 4221 nanciscaris
2673 4169 2723 4220 in
2753 4169 2982 4238 epistola
3014 4168 3305 4224 Justiniani
3344 4173 3411 4226 ad
3433 4174 3678 4241 quintam

411 4257 648 4328 dogmati
697 4258 823 4313 huic
850 4258 1125 4313 haereseos
1154 4274 1350 4313 nomen
1404 4261 1592 4328 inurit,
1641 4263 1992 4331 quemadmo-
2093 4256 2385 4324 synodum.
2418 4265 2473 4311 el
2499 4258 2639 4324 apud
2668 4257 2913 4312 Nicetam
2942 4260 2994 4313 in
3021 4259 3287 4314 Thesauro
3313 4262 3521 4315 orthod.
3551 4263 3676 4332 ﬁd.,

411 4348 538 4401 dum
562 4356 618 4401 et
643 4346 696 4400 in
727 4345 1019 4399 Comment.
1048 4349 1102 4400 in
1131 4345 1332 4400 Jerem.
1369 4361 1523 4414 nix,
1578 4348 1804 4419 aliisque
1833 4350 1986 4417 locis,
2092 4348 2186 4402 lib.
2228 4363 2304 4414 tv,
2330 4349 2465 4404 liter.
2494 4366 2644 4404 xxxi.
2683 4348 2788 4405 Sed
2816 4361 2870 4406 et
2907 4352 3024 4420 ipso
3053 4351 3362 4422 Pythagora
3396 4356 3678 4425 antiquior

409 4454 549 4508 quos
594 4440 882 4494 brevitatis
915 4439 1090 4510 gratia
1148 4441 1510 4509 praetermitto
1557 4459 1571 4495 :
1626 4442 1990 4509 castigaverat
2092 4438 2346 4510 Orpheus
2383 4440 2618 4495 animam
2667 4441 2718 4494 in
2755 4457 2988 4512 corpore
3015 4443 3195 4513 puniri
3232 4443 3390 4498 dixit.
3419 4443 3675 4500 Testatur

407 4543 464 4586 et
497 4531 728 4588 Orosius
765 4535 818 4586 in
851 4531 1272 4586 Commonitorio
1304 4533 1368 4586 ad
1393 4533 1778 4602 Augustinum,
1805 4545 1858 4589 ct
1880 4538 1988 4590 Au-
2020 4545 2064 4600 ι)
2093 4531 2146 4584 id
2189 4530 2345 4585 Plato
2372 4532 2423 4584 itt
2458 4532 2696 4602 Cratylo,
2734 4533 2824 4588 ubi
2866 4544 2922 4588 et
2961 4535 3109 4588 vocis
3158 4533 3317 4604 σῶμα
3353 4535 3675 4605 originatio-

408 4625 661 4691 gustinus
691 4625 743 4678 in
769 4624 953 4679 libello
986 4633 1175 4676 contra
1222 4623 1668 4677 Priscillianistas
1715 4637 1762 4678 et
1807 4625 1991 4696 Orige-
2092 4637 2212 4676 nem
2253 4624 2451 4692 petita
2489 4624 2660 4696 σῆμα.
2705 4625 2908 4679 Locum
2942 4626 3106 4681 refert
3150 4628 3405 4681 Clemens
3439 4629 3670 4683 Alexan-

405 4717 592 4782 nistas,
623 4731 741 4784 cap.
771 4716 804 4770 8
829 4725 882 4770 et
915 4715 1006 4779 11,
1037 4727 1092 4769 et
1123 4715 1215 4769 lib.
1250 4730 1304 4768 XI
1337 4714 1412 4768 De
1436 4715 1574 4768 civit.
1603 4715 1722 4781 Dei,
1741 4732 1863 4786 cap.
1895 4719 1985 4784 25,
2091 4713 2282 4768 drinus
2315 4713 2520 4769 Strom.
2559 4717 2654 4771 lib.
2697 4731 2781 4780 ιιι,
2813 4727 2977 4786 atque
3009 4715 3138 4771 item
3166 4716 3399 4771 alterum
3437 4717 3670 4773 Philolai

404 4810 494 4862 ubi
522 4809 784 4864 conﬁctas
814 4809 936 4863 illas
968 4809 1032 4863 de
1059 4807 1366 4861 animarum
1400 4809 1784 4877 progressibus
1815 4820 1871 4864 et
1903 4825 1990 4864 re-
2091 4804 2459 4876 Pythagorici,
2488 4808 2616 4876 quid
2648 4808 2700 4862 id
2724 4809 2897 4876 ipsunt
2935 4822 3001 4861 ex
3025 4807 3297 4862 veteribus
3325 4809 3667 4863 ethnicorum

403 4901 684 4968 gressibus
732 4900 956 4954 fabellas
999 4901 1212 4954 erudite
1247 4899 1440 4953 refellit
1483 4919 1497 4954 :
1544 4902 1903 4970 castigaverat
1935 4913 1990 4957 et
2095 4897 2362 4966 theologis
2391 4907 2446 4952 et
2479 4899 2694 4952 vatibus
2719 4898 2940 4952 astruit.
2975 4897 3170 4951 Merito
3221 4897 3404 4967 itaque
3438 4897 3666 4953 Harme-

401 4990 514 5046 Leo
533 5007 669 5062 papa
703 4992 755 5045 in
787 4993 949 5062 epist.
977 4991 1067 5054 11,
1097 5006 1221 5061 quae
1253 5001 1336 5045 est
1371 4991 1436 5044 ad
1489 4989 1764 5046 Julianum
1809 4992 1984 5048 Coen-
2092 4990 2324 5058 nopnlus
2373 4990 2424 5043 in
2457 4989 2595 5043 libro
2625 4989 2700 5042 De
2728 4990 2907 5055 sectis,
2955 4999 3010 5042 et
3045 4988 3192 5043 Elias
3228 4989 3527 5054 Cretensis,
3557 4987 3667 5042 Na-

401 5092 610 5146 Sem,et
638 5081 952 5136 Gennadius
977 5081 1054 5135 De
1077 5085 1334 5150 dogmat.,
1363 5097 1480 5150 cap.
1511 5083 1601 5146 14,
1641 5095 1693 5136 et
1725 5083 1979 5140 Leontius
2091 5082 2334 5134 zianzeni
2365 5083 2652 5150 interpres,
2682 5096 2713 5135 e
2736 5081 3045 5136 Graecorum
3072 5079 3312 5136 fontibus
3339 5079 3663 5135 sententiam

401 5174 456 5228 itt
486 5174 581 5229 lib.
616 5177 696 5230 De
725 5177 920 5240 sectis;
949 5176 1186 5228 maxime
1225 5190 1354 5228 vero
1390 5175 1642 5244 Cyrillus,
1682 5176 1772 5244 qui
1804 5175 1978 5232 Theo-
2087 5190 2239 5228 suam
2273 5174 2560 5244 Origenem
2593 5176 2841 5229 hausisse
2875 5176 3081 5228 dicunt.

398 5267 532 5338 phili
570 5269 748 5336 patrui
781 5268 888 5330 sui,
924 5281 1029 5319 non
1063 5266 1115 5318 in
1151 5265 1527 5319 Alexandrino
1557 5267 1729 5320 solum
1771 5267 1977 5335 episco-
2157 5263 2289 5319 Vlll.
2321 5267 2392 5318 At
2418 5281 2536 5318 eam
2571 5277 2745 5318 tamen
2780 5281 2887 5333 quo
2929 5265 3258 5320 Christianis
3310 5266 3657 5335 approbaret,

397 5371 548 5429 patu,
577 5360 672 5414 sed
701 5361 750 5412 in
785 5359 999 5412 infenso
1028 5358 1190 5411 etiam
1241 5357 1504 5412 adversus
1533 5357 1819 5430 Origenem
1852 5361 1976 5415 odio
2082 5372 2188 5410 non
2224 5357 2520 5410 rationibus
2570 5359 2849 5420 duntaxat,
2887 5359 2980 5410 sed
3006 5355 3250 5424 quazsitis
3295 5357 3460 5409 etiam
3511 5357 3660 5410 Scri-

399 5467 707 5516 sueeessor,
737 5454 876 5504 hanc
905 5450 1022 5519 ejus
1049 5451 1115 5503 de
1165 5449 1474 5504 animarum
1513 5452 1723 5521 origine
1757 5461 1974 5506 senten-
2079 5459 2254 5517 plura;
2307 5463 2475 5502 sacra}
2512 5448 2837 5502 testimoniis
2897 5447 3094 5502 fulcire
3141 5457 3370 5502 conatus
3401 5455 3506 5512 est,
3539 5463 3659 5516 quae

399 5543 552 5608 tiam,
608 5541 833 5596 Joannis
877 5539 1227 5606 Evangelium
1297 5539 1622 5604 explanatis,
1687 5539 1969 5607 multiplici
2082 5540 2238 5593 nobis
2269 5555 2296 5591 a
2331 5539 2582 5592 Patribus
2607 5540 2954 5593 exhibentur.
2991 5541 3166 5608 Atque
3191 5540 3291 5593 hos
3321 5540 3538 5610 quidem
3572 5555 3657 5594 re-

401 5642 843 5704 argumentorum
877 5640 1136 5700 apparatu
1168 5628 1454 5683 subvertit.
1499 5630 1609 5685 Nec
1635 5631 1829 5686 minori
1859 5641 1972 5685 stu-
2081 5627 2190 5683 fert
2216 5629 2548 5699 Epiphanius
2581 5629 2636 5682 in
2682 5629 2843 5695 epist.
2872 5631 2939 5684 ad
2967 5628 3124 5684 Joan.
3152 5629 3503 5701 Jerosolym.,
3531 5645 3652 5700 cap.

397 5727 486 5782 dio
531 5737 657 5795 post
705 5725 950 5794 quintam
996 5723 1259 5792 synodum
1304 5722 1549 5776 eamdem
1591 5722 1974 5792 impugnarunt
2002 5737 2018 5752 κ
2077 5720 2134 5786 2,
2173 5735 2203 5775 e
2236 5719 2432 5789 psalm.
2464 5734 2656 5783 cxvttt,
2693 5719 2761 5772 67
2798 5734 2811 5770 :
2848 5739 2866 5772 ι
2900 5719 3221 5790 Priusquam
3261 5738 3290 5773 a
3323 5719 3525 5774 malitia
3555 5719 3656 5772 hn-

398 5818 702 5875 doctrinatn
753 5814 1040 5874 Facundus
1093 5813 1502 5890 llertuiancttsis
1531 5813 1624 5892 lib.
1671 5828 1720 5890 Vl,
1762 5829 1878 5883 cap.
1913 5812 1971 5894 6,
2080 5811 2340 5894 tniliarer,
2370 5826 2470 5881 ego
2497 5811 2732 5881 deliqui;
2772 5829 2790 5863 ι
2817 5827 2846 5867 e
2880 5811 3073 5883 psalm.
3106 5828 3252 5880 cstv,
3288 5812 3317 5864 7
3346 5831 3360 5869 :
3397 5831 3415 5864 ι
3456 5809 3656 5869 Rever-
