4160 6410
476 365 584 422 905

1716 360 1776 417 P.
1815 361 2132 418 DANIELlS
2171 360 2406 420 HUETH

3645 373 3747 426 904

478 496 609 541 tere.
635 485 812 540 anima
846 500 983 550 mea,
1017 487 1072 540 in
1108 487 1349 555 requiem
1375 495 1521 542 tuam
1547 506 1561 554 ;
1588 505 1604 538 i
1635 499 1664 541 e
1691 488 1886 556 psalm.
1913 501 2061 551 CXLl,
2091 490 2138 546 Α
2169 487 2275 540 rint
2303 506 2316 542 :
2341 502 2562 556 operum
2600 497 2781 541 autem
2810 486 2976 539 vitam
3006 485 3149 539 lianc
3175 485 3597 554 praecedentium
3632 501 3746 538 nit--

477 576 552 634 8:
590 593 609 628 t
659 576 806 632 Lduc
829 577 898 632 dc
928 592 1146 631 carcere
1167 578 1403 631 animam
1433 593 1644 643 meam;
1675 596 1694 629 ι
1732 587 1787 630 et
1809 591 1840 631 e
1869 575 2058 647 psalin.

477 684 627 733 οιιν,
662 670 735 724 9:
763 667 1109 724 «Coniitebor
1137 669 1364 724 Domitio
1399 670 1450 722 iii
1487 667 1706 740 regione
1731 669 1995 725 vivorum.
2033 687 2052 719 ι

477 759 717 826 Apponit
749 769 805 812 et
848 759 1011 813 istum
1064 757 1431 830 Hieronymus
1479 761 1530 813 in
1564 762 1725 828 epist.
1767 761 1834 813 ad
1874 760 2061 814 Deme-

480 851 665 915 triad.,
692 867 814 919 cap.
861 851 916 918 9,
950 866 981 904 e
1027 850 1189 906 Joaii.
1221 867 1300 917 ix,
1333 850 1369 904 2
1412 869 1428 905 :
1464 869 1485 902 ι
1533 850 1638 908 Iste
1683 850 1948 921 peccavit,
1999 859 2061 906 ut

475 957 654 996 caecus
707 957 773 996 ex
811 952 965 996 utero
993 950 1333 1006 nasceretur,
1369 958 1438 997 an
1482 951 1734 1010 parentes
1761 943 1916 1011 eius?
1953 963 1971 996 i
2007 951 2060 998 et

477 1031 596 1086 iilos
622 1045 882 1102 praiterea
915 1035 1009 1090 lib.
1044 1052 1060 1090 ι
1093 1035 1460 1090 Comment.in
1493 1033 1660 1104 Epist.
1697 1037 1764 1088 ad
1794 1035 1982 1104 Eplies.
2017 1053 2054 1100 t,

471 1124 528 1190 4,
573 1139 604 1178 e
654 1126 847 1193 psalm.
882 1141 1034 1194 CXIX,
1088 1125 1121 1178 5
1173 1144 1244 1181 ε(
1291 1127 1384 1180 Hei
1417 1126 1571 1190 mihi,
1619 1127 1744 1196 quia
1795 1125 2059 1182 incolatiis

475 1231 629 1272 meus
663 1217 1019 1289 prolongatus
1052 1230 1171 1283 est;
1224 1219 1465 1273 habitavi
1501 1235 1624 1274 cum
1678 1220 2056 1274 habitantibus

472 1307 674 1373 Cedar,
715 1309 944 1362 multum
987 1312 1330 1382 peregrinata
1389 1320 1471 1366 est
1523 1312 1701 1365 anima
1752 1325 1906 1374 mea;
1963 1330 1981 1362 ι
2025 1327 2058 1366 e

473 1396 634 1454 Rom.
665 1414 758 1464 vn,
789 1399 861 1452 24
888 1415 901 1450 :
937 1418 956 1450 ι
999 1399 1161 1454 Miser
1177 1416 1278 1469 ego
1301 1401 1496 1460 homo!
1535 1401 1658 1470 quis
1688 1415 1774 1454 me
1803 1398 2054 1456 liberabit

472 1489 540 1543 de
568 1505 799 1560 corpore
825 1492 1019 1547 mortis
1044 1491 1240 1560 hujus?
1268 1512 1286 1545 ι
1314 1504 1367 1547 et
1389 1511 1419 1547 e
1444 1493 1635 1562 Philip.
1669 1509 1708 1559 i,
1738 1491 1811 1547 23
1845 1510 1900 1546 :t
1935 1491 2054 1547 Me-

471 1580 576 1636 lius
606 1589 689 1637 est
728 1585 953 1646 reverti,
973 1593 1025 1638 et
1057 1599 1183 1639 esse
1213 1601 1336 1639 cuni
1373 1585 1626 1651 Christo;
1667 1605 1686 1638 ι
1713 1597 1768 1642 et
1799 1601 1830 1640 e
1854 1586 2046 1652 psalm.

476 1687 702 1736 Lxxxix,
736 1674 839 1739 1,2
861 1692 874 1727 :
897 1693 916 1727 t
949 1676 1191 1742 Domine,
1217 1675 1480 1746 refugium
1518 1677 1694 1733 [acuis
1720 1693 1778 1732 es
1812 1679 1967 1734 nobis
1998 1681 2049 1733 in

472 1763 872 1830 generationem
901 1775 955 1820 et
995 1767 1403 1835 generationem
1439 1783 1454 1819 :
1505 1777 1794 1836 antequam
1841 1779 2051 1825 montes

2167 578 2266 631 rita
2302 593 2642 649 nequaquam
2668 579 2733 631 ab
2765 578 3023 647 Apostolo
3058 576 3279 646 infringi
3331 591 3394 631 ac
3439 577 3551 630 tolli
3591 579 3738 628 arbi-

2167 679 2363 724 tratur.
2407 688 2428 722 ι
2464 670 2650 739 Igitur,
2690 670 2864 739 inquit
2919 685 3067 723 num.
3098 668 3152 731 7,
3211 669 3354 722 sicut
3392 669 3460 722 de
3507 669 3646 722 Esau
3683 679 3739 722 et

2160 764 2330 820 Jacob
2373 767 2686 834 diligentius
2728 764 3087 833 perscrutatis
3123 763 3422 831 Scriptiiris
3465 762 3742 817 invenitur

2161 858 2288 926 quia
2321 873 2426 910 non
2479 867 2563 912 est
2611 857 2880 923 iniustitia
2927 855 3068 924 apud
3107 853 3297 918 Deum,
3343 862 3401 906 ut
3447 863 3739 922 antequam

2162 959 2537 1012 nascerentur,
2569 947 2652 1001 vel
2685 956 2912 1016 agerent
2946 945 3147 1014 aliquid
3177 945 3230 998 in
3260 946 3372 998 vita
3407 945 3534 1011 hac,
3578 947 3733 999 dice-

2161 1053 2310 1096 retur
2343 1043 2468 1111 quia
2510 1040 2687 1108 major
2711 1040 2898 1093 serviet
2933 1039 3126 1092 minori
3154 1038 3202 1070 ⁵³
3241 1055 3254 1092 :
3295 1045 3432 1091 etut
3467 1037 3742 1090 invenitur

2161 1149 2266 1187 non
2294 1146 2416 1186 esse
2444 1131 2727 1198 injiistitia,
2762 1129 2904 1200 qziod
2935 1139 2988 1184 et
3023 1131 3076 1183 in
3115 1140 3306 1184 ventre
3329 1129 3550 1182 fratrem
3579 1143 3738 1183 suum

2159 1224 2520 1292 supplantavit
2546 1221 2741 1287 Jacoh,
2780 1223 2824 1278 si
2858 1235 2921 1278 ex
2949 1221 3308 1290 praecedentis
3337 1221 3591 1275 videlicet
3614 1220 3740 1274 vitae

2159 1315 2370 1370 meritis
2398 1315 2561 1385 digne
2609 1331 2730 1370 eum
2789 1315 3022 1370 electum
3057 1329 3179 1370 esse
3209 1313 3508 1368 sentiamus
3546 1328 3576 1366 a
3607 1311 3740 1378 Deo,

2159 1407 2231 1461 ita
2267 1415 2327 1461 ut
2374 1406 2527 1460 fratri
2560 1407 2798 1476 praeponi
2857 1415 3195 1468 mereretur;
3234 1406 3306 1458 ita
3353 1405 3543 1469 etiam,
3577 1421 3597 1456 ι
3630 1413 3738 1458 etc.

2158 1499 2290 1554 liciti
2321 1511 2542 1569 putasse
2571 1499 2788 1554 videtur
2819 1497 3011 1553 eodem
3045 1499 3230 1560 modo,
3266 1495 3556 1550 Paulinum
3593 1497 3739 1550 hunc

2155 1591 2332 1645 locum
2365 1591 2732 1657 interpretans
2756 1599 2888 1643 tom.
2917 1605 2951 1642 ιι
2985 1589 3040 1642 in
3067 1586 3254 1649 10am,
3305 1603 3456 1640 num.
3488 1587 3581 1642 25.
3627 1586 3739 1642 Nec

2155 1679 2311 1734 aliter
2351 1679 2684 1734 intellexisse
2711 1692 2834 1733 eum
2866 1678 3161 1732 verisimile
3199 1687 3284 1732 est
3315 1679 3547 1731 alterum
3573 1678 3735 1731 istum

2154 1769 2195 1824 11
2219 1769 2361 1824 Tim.
2397 1786 2437 1836 ι,
2467 1770 2522 1835 8,
2557 1771 2610 1835 9,
2651 1770 2852 1840 placito
2886 1770 3016 1824 licet
3060 1771 3229 1839 ipsius
3260 1785 3328 1824 ex
3375 1771 3607 1824 adverso
3641 1785 3738 1839 0p-

474 1853 867 1918 l‘ormareiitiir,
907 1868 961 1911 et
997 1858 1149 1912 ﬁeret
1205 1867 1372 1921 terra,
1409 1867 1463 1912 et
1505 1861 1650 1915 orbis
1699 1870 1988 1916 teri-arum.
2028 1881 2046 1914 ι
2085 1834 2126 1889 Β
2157 1862 2391 1930 positum
2429 1878 2489 1914 :t
2527 1861 2811 1915 Collabora
2846 1861 3132 1930 Evangelia
3153 1859 3452 1914 secundum
3480 1861 3734 1914 virtutem

471 1946 704 2012 Apponit
727 1955 782 2003 et
810 1949 958 2003 illum
986 1949 1039 2004 in
1072 1950 1267 2020 Eplies.
1298 1968 1337 2014 i,
1374 1952 1438 2006 Π
1462 1968 1477 2017 ;
1501 1966 1533 2006 e
1573 1950 1769 2021 psalm.
1803 1969 1912 2018 ni,
1947 1953 2049 2009 28:

477 2056 494 2087 i
528 2035 967 2094 Reniiiiiscentur
995 2049 1049 2095 et
1075 2053 1467 2097 convertentur
1495 2045 1560 2099 ad
1599 2045 1886 2100 Domitium
1929 2059 2047 2102 om-

471 2140 569 2183 iies
624 2130 758 2185 lines
797 2143 974 2186 terrae.
1013 2151 1032 2184 ι
1084 2134 1159 2188 Ex
1209 2133 1312 2190 hoc
1366 2135 1599 2206 denique
1655 2137 1816 2193 Joau.
1872 2151 1913 2203 ι,
1964 2140 2048 2199 9:

473 2238 494 2272 ι
536 2217 667 2275 Erat
689 2217 777 2276 lux
810 2233 961 2288 Vera,
990 2240 1111 2294 qua:
1166 2225 1440 2280 illuminat
1494 2241 1711 2282 omnem
1769 2230 2045 2286 hominem

473 2313 783 2368 venientem
835 2315 889 2369 in
937 2316 1079 2371 hunc
1125 2319 1405 2384 mundum,
1455 2339 1474 2372 ι
1510 2335 1689 2374 causa;
1737 2337 1848 2376 sua:
1889 2321 2053 2378 robur

465 2401 756 2476 Origeiiem
791 2409 875 2462 vel
907 2407 1246 2480 Origenistas
1305 2413 1662 2468 accersivisse
1701 2414 1833 2470 dicit
1874 2415 2053 2487 Cyril-

469 2497 551 2551 ius
591 2498 644 2552 in
674 2501 924 2554 eumdem
961 2500 1189 2557 Joannis
1214 2503 1416 2559 locum.

537 2587 630 2646 IX.
658 2589 764 2646 Sed
802 2591 1092 2649 manifesto
1146 2604 1408 2666 repugnat
1446 2595 1576 2652 illud
1630 2596 1909 2654 Zachariae
1946 2615 2047 2666 itii,

466 2681 492 2737 1
526 2697 539 2737 τ
577 2701 597 2734 t
633 2681 773 2739 Dicit
812 2683 1071 2742 Dominus
1120 2689 1421 2743 extendens
1460 2691 1678 2754 malum,
1707 2702 1761 2747 et
1810 2691 2047 2748 fiindans

467 2781 694 2839 terram,
737 2785 793 2831 et
820 2775 1028 2846 lingeiis
1059 2779 1307 2847 spiritum
1345 2779 1583 2836 hominis
1619 2782 1672 2836 iii
1711 2798 1809 2848 eo;
1850 2803 1872 2835 ι
1904 2785 2048 2853 quod

465 2877 776 2921 commento
811 2867 938 2922 huic
982 2867 1311 2940 Origeniano
1353 2888 1383 2926 a
1427 2875 1706 2929 nonnullis
1737 2876 2047 2944 oppositum

465 2967 550 3011 est
591 2975 605 3010 :
649 2967 914 3029 repugnat
946 2970 1000 3015 et
1038 2962 1164 3015 illud
1198 2962 1424 3018 Joannis
1457 2979 1532 3029 ix,
1561 2963 1594 3019 3
1623 2980 1637 3018 :
1675 2983 1693 3016 t
1744 2963 2048 3036 Respondit

461 3047 641 3116 Jesus,
672 3068 847 3124 neque
874 3055 960 3109 hic
990 3058 1253 3125 peccavit,
1291 3071 1463 3126 neque
1495 3069 1748 3126 parentes
1775 3058 1918 3128 ejus,
1953 3060 2046 3114 sed

465 3151 523 3193 ut
565 3141 980 3198 manifesteiitur
1025 3159 1188 3213 opera
1242 3145 1333 3200 Dei
1372 3147 1424 3200 in
1466 3147 1640 3201 illo:i
1673 3148 1814 3201 iiiiile
1860 3147 2045 3202 mirari
2075 3172 2119 3230 ο

461 3234 610 3288 subit
631 3242 910 3303 stuporem
948 3235 1220 3306 Origenis,
1260 3237 1350 3305 qui
1380 3240 1696 3307 praecedens
1723 3239 1864 3293 istud
1898 3255 2048 3294 com-

465 3339 550 3376 ina
577 3342 591 3377 :
627 3341 647 3374 ι
678 3323 872 3390 Rabbi,
907 3325 1031 3394 quis
1065 3326 1332 3393 peccavit,
1366 3325 1471 3392 hic,
1504 3333 1596 3379 aut
1619 3334 1874 3396 parentes
1907 3325 2045 3394 ejus,

464 3421 721 3469 iitcmcus
750 3416 1108 3469 nasceretur?
1150 3434 1168 3466 i
1211 3417 1262 3470 in
1303 3417 1385 3470 sui
1435 3417 1610 3471 delirii
1673 3415 2046 3471 defensionem

465 3507 754 3575 usurpavit
781 3523 796 3560 :
829 3506 895 3560 ad
928 3507 1257 3561 voluntatem
1288 3507 1486 3577 quippe
1512 3507 1604 3563 Dei
1635 3523 1853 3563 causam
1889 3508 2048 3562 caeci-

463 3598 591 3653 tatis
619 3597 764 3655 illius
795 3599 1039 3654 referetis
1061 3598 1336 3666 Christus,
1374 3615 1563 3656 ansam
1601 3616 1818 3656 omnem
1853 3601 2042 3656 abstit-

464 3689 529 3744 lit
552 3688 943 3760 detorquendae
976 3689 1124 3746 illius
1166 3694 1232 3747 ad
1265 3703 1484 3763 peccata
1518 3692 1683 3747 vitam
1729 3691 2040 3763 praeceden-

464 3779 838 3850 tia.Apertiiis
883 3782 1048 3836 etiam
1101 3793 1368 3855 repugnat
1404 3782 1532 3838 illuil
1583 3782 1745 3839 Rom.
1782 3801 1862 3849 ix,
1892 3785 1950 3840 ll
1990 3791 2044 3841 et

460 3887 606 3942 seq.,
639 3873 786 3943 quod
810 3873 878 3928 ad
920 3875 1288 3930 subruendum
1326 3877 1464 3931 lianc
1490 3877 1740 3948 Origcnis
1768 3879 2047 3946 ορίιιτιιίοι

463 3981 586 4021 nem
618 3977 846 4036 usurpat
887 3965 1222 4037 Augustinus
1267 3970 1319 4024 in
1351 3971 1579 4041 epistola
1618 3970 1682 4025 ad
1716 3970 1977 4039 Optatum
2026 3988 2040 4024 :

467 4075 487 4101 σ
520 4055 653 4114 Cum
681 4061 827 4115 enim
855 4063 1094 4118 nonduin
1126 4064 1235 4118 nati
1270 4061 1518 4128 fuissent,
1557 4074 1650 4120 aut
1684 4066 1892 4134 aliquid
1915 4063 2042 4120 boni

461 4151 726 4220 egissent,
771 4160 867 4206 aut
901 4153 1024 4207 mali
1055 4153 1136 4226 (ut
1167 4155 1462 4209 secundum
1497 4155 1816 4210 electionem
1845 4171 2046 4224 propo-

463 4244 626 4296 situm
651 4239 744 4298 Dei
766 4245 1050 4314 maneret).
1077 4261 1183 4301 non
1208 4261 1272 4300 ex
1306 4247 1582 4316 operibus,
1615 4247 1708 4302 sed
1726 4263 1793 4302 ex
1816 4257 2042 4303 vocante

463 4334 667 4389 dictum
702 4343 786 4389 est
813 4337 860 4390 ei
902 4354 916 4392 :
955 4335 1093 4404 Quia
1143 4336 1320 4406 major
1371 4339 1574 4394 serviet
1630 4338 1861 4403 minori,
1898 4340 2042 4394 sicut

463 4427 724 4498 seriptum
755 4437 869 4482 est:
901 4426 1069 4484 Jacoh
1097 4429 1278 4491 dilexi.
1315 4430 1454 4484 Esau
1484 4441 1662 4484 autem
1697 4431 1820 4486 odio
1843 4431 2030 4486 habui.

2161 1950 2274 2016 Dei,
2314 1951 2404 2019 qui
2436 1965 2535 2004 nos
2557 1950 2835 2014 liberavit,
2865 1958 2920 2004 et
2946 1950 3161 2004 vocavit
3187 1949 3470 2002 vocatione
3485 1962 3581 2001 sua
3609 1963 3736 2001 sati-

2155 2050 2264 2103 cta,
2317 2047 2422 2096 no’n
2476 2043 2772 2096 secundum
2806 2056 2972 2111 operti
3016 2051 3224 2107 nostra,
3289 2039 3382 2094 sed
3438 2039 3732 2094 secundum

2154 2134 2490 2203 propositum
2523 2148 2680 2189 suum
2703 2145 2757 2189 et
2787 2135 3041 2206 gratiam,
3064 2145 3185 2200 qua!
3212 2132 3337 2186 data
3375 2142 3460 2187 est
3491 2131 3648 2186 nobis
3680 2133 3734 2187 in

2153 2225 2374 2281 Christo
2395 2224 2523 2281 .icsu
2553 2235 2684 2281 ante
2711 2233 2956 2295 tempora
2985 2224 3289 2280 satciilaria.
3321 2241 3342 2276 ι

2222 2316 2292 2371 Χ.
2336 2316 2725 2373 Verumtamen
2780 2317 3092 2386 perspicuis
3147 2317 3274 2370 licet
3323 2313 3575 2370 convicta
3625 2313 3737 2369 sint

2155 2408 2450 2479 Scripttirte
2484 2410 2813 2463 testimoniis
2868 2411 2984 2464 hare
3033 2409 3279 2474 decreta,
3333 2407 3501 2461 nihilo
3557 2409 3737 2463 secius

2153 2501 2534 2571 astipiilatores
2570 2499 2761 2556 habuit
2804 2500 3112 2571 complures
3146 2499 3502 2555 Adamantius
3545 2515 3560 2552 :
3609 2511 3734 2552 nam

2154 2603 2351 2663 praeter
2378 2591 2718 2659 Pamphilum
2743 2589 3014 2659 Apologia:
3040 2597 3350 2655 auctorem,
3376 2590 3467 2660 qui
3515 2588 3566 2642 in
3613 2602 3733 2642 eam

2156 2683 2420 2738 inclinare
2480 2683 2698 2738 videtur
2747 2683 3094 2748 sententiam,
3135 2680 3379 2736 eamdem
3433 2688 3736 2734 assectatiir

2151 2775 2404 2830 Clemens
2433 2773 2839 2828 Alexandrinus
2891 2771 3147 2828 Strontat.
3189 2773 3284 2827 lib.
3342 2788 3382 2840 I,
3440 2783 3496 2828 et
3531 2773 3734 2828 clarius

2151 2867 2314 2919 etiam
2346 2865 2442 2920 lib.
2474 2879 2554 2920 ιιι.
2585 2865 2640 2919 In
2677 2865 2883 2934 Eclogis
2935 2879 3151 2933 quoque
3200 2866 3438 2918 animam
3478 2866 3634 2918 tradit
3678 2868 3730 2918 iii

2153 2968 2364 3010 uterum
2393 2958 2606 3010 immitti
2635 2957 2738 3010 ὑπό
2758 2974 2906 3021 τινος
2938 2954 3048 3010 τῶν
3077 2959 3141 3028 τῇ
3172 2957 3385 3025 γενέσει
3411 2957 3733 3027 ἐφεστώτων

2150 3050 2418 3118 ἀγγέλων.
2476 3049 2713 3102 Pierium
2768 3049 2934 3102 etiam
2981 3048 3558 3117 Alexatidrinuiu,qiii
3597 3049 3734 3102 alter

2150 3141 2418 3213 Origenes
2463 3142 2877 3208 cognominatus
2931 3151 3035 3203 est,
3089 3141 3396 3194 animarum
3446 3143 3732 3212 προϋπαρ-

2154 3233 2236 3300 ξιν
2263 3233 2569 3289 defendisse
2605 3241 2838 3286 testatur
2893 3231 3115 3286 Photius
3169 3233 3292 3287 cod.
3332 3248 3480 3288 cxix.
3529 3233 3724 3287 Neme-

2150 3329 2264 3382 sius
2295 3327 2346 3380 in
2382 3326 2523 3378 libro
2579 3323 2658 3378 De
2697 3333 2889 3376 natura
2945 3323 3195 3389 hominis,
3246 3337 3368 3393 cap.
3414 3324 3471 3390 2,
3520 3326 3730 3378 animas

2148 3417 2426 3473 hominum
2479 3416 2607 3469 olim
2637 3431 2665 3468 a
2702 3414 2815 3469 Deo
2847 3426 3162 3483 procreatas
3193 3417 3245 3468 iii
3297 3430 3524 3484 corpora
3565 3415 3634 3470 ab
3661 3431 3728 3469 eo

2153 3511 2294 3564 mitti
2321 3508 2622 3573 existimat,
2653 3522 2775 3561 cum
2809 3507 2874 3559 ad
2901 3519 2996 3560 eas
3037 3507 3416 3575 suscipiendas
3449 3508 3636 3562 idonea
3671 3519 3730 3562 et

2150 3602 2438 3658 informata
2474 3611 2621 3658 sunt.
2653 3598 3048 3654 Ecclesiasticis
3064 3599 3389 3667 quibusdam
3415 3615 3727 3668 persuasum

2151 3697 2314 3751 fuisse
2330 3703 2516 3750 narrat
2535 3694 2892 3764 Hieronymus
2921 3694 3081 3762 epist.
3129 3692 3220 3754 82,
3245 3694 3311 3746 ad
3336 3691 3727 3756 Marcellinum,

2147 3791 2359 3845 animas
2386 3787 2514 3842 olim
2541 3787 2790 3842 conditas
2815 3787 2866 3838 in
2898 3785 3156 3838 thesauro
3181 3784 3271 3839 Dei
3311 3783 3536 3847 haberi;
3567 3796 3728 3851 quam

2148 3882 2459 3950 opinionem
2490 3880 2558 3934 ab
2585 3877 2916 3950 Origeiiiaua
2951 3877 3209 3933 secernit.
3251 3876 3368 3944 ipse
3415 3889 3546 3929 vero
3583 3873 3675 3931 lib.
3709 3889 3728 3930 l

2147 3972 2441 4026 Comment.
2472 3971 2542 4022 ad
2575 3969 2796 4037 Ephes.,
2832 3969 2886 4022 in
2923 3983 3046 4035 cap.
3078 3982 3115 4030 ι,
3157 3981 3301 4020 vers.
3332 3966 3366 4018 ι
3398 3976 3454 4020 et
3482 3965 3538 4028 5,
3574 3980 3724 4020 com-

2149 4065 2314 4119 menti
2358 4063 2514 4133 hujus
2543 4063 2721 4124 capita
2747 4070 2799 4115 et
2830 4061 3230 4129 propugnacula
3293 4067 3547 4114 accurate
3577 4073 3730 4113 scru-

2148 4165 2308 4219 tatur,
2359 4164 2415 4209 et
2462 4155 2514 4206 in
2561 4167 2772 4207 comma
2811 4151 2877 4206 17
2911 4151 3105 4221 capitis
3139 4151 3398 4221 ejusdem,
3430 4151 3729 4219 ἐπίγνωσιν

2149 4249 2290 4303 inter
2309 4256 2362 4302 et
2387 4245 2592 4316 γνῶσιν
2629 4245 2762 4300 illud
2799 4245 2875 4298 ait
2901 4245 3169 4298 interesse
3191 4245 3548 4309 discriminis,
3584 4246 3727 4313 quod

2150 4351 2325 4394 rerum
2380 4354 2515 4408 quas
2567 4352 2842 4406 nunquam
2888 4335 3146 4390 scivimus
3183 4336 3254 4390 sit
3293 4334 3514 4406 γνῶσις,
3549 4349 3726 4389 rerum

2148 4448 2277 4486 vero
2310 4443 2536 4500 quarum
2589 4431 2737 4499 prius
2785 4429 2936 4482 obliti
2987 4430 3361 4491 recordamur,
3407 4427 3725 4496 ἐπίγνωσις,

459 4518 601 4586 Quid
629 4533 759 4588 ergo
784 4520 1066 4575 dicemus?
1095 4521 1336 4590 nunquid
1377 4522 1634 4592 iniquitas
1666 4523 1806 4591 apud
1835 4521 2042 4576 Deum?
2074 4521 2120 4574 D
2150 4533 2434 4592 propterea
2470 4519 2699 4573 Paulum
2740 4519 2990 4587 Ephesiis
3018 4527 3208 4586 optare
3236 4519 3485 4586 spiritum
3523 4519 3728 4572 revela-

460 4608 640 4668 Absit.
673 4609 841 4682 Moysi
876 4611 1024 4665 enim
1058 4609 1193 4667 dicit
1229 4628 1243 4665 :
1287 4611 1586 4666 Miserebor
1622 4613 1776 4682 cujus
1806 4612 2038 4667 misere-

463 4701 594 4766 bor;
643 4709 700 4756 et
733 4701 1166 4756 misericordiam
1217 4703 1484 4770 priestabo
1516 4707 1669 4770 cujus
1719 4703 2034 4759 miserebor.

460 4792 628 4863 Igitur
663 4807 770 4847 iiou
799 4793 1054 4860 volentis,
1087 4808 1263 4864 neque
1287 4796 1578 4857 currentis,
1597 4795 1692 4849 sed
1727 4796 2038 4850 miserentis

458 4891 543 4936 est
569 4882 662 4937 Dei
700 4884 767 4937 ⁸².
817 4901 836 4934 ι
872 4883 1002 4950 Quae
1054 4884 1183 4937 licet
1234 4881 1486 4954 Origeiiis
1533 4882 1742 4938 fabulas
1797 4885 2038 4940 l'uiiditus

460 4973 810 5040 iabel'actent,
851 4978 964 5031 haec
1002 4986 1180 5030 tamen
1227 4976 1342 5046 ipsa
1397 4974 1548 5030 Pauli
1596 4977 1759 5030 verba
1806 4980 1871 5030 ait
1925 4991 2037 5031 suae

459 5082 639 5121 causa:
667 5067 1033 5123 defensionem
1054 5069 1273 5122 adducit
1304 5068 1398 5125 lib.
1435 5083 1472 5122 tt
1499 5069 1636 5136 Περὶ
1656 5068 1880 5137 ἀρχῶν,
1915 5085 2034 5137 cap.

459 5162 518 5224 9.
546 5163 641 5217 sed
679 5162 838 5216 aliter
868 5162 1091 5231 exponit
1117 5177 1182 5217 ac
1225 5163 1386 5233 vulgo
1418 5164 1614 5230 exponi
1664 5165 1858 5216 solent.
1883 5162 2035 5230 Quod

459 5255 604 5309 enim
661 5256 738 5310 ait
789 5255 1104 5326 Apostolus,
1139 5264 1428 5324 antequam
1463 5255 1586 5309 boni
1614 5255 1908 5324 quidquam
1951 5255 2035 5310 vel

462 5343 585 5398 mali
626 5346 884 5417 egissent,
916 5361 945 5400 a
1007 5344 1116 5400 Deo
1148 5345 1470 5411 destinatos,
1508 5362 1612 5399 non
1661 5361 1728 5400 ex
1781 5347 2039 5414 operibus

461 5437 706 5500 meritos,
741 5437 827 5490 hic
861 5444 918 5490 iit
949 5435 1286 5505 diligeretur,
1319 5434 1406 5488 ille
1453 5444 1512 5488 ut
1541 5435 1667 5488 oilio
1705 5435 2033 5500 haberetur;

459 5525 629 5582 refert
659 5527 745 5581 ille
771 5528 836 5581 ad
867 5542 1031 5596 opera
1076 5527 1128 5580 in
1164 5527 1325 5581 terris
1352 5535 1408 5581 et
1457 5527 1569 5579 vita
1618 5526 1720 5580 hac
1765 5526 2034 5591 admissa,

458 5633 580 5690 quin
636 5617 836 5673 nullam
886 5621 996 5676 Deo
1029 5619 1412 5676 destinationis
1449 5634 1558 5674 sua:
1601 5633 1824 5674 causam
1872 5618 2041 5676 dede-

533 5791 579 5828 "
605 5796 763 5852 Rom.
807 5814 882 5863 ix,
915 5796 1105 5854 11-16.
1155 5799 1202 5833 ⁵³
1227 5798 1426 5855 Cenes.
1458 5818 1582 5866 xxv,
1615 5800 1706 5860 25.

2151 4616 2312 4669 tiouis
2335 4614 2390 4666 iii
2441 4612 2717 4680 agnitione
2759 4610 2874 4668 Dei.
2909 4611 2961 4663 id
2999 4619 3103 4673 est,
3132 4611 3190 4661 ὲν
3228 4609 3546 4677 ἐπιγνώσει,
3581 4611 3724 4678 quod

2149 4705 2300 4773 prius
2334 4703 2384 4756 in
2433 4701 2650 4756 caelesti
2690 4702 2796 4754 vita
2832 4701 3000 4754 Deum
3037 4701 3368 4764 tioveriiiius,
3400 4701 3628 4771 ejusque
3660 4703 3727 4760 de

2147 4796 2303 4851 caelis
2328 4797 2382 4849 in
2415 4804 2594 4850 terras
2621 4794 2904 4863 uiigrando
2943 4793 3116 4856 obliti,
3157 4793 3352 4846 llel'litll
3387 4809 3480 4862 per
3518 4794 3726 4849 revela-

2150 4888 2349 4941 tiouem
2392 4899 2787 4955 cognoscamus
2833 4900 2846 4935 :
2899 4893 2953 4938 et
3007 4884 3102 4938 lib.
3138 4901 3171 4938 ii
3204 4887 3520 4940 eoriimdem
3565 4885 3722 4940 Com-

2148 4987 2308 5031 ment.
2328 4977 2384 5028 in
2407 4975 2596 5043 Ephes.
2629 4990 2709 5037 tit,
2733 4974 2783 5037 1,
2806 4973 2906 5043 legi
2935 4974 3012 5029 ait
3043 4976 3224 5030 multis
3251 4978 3300 5029 iii
3331 4977 3464 5030 locis
3498 4975 3722 5030 Paulum

2149 5067 2354 5122 idcirco
2384 5069 2622 5122 vinctum
2661 5067 2790 5129 dici,
2819 5067 2962 5135 quod
2993 5067 3174 5122 anima
3221 5068 3338 5136 ejus
3381 5079 3636 5140 tauquam
3668 5073 3722 5123 in

2145 5175 2390 5221 carcere,
2439 5161 2516 5214 sic
2565 5160 2618 5212 in
2662 5172 2893 5226 corpore
2938 5161 3124 5214 clausa
3179 5169 3476 5217 teneatur:
3531 5163 3726 5217 deinde

2147 5254 2299 5307 addit
2322 5253 2430 5307 alio
2454 5269 2614 5307 sensu
2649 5252 2700 5306 iil
2727 5253 2795 5307 ab
2816 5253 2938 5309 aliis
2965 5259 3160 5326 accipi,
3197 5273 3388 5327 nempe
3417 5258 3558 5326 quod
3579 5257 3723 5312 Pau~

2147 5343 2230 5398 ius
2261 5357 2327 5398 ex
2371 5349 2525 5396 utero
2584 5342 2774 5395 matris
2805 5359 2918 5399 stite
2963 5348 3031 5400 ad
3084 5350 3482 5404 convertendos
3531 5358 3724 5418 gentes

2146 5437 2586 5505 praedestinatus,
2615 5436 2832 5490 vincula
2883 5442 3230 5506 postmodum
3268 5443 3452 5498 carnis
3495 5455 3724 5512 accepe-

2144 5529 2247 5582 rit:
2267 5529 2390 5582 etin
2409 5525 2635 5580 Philem.
2659 5541 2817 5591 xxiii,
2835 5530 2924 5584 ubi
2942 5529 3245 5600 Epapliram
3269 5551 3287 5584 t
3306 5534 3716 5604 concaptivumi

2148 5635 2306 5677 suum
2359 5619 2562 5677 Paulus
2592 5618 2850 5690 appellat,
2887 5621 2941 5678 in
2969 5625 3134 5680 verbo
3163 5627 3519 5696 captivitatis,
3564 5626 3718 5698 juxta
