4160 6390
402 349 505 404 905

1191 343 1768 402 ORIGENIANORUM
1811 341 1938 398 [ΑΒ.
1980 342 2044 408 ll,
2086 342 2240 397 CAP.
2281 341 2345 408 ll,
2382 341 2659 410 QUIEST.
2702 341 2793 396 VI.

3570 341 3673 397 ἱ]υὸ

403 465 691 522 nonnullos
713 504 729 530 ,
775 463 1114 520 reconditum
1162 462 1368 533 aliquid
1419 463 1593 518 latere
1626 462 1759 517 dicit
1794 462 1987 520 lliero-
2017 469 2061 522 Α
2094 459 2179 514 νει
2212 459 2410 527 sancti.
2438 459 2532 530 qui
2556 475 2680 515 cum
2705 458 2928 516 Christo
2963 467 3111 524 sunt.
3149 467 3317 530 agunt
3359 459 3585 530 aliquid.
3618 471 3678 517 et

403 574 618 630 nymus,
669 574 688 609 ι
754 559 891 626 quod
940 557 1083 626 capti
1137 557 1343 626 pariter
1370 567 1426 612 et
1462 556 1634 611 vincti
1688 557 1740 612 in
1789 557 1981 611 vallem

406 651 548 705 hanc
571 651 792 705 adducti
841 653 950 706 sint
1000 650 1389 722 Iacrymarum.
1441 668 1460 701 ι
1498 651 1630 717 Quae
1659 665 1782 706 cum
1817 650 1985 705 inter-

403 740 581 810 posita
636 740 780 794 nulla
841 739 1212 794 confutatione
1259 740 1344 794 vel
1386 755 1619 796 censura
1652 742 1982 810 scripsisset,

404 831 585 886 Rufini
627 832 1004 888 vexationibus
1041 842 1096 886 et
1130 833 1372 900 querelis
1425 843 1743 904 patuerunt.
1779 834 1981 890 Verum

405 925 566 994 hujus
587 927 836 982 criminis
872 925 1225 982 accusatione
1259 926 1544 982 absolvere
1593 941 1713 982 sese
1755 937 1985 983 conatur

404 1020 626 1090 Apolog.
668 1019 1151 1086 Iadvers.Ruﬁn.,
1183 1036 1304 1089 cap.
1348 1020 1382 1075 5
1433 1030 1488 1075 et
1539 1020 1594 1088 6,
1633 1021 1887 1092 idemque
1928 1023 1980 1076 in

404 1109 661 1166 Rufinum
706 1112 915 1167 crimen
968 1111 1196 1169 obscure
1249 1113 1449 1182 regerit
1495 1113 1718 1182 Apolog.
1770 1113 1868 1168 lib.
1917 1130 1980 1181 ιι,

403 1217 524 1272 cap.
565 1201 601 1255 ξ).
635 1211 690 1257 et
711 1203 767 1268 4,
798 1213 853 1258 et
880 1203 972 1258 lib.
1010 1219 1092 1268 ιιι,
1120 1220 1240 1272 cap.
1269 1205 1302 1260 8
1324 1215 1376 1258 et
1408 1205 1462 1260 9.
1493 1203 1600 1261 Sed
1631 1207 1870 1261 notabile
1902 1217 1986 1262 est

407 1296 461 1349 in
487 1295 676 1364 primis
705 1295 850 1364 quod
885 1296 963 1350 ait
998 1309 1120 1367 cap.
1147 1297 1180 1351 6
1201 1299 1426 1368 Apolog.
1453 1314 1466 1352 t
1500 1316 1513 1352 :
1547 1317 1565 1351 ι
1596 1297 1844 1354 Vinctam
1879 1300 1982 1355 dici

405 1389 641 1442 animam
673 1403 925 1458 corpore,
970 1389 1142 1446 donec
1173 1390 1238 1444 ad
1285 1391 1564 1446 Christum
1595 1393 1806 1456 redeat,
1837 1401 1892 1447 et
1929 1395 1982 1446 in

406 1479 830 1534 resurrectionis
865 1479 1036 1544 gloria
1070 1481 1446 1550 corruptivum
1495 1492 1551 1536 et
1598 1481 1825 1536 mortale
1857 1497 1984 1537 cor-

405 1586 524 1642 pus,
559 1570 964 1638 incorruptione
993 1580 1048 1626 et
1087 1571 1496 1627 immortalitate
1527 1582 1842 1639 commutet,
1877 1588 1984 1628 non

403 1663 648 1717 absurda
676 1662 1191 1732 intelligentireest.)
1217 1664 1534 1736 Anonytnus
1557 1665 1649 1720 ille
1672 1666 1813 1734 apud
1837 1664 1983 1720 Pho-

405 1755 540 1809 tiutn
572 1755 692 1810 cod.
721 1770 866 1810 cxvn
893 1757 984 1824 qui
1014 1754 1266 1827 Origenis
1303 1754 1684 1812 defensionem
1715 1759 1980 1827 suscepit,

405 1847 700 1919 Scriptum
755 1863 948 1914 sacrae,
1006 1849 1340 1919 Patrumque
1401 1847 1679 1917 suffragiis
1737 1865 1980 1906 errorem
2019 1871 2060 1925 Β

404 1941 548 1996 hunc
577 1941 719 1996 ultro
747 1956 1088 2013 propugnare
1111 1943 1332 2011 satagit,
1365 1941 1564 1997 nedum
1597 1942 1743 1997 illius
1782 1957 1983 2012 capro-

402 2033 704 2090 brationem
757 2035 824 2090 ab
858 2033 1093 2104 Origene
1139 2035 1454 2103 prohibeat.
1480 2033 1560 2090 Ah
1605 2050 1670 2091 eo
1713 2049 1844 2090 sane
1877 2051 1981 2090 non

401 2128 564 2198 plane
593 2127 830 2182 alienum
866 2128 1032 2182 fuisse
1065 2127 1415 2183 Philastrium
1448 2127 1809 2194 crediderim;
1837 2138 1985 2199 post-

399 2237 562 2289 quam
599 2221 743 2275 enim
769 2221 887 2275 haec
908 2220 1163 2276 disseruit
1189 2221 1321 2275 liter.
1349 2221 1414 2276 5|
1459 2239 1472 2276 :
1506 2239 1525 2272 ι
1566 2221 1687 2276 Alia
1739 2230 1825 2276 est
1873 2221 1984 2276 bte-

399 2312 539 2369 resis
569 2327 688 2381 quae
711 2311 843 2367 dicit
869 2312 1107 2366 hominis
1137 2311 1373 2366 animam
1417 2326 1522 2366 non
1553 2310 1753 2366 factam
1799 2326 1829 2365 a
1873 2311 1984 2366 Deo

401 2402 664 2473 appellari
699 2405 965 2469 animam,
993 2402 1086 2456 sed
1130 2412 1280 2468 ante,
1317 2399 1518 2471 inquit,
1549 2400 1862 2455 intellectus
1888 2415 1984 2454 vo-

399 2497 649 2558 cabatur,
677 2504 730 2550 et
764 2505 886 2549 erat
945 2494 996 2547 in
1037 2491 1221 2548 caelo:
1263 2502 1446 2560 postea
1486 2503 1664 2547 autem
1698 2493 1824 2562 quia
1873 2501 1982 2547 ter-

401 2603 530 2642 rena
561 2582 1260 2654 desideravit,'discessisse
1289 2601 1408 2641 eam
1437 2588 1503 2642 de
1529 2586 1692 2653 coelo,
1727 2596 1782 2642 et
1811 2601 1879 2641 ex
1914 2600 1982 2642 eo

399 2697 518 2737 eam
550 2681 785 2734 animam
817 2690 1176 2750 nuncupatam
1207 2679 1581 2743 arbitrantur;
1623 2698 1641 2732 ι
1682 2695 1804 2749 quae.
1836 2679 1984 2750 peni-

401 2784 490 2829 tus
521 2771 848 2844 Origeuiana
891 2783 1039 2828 sunt.
1074 2771 1309 2828 Mentem
1354 2787 1510 2828 suam
1557 2771 1755 2827 deinde
1800 2772 1980 2841 pro-Iit

401 2867 485 2922 his
513 2865 736 2921 verbis:
769 2883 788 2916 ι
825 2862 1144 2935 ignorantes
1173 2863 1314 2934 quod
1368 2862 1425 2917 in
1476 2863 1743 2932 principio
1771 2861 1910 2918 facta
1949 2878 1978 2917 a

400 2956 530 3022 Deo,
559 2965 614 3013 et
645 2967 826 3013 creata
859 2964 983 3028 post
1010 2956 1228 3026 angelos
1263 2956 1447 3010 anima
1494 2965 1581 3010 est
1630 2955 1895 3025 appellata
1949 2970 1979 3009 a

401 3048 652 3114 Domino,
679 3049 888 3118 hocque
917 3062 1114 3102 nomen
1146 3044 1500 3116 proprietatis
1527 3045 1738 3114 accepit
1777 3061 1804 3098 a
1844 3045 1978 3110 Deo,

399 3152 458 3197 ut
500 3142 701 3207 anima,
751 3156 857 3195 non
896 3139 1208 3195 intellectus
1257 3147 1570 3196 vocaretur.
1604 3155 1624 3192 ι
1655 3138 1834 3208 Atque
1863 3139 1978 3193 haec

2088 551 2340 606 laborant
2395 567 2496 622 pro
2550 553 2708 608 nobis
2747 557 2816 608 ad
2856 553 3270 610 similitudinem
3333 553 3674 624 angelorum,

2086 644 2181 712 qui
2209 644 2400 699 salutis
2431 655 2633 701 nostra:
2684 646 2991 702 ministeria
3027 655 3371 716 procurant;
3415 646 3500 702 vel
3547 663 3676 702 rur-

2085 751 2206 790 sum
2256 747 2576 806 peccatores
2649 737 2815 791 etiam
2875 739 2974 808 ipsi
3033 749 3188 794 extra
3247 753 3445 808 corpus
3510 739 3673 811 positi

2087 836 2255 896 agunt
2293 828 2499 898 aliquid
2549 829 2845 884 secundum
2893 832 3233 900 propositum
3285 830 3490 886 mentis
3537 830 3690 896 suae,‘

2086 919 2154 971 ad
2190 918 2502 987 angelorum
2547 920 2904 976 nihilominus
2947 922 3365 978 similitudinem
3406 917 3694 980 sinistro-‘

2088 1024 2229 1073 runt,
2262 1024 2386 1064 cum
2435 1011 2636 1078 quibus
2695 1013 2834 1068 etin
2877 1021 3141 1068 aeternum
3191 1015 3371 1086 ignem
3420 1017 3672 1072 mittendi

2088 1101 2344 1156 dicuntur
2378 1117 2407 1156 a
2438 1101 2663 1159 Christo
2695 1120 2708 1158 :
2745 1105 3014 1161 habeatur
3037 1116 3094 1162 et
3124 1107 3226 1163 hoc
3270 1123 3487 1178 quoque
3528 1109 3675 1164 inter

2085 1196 2298 1248 occulta
2333 1194 2457 1262 Dei,
2491 1211 2591 1251 nec
2618 1197 2880 1252 chartulae
2909 1200 3302 1256 committenda
3337 1201 3618 1274 mysteria.
3647 1221 3667 1254 ι

2087 1285 2226 1350 Quin
2255 1296 2309 1340 et
2338 1286 2432 1342 lib.
2467 1301 2504 1342 ll
2536 1288 2590 1342 in
2617 1287 2823 1344 Cantic.
2847 1291 3126 1357 canticor.,
3159 1308 3283 1362 pag.
3315 1292 3404 1356 58,
3433 1293 3670 1346 animam

2089 1391 2534 1449 unamquamque
2573 1380 2626 1434 in
2659 1395 2757 1434 sua
2793 1381 2963 1452 ipsius
2999 1383 3313 1454 cognitione
3347 1398 3674 1453 comparan-

2089 1469 2154 1522 da
2187 1469 2324 1523 eniti
2371 1471 2572 1526 debere
2619 1473 2892 1540 sanciens,
2942 1476 3128 1531 varias
3153 1490 3317 1544 super
3341 1490 3404 1530 ea
3449 1490 3511 1530 ac
3542 1491 3674 1529 con-

2092 1563 2288 1618 trarias
2315 1575 2611 1621 enumerat
2639 1567 2949 1634 opiniones,
2982 1583 3119 1638 quas
3142 1569 3421 1624 discutere
3449 1583 3515 1624 ac
3537 1583 3670 1623 ven-

2091 1653 2249 1710 tilare
2274 1655 2514 1710 animam
2541 1657 2719 1728 jubet,
2764 1666 2819 1713 et
2854 1659 2908 1714 in
2945 1659 3422 1714 verisimilioribus
3452 1657 3674 1726 acquie-

2090 1761 2264 1802 scere.
2302 1746 2393 1804 Sic
2420 1760 2600 1804 autem
2631 1765 2727 1806 eas
2759 1752 2959 1806 anima:
2990 1750 3374 1822 expendendas
3405 1751 3576 1815 dedit,
3614 1763 3674 1806 ut

2090 1839 2145 1893 in
2187 1847 2476 1909 utramque
2528 1850 2740 1911 partem
2771 1844 2840 1898 de
2873 1843 2981 1898 illis
3028 1842 3332 1915 disputare,
3370 1851 3426 1898 et
3467 1842 3672 1898 rationi

2089 1933 2260 2000 magis
2300 1944 2701 1991 consentaneas
2743 1935 2946 2006 eligere
3000 1930 3102 1991 hoc
3152 1945 3401 2006 tempore
3451 1936 3672 1996 licuisse

2085 2022 2354 2079 videatur.
2397 2025 2534 2081 llinc
2582 2026 2720 2082 libro
2764 2042 2804 2082 ιι
2837 2027 2977 2096 Περὶ
3007 2027 3230 2098 ἀρχῶν,
3262 2044 3385 2097 cap.
3428 2028 3482 2093 8,
3517 2037 3670 2099 post-

2085 2127 2248 2181 quam
2281 2116 2466 2171 multis
2495 2117 2753 2174 diSSeruit
2785 2121 2853 2175 de
2891 2121 3098 2188 anima,
3146 2133 3203 2178 et
3247 2138 3476 2178 excussa
3507 2139 3539 2180 a
3585 2138 3674 2178 no-

2087 2206 2168 2261 bis
2199 2209 2447 2276 superius
2490 2210 2688 2280 placita
2731 2214 3032 2282 proposuit,
3087 2215 3307 2281 subiicit
3375 2217 3505 2272 illud
3549 2227 3664 2272 tan-

2086 2296 2228 2361 dem,
2261 2313 2410 2352 num.
2437 2299 2471 2353 4
2499 2319 2513 2355 :
2559 2318 2578 2352 ι
2617 2301 3002 2357 Verumtamen
3033 2303 3183 2372 quod
3221 2304 3482 2371 diximus,
3515 2322 3670 2361 men-

2087 2398 2195 2441 tem
2224 2387 2278 2442 in
2309 2389 2546 2444 animam
2576 2392 2734 2459 verti,
2771 2391 2858 2447 vel
2893 2393 2937 2446 si
2969 2407 3075 2462 qua
3107 2393 3213 2448 alia
3243 2394 3298 2448 in
3329 2396 3432 2450 hoc
3482 2395 3673 2449 viden-

2087 2489 2175 2536 tnr
2207 2480 2474 2550 aspicere,
2503 2483 2761 2538 discutiat
2791 2486 2931 2555 apttd
2963 2499 3022 2541 se
3053 2486 3145 2555 qui
3178 2485 3308 2555 legit
3336 2485 3670 2556 diligentius.

2085 2583 2140 2627 et
2171 2583 2467 2642 pertractet
2502 2591 2517 2628 :
2568 2590 2598 2628 a
2652 2575 2811 2631 nobis
2855 2587 3032 2632 tamen
3076 2593 3182 2632 non
3233 2587 3489 2646 putentur
3528 2577 3672 2634 velut

2085 2667 2329 2734 dogmata
2365 2681 2486 2722 esse
2528 2667 2762 2736 prolata,
2815 2671 2911 2724 sed
2966 2673 3236 2726 tractandi
3285 2686 3438 2726 more
3483 2685 3547 2727 ac
3582 2687 3672 2728 re-

2083 2757 2335 2827 quirendi
2369 2772 2492 2813 esse
2521 2759 2807 2826 discussa;
2845 2779 2864 2813 ι
2907 2772 2962 2816 et
3008 2763 3168 2832 paulo
3221 2773 3368 2831 post,
3401 2779 3553 2818 num.
3583 2765 3620 2820 5
3653 2784 3668 2819 :

2090 2865 2110 2899 ι
2150 2847 2276 2904 Haec
2309 2859 2468 2918 prout
2492 2851 2768 2918 potuimus
2805 2853 2870 2907 de
2919 2854 3232 2910 rationabili
3274 2855 3454 2910 anima
3491 2855 3673 2912 ἀίδρυ-

2087 2943 2266 2998 tienda
2300 2943 2471 3014 magis
2508 2959 2537 2998 a
2565 2943 2887 3014 legentibus,
2917 2962 3080 3014 quam
3116 2957 3322 3003 statuta
3351 2962 3416 3002 ac
3446 2948 3668 3004 definita

2083 3032 2428 3102 protulimus.
2495 3051 2515 3086 ι
2568 3033 2748 3104 Atque
2788 3035 2906 3091 hac
2951 3044 3036 3092 est
3080 3051 3291 3091 summa
3335 3036 3672 3094 defensionis

2084 3122 2372 3193 Pamphili.
2412 3125 2585 3191 Quam
2617 3137 2677 3180 ut
2707 3125 2940 3181 Validius
2965 3130 3277 3194 conﬁrmet,
3308 3127 3432 3183 aliis
3457 3129 3574 3184 fere
3603 3134 3672 3185 de

402 3235 701 3305 scripturae
737 3233 1078 3304 postmodum
1118 3230 1588 3288 testiﬁcationibus
1629 3231 1974 3299 comprobat.
2007 3211 2051 3272 C
2085 3216 2246 3271 rebus
2278 3226 2544 3272 tranasse
2585 3216 2874 3288 Origenem
2919 3219 3085 3286 dicit;
3167 3234 3215 3275 -θ
3240 3223 3444 3285 anima.
3485 3230 3672 3290 ιιιροιε

399 3329 645 3400 Denique
696 3327 830 3382 vitio
882 3327 980 3382 dat
1021 3323 1362 3380 Tertulliano
1402 3323 1743 3395 Augustinus
1771 3322 1867 3378 lib.
1903 3321 1978 3376 De

397 3424 584 3478 nterea.
629 3419 697 3475 ad
750 3418 1206 3486 Quodvultdeum,
1249 3414 1393 3486 quod
1452 3417 1664 3470 animas
1700 3413 1978 3469 hominum

397 3528 632 3584 nequam
670 3521 793 3581 post
817 3509 1023 3565 obitum
1049 3508 1102 3563 in
1137 3509 1412 3562 daemones
1442 3504 1685 3561 converti
1724 3519 1980 3560 asserue-

398 3604 490 3658 rit.
563 3601 926 3669 Quamobrem
984 3598 1327 3653 Domitianus
1387 3595 1599 3664 Galata,
1653 3595 1982 3668 Ancyranus

398 3696 717 3766 episcopus,
754 3692 808 3748 in
837 3689 1069 3762 epistola
1103 3691 1169 3745 ad
1192 3688 1444 3759 Vigilium
1477 3704 1693 3758 papam,
1719 3689 1981 3742 adversus

395 3785 649 3858 Origenis
684 3785 866 3841 hostes
888 3786 1002 3840 hate
1032 3784 1353 3852 conqueritu
1365 3799 1409 3844 r,
1431 3781 1701 3836 referente
1724 3778 1978 3833 Facundo

398 3880 494 3934 lib.
520 3893 594 3943 tv,
621 3892 742 3948 cap.
777 3878 851 3931 ιε
885 3895 904 3929 ι
944 3875 1318 3931 Prosiluerunt
1341 3873 1408 3927 ad
1441 3871 1981 3926 anathematizandos

400 3971 778 4030 sanctissimos
812 3979 868 4025 et
896 3967 1318 4041 gloriosissimos
1367 3966 1644 4030 doctores,
1687 3965 1788 4019 sub
1819 3977 1980 4016 occa-

398 4069 552 4122 sione
581 4079 769 4119 eorum
799 4078 919 4132 quae
961 4063 1029 4116 de
1071 4057 1503 4130 praeexsistcntia
1538 4066 1593 4112 et
1637 4054 1981 4111 restitutione

399 4168 546 4213 mota
567 4165 712 4223 sunt,
737 4139 1071 4227 daginatum,
1101 4151 1204 4208 sub
1235 4150 1418 4221 specie
1445 4149 1661 4219 quidem
1697 4144 1978 4214 Origenis,

399 4266 592 4308 omnes
617 4259 795 4306 autem
829 4249 918 4318 qui
955 4259 1083 4302 ante
1134 4261 1282 4310 eum,
1321 4252 1377 4299 et
1407 4252 1530 4313 post
1559 4256 1683 4297 eum
1738 4240 1980 4302 fuerunt,

401 4353 622 4398 sanctos
653 4341 1206 4398 anathematizantes.
1251 4356 1270 4389 ι

470 4437 565 4496 χι.
593 4435 799 4505 Nempe
820 4436 887 4490 de
921 4434 1118 4490 animae
1146 4432 1357 4503 origine
1381 4445 1444 4484 ac
1468 4441 1614 4484 sorte
1641 4426 1776 4482 nihil
1804 4426 1982 4481 adhuc

2086 3307 2306 3364 incerta:
2333 3309 2583 3379 originis,
2623 3321 2680 3365 et
2704 3324 2893 3380 parum
2946 3321 3240 3382 compertae
3273 3323 3501 3379 naturae,
3533 3313 3670 3367 nihil

2085 3400 2396 3470 scripsisse.
2426 3401 2566 3456 Tum
2606 3415 2674 3456 ex
2722 3403 2863 3459 libro
2888 3404 2942 3457 in
2971 3403 3268 3474 Epistolam
3296 3407 3368 3458 ad
3404 3405 3580 3460 Titum
3615 3407 3672 3462 il-

2083 3491 2305 3548 lustretn
2356 3493 2582 3551 adducit
2625 3495 2876 3567 Origenis
2914 3496 3125 3564 locum,
3187 3513 3296 3568 quo
3359 3501 3670 3570 exemplum

2082 3599 2269 3640 eorum
2297 3585 2534 3644 aﬂ‘erens
2558 3604 2680 3658 qua:
2707 3591 3019 3658 apostolicis
3055 3591 3436 3648 traditionibus
3469 3607 3673 3662 nequa-

2083 3692 2246 3747 quam
2275 3678 2660 3745 deterntinata,
2690 3683 2895 3752 absque
2929 3683 3199 3740 haereseos
3241 3695 3365 3740 nota
3416 3694 3672 3755 poterant

2082 3768 2168 3822 vel
2211 3771 2392 3840 respui
2439 3771 2523 3826 vel
2575 3774 2824 3838 admitti,
2877 3777 3235 3844 quaestionem
3287 3779 3546 3848 proponit
3602 3780 3673 3834 de

2086 3860 2265 3914 anima
2301 3880 2315 3916 :
2349 3879 2368 3912 ι
2407 3861 2543 3917 Cum
2573 3865 2640 3919 de
2663 3879 2752 3933 ea,
2783 3866 2982 3935 inquit,
3028 3881 3206 3936 neque
3234 3867 3376 3936 quod
3409 3882 3476 3922 ex
3506 3869 3670 3924 semi-

2085 3953 2170 4008 nis
2215 3955 2440 4011 traduce
2483 3957 2739 4022 ducatur,
2788 3973 2967 4028 neque
3015 3958 3156 4028 quod
3206 3959 3578 4013 honorabilior
3615 3970 3672 4016 et

2085 4045 2362 4114 antiquior
2404 4062 2696 4117 corporum
2731 4063 2993 4119 compage
3034 4051 3127 4115 sit,
3172 4050 3460 4104 tradiderit
3485 4050 3668 4105 eccle-

2084 4137 2308 4192 siastica
2339 4139 2557 4209 regula;
2593 4158 2613 4192 ι
2649 4155 2879 4210 quorum
2913 4140 3162 4195 alterutri
3188 4141 3280 4209 qui
3317 4139 3547 4196 fuissent
3577 4157 3670 4195 as-

2083 4229 2254 4292 sensi,
2299 4231 2450 4284 velut
2496 4233 2651 4287 novis
2685 4235 2962 4288 studentes
2999 4234 3164 4289 rebus
3205 4237 3258 4288 in
3298 4235 3669 4302 suspicionem

2083 4323 2298 4378 venisse
2348 4322 2512 4390 dicit;
2561 4334 2616 4379 at
2645 4340 2740 4380 eos
2779 4326 3102 4383 temeritatis
3149 4307 3394 4392 damnat,
3439 4328 3529 4397 qui
3563 4329 3669 4382 hac

2084 4431 2410 4486 quemquam
2441 4419 2508 4472 de
2557 4432 2723 4476 causa
2767 4427 3080 4489 suspectum
3121 4408 3408 4476 haberent:
3439 4397 3520 4473 Ad
3548 4419 3667 4475 haec.

401 4531 577 4585 fuerat
602 4529 669 4583 ab
693 4527 933 4583 Ecclesia
961 4527 1258 4582 decretum.
1297 4548 1315 4575 ι
1357 4522 1432 4578 De
1459 4521 1639 4574 attima
1669 4535 1820 4582 vero,
1904 4518 1983 4572 ait
2010 4558 2056 4613 Β
2087 4509 2272 4584 adjicit
2319 4509 2634 4581 Pamphilus
2680 4509 2814 4566 alias
2838 4511 2907 4566 de
2937 4511 3118 4566 anima
3163 4512 3448 4582 opiniones
3473 4509 3666 4581 Orige-

399 4607 661 4691 Origcnes
717 4619 770 4672 in
823 4631 1051 4687 procem.
1107 4615 1200 4670 lib.
1249 4615 1389 4681 Περὶ
1438 4609 1664 4680 ἀρχῶν,
1721 4624 1871 4664 ιιιιιη.
1923 4607 1976 4674 5,

405 4731 425 4765 ι
460 4725 642 4767 utrum
664 4727 733 4766 ex
763 4708 986 4765 seminis
1032 4707 1268 4762 traduce
1297 4705 1545 4769 ducatur,
1595 4703 1667 4756 ita
1725 4709 1785 4756 ut
1839 4701 1980 4754 ratio

401 4804 590 4874 ipsius,
619 4802 705 4856 vel
731 4799 1040 4856 substantia
1070 4799 1272 4853 inserta
1304 4796 1436 4864 ipsis
1458 4793 1761 4850 seminibus
1793 4805 1978 4860 corpo-

403 4896 609 4951 ralibus
641 4894 942 4957 habeatur;
1004 4906 1074 4945 an
1114 4905 1243 4945 vero
1278 4888 1422 4942 aliud
1475 4887 1676 4942 habeat
1707 4884 1921 4938 initium
1959 4902 1973 4938 :

400 4998 457 5043 et
484 4989 584 5042 hoc
613 4987 788 5058 ipsum
818 4985 1055 5046 initium,
1080 4983 1125 5036 si
1157 4979 1397 5052 genitum
1424 4987 1530 5041 est,
1571 4989 1665 5032 aut
1687 4993 1794 5032 non
1826 4976 1982 5046 geni-

403 5089 514 5135 tum
539 5097 554 5145 ;
583 5077 666 5132 vel
684 5085 829 5130 certe
851 5075 893 5129 si
919 5073 1248 5128 intrinsecus
1275 5070 1489 5140 corpori
1513 5068 1744 5132 inditur,
1773 5081 1969 5130 necne,

406 5187 516 5226 non
541 5172 675 5225 satis
699 5166 986 5222 manifesta
1014 5163 1400 5235 praedicatione
1414 5159 1801 5229 distinguitur;
1835 5174 1854 5208 ι
1886 5156 1980 5226 qui

402 5265 552 5320 locus
581 5261 854 5333 profertur
886 5260 940 5313 in
969 5255 1320 5328 supposititio
1347 5254 1560 5321 dialogo
1583 5251 1686 5305 sub
1722 5249 1984 5318 Hierony-

399 5358 475 5411 mi
511 5369 568 5410 et
600 5352 890 5422 Augustini
927 5351 1169 5414 nomine,
1197 5348 1288 5416 qui
1325 5347 1559 5402 habetur
1605 5343 1748 5397 inter
1797 5342 1981 5412 spuria

403 5447 841 5516 Hieronymi;et
874 5444 926 5497 in
954 5457 1120 5510 opere
1165 5440 1241 5494 De
1271 5438 1466 5492 deitate
1515 5447 1562 5490 et
1611 5435 1981 5489 incarnatione

413 5537 567 5592 Verbi
611 5539 677 5592 ad
713 5535 1051 5599 Ianuarium,
1107 5531 1202 5602 qui
1257 5542 1402 5585 tonto
1451 5526 1741 5600 Augustini
1789 5533 1982 5596 quarto

404 5629 748 5685 subnectitur
781 5627 874 5681 lib.
930 5641 968 5689 ι,
1009 5640 1129 5694 cap.
1164 5622 1222 5684 2,
1276 5632 1333 5677 et
1378 5621 1653 5687 profertur
1692 5617 1984 5686 utrobique

407 5722 540 5790 ipsis
567 5721 745 5776 Rufini
774 5718 975 5772 verbis.
1009 5716 1151 5773 Idem
1178 5716 1236 5769 in
1266 5713 1440 5783 Epist.
1469 5713 1537 5766 ad
1563 5711 1714 5766 Rom.
1762 5709 1856 5764 lib.
1917 5723 1980 5773 ll,

408 5831 556 5870 num.
587 5815 644 5882 4,
683 5827 805 5885 pag.
838 5809 942 5866 479
973 5827 987 5864 :
1031 5827 1050 5860 ι
1083 5809 1143 5864 Si
1170 5808 1334 5863 etiam
1380 5815 1539 5862 extra
1573 5817 1773 5875 corpus
1816 5801 1979 5874 positi

725 5910 997 5970 Ριτιιοι.
1044 5905 1164 5970 Gn.
1208 5903 1411 5967 XVII.

2088 4605 2247 4660 niana
2295 4603 2453 4675 longe
2496 4605 2851 4661 absurdiores
2883 4618 3005 4660 esse
3059 4613 3114 4659 et
3157 4605 3494 4674 ineptiores:
3528 4606 3668 4658 inter

2085 4715 2222 4768 quas
2250 4698 2432 4768 priore
2460 4711 2581 4752 eam
2613 4697 2732 4754 loco
2764 4699 2934 4767 ponit,
2955 4713 3075 4766 qua:
3104 4697 3386 4753 catholica:
3411 4697 3668 4752 Ecclesite

2085 4789 2457 4844 sanctionibus
2484 4788 2646 4844 hodie
2675 4798 2900 4858 recepta
2935 4797 3037 4842 est.
3071 4787 3238 4843 Addit
3267 4788 3464 4843 deinde
3493 4788 3668 4842 haud-

2087 4895 2356 4950 quaquam
2385 4880 2748 4935 damnandum
2784 4895 2906 4936 esse
2933 4879 3247 4951 Origenem,
3280 4894 3406 4935 cum
3451 4894 3513 4934 ea
3548 4896 3667 4935 ser-

2087 4973 2293 5026 vaverit
2318 4987 2440 5039 quae
2471 4980 2600 5026 tunc
2629 4985 2791 5039 snper
2817 4985 2880 5027 ea
2905 4971 3204 5042 quaestione
3229 4972 3495 5026 servanda
3523 4987 3664 5042 pra:-

2081 5071 2307 5132 ceperat
2347 5060 2627 5126 Ecclesia,
2691 5063 2902 5118 animas
2947 5063 3202 5118 nimirum
3259 5063 3497 5131 ejusdem
3544 5077 3666 5116 esse

2086 5156 2424 5218 substantiae,
2459 5155 2820 5220 immortales,
2862 5155 3093 5210 rationis
3127 5155 3438 5225 participes,
3492 5153 3667 5208 libero

2085 5249 2336 5316 praeditas
2366 5248 2616 5315 arbitrio,
2658 5264 2688 5302 a
2726 5248 2836 5303 Deo
2879 5249 3144 5303 conditas.
3191 5245 3480 5317 Subjungit
3514 5247 3668 5300 deni-

2086 5353 2193 5408 que
2225 5357 2240 5393 :
2273 5356 2293 5390 ‹
2328 5337 2556 5407 Quando
2596 5349 2779 5396 autem
2831 5339 2988 5396 facta:
3015 5341 3146 5406 sint,
3198 5339 3328 5393 olim
3376 5337 3556 5400 simul,
3592 5353 3662 5392 an

2087 5444 2233 5484 nunc
2275 5443 2372 5499 per
2421 5428 2665 5499 singulos
2708 5430 3070 5495 nascentium,
3120 5429 3249 5499 quid
3297 5427 3526 5498 periculi
3579 5436 3666 5481 est

2088 5522 2410 5576 alterutrum
2460 5536 2493 5574 e
2544 5521 2755 5576 duobus
2785 5520 3036 5592 opinari?
3069 5539 3088 5572 ι
3118 5519 3256 5588 Quid
3297 5519 3442 5590 quod
3473 5519 3666 5589 Orige-

2087 5629 2208 5678 nes,
2256 5623 2387 5668 tom.
2432 5629 2470 5668 ιι
2501 5613 2556 5667 in
2619 5611 2806 5681 Joan.,
2853 5628 3005 5668 num.
3053 5611 3146 5680 24,
3185 5612 3492 5666 animarum
3529 5627 3664 5682 προ-

2089 5704 2318 5779 ΰπαρξιν
2365 5705 2658 5760 universali
2685 5706 2938 5776 opinione
2973 5705 3324 5775 approbatam
3357 5702 3537 5757 dicit?
3567 5700 3665 5753 ἐὰν

2084 5799 2162 5866 δὲ,
2206 5798 2400 5871 inquit,
2431 5801 2606 5872 κρατῇ
2660 5799 2689 5852 ὁ
2745 5798 2973 5856 καθόλου
3001 5799 3131 5873 περὶ
3167 5796 3343 5869 ψυχῆς
3387 5793 3562 5864 λόγος.
3588 5793 3664 5856 ὡς
