4160 6394
492 335 604 396 907

1723 334 1788 395 Ρ.
1828 337 2143 397 DANIELIS
2179 338 2413 397 HUETH

3635 349 3748 410 908

498 459 564 513 οὐ
596 454 1046 527 συνεσπαρμένης
1073 454 1152 525 τῷ
1177 454 1408 526 σώματι,
1452 455 1588 509 ἀλλὰ
1616 456 1722 527 πρὸ
1751 457 1913 510 αὐτοῦ
1948 474 2047 526 τυγ

2245 456 2450 525 Nempe
2489 456 2746 527 utrinque
2791 455 3090 525 Scriptura:
3119 460 3442 517 testimoniis
3466 466 3748 535 pugnaba-

499 548 788 623 χανούσης,
820 549 913 601 καὶ
940 547 1026 600 διὰ
1052 547 1302 610 ποικίλας
1336 547 1512 610 αἰτίας
1536 547 1858 618 ἐνδυομένης
1909 549 2072 619 σαρκὶ

501 642 597 698 καὶ
624 641 835 711 αἵματι,
869 649 923 693 et
955 651 1173 693 caetera.

569 735 684 790 XII.
719 733 828 788 Nec
865 732 1112 802 Origenis
1145 733 1304 788 modo
1355 733 1707 802 temporibus,
1737 734 1828 788 sed
1875 748 2070 788 recen-

499 828 730 884 tioribus
767 826 929 880 etiam
965 825 1166 878 incerta
1196 823 1293 878 fuit
1323 823 1376 877 in
1419 824 1659 879 Ecclesia
1691 826 1883 880 animae
1920 825 2070 894 origo

495 930 552 976 et
595 928 809 973 natura.
860 915 1044 970 IEtate
1083 917 1298 984 quidem
1341 933 1435 972 sua
1472 918 1685 970 diversa
1732 917 1971 971 sensisse
2003 918 2070 971 de

499 1011 678 1066 anima
727 1007 1129 1064 ecclesiasticos
1177 1022 1365 1062 omnes
1410 1009 1602 1063 scribit
1651 1008 1963 1077 Pamphilus
2010 1010 2064 1063 in

497 1100 772 1170 Apologia.
821 1099 1179 1170 Hieronymus
1220 1098 1383 1166 epist.
1443 1098 1511 1152 82
1558 1100 1910 1167 quaestionem
1962 1100 2067 1155 sibi

496 1208 659 1263 super
688 1192 881 1246 animae
908 1201 1051 1246 statu
1079 1207 1109 1245 a
1145 1190 1456 1246 Marcellino
1485 1202 1540 1246 et
1569 1191 1911 1261 Anapsychia
1942 1207 2066 1260 pro-

493 1284 723 1354 positam
758 1283 970 1347 recitat,
1011 1297 1076 1335 ex
1105 1297 1212 1352 qua
1259 1281 1530 1350 intelligas
1578 1284 1794 1351 quantis
1829 1282 2064 1336 tenebris

494 1374 658 1430 fuerit
709 1383 834 1428 tunc
887 1374 1146 1439 temporis
1195 1373 1553 1427 circumsessa
1599 1372 1828 1440 quaestio
1855 1372 1921 1426 de
1949 1371 2066 1424 ani-

492 1481 578 1519 ma
611 1483 625 1519 :
660 1482 679 1516 ι
724 1463 897 1534 Super
939 1465 1131 1518 anima:
1173 1473 1338 1525 statu,
1370 1465 1568 1532 inquit,
1599 1463 1816 1519 memini
1876 1473 2066 1519 vestra:

490 1557 914 1625 quaestiunculae,
963 1557 1070 1610 imo
1121 1558 1354 1611 maxime
1385 1557 1771 1612 ecclesiasticae
1805 1556 2062 1624 quaestio-

490 1645 576 1699 nis
611 1666 621 1698 :
653 1654 835 1700 utrum
868 1645 1014 1714 lapsa
1043 1644 1110 1700 de
1137 1645 1274 1699 caelo
1296 1645 1387 1713 sit,
1418 1655 1475 1700 ut
1506 1644 1841 1715 Pythagoras
1885 1643 2063 1713 philo-

487 1736 709 1806 sophus,
755 1751 1054 1805 omnesque
1092 1736 1382 1802 Platonici,
1433 1747 1489 1791 et
1533 1736 1796 1804 Origenes
1834 1743 2061 1803 putant,

2174 555 2282 600 tur.
2313 543 2414 611 Qui
2447 546 2736 600 tuebantur
2764 548 3067 601 animarum
3094 549 3457 622 προῦπαρξιν,
3483 555 3749 612 adversus

2170 651 2268 690 eos
2295 635 2385 704 qui
2411 637 2620 692 animas
2655 647 2784 692 tunc
2812 639 2984 692 creari
3015 640 3288 706 volebant,
3319 658 3443 695 cum
3467 659 3744 714 praepara-

2174 729 2242 782 tis
2271 727 2589 796 corporibus
2616 738 2770 783 erant
2806 730 3124 796 inserendas,
3155 734 3253 787 hoc
3289 733 3425 788 Gen.
3461 750 3520 801 ll,
3561 735 3618 802 2,
3663 740 3751 792 in-

2174 819 2476 881 tentabant,
2531 838 2550 870 ι
2585 819 2651 874 Ει
2698 821 2962 890 requievit
3023 822 3207 892 (Deus)
3257 825 3344 879 die
3387 829 3620 894 septimo
3671 830 3746 886 ab

2171 910 2428 963 universo
2455 923 2618 978 opere
2662 911 2803 978 quod
2831 920 3089 981 patrarat.
3128 934 3148 966 ι
3186 915 3385 969 Contra
3429 919 3737 984 praetende-

2169 998 2301 1053 bant
2353 1000 2649 1055 adversarii
2707 1002 2836 1056 illud
2891 1003 3046 1061 Joan.
3102 1020 3156 1073 v,
3215 1007 3304 1072 l7,
3345 1025 3363 1058 ι
3397 1008 3562 1062 Pater
3587 1025 3743 1065 meus

2170 1105 2340 1159 usque
2372 1091 2531 1146 modo
2572 1103 2848 1161 operatur,
2900 1103 2958 1148 et
3006 1111 3104 1165 ego
3149 1112 3375 1166 operor;
3412 1118 3432 1151 ι
3469 1103 3612 1168 quod
3661 1101 3732 1156 ad

2168 1181 2597 1247 Providentiam,
2646 1199 2752 1237 non
2785 1185 2849 1240 ad
2901 1188 3225 1242 creationem
3269 1189 3360 1244 alii
3409 1191 3742 1247 referebant.

2167 1269 2444 1329 Videndus
2484 1272 2766 1331 N‘emesius
2794 1275 2888 1331 lib.
2919 1276 2996 1331 De
3019 1289 3206 1331 natura
3234 1279 3480 1344 hominis,
3527 1297 3646 1350 cap.
3679 1281 3741 1348 2,

2167 1373 2219 1416 et
2249 1364 2581 1432 AuguSIinus
2629 1367 2680 1418 in
2729 1363 2939 1420 laudata
2970 1368 3035 1418 ad
3069 1366 3452 1439 Hieronymum
3488 1372 3741 1439 epistola.

2165 1451 2306 1507 Nulli
2342 1454 2508 1522 igitur
2537 1455 2732 1510 mirum
2767 1471 2885 1512 esse
2914 1456 3070 1512 debet
3099 1459 3385 1528 scripsisse
3417 1460 3738 1532 Gregorium

2166 1546 2416 1617 Magnum
2469 1545 2760 1614 Epistolar.
2815 1551 2908 1605 lib.
2949 1565 3046 1616 vn,
3103 1548 3290 1607 indict.
3339 1565 3400 1617 ιι,
3455 1553 3612 1620 epist.
3644 1553 3740 1620 55,

2165 1641 2519 1707 quaestionem
2549 1640 2614 1694 de
2638 1641 2816 1694 anima
2854 1640 3105 1696 Patribus
3155 1644 3288 1698 solvi
3324 1661 3428 1700 non
3467 1661 3624 1712 posse
3653 1646 3736 1698 vi-

2165 1743 2276 1782 sam
2308 1744 2450 1793 esse,
2496 1744 2619 1784 cum
2658 1746 2725 1784 ne
2754 1732 2920 1801 ipsius
2949 1733 3165 1800 quidem
3209 1738 3538 1805 temporibus
3564 1752 3738 1807 ecqua

488 1842 557 1881 an
583 1842 612 1878 a
643 1827 861 1896 pmpria
891 1825 980 1881 Dei
1009 1827 1334 1894 substantia,
1371 1837 1434 1882 ut
1465 1825 1655 1891 Stoici,
1708 1826 2056 1888 Manicbazus,
2090 1812 2133 1865 Β
2161 1835 2191 1875 e
2218 1820 2439 1890 reliquis
2472 1823 2818 1891 opinionibus
2849 1840 2946 1894 pro
2995 1836 3145 1880 certa
3187 1828 3502 1895 haberetur,
3547 1830 3738 1886 Eccle-

487 1929 538 1974 et
573 1917 849 1990 Hispaniae
874 1918 1194 1976 Priscilliani
1227 1921 1460 1975 haereses
1495 1919 1875 1987 suspicantur;
1907 1932 1973 1970 an
2003 1917 2056 1970 in

489 2014 744 2068 thesauro
787 2013 1091 2067 habeantur
1143 2013 1233 2067 Dei
1281 2013 1410 2067 olim
1460 2011 1714 2070 conditae,
1747 2019 1805 2062 ut
1838 2010 2056 2078 quidam

486 2105 840 2161 ecclesiastici
867 2105 1029 2158 stulta
1086 2105 1437 2174 persuasione
1465 2102 1746 2157 confidunt
1779 2122 1792 2156 :
1823 2117 1889 2155 an
1925 2117 2060 2170 quo-

487 2196 616 2250 tidie
651 2211 680 2249 a
710 2196 820 2251 Deo
847 2194 999 2261 fiant,
1046 2205 1103 2251 et
1148 2197 1436 2249 mittantur
1485 2195 1536 2247 in
1571 2208 1822 2262 corpora,
1865 2208 2058 2248 secun-

487 2290 612 2342 dum
646 2287 776 2342 illud
811 2289 952 2357 quod
1005 2288 1059 2342 in
1104 2287 1399 2358 Evangelio
1443 2287 1704 2354 scriptum
1756 2294 1838 2339 est
1885 2301 1901 2336 :
1949 2283 2059 2338 Pa-

485 2391 563 2434 ter
592 2394 736 2434 meus
773 2395 935 2448 usque
975 2378 1130 2431 modo
1158 2386 1419 2443 operatur,
1450 2389 1497 2429 et
1525 2391 1615 2445 ego
1643 2391 1826 2443 operor
1846 2374 1892 2406 “
1930 2392 1944 2428 :
1988 2390 2056 2429 an

487 2479 638 2525 certe
687 2483 755 2523 ex
813 2468 1054 2530 traduce,
1087 2478 1147 2520 ut
1178 2467 1562 2529 Tertullianus,
1596 2465 1958 2534 Apollinarius
2003 2476 2060 2521 et

482 2559 722 2613 maxima
745 2572 874 2627 pars
903 2557 1332 2612 Occidentalium
1360 2567 1672 2622 autumant;
1700 2567 1758 2610 ut
1787 2559 2058 2626 quomodo

484 2664 682 2719 corpus
701 2663 767 2704 ex
801 2663 1050 2718 corpore,
1080 2648 1158 2702 sic
1182 2649 1360 2701 anima
1390 2659 1644 2702 nascatur
1672 2663 1737 2702 ex
1765 2648 1964 2709 anima,
2000 2660 2057 2704 et

483 2739 650 2795 simili
711 2755 834 2795 cum
874 2739 1050 2794 brutis
1100 2738 1464 2793 animantibus
1515 2737 1828 2794 conditione
1875 2740 2058 2796 subsi-

483 2842 614 2887 stat.
650 2850 669 2884 ι
700 2832 1030 2900 Augustinus
1056 2830 1148 2886 lib.
1180 2846 1239 2885 ιιι
1272 2829 1346 2884 De
1375 2831 1536 2884 libero
1568 2831 1808 2900 arbitrio,
1834 2848 1954 2902 cap.
1984 2833 2058 2887 ’ΞΟ

484 2935 541 2977 et
567 2923 658 2990 2t,
691 2923 984 2994 quaestione
1013 2923 1101 2977 illa
1136 2925 1526 2992 praetermissa,
1562 2936 1740 2981 utrum
1769 2927 1962 2980 anima:
1991 2941 2055 2980 ex

487 3016 704 3084 propria
743 3014 835 3070 Dei
861 3015 1162 3070 substantia
1194 3014 1452 3084 profectae
1481 3017 1613 3083 sint,
1655 3017 1890 3088 reliquas
1920 3031 2056 3085 qua-

485 3117 608 3160 tuor
643 3115 888 3160 recenset
910 3104 995 3161 his
1022 3105 1246 3162 verbis:
1281 3127 1300 3160 ι
1348 3107 1551 3163 Harum
1599 3116 1778 3162 autem
1823 3119 2054 3175 quatuor
2083 3157 2126 3178 η

485 3200 554 3253 tle
583 3196 763 3250 anima
807 3196 1222 3265 sententiarum,
1268 3207 1449 3253 utrum
1497 3197 1566 3252 de
1617 3196 1910 3268 propagine
1961 3210 2052 3250 ve-

484 3289 671 3352 niant;
708 3302 774 3341 an
802 3289 856 3342 in
901 3287 1131 3358 singulis
1174 3289 1478 3357 quibusque
1527 3288 1878 3343 nascentibus
1904 3300 2056 3340 novae

485 3374 650 3440 flant;
681 3389 751 3431 an
781 3374 839 3432 in
887 3391 1113 3438 corpora
1143 3379 1478 3432 nascentium
1508 3377 1620 3445 jam
1657 3376 1857 3431 alicubi
1912 3375 2056 3430 exsi-

482 3475 714 3534 stentes,
743 3468 826 3523 vel
850 3468 1131 3522 mittantur
1152 3468 1433 3534 divinitus,
1459 3468 1550 3524 vel
1579 3468 1703 3523 inde
1734 3481 1829 3524 sua
1861 3476 2055 3536 SpOltle

482 3558 757 3624 labantur,
821 3557 1022 3612 nullam
1094 3568 1298 3614 temere
1367 3557 1639 3613 afﬁrmare
1698 3558 1989 3626 oportebit.
2027 3575 2047 3608 ι

485 3651 661 3719 Atque
689 3649 789 3704 has
809 3649 955 3718 ipsas
975 3665 1093 3704 esse
1113 3649 1432 3716 sententias,
1460 3665 1594 3719 quas
1623 3650 1690 3704 ab
1725 3649 2054 3720 Hieronymo

484 3742 670 3796 relatae
702 3750 825 3795 sunt
861 3740 1182 3796 testificatur
1206 3741 1320 3810 ipse
1349 3743 1682 3811 Augustinus
1709 3743 1763 3796 in
1800 3742 1957 3809 epist.
1987 3741 2053 3794 ad

482 3833 894 3904 Hieronymum,
934 3835 1000 3887 de
1051 3833 1262 3888 ratione
1301 3835 1514 3888 animae.
1561 3833 1698 3890 Toto
1737 3844 1886 3888 certe
1929 3833 2054 3887 vitae

481 3939 594 3980 suae
619 3925 848 3979 decursu
900 3923 1138 3979 incertus
1189 3925 1242 3979 in
1275 3938 1339 3979 eo
1364 3933 1684 3995 argumento
1715 3924 2053 3995 Augustinus

481 4013 778 4070 ﬂuctuavit.
815 4013 1044 4069 Exstant
1070 4015 1316 4085 insignes
1340 4017 1458 4087 ejus
1489 4018 1555 4071 ad
1583 4018 1966 4088 Hieronymum
1995 4027 2053 4072 et

480 4105 736 4178 Optatum
763 4104 1022 4176 epistolae,
1054 4108 1195 4162 unde
1221 4107 1614 4161 haesitationem
1659 4107 1793 4178 ejus,
1823 4118 2052 4164 cuncta-

484 4199 794 4268 tionemque
819 4214 1150 4270 cognoscas;
1177 4215 1340 4269 quam
1391 4208 1444 4253 et
1471 4199 1593 4254 aliis
1621 4211 1882 4270 praeterea
1915 4201 2051 4256 locis

481 4291 734 4360 prodidit,
766 4300 894 4361 puta
921 4291 1012 4346 lib.
1040 4306 1113 4345 vn
1146 4299 1198 4345 et
1225 4306 1257 4344 ι
1289 4289 1364 4344 De
1394 4289 1583 4345 Genesi
1614 4293 1682 4342 ad
1714 4291 1966 4356 litteram,
1994 4301 2052 4345 et

481 4383 629 4438 alibi.
663 4381 893 4452 Septimi
935 4383 1152 4452 quidem
1181 4383 1339 4452 hujus
1364 4382 1486 4437 libri
1519 4398 1640 4452 cap.
1671 4381 1724 4446 6,
1763 4383 2047 4436 materiam

2163 1910 2240 1964 sia
2271 1913 2716 1981 praescripsisset.
2755 1911 2908 1968 Unde
2957 1915 3153 1970 falsum
3189 1933 3313 1973 esse
3341 1930 3563 1990 apparet
3592 1923 3738 1990 quod

2161 2002 2236 2056 ait
2262 2000 2602 2058 Justinianus
2631 2005 2685 2058 in
2713 2006 2938 2074 epistola
2970 2009 3034 2061 ad
3068 2012 3332 2078 synodum
3357 2014 3738 2070 Constantino-

2161 2093 2476 2161 politanam,
2513 2110 2675 2163 quam
2708 2097 2924 2152 exhibet
2954 2098 3232 2156 Cedrenus
3259 2117 3274 2155 :
3315 2103 3378 2155 'H
3405 2104 3460 2157 δὲ
3503 2106 3734 2178 Ἐκκλη-

2163 2185 2251 2237 σία
2306 2187 2418 2249 τοῖς
2474 2184 2638 2250 θείοις
2681 2188 2919 2262 ἑπομένη
2961 2191 3139 2260 λάγοις
3190 2195 3385 2263 φάσκει
3423 2195 3523 2267 τὴν
3554 2199 3739 2272 ψυχὴν

2161 2273 2723 2347 συνδημιουργηθῆναι
2751 2280 2830 2350 τῷ
2861 2283 3108 2351 σώματι·
3161 2286 3253 2337 καὶ
3291 2285 3350 2336 οὐ
3379 2285 3440 2338 τὸ
3476 2287 3574 2357 μὲν
3608 2292 3737 2362 πρό-

2157 2381 2333 2436 τερον,
2361 2366 2422 2418 τὸ
2453 2367 2508 2418 δὲ
2541 2367 2785 2441 ὕστερον,
2816 2373 2955 2425 κατὰ
2981 2373 3078 2444 τὴν
3117 2374 3419 2446 Ὡριγένους
3445 2382 3737 2451 φρενοϐλά-

2159 2457 2361 2512 6λειαν.
2405 2478 2424 2511 ι
2463 2460 2701 2517 Ecclesia
2733 2473 2911 2518 autem
2941 2465 3140 2520 divinis
3167 2467 3426 2524 obsecuta
3455 2472 3730 2526 sermoni-

2158 2549 2258 2603 bus
2285 2551 2414 2606 dicit
2445 2553 2679 2607 animam
2709 2569 2831 2608 cum
2862 2570 3090 2625 corpore
3119 2560 3432 2626 procreari;
3468 2576 3573 2614 non
3601 2574 3734 2616 vero

2159 2639 2262 2698 hoc
2296 2643 2464 2713 prius,
2501 2643 2630 2698 illud
2677 2659 2806 2699 vero
2849 2647 3120 2714 posterius
3160 2648 3316 2716 juxta
3352 2649 3605 2722 Origenis
3636 2653 3732 2708 de-

2159 2736 2436 2787 mentiam.
2472 2752 2490 2784 ›
2525 2733 2662 2799 Quid
2697 2736 2742 2789 si
2793 2736 3036 2791 dicamus
3080 2737 3244 2808 igitur
3281 2743 3526 2808 quintam
3570 2758 3734 2811 syno-

2160 2822 2284 2877 dum
2331 2838 2437 2878 nou
2485 2824 2604 2879 ideo
2634 2826 2859 2893 praecise
2891 2828 3178 2883 damnasse
3219 2828 3465 2898 Origenis
3505 2843 3730 2887 senten-

2160 2913 2313 2978 tiam,
2342 2915 2486 2984 quod
2538 2917 2841 2972 animarum
2878 2919 3194 2975 defenderet
3230 2923 3589 2994 προῦπαρξιν,
3630 2925 3732 2980 sed

2157 3005 2300 3074 quod
2333 3015 2540 3061 mentes
2576 3019 2835 3076 praeterea
2870 3010 3036 3065 fuisse
3076 3011 3195 3066 illas
3223 3016 3478 3075 traderet,
3514 3023 3568 3068 et
3602 3030 3729 3070 san-

2158 3107 2275 3151 ctas
2307 3097 2554 3162 virtutes,
2590 3115 2727 3168 quas
2753 3116 2875 3154 cum
2905 3103 3388 3173 contemplationis
3414 3106 3609 3161 divinae
3640 3123 3733 3161 sa-

2161 3189 2265 3242 tias
2311 3189 2564 3256 cepisset,
2618 3192 2669 3244 in
2727 3193 2968 3248 deterius
3009 3208 3130 3248 esse
3182 3210 3498 3260 conversas,
3551 3207 3605 3251 et
3656 3198 3730 3253 ab

2157 3292 2340 3332 amore
2375 3277 2465 3332 Dei
2497 3279 2797 3346 refrixisse,
2829 3283 3059 3352 indeque
3085 3284 3262 3356 ψυχάς
3299 3300 3418 3341 esse
3441 3289 3641 3349 dictas,
3667 3297 3727 3340 et

2156 3368 2208 3421 in
2243 3383 2471 3436 corpora
2526 3371 2707 3426 tutelae
2735 3387 2905 3428 causa
2945 3374 3200 3430 dimissas
3236 3393 3251 3429 :
3280 3380 3358 3432 sic
3388 3378 3531 3432 enim
3559 3378 3727 3434 habet

2153 3451 2445 3510 Iustiniani
2473 3458 2962 3517 anathematismus
3006 3465 3296 3520 secundus.

2224 3543 2360 3599 Xlll.
2411 3547 2638 3603 Animas
2686 3553 2902 3619 quando
2957 3554 3203 3610 conditas
3248 3558 3542 3624 putaverit,
3574 3559 3724 3613 vidi-

2153 3649 2312 3690 mus:
2348 3638 2536 3706 quales
2584 3639 2728 3708 ipsas
2760 3644 3056 3706 censuerit,
3100 3658 3448 3715 corporatas,
3496 3665 3564 3703 an
3609 3666 3731 3706 cor-

2153 3742 2283 3797 pore
2312 3739 2582 3797 carentes,
2631 3732 2933 3788 videamus.
2984 3733 3110 3789 Haze
3153 3737 3422 3805 superﬂua
3479 3754 3610 3795 sane
3644 3744 3729 3797 vi-

2151 3819 2342 3874 deatur
2365 3835 2488 3876 esse
2512 3823 2761 3890 quaestio,
2798 3823 2843 3879 si
2887 3839 3008 3894 qua:
3045 3827 3111 3882 de
3140 3828 3344 3896 angelis
3384 3831 3728 3900 scripsimus,

2152 3911 2504 3965 attendantur
2538 3929 2552 3967 :
2587 3913 2798 3979 prolixa
2822 3915 2969 3969 enim
3018 3915 3382 3988 disputatione
3413 3923 3723 3979 declaravi-

2154 4016 2299 4066 mus,
2330 4003 2541 4056 naturis
2577 4003 2905 4072 quibuslibet
2931 4007 3141 4062 ratione
3177 4009 3459 4066 instructis
3489 4029 3723 4085 corpora

2150 4089 2436 4162 Origenem
2468 4094 2739 4150 tribuisse.
2787 4094 3029 4151 Strictim
3076 4113 3206 4168 ergo
3246 4101 3538 4169 pauxillum
3567 4106 3726 4173 quid-

2151 4183 2271 4236 dam
2303 4184 2393 4238 hic
2435 4185 2818 4252 delibabimus,
2867 4187 3017 4258 quod
3065 4189 3175 4245 illic
3221 4195 3473 4248 consulto
3504 4209 3732 4265 praeter-

2149 4274 2398 4341 missum,
2449 4276 2502 4330 in
2559 4277 2701 4332 hunc
2740 4277 2915 4332 locum
2965 4281 3328 4350 conjecimus;
3377 4286 3503 4340 illud
3559 4291 3728 4344 nimi-

2149 4377 2268 4418 rum
2299 4379 2313 4418 :
2349 4381 2473 4421 cum
2522 4381 2751 4437 corpore
2779 4380 3030 4426 constare
3077 4373 3286 4430 animas
3326 4378 3729 4440 existimaverit

480 4473 766 4542 quamdam
791 4474 1082 4544 spiritalem
1118 4473 1274 4528 initio
1305 4473 1546 4527 molitum
1570 4486 1692 4529 esse
1721 4472 1887 4526 Deum
1911 4488 2044 4527 con-

2157 4455 2522 4525 Adamantius,
2561 4461 2845 4530 cujusnam
2886 4477 2981 4518 eas
3019 4462 3234 4520 [iunxerit
3288 4473 3723 4540 corporationis,

473 4563 666 4632 jectat,
696 4578 728 4618 ο
757 4578 861 4632 qua
902 4565 1180 4619 hominum
1209 4563 1403 4617 animae
1435 4563 1680 4616 formata:
1709 4561 1932 4616 subinde
1983 4576 2049 4617 ac
2084 4547 2091 4548 ⁷
2147 4560 2215 4600 ²¹¹
2242 4547 2496 4618 εηεεῒίεω
2525 4549 2738 4615 Similis:
2789 4566 2856 4604 ³η
2888 4555 3196 4619 Cl'aSSiOI'iS.
3249 4568 3304 4612 el
3333 4562 3398 4614 ad
3428 4561 3570 4617 illam
3613 4567 3729 4620 da:-

481 4649 621 4704 tlcta'.
652 4660 824 4705 sunt:
871 4668 889 4703 ι
929 4650 1184 4706 Fortasse
1226 4650 1422 4720 potuit,
1482 4650 1696 4720 inquit,
1742 4659 1799 4703 et
1843 4651 2046 4719 anima,

477 4750 768 4810 antequam
801 4755 865 4795 ea
892 4741 1005 4810 ipsa
1046 4750 1236 4795 natura
1269 4739 1444 4804 fieret,
1470 4755 1589 4810 quae
1616 4741 1795 4794 anima
1827 4741 2046 4810 dicitur,

474 4830 632 4898 cujus
660 4829 743 4886 vel
780 4830 1122 4900 pulchritudo
1150 4830 1347 4894 virtus,
1393 4828 1474 4883 vel
1510 4827 1830 4883 deformitas
1855 4830 2044 4883 vitium

473 4929 580 4986 est,
611 4921 810 4976 habere
837 4920 1071 4992 aliquam
1103 4923 1385 4975 materiam
1420 4935 1519 4989 pro
1545 4936 1644 4976 suo
1692 4934 1890 4991 genere
1927 4921 2042 4989 spi-

473 5005 748 5070 ritualem,
779 5020 898 5075 qua:
929 5007 1165 5062 nondum
1195 5017 1340 5062 esset
1369 5008 1587 5072 anima;
1619 5007 1760 5063 sicut
1788 5018 1954 5075 terra,
1976 5009 2044 5062 de

472 5110 578 5163 qua
610 5110 738 5152 caro
779 5098 919 5154 facta
946 5109 1048 5165 est,
1092 5098 1206 5170 jam
1233 5107 1352 5154 erat
1398 5099 1623 5168 aliquid,
1655 5101 1902 5170 quamvis
1933 5115 2038 5156 non

473 5195 594 5241 erat
618 5201 778 5254 caro;
817 5207 838 5241 ι
868 5199 963 5244 ett
993 5187 1228 5243 Retract.
1263 5207 1282 5246 :
1323 5207 1344 5242 ί
1381 5187 1514 5242 Nam
1560 5189 1704 5260 quod
1754 5189 1944 5244 attinet
1973 5189 2041 5243 ad

475 5275 641 5330 animi
677 5278 964 5347 originem,
989 5293 1094 5348 qua
1125 5279 1196 5334 sit
1227 5279 1281 5332 in
1328 5293 1575 5348 corpore,
1628 5286 1806 5332 utrum
1851 5279 1919 5333 de
1949 5278 2041 5334 illo

474 5378 584 5418 uno
627 5366 719 5431 sit,
766 5368 859 5436 qui
899 5368 1130 5437 primum
1181 5377 1415 5433 creatus,
1464 5369 1682 5437 quando
1730 5367 1902 5422 factus
1954 5375 2038 5422 est

473 5451 636 5507 homo
665 5454 720 5507 in
746 5457 983 5511 animam
1007 5458 1299 5526 viventem,
1351 5473 1420 5513 an
1459 5458 1712 5514 similiter
1755 5459 1888 5512 fiant
1921 5458 2034 5512 sin-

471 5547 614 5618 gulis
641 5548 890 5620 singulaa,
917 5566 1016 5607 nec
1045 5561 1158 5608 tum
1181 5551 1444 5620 sciebam,
1487 5567 1584 5610 nec
1614 5551 1790 5608 adhuc
1831 5551 1965 5608 scio.
2010 5569 2029 5604 ι

546 5725 594 5757 ⁸⁸
621 5724 774 5783 Joan.
801 5744 854 5796 v,
885 5731 972 5788 17.

2145 4651 2405 4704 monum,
2459 4656 2622 4710 quam
2681 4642 2925 4714 angelica
2971 4647 3283 4714 Spissiorem
3339 4655 3725 4722 ostendimus,

2145 4731 2365 4800 propius
2401 4732 2730 4788 accedentia.
2778 4735 2857 4788 Ac
2889 4745 3110 4790 naturas
3157 4740 3450 4798 rationales
3480 4746 3727 4804 diximus

2141 4834 2240 4889 pro
2288 4823 2526 4888 meritis,
2597 4825 2959 4881 crassioribus
3037 4831 3441 4890 tenuioribusve
3518 4838 3724 4908 illigari

2146 4915 2462 4982 corporibus
2490 4933 2504 4969 :
2541 4931 2664 4970 cum
2701 4918 2894 4972 anima:
2919 4929 3100 4975 autem
3135 4925 3343 4994 angelis
3373 4928 3575 4984 virtute
3607 4934 3727 4989 sint

2147 5005 2430 5061 inferiores
2464 5022 2527 5062 ac
2575 5011 2805 5074 meritis,
2865 5014 3153 5069 crassioris
3185 5031 3306 5071 esse
3347 5033 3727 5088 corporatura

2145 5110 2210 5149 ac
2259 5097 2480 5167 angelos
2532 5099 2819 5154 dicendum
2864 5112 2968 5158 est.
3023 5104 3283 5176 Origenes
3323 5109 3420 5163 lib.
3476 5127 3515 5166 ﬂ
3574 5115 3722 5184 Περὶ

2144 5185 2364 5255 ἀρχῶν,
2399 5203 2516 5258 cap.
2557 5190 2613 5256 2,
2649 5206 2797 5244 num.
2829 5193 2864 5246 2
2895 5211 2910 5247 :
2944 5212 2964 5246 t
3005 5194 3074 5250 Ut
3112 5213 3242 5269 ergo
3279 5203 3529 5267 superius
3576 5204 3726 5262 dixi-

2146 5293 2287 5342 mus,
2340 5281 2632 5337 materialis
2665 5281 2969 5338 substantia
3006 5286 3166 5354 hujus
3219 5291 3404 5345 mundi
3437 5304 3723 5360 naturam,

2142 5384 2264 5436 qua:
2294 5386 2359 5425 ex
2393 5373 2642 5429 omnibus
2670 5376 2736 5428 ad
2781 5378 2964 5432 omnia
2997 5379 3438 5447 transformalur,
3493 5401 3619 5444 cum
3651 5392 3723 5446 ad

2143 5461 2431 5518 inferiores
2461 5479 2709 5536 quosque
2742 5469 2996 5538 trahitur,
3039 5471 3092 5524 in
3118 5476 3444 5538 crassiorem
3470 5484 3723 5550 corporis

2143 5563 2343 5609 statum
2389 5556 2811 5630 solidioremque
2853 5561 3166 5633 formatur,
3235 5565 3313 5622 ita
3367 5577 3427 5623 ut
3473 5570 3725 5630 visibiles
