4160 6392
358 401 464 458 909

360 522 491 576 istas
537 519 723 577 mundi
776 520 1003 590 species,
1054 520 1349 590 variasque
1397 520 1693 592 distinguat
1747 539 1761 574 :

357 627 489 666 vero
511 612 926 682 perfectioribus
959 610 1238 666 ministrat
1265 621 1324 666 et
1353 613 1720 678 beatioribus,
1750 614 1802 667 in
1835 611 1934 667 ful-

356 718 487 774 gore
518 704 818 759 caelestium
852 718 1140 772 corporum
1183 704 1387 771 micat,
1430 714 1486 760 et
1519 705 1782 776 Spiritalis
1815 722 1934 762 cor-

356 797 505 865 poris
538 796 872 852 indumentis
899 797 984 851 vel
1032 798 1253 866 angelos
1302 799 1420 865 Dei,
1453 799 1537 853 vel
1571 800 1708 856 filios
1748 816 1932 855 resur-

358 889 617 942 rectionis
651 899 882 944 exornat
914 908 930 945 :
966 906 1032 946 ex
1064 891 1263 960 quibus
1298 892 1548 946 omnibus
1587 892 1836 948 diversus
1870 907 1933 948 ac

357 980 543 1035 varius
570 981 731 1036 unius
759 983 945 1037 mundi
989 984 1292 1052 completur
1337 994 1546 1050 status;
1590 1003 1609 1036 ι
1646 993 1702 1039 et
1756 986 1932 1054 capite

355 1073 629 1143 sequenti,
663 1089 812 1128 num.
841 1074 876 1129 5
906 1091 920 1128 :
958 1092 980 1127 ι
1011 1075 1276 1131 Possibile
1306 1077 1452 1131 enim
1498 1077 1709 1131 videtur
1751 1087 1810 1130 ut
1846 1091 1936 1130 ra-

356 1165 640 1221 tionabiles
688 1176 917 1232 naturae,
963 1182 994 1221 a
1036 1169 1231 1238 quibus
1263 1184 1536 1238 nunquam
1587 1169 1834 1224 aufertur
1865 1169 1927 1223 li-

353 1258 470 1314 beri
505 1256 740 1314 facultas
778 1258 1019 1324 arbitrii,
1054 1261 1264 1328 possint
1292 1261 1485 1314 iterum
1513 1261 1781 1328 aliquibus
1810 1275 1930 1315 mo-

357 1348 500 1402 tibus
527 1347 834 1417 subjaeere,
869 1350 1185 1420 indulgente
1231 1351 1334 1405 hoc
1367 1350 1541 1422 ipsum
1575 1350 1826 1416 Domino,
1859 1365 1931 1406 ne

352 1440 494 1496 forte
535 1441 580 1496 si
623 1441 952 1497 immobilem
986 1457 1200 1513 semper
1239 1451 1462 1498 teneant
1513 1451 1735 1507 statum,
1784 1443 1932 1513 igno-

356 1542 476 1588 rent
510 1548 570 1588 se
611 1532 706 1588 Dei
742 1533 917 1603 gratia
950 1542 1005 1589 et
1055 1549 1159 1590 non
1211 1550 1309 1590 sua
1361 1534 1559 1591 virtute
1591 1537 1644 1590 in
1686 1535 1782 1593 illo
1823 1539 1931 1592 fine

357 1625 708 1682 beatitudinis
761 1626 1092 1682 constitisse.
1147 1625 1295 1694 Quos
1355 1635 1540 1682 motus
1595 1628 1714 1684 sine
1767 1629 1930 1685 dubio

355 1735 570 1774 rursum
599 1718 838 1774 varietas
870 1734 1158 1788 corporum
1206 1728 1263 1774 et
1312 1718 1602 1775 diversitas
1636 1735 1930 1791 proseque-

353 1821 463 1876 tur,
520 1825 588 1866 ex
642 1826 746 1882 qua
801 1812 1034 1868 mundus
1065 1826 1282 1880 semper
1311 1813 1643 1880 adornatur;
1702 1829 1801 1871 nec
1829 1832 1930 1870 un-

1200 396 1776 455 ORIGENIANORUM
1812 397 1940 452 LIB.
1981 397 2044 463 Il,
2083 397 2232 453 CAP.
2275 397 2337 466 ll,
2366 397 2651 466 QUIEST.
2691 397 2776 452 Vl.

3504 404 3610 459 9l0

1813 535 1935 575 cum
1964 527 2013 582 Α
2039 535 2188 575 reum
2224 530 2414 591 putent
2458 535 2599 586 esse,
2632 521 2722 590 qui
2759 521 2826 576 ad
2869 521 3158 591 imaginem
3193 531 3249 579 et
3291 523 3608 581 similitudi-

2036 628 2158 669 nem
2213 614 2304 668 Dei
2358 614 2530 668 factus
2577 622 2684 678 est,
2737 613 2903 668 Deum
2941 614 3120 684 ipsum
3170 631 3512 686 corporeum,
3554 631 3612 675 et

2035 709 2283 762 humana:
2310 705 2496 760 formae
2529 706 2780 760 videntur
2811 706 3104 774 inducere;
3134 709 3276 778 quod
3313 712 3518 766 sentire
3543 716 3610 767 de

2035 793 2146 848 Deo
2197 793 2632 847 manifestissime
2672 794 2892 862 impium
2945 805 3063 860 est;
3109 815 3126 848 ι
3175 806 3227 850 et
3251 797 3346 853 lib.
3400 815 3416 852 ι
3465 801 3608 868 Περὶ

2033 883 2252 953 ἀρχῶν,
2304 898 2422 952 cap.
2454 885 2505 950 1,
2538 901 2687 938 num.
2721 885 2792 939 7°.
2829 903 2847 936 ι
2884 884 2940 939 Si
2995 888 3086 956 qui
3134 897 3312 942 autem
3343 899 3467 944 sunt
3516 892 3608 959 qui

2035 987 2268 1031 mentem
2299 977 2468 1044 ipsam
2504 980 2852 1047 animamque
2877 994 3074 1049 corpus
3100 994 3218 1037 esse
3249 982 3606 1048 arbitrentur,

2031 1069 2192 1123 velim
2247 1068 2377 1122 mihi
2423 1069 2833 1138 responderent,
2875 1072 3147 1139 quomodo
3207 1080 3479 1128 tantarum
3519 1090 3606 1130 re-

2033 1177 2175 1226 rum,
2229 1171 2338 1216 tam
2387 1161 2709 1229 difﬁcilium,
2759 1172 2976 1231 tamque
3023 1164 3302 1218 subtilium
3346 1167 3605 1234 rationes,

2033 1255 2470 1324 assertionesque
2494 1255 2754 1324 recipiat?
2780 1256 2933 1311 Unde
2957 1258 3005 1312 ei
3038 1258 3209 1313 virtus
3237 1261 3553 1315 memoriae?
3581 1284 3598 1313 ο

2031 1359 2086 1402 et
2118 1349 2169 1402 in
2203 1349 2528 1415 Protreptico
2575 1350 2644 1402 ad
2672 1351 3009 1419 martyrium,
3064 1368 3215 1408 num.
3250 1354 3318 1406 47
3353 1370 3365 1405 :
3400 1355 3518 1406 Ἔτι
3549 1354 3606 1407 δὲ

2031 1443 2126 1495 καὶ
2170 1443 2423 1512 φιλοζωεῖ
2470 1441 2773 1514 ἄνθρωπος,
2814 1446 3021 1514 πεῖσμα
3067 1443 3246 1497 λαϐὼν
3273 1446 3398 1518 περὶ
3419 1447 3607 1509 οὐσίας

2029 1536 2252 1606 λογικῆς
2291 1533 2489 1604 ψυχῆς,
2534 1534 2610 1597 ὡς
2637 1533 2866 1605 ἐχούσης
2893 1553 2945 1586 τι
2977 1536 3232 1604 συγγενὲς
3254 1537 3372 1607 Θεῷ
3391 1555 3404 1567 ο
3445 1537 3608 1609 νοερὰ

2030 1624 2137 1695 γάρ
2159 1624 2392 1696 ἑκάτερα
2417 1623 2512 1678 καὶ
2536 1623 2762 1694 ἀόρατα,
2793 1624 2883 1677 καὶ
2909 1624 2984 1688 ὡς
3007 1627 3036 1677 ὁ
3064 1627 3376 1698 ἐπικρατῶν
3400 1627 3606 1680 ἀποδεί-

2030 1732 2187 1769 κνυσι
2235 1713 2411 1782 λόγος,
2461 1712 2760 1784 ἀσώματα·
2803 1724 2856 1768 et
2897 1713 2991 1769 lib.
3043 1731 3094 1769 γι
3141 1732 3320 1771 contra
3371 1717 3602 1783 Celsum,

2032 1823 2178 1859 num.
2235 1805 2320 1870 7i,
2374 1803 2533 1858 Κατά
2577 1804 2635 1857 δὲ
2677 1806 2846 1876 ἡμᾶς,
2901 1807 2993 1859 καὶ
3024 1807 3122 1879 τὴν
3158 1807 3382 1880 λογικὴν
3426 1809 3603 1881 ψυχὴν

347 1919 513 1973 quam
547 1904 746 1971 poterit
793 1904 1028 1958 mundus
1062 1903 1164 1958 nisi
1201 1903 1467 1960 varietate
1512 1919 1572 1959 ac
1605 1905 1925 1963 diversitate

2032 1896 2400 1970 πειρωμένους
2431 1897 2808 1950 ἀποδεικνύναι
2845 1897 3125 1968 κρείττονα
3154 1900 3332 1970 πάσης
3363 1918 3604 1972 σωματι-

351 2004 628 2060 constare,
659 1995 806 2064 quod
833 1995 970 2051 effici
1004 1994 1149 2051 nullo
1176 2010 1374 2065 genere
1411 2007 1590 2067 potest
1622 2007 1780 2054 extra
1812 2015 1927 2054 ma-

352 2087 543 2142 teriam
575 2087 932 2157 corporalem.
964 2105 984 2139 ι
1558 2161 1561 2166 η

422 2178 560 2232 XIV.
595 2179 916 2234 Excusando
952 2188 1134 2233 autem
1179 2179 1418 2249 dogmati
1467 2181 1616 2248 huic,
1669 2198 1778 2252 quo
1807 2184 1926 2239 ani-

351 2273 456 2328 mis
490 2286 718 2340 corpora
748 2271 993 2336 ascribit,
1023 2281 1216 2327 contra
1245 2287 1406 2340 quam
1439 2271 1492 2326 in
1525 2273 1766 2329 Ecclesia
1824 2275 1922 2329 ho-

350 2366 438 2420 die
461 2365 726 2429 creditur,
758 2363 1064 2434 appositum
1095 2371 1181 2418 est
1210 2363 1338 2419 illud
1373 2378 1405 2418 e
1447 2367 1716 2434 prooemio
1757 2367 1926 2422 libro-

354 2472 474 2510 rum
517 2455 660 2525 Περὶ
691 2453 914 2525 ἀρχῶν,
962 2471 1110 2509 ιιιιιιι.
1141 2453 1176 2510 9
1221 2472 1234 2509 :
1269 2473 1289 2507 ‹
1339 2455 1481 2510 Deus
1521 2471 1738 2527 quoque
1783 2473 1921 2527 quo-

353 2548 512 2602 modo
545 2547 767 2618 intelligi
805 2547 1020 2611 debeat,
1055 2547 1436 2616 inquirendum
1468 2557 1572 2613 est,
1601 2564 1921 2620 corporeus,

349 2650 407 2693 et
435 2641 731 2694 secundum
760 2640 993 2709 aliquem
1021 2637 1262 2693 habitum
1296 2637 1655 2706 deformatus,
1686 2656 1752 2695 an
1786 2642 1922 2696 alte-

353 2730 467 2784 rius
506 2738 716 2782 natnrae
763 2744 924 2798 quam
972 2743 1202 2800 corpora
1239 2739 1392 2794 sunt;
1441 2729 1584 2798 quod
1636 2734 1820 2801 utique
1867 2733 1921 2786 in

350 2819 737 2889 praedicatione
801 2829 986 2875 nostra
1041 2819 1331 2875 manifeste
1396 2836 1504 2876 non
1583 2821 1918 2893 designatur.

351 2910 552 2966 Eadem
601 2926 817 2981 quoque
881 2913 1046 2968 etiam
1098 2913 1167 2968 de
1220 2913 1438 2968 Christo
1492 2921 1548 2968 et
1603 2917 1669 2969 de
1713 2914 1921 2984 Spiritu

351 3011 544 3057 sancto
575 3003 897 3072 requirenda
931 3014 1092 3072 sunt;
1155 3005 1250 3060 sed
1297 3015 1352 3060 et
1403 3007 1468 3061 de
1513 3009 1662 3063 omni
1715 3009 1920 3071 anima,

351 3102 514 3162 atque
563 3095 711 3148 omni
767 3095 1080 3151 rationabili
1117 3106 1307 3151 natura
1344 3098 1696 3156 nihilominus
1740 3101 1922 3170 requi-

2028 1992 2129 2062 κῆς
2162 1989 2394 2058 φύσεως,
2426 1990 2519 2043 καὶ
2548 1990 2734 2044 οὐσίαν
2771 1990 3020 2061 ἀόρατον,
3067 1993 3161 2045 καὶ
3189 1993 3476 2064 ἀσώματον
3499 2010 3514 2026 ο
3549 2007 3606 2050 et

2028 2083 2083 2136 in
2127 2081 2258 2136 Luc.
2316 2098 2391 2147 ιι,
2423 2081 2512 2145 54,
2551 2097 2580 2136 e
2613 2081 2818 2136 Catena
2863 2082 3151 2137 Mazarinaa
3207 2085 3548 2142 bibliotheca:
3585 2109 3597 2142 ε

2039 2174 2360 2244 Ἐπίσκεψαι
2412 2174 2468 2228 δὲ
2499 2175 2548 2227 εἰ
2595 2174 2813 2228 δυνατὸν
2852 2175 3248 2249 τροπολογῆσαι
3297 2179 3604 2244 ἀκολούθως

2023 2267 2102 2338 τῷ
2131 2266 2393 2338 ὀφθαλμῷ
2421 2269 2514 2322 καὶ
2546 2267 2605 2321 τὸ
2629 2269 2804 2338 σῶμα,
2830 2270 2970 2325 ὥστε
2994 2271 3120 2343 ὃλην
3148 2273 3248 2343 ἤδη
3283 2273 3380 2344 τὴν
3403 2272 3600 2344 ψυχὴν,

2024 2359 2125 2414 κᾶν
2160 2360 2234 2432 μὴ
2266 2360 2550 2432 σωματικὴ
2579 2361 2842 2434 τυγχάνῃ,
2881 2361 3108 2430 φάσκειν
3139 2363 3232 2417 νῦν
3258 2363 3510 2432 λέγεσθαι
3542 2364 3604 2419 τὸ

2027 2451 2217 2524 σῶμα·
2263 2461 2317 2507 et
2345 2469 2468 2507 mox
2501 2471 2515 2508 :
2563 2455 2671 2507 Καὶ
2706 2454 2780 2525 μὴ
2808 2454 3095 2528 θαυμάσῃς
3129 2455 3186 2509 δὲ
3233 2458 3378 2510 εὶ⁹ὲν
3430 2457 3504 2528 τῷ
3527 2474 3540 2488 ο
3575 2461 3604 2512 ὁ

2024 2543 2212 2614 λύχνος
2234 2545 2325 2598 τοῦ
2358 2544 2608 2617 σώματός
2639 2547 2786 2600 ἐστιν
2816 2549 2843 2600 ὁ
2871 2546 3166 2618 ὀφθαλμὸς,
3202 2549 3603 2622 τροπολογικῶς

2023 2635 2084 2688 τὸ
2130 2634 2290 2705 σῶμα
2327 2635 2420 2688 ἐπὶ
2460 2636 2562 2707 τῆς
2615 2637 2792 2709 ψυχῆς
2835 2639 3190 2710 λαμϐάνεται,
3239 2643 3480 2713 καίτοιγε
3522 2645 3602 2717 τῷ

2027 2727 2142 2797 ἰδίῳ
2182 2725 2324 2796 λόγῳ
2351 2725 2516 2797 οὔσης
2552 2727 2785 2798 ἀοράτου
2812 2730 2904 2782 καὶ
2944 2730 3237 2801 ἀσωμάτου
3259 2750 3270 2762 ’
3319 2734 3459 2787 κατά
3493 2733 3602 2806 γὰρ

2022 2817 2120 2888 τὴν
2144 2817 2327 2871 εἰκόνα
2353 2819 2545 2888 γέγονε
2571 2819 2666 2873 τοῦ
2694 2821 2924 2890 ἀοράτου
2950 2822 3085 2876 Θεοῦ
3104 2840 3116 2854 ·
3149 2824 3380 2898 ἐπείπερ
3413 2844 3604 2900 τροπο-

2021 2911 2255 2979 λογικῶς
2277 2912 2370 2966 καὶ
2397 2911 2495 2975 τὰς
2515 2913 2771 2984 δυνάμεις
2793 2915 2890 2986 τῆς
2919 2915 3092 2987 ψυχῆς
3118 2918 3442 2990 εὑρίσκομεν
3466 2922 3604 2991 ἐμω-

2021 3001 2206 3071 νύμως
2229 3005 2339 3065 τοῖς
2383 3007 2712 3074 σωματικοῖς
2756 3004 2996 3075 μέρεσιν,
3020 3007 3120 3059 οὐκ
3157 3006 3321 3071 οὔσας
3350 3007 3598 3079 σώματα,

2021 3093 2447 3166 ὀνομαζομένας.
2497 3095 2674 3165 Atque
2719 3096 2834 3152 haec
2874 3108 3000 3152 sunt
3049 3101 3315 3170 ejusmodi
3367 3109 3426 3155 ut
3476 3117 3599 3156 cmn

353 3186 579 3239 rendum
629 3193 733 3240 est.
770 3205 790 3239 ι
830 3185 964 3254 Quae
1003 3190 1209 3258 requiri
1254 3191 1480 3261 jubet,“
1532 3191 1815 3262 Origenes,
1853 3208 1916 3248 ea
1949 3221 1992 3283 ο
2027 3184 2400 3250 superioribus
2457 3186 2680 3255 perinde
2727 3189 3008 3244 conciliari
3067 3205 3172 3246 non
3220 3193 3474 3260 possint,
3536 3207 3600 3248 ac

351 3273 593 3343 profecto
623 3275 874 3333 Ecclesiae
909 3278 1144 3334 decretis
1171 3281 1391 3336 deﬁnita
1424 3297 1532 3338 non
1564 3292 1740 3338 erant.
1766 3283 1920 3340 Unde

351 3379 456 3417 non
506 3364 759 3435 Origenis
811 3375 971 3422 aetate
1001 3369 1264 3424 duntaxat
1293 3372 1436 3427 idem
1483 3373 1820 3429 Tertulliano
1853 3375 1920 3429 de

349 3455 528 3509 anima
577 3457 752 3511 visum
787 3466 891 3523 est,
926 3460 1022 3513 sed
1067 3469 1122 3514 et
1151 3461 1396 3529 plurimis
1422 3479 1637 3534 quoque
1661 3466 1786 3520 dein
1818 3466 1922 3522 Ec-

349 3549 534 3604 clesia:
557 3548 808 3605 Patribus
837 3569 853 3606 :
888 3561 1015 3620 puta
1045 3552 1253 3610 Hilario
1279 3557 1335 3609 in
1362 3555 1554 3612 Matth.
1592 3573 1714 3612 can.
1743 3559 1797 3622 5,
1829 3559 1919 3614 ubi

353 3659 375 3694 ι
405 3642 709 3700 animarum
734 3649 963 3716 species,
993 3647 1108 3702 sive
1138 3647 1500 3704 obtinentium
1520 3664 1774 3720 corpora,
1804 3651 1921 3707 sive

346 3737 674 3806 corporibus
703 3738 1089 3808 exsulantium,
1126 3755 1445 3810 corpoream
1495 3751 1672 3798 tamen
1711 3753 1921 3798 naturae

346 3845 460 3885 suae
490 3830 848 3886 substantiam
879 3832 1064 3886 sortiri
1100 3852 1118 3884 ι
1175 3833 1436 3901 praedicat
1471 3848 1486 3885 :
1537 3843 1593 3888 et
1632 3835 1920 3892 Ambrosio

345 3920 442 3976 lib.
467 3937 506 3976 ιι
536 3921 613 3976 De
637 3922 929 3987 Abraham,
959 3939 1079 3992 cap.
1107 3924 1163 3990 8,
1196 3924 1307 3989 ubi,
1364 3933 1561 3994 praeter
1593 3924 1652 3984 S.
1682 3925 1922 3982 Trinita-

347 4023 480 4080 tem,
515 4013 837 4082 corporibus
887 4013 1095 4083 reliqua
1144 4023 1396 4069 constare
1424 4017 1664 4072 asserit:
1696 4025 1753 4071 et
1791 4018 1924 4072 Cas-

346 4107 502 4160 siano
527 4104 724 4161 Collat.
775 4121 872 4170 vu,
928 4120 1054 4176 cap.
1088 4106 1175 4170 15,
1231 4106 1322 4161 ubi
1358 4107 1568 4163 animas
1611 4109 1922 4178 spirituales

344 4199 560 4268 quidem
599 4212 721 4254 esse
747 4198 967 4264 fatetur,
998 4199 1347 4268 incorporeas
1392 4211 1592 4268 negat:
1628 4211 1679 4256 et
1707 4202 1790 4256 his
1820 4218 1920 4256 an-

347 4290 566 4359 tiquiori
599 4290 882 4347 Theodoto
923 4293 977 4345 in
1025 4291 1304 4358 Excerptis
1336 4291 1404 4346 ad
1448 4291 1743 4349 Clementis
1793 4294 1924 4348 Aleo

345 4384 599 4439 xandrini
645 4384 856 4439 calcem
907 4384 1174 4452 adjectis,
1239 4387 1330 4440 ubi
1381 4386 1590 4442 animas
1636 4387 1919 4442 hominum

345 4489 639 4544 corporeae
663 4474 1089 4550 esseafiirmat:
1122 4486 1179 4532 et
1225 4477 1500 4533 Methodio
1531 4478 1630 4547 ipsi
1670 4478 1921 4550 ()rigenis

2028 3292 2148 3344 qua:
2179 3277 2247 3332 de
2296 3277 2506 3348 angelis
2555 3277 2874 3348 scripserat,
2917 3295 3114 3348 corpus
3167 3281 3300 3350 ipsis
3347 3298 3601 3337 nonnun~

2026 3381 2189 3434 quam
2225 3366 2529 3436 imponens,
2571 3382 2956 3438 nonnunquam
3011 3370 3324 3424 detrahens.
3361 3371 3604 3428 Diximus

2025 3458 2170 3512 enim
2208 3471 2307 3525 pro
2355 3467 2636 3526 respectus
2683 3457 3003 3514 diversitate
3056 3461 3208 3515 varie
3257 3461 3497 3516 locutum
3538 3465 3604 3518 de

2024 3547 2340 3618 angelorum
2391 3548 2714 3618 corporibus
2755 3546 3070 3620 Origencm,
3123 3565 3324 3620 eosque
3354 3561 3605 3621 respectu

2025 3640 2122 3694 Dei
2157 3649 2474 3712 corporatos
2495 3640 2724 3706 dixisse,
2753 3653 3003 3709 respectu
3041 3643 3222 3696 mundi
3259 3643 3418 3713 hujus
3447 3658 3605 3714 aspe-

2025 3722 2246 3791 ctabilis
2271 3752 2503 3806 corpore
2529 3744 2804 3792 carentes.
2837 3734 2935 3790 llic
2959 3748 3138 3790 autem
3184 3737 3279 3791 Dei
3311 3737 3483 3808 ipsius
3513 3752 3605 3792 re-

2025 3839 2220 3897 spectu
2248 3829 2462 3883 animas
2491 3843 2722 3898 corpore
2753 3841 2946 3884 carere
2977 3828 3133 3893 dicit,
3165 3837 3352 3896 utpote
3375 3844 3496 3898 qnze
3534 3830 3605 3882 ad

2024 3919 2142 3986 ejus
2169 3919 2461 3986 imaginem
2510 3919 2744 3974 conditae
2791 3920 2922 3974 sint.
2959 3917 3040 3971 Ad
3077 3919 3192 3973 haec
3245 3917 3606 3989 Hieronymus

2023 4009 2186 4078 epist.
2235 4008 2326 4073 59,
2371 4007 2437 4061 ad
2482 4006 2652 4074 Avit.,
2697 4022 2818 4078 cap.
2869 4007 2928 4072 2,
2982 4006 3205 4062 adducit
3259 4007 3423 4060 verba
3488 4006 3606 4078 hagc

2025 4099 2277 4170 Origenis
2302 4115 2370 4156 ex
2401 4099 2510 4155 fine
2548 4101 2671 4156 libri
2709 4115 2747 4158 tt
2799 4099 2874 4153 De
2907 4100 3134 4169 princip.
3169 4115 3188 4153 :
3224 4116 3242 4150 ι
3277 4098 3522 4169 Cumque
3549 4099 3604 4152 in

2027 4202 2238 4247 tantum
2272 4192 2688 4263 profecerimus,
2719 4200 2778 4246 ut
2806 4205 3152 4262 nequaquam
3185 4205 3379 4246 carnes
3404 4200 3457 4246 et
3485 4205 3608 4247 cor-

2026 4301 2186 4357 pora,
2239 4285 2473 4340 forsitan
2524 4299 2594 4340 ne
2647 4285 2845 4339 animae
2899 4283 3114 4352 quidem
3169 4283 3452 4348 fuerimus,
3508 4285 3606 4338 sed

2025 4391 2183 4431 mens
2235 4383 2288 4429 et
2340 4389 2534 4430 sensus
2583 4375 2650 4429 ad
2697 4376 2996 4444 perfectum
3048 4376 3295 4437 veniens,
3352 4374 3608 4443 nulloque

2024 4467 2504 4537 perturbationum
2559 4466 2745 4521 nubilo
2784 4466 3044 4536 caligans,
3103 4465 3403 4520 intuebitur
3437 4467 3604 4520 ratio-

345 4565 659 4622 adversario
692 4549 836 4636 apud
863 4566 1118 4622 Photium
1150 4569 1272 4623 cod.
1301 4583 1558 4633 ccximv,
1589 4569 1680 4625 ubi
1708 4549 1918 4626 animas

2027 4561 2236 4616 nabiles
2305 4559 2776 4628 intelligibilesque
2836 4559 3168 4614 substantias
3214 4561 3353 4616 facie
3405 4561 3473 4615 ad
3523 4559 3606 4614 fa-

341 4670 466 4712 esse
490 4657 568 4711 ait
597 4671 828 4725 corpora
853 4656 1038 4729 νοερὰ,
1067 4656 1121 4711 in
1149 4660 1389 4712 membra
1430 4659 1640 4715 ratione
1673 4668 1921 4728 aspecta-

341 4747 471 4803 bilia
527 4747 815 4803 discretas.
869 4747 988 4818 Ipse
1033 4748 1196 4803 etiam
1254 4749 1624 4818 Augustinus,
1676 4750 1916 4819 opinioni

343 4840 470 4896 huic
520 4840 648 4897 licet
693 4839 962 4906 infensus,
1017 4842 1198 4911 aliquo
1233 4849 1411 4896 tamen
1463 4857 1628 4897 sensu
1675 4843 1916 4896 animam

341 4949 542 5004 corpus
591 4949 713 4990 esse
742 4933 950 4990 fatetur
993 4935 1155 5006 epist.
1200 4935 1294 4990 28.
1349 4936 1419 4988 At
1465 4935 1535 4989 ab
1569 4949 1634 4990 eo
1665 4937 1920 4991 discessit

341 5026 580 5081 Faustus
633 5026 922 5093 Reiensis,
985 5029 1293 5097 animisque
1337 5042 1567 5098 corpora
1617 5027 1798 5096 palam
1839 5027 1920 5082 af-

343 5119 524 5182 finxit,
565 5134 726 5190 quem
774 5121 946 5176 tribus
988 5119 1145 5177 libris
1176 5135 1422 5176 errorem
1459 5120 1602 5176 ultus
1633 5131 1716 5176 est
1755 5119 1918 5176 Clau«

340 5212 539 5270 dianus
568 5211 884 5270 Mamertus.

411 5304 586 5375 Magis
621 5305 751 5360 illud
798 5321 928 5362 vero
955 5307 1023 5362 ad
1065 5308 1436 5363 excusandum
1465 5304 1758 5376 Origenem
1787 5322 1920 5362 con-

341 5395 486 5450 ferre
514 5405 720 5466 posset,
776 5399 919 5467 quod
951 5399 1216 5468 scriptum
1259 5397 1329 5454 ab
1357 5411 1422 5453 eo
1453 5407 1540 5454 est
1569 5397 1760 5454 homil.
1793 5399 1818 5452 1
1863 5399 1919 5453 in

339 5482 554 5550 Cenem,
579 5502 729 5544 num.
779 5487 870 5551 15.
919 5487 1010 5543 ubi
1051 5488 1346 5556 hominem,
1378 5489 1471 5559 qui
1503 5490 1570 5544 de
1598 5488 1730 5544 limo
1758 5497 1918 5544 terrae

340 5577 501 5631 ticius
520 5588 630 5643 est,
655 5594 982 5650 corporeum
1015 5579 1292 5635 hominem
1339 5594 1460 5635 esse
1487 5579 1652 5646 dicit;
1685 5579 1780 5649 qui
1821 5595 1918 5633 au-

341 5677 450 5722 tem
484 5670 551 5725 ad
583 5670 873 5741 imaginem
907 5671 1002 5726 Dei
1039 5671 1290 5727 conditus
1317 5680 1424 5737 est,
1469 5671 1772 5742 spiritalem
1798 5686 1920 5727 esse

339 5776 466 5815 eum
490 5769 546 5817 et
576 5778 793 5819 cassum
817 5777 1078 5834 corpore;
1111 5762 1256 5818 illum
1290 5763 1616 5818 exteriorem
1643 5761 1916 5818 hominem

339 5868 486 5924 esse,
540 5856 683 5912 hunc
731 5855 1066 5916 interiorem.
1101 5875 1120 5911 ι
1158 5853 1212 5912 Si
1244 5855 1338 5927 qui
1373 5868 1503 5913 vero
1550 5855 1690 5912 hunc
1722 5869 1915 5929 corpo-

2029 4655 2203 4717 ciem;
2248 4669 2269 4704 »
2309 4666 2429 4722 quae
2479 4666 2631 4706 more
2669 4667 2770 4707 suo
2814 4651 3076 4720 pervertit
3125 4650 3373 4705 Rufinus.
3411 4649 3604 4704 Parem

2029 4761 2191 4814 supra
2256 4745 2574 4800 memoratis
2624 4744 3096 4800 ratiocinationem
3153 4759 3185 4800 e
3239 4743 3376 4797 libro
3419 4759 3482 4797 ιιι
3529 4741 3607 4796 De

2026 4841 2254 4909 princip.
2288 4839 2515 4894 adducit
2542 4837 2910 4910 Hieronymus
2942 4837 3181 4906 ejusdem
3212 4836 3452 4907 epistola:
3481 4852 3604 4906 cap.

2027 4931 2082 4998 3,
2111 4932 2480 4986 necessarium
2509 4932 2723 4987 scilicet
2768 4945 2890 4987 esse
2918 4929 3262 4994 alterutrum,
3311 4937 3370 4982 ut
3400 4929 3481 4982 vel
3523 4929 3606 4981 in-

2029 5026 2277 5096 corporei
2310 5025 2522 5088 ﬁamus,
2565 5023 2610 5077 si
2637 5023 2748 5078 Deo
2775 5022 2980 5078 similes
3018 5036 3140 5077 esse
3183 5021 3486 5085 studemus,
3520 5019 3607 5074 vel

2030 5127 2090 5171 ιιι
2119 5118 2530 5174 similitudinem
2561 5115 2658 5172 Dei
2684 5129 2792 5170 non
2827 5129 3130 5185 speremus,
3169 5115 3213 5169 si
3260 5114 3448 5169 eadem
3477 5127 3602 5167 cor-

2031 5224 2164 5279 pora
2208 5224 2424 5280 semper
2459 5207 2693 5264 habituri
2729 5222 2921 5262 sumus
2953 5222 2967 5259 :
2997 5215 3054 5261 et
3101 5206 3154 5260 in
3211 5206 3372 5277 epist.
3418 5204 3508 5269 6t,
3536 5203 3606 5258 ad

2027 5301 2370 5371 Pammacln,
2405 5317 2525 5374 cap.
2558 5301 2614 5368 5,
2663 5301 2864 5356 dixisse
2913 5299 2991 5354 ait
3035 5296 3324 5366 Origenem
3364 5295 3416 5349 in
3453 5293 3606 5348 libris

2026 5395 2167 5464 Περὶ
2191 5394 2414 5464 ἀρχῶν,
2444 5415 2463 5448 ι
2499 5393 2668 5451 solem
2707 5403 2763 5450 et
2798 5393 3007 5456 lanam,
3057 5400 3112 5445 et
3143 5391 3386 5446 omnium
3421 5399 3606 5446 astro-

2028 5503 2148 5541 rum
2178 5488 2404 5542 chorum
2455 5501 2578 5543 esse
2627 5486 2840 5541 animas
2883 5483 3289 5539 rationabilium
3331 5482 3604 5553 quondam

2029 5589 2084 5633 et
2111 5577 2534 5649 incorporalium
2582 5586 2982 5633 creaturarum.
3019 5593 3038 5628 ι
3072 5575 3314 5645 Denique
3357 5573 3606 5644 Sophro-

2028 5672 2154 5727 nins
2189 5670 2788 5744 Hierosolymitanusin
2823 5670 3051 5740 epistola
3092 5671 3159 5725 ad
3189 5668 3438 5740 Sergium
3462 5665 3626 5722 Con--

2025 5763 2593 5836 stantinopolitanum,
2621 5779 2742 5835 qua:
2783 5763 3020 5819 habetur
3054 5762 3108 5817 in
3149 5763 3363 5818 actione
3404 5759 3463 5812 lt
3514 5773 3604 5828 sy.-

2025 5856 2156 5915 uodi
2186 5873 2266 5927 vn,
2314 5855 2421 5916 alia
2469 5855 2694 5931 Origeni
2739 5856 2964 5916 crimina
3015 5855 3304 5929 objiciens,
3335 5867 3400 5910 eo
3427 5852 3600 5924 ipsum
