4160 6408
528 395 631 452 9H

1812 394 1871 449 P.
1913 392 2231 450 DANIELiS
2271 393 2506 450 HUETIl

3695 400 3809 459 9η

531 512 728 568 liberat
759 527 775 566 :
812 511 952 565 Ἀλλ’
981 503 1433 583 οὑκ’ὲπειδήπερ,
1465 509 1663 579 inquit,
1688 511 1744 563 αἱ
1771 510 1880 564 τῶν
1905 508 2115 582 ἀνθρώ-
2142 516 2190 572 Α
2217 509 2462 582 αἰσθητῷ
2508 510 2684 582 τούτῳ
2725 509 2867 583 μετὰ
2913 513 3015 584 τῆν
3051 509 3304 566 ἐντεῦθεν
3339 511 3610 585 ἐκδημίαν
3655 514 3807 587 ἔχειν

529 621 649 658 πων
679 599 846 674 ψυχαὶ
877 603 1012 658 Θεοῦ
1042 605 1224 676 χάριτι
1255 603 1356 675 τὴν
1405 603 1610 676 φθορὰν
1637 602 1975 666 ἀπεώσαντο,
2015 601 2113 674 τὴν

529 696 680 768 πάσῃ
732 698 922 768 κτιστῇ
976 695 1135 766 φύσει
1188 695 1642 768 ἐμφωλεύουσαν·
1688 695 1778 750 διὰ
1820 696 1978 750 τοῦτο
2018 696 2114 750 καὶ

530 787 638 860 πρὸ
665 787 931 858 σωμάτων
973 787 1143 850 αὑτὰς
1196 786 1628 856 ὑποπτεύσομεν,
1663 786 1696 858 ἢ
1736 785 1842 857 πρὸ
1869 785 1971 854 τῆς
2017 784 2112 838 τοῦ

527 878 804 950 ὁρωμένου
827 877 1030 949 κόσμου
1056 877 1394 950 παραγωγῆς
1416 877 1509 929 καὶ
1532 874 1857 947 συμπήξεως
1875 875 1934 927 ὲν
1957 873 2113 944 ἀϊδίῳ

527 971 634 1023 τινὶ
659 970 770 1041 ζωῇ
816 970 988 1024 τελεῖν
1013 971 1358 1041 ὲννοήσομεν,
1402 968 1495 1022 καὶ
1531 969 1644 1040 βίον
1692 967 1835 1037 ἔχειν
1863 967 2112 1038 οὐράνιον

527 1063 792 1134 φήσομεν,
827 1062 1067 1132 ἄσαρκόν
1112 1081 1172 1115 τε
1206 1064 1300 1116 καὶ
1330 1061 1616 1133 ἀσώματον
1640 1059 1820 1125 ζώσας
1845 1060 1991 1131 ζωὴν
2012 1060 2111 1132 τὴν

524 1151 690 1206 ἀΐδιον
713 1155 770 1206 ὲν
794 1151 1007 1224 οὐρανῷ
1036 1169 1166 1205 ποτε
1202 1151 1278 1224 μὴ
1303 1152 1624 1224 ὑπάρχοντι,
1658 1151 1734 1214 ὡς
1770 1151 2055 1222 Ὠριγένης
2081 1152 2112 1204 ὁ

527 1245 847 1318 παράφορος
891 1246 1160 1317 βούλεται,
1211 1247 1306 1300 καὶ
1344 1248 1392 1300 oi
1439 1246 1627 1299 τούτου
1676 1245 2111 1316 συμμύσταικαὶ

529 1337 835 1408 σύμφρονες
863 1337 1111 1410 Δίδυμος,
1164 1339 1258 1392 καὶ
1290 1338 1581 1409 Εὐάγριος,
1614 1337 1708 1390 καὶ
1741 1339 1770 1391 ὁ
1802 1337 1986 1400 λοιπὸς
2015 1338 2110 1392 αὐ-

522 1430 632 1485 τῶν
672 1432 1076 1504 μυθομέριμνος
1106 1431 1312 1502 ὅμιλος.
1347 1450 1367 1483 ι
1415 1433 1520 1486 Sed
1572 1449 1677 1488 non
1731 1432 1935 1487 idcirco
1965 1430 2108 1502 quod

524 1524 809 1578 hominum
855 1525 1051 1578 animae
1084 1525 1255 1594 gratia
1302 1524 1395 1578 Dei
1455 1524 1861 1594 corruptionem
1891 1523 2106 1594 repule-

525 1623 674 1681 runt,
705 1629 828 1683 quae
879 1614 1134 1670 omnibus
1176 1617 1448 1671 creaturis
1493 1615 1817 1670 naturaliter
1867 1615 2106 1679 insidet;

526 1709 648 1764 ideo
685 1717 739 1760 et
766 1716 893 1762 ante
938 1722 1166 1778 corpora
1197 1723 1290 1764 eas
1339 1708 1504 1764 fuisse
1564 1708 1988 1777 suspicabimur,
2023 1708 2106 1765 vel

526 1811 654 1857 ante
689 1801 850 1872 hujus
876 1801 1107 1858 visibilis
1132 1803 1318 1857 mundi
1345 1803 1726 1874 prolationem,
1757 1812 1923 1872 atque
1951 1817 2104 1858 com-

2215 602 2562 673 ἐκτιθέμενος
2582 604 2681 674 τὴν
2711 602 2914 675 ψυχὴν,
2939 601 3234 675 ἀσώματον
3275 604 3381 658 ὑπό
3427 622 3483 658 τι
3525 605 3806 662 Πλατωνι-

2215 692 2327 754 κῶς
2349 692 2709 761 ἀποφαίνεται
2732 695 2926 764 αὐτήν.
2945 693 3077 762 Qua:
3100 693 3178 749 sic
3199 697 3608 764 interpretanda
3633 709 3762 752 sunt
3785 715 3802 753 :

2219 801 2239 835 ι
2276 783 2357 838 Ad
2392 783 2477 836 illa
2507 785 2591 838 vir
2645 794 2864 838 sanctus
2893 803 2911 836 ι
2945 783 3276 853 (Methodius
3312 786 3594 858 nimirum)
3625 805 3646 840 ι
3685 790 3804 844 haec

2213 875 2312 941 ait,
2347 894 2367 928 ›
2417 885 2762 946 (sequuntur
2809 875 3008 932 deinde
3069 878 3236 932 verba
3283 878 3400 948 ipsa
3449 877 3710 934 Methodii
3767 896 3802 936 a

2213 965 2406 1022 Pbotio
2436 965 2714 1032 αὐτολεξεὶ
2765 969 3037 1039 descripta
3060 1010 3076 1033 ,
3109 985 3214 1024 nou
3240 973 3308 1025 ab
3347 986 3413 1026 eo
3441 970 3800 1044 αὑτοπροσώ-

2215 1076 2332 1123 πως
2360 1059 2657 1130 recitata):
2697 1078 2714 1112 ι
2744 1060 3000 1130 Figuram
3032 1063 3195 1116 aliam
3225 1064 3568 1118 consimilem
3600 1065 3796 1120 sensili

2213 1152 2361 1218 huic,
2407 1161 2691 1222 postquam
2722 1154 2849 1209 hinc
2881 1155 3141 1220 excessit,
3179 1154 3385 1211 habere
3417 1157 3642 1211 tradens
3675 1157 3801 1210 ani-

2213 1261 2396 1315 mam,
2463 1247 2842 1316 incorpoream
2877 1261 3004 1303 esse
3047 1247 3232 1316 aliquo
3296 1257 3458 1318 pacto
3513 1245 3801 1304 Platonica

2213 1339 2384 1408 ipsam
2417 1339 2701 1395 aﬂirmat.»
2736 1339 2864 1394 Haec
2886 1341 2963 1394 ait
2990 1338 3296 1396 Methodius
3318 1339 3386 1394 de
3415 1339 3668 1411 Origene,
3689 1357 3796 1396 non

2211 1431 2440 1486 l’hotius
2485 1431 2552 1485 de
2595 1430 2892 1493 Methodio,
2929 1431 3024 1500 qui
3061 1431 3258 1486 deinde
3305 1432 3524 1500 prohat,
3572 1445 3641 1485 ex
3691 1431 3798 1488 hac

2211 1521 2464 1592 Origenis
2488 1523 2805 1593 Opinatione
2836 1524 3097 1594 consequi
3141 1539 3372 1594 corpore
3407 1524 3649 1578 animam
3702 1540 3794 1580 ca-

2211 1630 2372 1681 rere;
2401 1615 2524 1682 quia
2555 1615 2599 1669 si
2635 1624 2757 1680 post
2801 1629 3088 1671 excessum
3139 1629 3170 1669 e
3219 1617 3330 1671 vita
3385 1630 3618 1686 corpore
3671 1625 3796 1671 tan-

2210 1723 2373 1777 quam
2405 1708 2659 1763 vehiculo
2690 1719 2746 1763 et
2795 1719 2948 1764 veste
2993 1708 3224 1780 indiget,
3257 1717 3448 1780 utpote
3488 1725 3613 1780 quae
3649 1711 3795 1765 nuda

2211 1800 2597 1869 comprehendi
2629 1814 2737 1854 non
2781 1801 2993 1870 possit,
3039 1802 3225 1870 utique
3254 1816 3517 1871 corporea
3571 1817 3678 1856 non
3711 1810 3799 1858 est

522 1897 773 1967 paginem
809 1897 861 1950 in
917 1896 1248 1966 sempiterna
1298 1871 1533 1965 quadam
1581 1899 1690 1954 vita
1720 1897 1926 1967 positas
1954 1895 2102 1950 arbi-
2136 1871 2180 1926 Β
2211 1892 2459 1963 (valeret
2484 1893 2629 1947 enim
2671 1894 2912 1964 alioquin
2951 1893 3141 1949 eadem
3187 1894 3632 1965 argumentatio,
3683 1909 3796 1964 qua

526 1990 809 2055 trahimur,
851 1987 1088 2043 vitamve
1146 1989 1407 2045 habuisse
1453 1990 1731 2047 caelestem
1763 2002 2096 2050 asseremus.

525 2081 834 2135 incarneam
865 2091 963 2135 seu
1000 2082 1374 2151 incorpoream
1399 2082 1563 2136 vitam
1605 2082 1854 2137 viventes
1907 2095 2102 2151 perpe-

524 2184 672 2228 tuam
716 2176 770 2229 in
805 2176 949 2232 cmlo
978 2175 1272 2245 aliquando
1302 2192 1412 2230 non
1458 2175 1765 2240 exsistenti,
1801 2175 1948 2229 sicut
1979 2172 2102 2229 Ori-

522 2281 688 2337 genes
711 2268 933 2324 insanus
961 2269 1268 2331 constituit,
1292 2277 1348 2324 et
1382 2265 1542 2335 huius
1572 2275 1910 2338 symmystte,
1935 2273 2101 2334 atque

522 2369 820 2416 sectatores
845 2361 1127 2433 Didymus,
1154 2369 1210 2417 et
1239 2360 1502 2430 Evagrius
1522 2401 1537 2427 ,
1579 2369 1634 2414 et
1668 2359 1879 2428 reliqua
1911 2373 2098 2413 earum

522 2451 827 2510 fabularum
871 2456 1231 2526 exc0gitatrix
1289 2455 1578 2510 sodalitas.
1621 2472 1640 2506 ι
1673 2453 1751 2508 Ex
1804 2453 1890 2509 bis
1932 2452 2101 2523 liquet

520 2558 722 2612 quanta
751 2547 915 2604 fuerit
948 2547 1201 2620 Origenis
1233 2549 1286 2604 in
1317 2561 1608 2619 utramque
1635 2557 1841 2618 partem
1876 2547 2100 2603 ﬂuctua-

523 2639 597 2694 tio
639 2658 652 2694 :
687 2640 799 2712 (58)
825 2642 920 2697 sed
949 2641 1002 2695 in
1028 2655 1146 2696 eam
1181 2651 1359 2695 tamen
1392 2640 1563 2711 magis
1583 2640 1923 2711 propendere
1951 2640 2099 2694 visus

521 2737 626 2797 est,
663 2745 782 2800 qua
828 2730 1026 2786 animae
1064 2745 1260 2801 corpus
1305 2731 1550 2788 ascribit.
1601 2731 1762 2787 Certe
1791 2732 2100 2802 Stephanus

520 2820 768 2878 Gobarus
823 2821 1090 2879 Tritheita
1142 2823 1286 2895 apud
1350 2822 1602 2878 Photium
1681 2823 1803 2880 cod.
1855 2838 2096 2888 ccxxx",

520 2913 770 2984 dogmata
802 2913 1084 2984 pleraque,
1122 2914 1215 2969 sed
1246 2913 1362 2969 fere
1398 2921 1579 2969 tamen
1611 2912 1936 2983 Origeniana
1973 2928 2100 2983 pro-

519 3017 766 3073 pugnans
787 3014 844 3058 et
875 3004 1222 3074 impugnans,
1276 3004 1552 3060 tricesimo
1581 3004 1701 3061 loco
1734 3005 1864 3059 illud
1895 3019 2098 3074 expen-

519 3095 630 3150 dit:
655 3097 778 3150 Ὀτι
795 3096 1026 3168 σώματά
1058 3099 1163 3151 εἱσι
1191 3097 1352 3169 νοερὰ
1370 3100 1425 3153 αἱ
1449 3097 1555 3152 τῶν
1579 3097 1882 3169 ἀνθρώπων
1904 3097 2096 3167 ψυχαὶ,

518 3187 614 3240 καὶ
644 3186 1108 3260 διατετυπωμέναι
1137 3187 1278 3242 κατὰ
1321 3188 1382 3241 τὸ
1415 3187 1736 3258 φαινόμενον
1775 3187 1973 3252 ἔξωθεν
1998 3185 2094 3240 τοῦ
2123 3227 2169 3290 c

520 3279 768 3350 σώματος
801 3281 986 3352 σχῆμα
1005 3298 1018 3312 °
1073 3279 1168 3334 καὶ
1217 3281 1282 3333 ὲκ
1308 3279 1404 3332 τοῦ
1439 3280 1816 3350 ἀντικειμένου
1846 3279 1928 3331 ὅτι
1953 3277 2098 3331 ἀσώ-

523 3373 691 3443 ματος
716 3374 861 3428 ἐστιν
891 3376 925 3444 ὴ
970 3373 1137 3444 ψυχὴ,
1170 3372 1263 3426 καὶ
1291 3375 1623 3442 σωματικοῖς
1665 3372 1764 3442 οὐχ
1809 3371 2095 3424 ὑπόκειται

516 3466 728 3528 τύποις.
767 3483 786 3516 ι
823 3465 1034 3519 Animae
1066 3466 1348 3518 hominum
1379 3473 1508 3519 sunt
1535 3477 1764 3532 corpora
1792 3462 2097 3534 intelligibi-

519 3555 612 3620 lia,
642 3557 907 3611 eteadem
956 3556 1135 3627 ﬁgura
1178 3565 1307 3611 sunt
1336 3571 1439 3626 qua
1477 3557 1649 3610 forma
1700 3555 1942 3609 exterior
1975 3569 2098 3611 cor-

519 3650 703 3718 poris;
742 3657 798 3703 et
845 3662 877 3704 e
917 3649 1228 3715 contrario,
1291 3648 1617 3717 incorporea
1663 3655 1749 3704 est
1791 3648 1992 3713 anima,
2041 3658 2097 3704 et

518 3739 856 3811 incorporeis
892 3754 1002 3796 non
1033 3741 1319 3810 subiicitur
1351 3741 1557 3811 ﬁguris.
1597 3757 1616 3791 ι

586 3832 704 3889 XV.
735 3832 907 3890 Porro
938 3833 1139 3888 animis
1160 3848 1386 3903 corpora
1405 3832 1669 3904 alﬁngens
1701 3832 1964 3904 Origenes
1993 3836 2094 3889 du-

514 3939 634 3982 cem
655 3940 811 3981 suum
834 3939 898 3981 ac
921 3923 1242 3980 dictatorem
1265 3922 1546 3978 Platonem
1570 3923 1830 3989 deseruit,
1854 3923 1946 3994 qui
1975 3939 2096 3979 cor-

515 4031 834 4091 poraturam
896 4021 1116 4078 sustulit
1166 4023 1233 4076 ab
1267 4020 1464 4076 animis
1493 4039 1507 4076 :
1538 4030 1595 4075 at
1620 4021 1755 4076 alios
1812 4031 1992 4075 tamen
2025 4035 2093 4075 ex

515 4113 754 4182 antiquis
781 4114 1148 4185 philosophis,
1181 4128 1318 4184 quos
1347 4122 1689 4183 sequeretur,
1725 4115 1916 4169 habuit
1941 4129 2093 4169 com-

516 4206 716 4276 plures.
770 4206 973 4262 llorum
1033 4206 1078 4262 si
1126 4207 1248 4276 quis
1283 4205 1481 4277 placita
1512 4207 1578 4262 de
1603 4207 1781 4261 anima
1809 4206 1945 4261 velit
1993 4223 2092 4262 co-

514 4313 802 4367 gnoscere,
833 4300 974 4370 legat
1009 4298 1331 4354 Tertulliani
1371 4299 1572 4354 librum
1618 4299 1697 4353 De
1737 4301 1938 4366 animo,
1967 4315 2089 4369 cap.

513 4391 568 4456 5,
596 4391 630 4445 6
660 4399 714 4446 et
744 4393 800 4457 7,
827 4402 884 4447 et
936 4391 1241 4448 Nemesium
1293 4393 1433 4448 libro
1465 4391 1544 4446 De
1587 4402 1782 4446 natura
1816 4393 2043 4446 hominis
2073 4432 2090 4457 ,

515 4497 635 4552 cap.
665 4483 720 4550 2,
757 4492 811 4538 et
836 4483 1153 4540 Ciceronem
1191 4484 1284 4538 lib.
1342 4499 1393 4537 Iv
1447 4482 1749 4536 Academic.
1800 4482 1872 4536 At
1912 4482 2089 4537 locum

2209 1969 2469 2038 adversus
2501 1983 2845 2038 Vincentium
2873 1982 3170 2051 Victorem,
3200 1985 3436 2039 animam
3467 1999 3795 2056 corpoream

2208 2093 2330 2133 esse
2362 2086 2688 2133 statuentem
2727 2092 2856 2132 usus
2886 2087 2970 2132 est
3001 2077 3340 2148 Augustinus
3377 2077 3470 2131 lib.
3509 2094 3527 2131 1
3561 2077 3640 2132 De
3673 2077 3796 2130 ani-

2207 2186 2316 2237 ma,
2348 2171 2528 2241 cap.5
2562 2189 2575 2226 :
2625 2189 2644 2222 ι
2671 2170 2824 2238 Quod
2865 2186 2996 2227 vero
3053 2186 3173 2227 eam
3216 2186 3322 2226 non
3358 2173 3634 2241 spiritum,
3692 2173 3790 2228 sed

2208 2275 2407 2330 corpus
2429 2276 2551 2317 esse
2589 2262 2893 2325 contendit,
2924 2262 3049 2331 quid
3069 2261 3212 2317 aliud
3234 2262 3343 2317 vult
3367 2261 3601 2328 eﬂicere,
3628 2278 3794 2332 quam

2209 2368 2307 2409 nos
2330 2368 2435 2409 non
2470 2369 2540 2409 ex
2572 2355 2752 2410 anima
2805 2363 2862 2410 et
2917 2368 3165 2422 corpore,
3227 2355 3320 2410 sed
3364 2369 3433 2410 ex
3465 2356 3679 2411 duobus
3704 2356 3791 2412 vel

2207 2445 2372 2500 etiam
2406 2447 2585 2502 tribus
2613 2455 2869 2503 constare
2912 2448 3282 2518 corporibus?
3318 2449 3455 2504 Cum
3503 2449 3649 2503 enim
3683 2450 3792 2518 spi-

2208 2535 2338 2602 ritu,
2371 2538 2552 2590 anima
2580 2544 2635 2592 et
2661 2551 2891 2607 corpore
2921 2541 3175 2592 cbnstare
3202 2553 3302 2593 nos
3349 2538 3503 2604 dicit,
3525 2549 3580 2593 et
3607 2540 3794 2594 omnia

2208 2627 2324 2682 btuc
2354 2628 2457 2682 tria
2503 2643 2733 2698 corpora
2791 2643 2910 2684 esse
2943 2631 3161 2695 asserit,
3199 2629 3450 2702 profecto
3498 2647 3566 2686 ex
3615 2631 3797 2686 tribus

2206 2720 2530 2790 corporibus
2580 2736 2684 2777 nos
2719 2730 2876 2792 putat
2917 2735 3042 2778 esse
3077 2732 3412 2792 compactos.
3452 2723 3509 2778 in
3540 2738 3643 2793 qua
3672 2724 3796 2792 opi-

2207 2811 2369 2867 nione
2403 2819 2608 2881 quanta
2636 2825 2761 2866 eum
2791 2821 3051 2882 sequatur
3093 2815 3428 2880 absurditas,
3487 2815 3562 2869 illi
3607 2817 3794 2886 potius

2205 2918 2365 2974 quam
2401 2904 2496 2958 tibi
2525 2903 3014 2960 demonstrandum
3041 2906 3222 2974 puto.)
3268 2923 3288 2958 ι
3327 2905 3462 2960 Cum
3488 2922 3620 2977 ergo
3673 2909 3795 2963 ani-

2205 3017 2308 3056 mte
2335 3013 2535 3070 corpus
2563 2999 2922 3054 adventitium
2953 2999 3342 3070 superadderet
3380 2999 3667 3071 Origenes,
3701 3003 3794 3058 in-

2205 3109 2526 3163 corpoream
2561 3094 2630 3148 ab
2653 3107 2719 3148 eo
2757 3093 2930 3163 ipsam
2965 3096 3283 3150 necessario
3343 3095 3532 3151 haberi
3574 3095 3791 3153 Metho-

2205 3188 2326 3242 dius
2347 3185 2634 3241 conclusit.
2659 3185 3060 3257 Pergitdeinde
3086 3206 3100 3243 :
3128 3185 3186 3244 Si
3237 3189 3557 3260 incorporea
3605 3192 3787 3245 anima

2204 3288 2310 3343 est,
2344 3275 2726 3333 aﬂ‘ectionibus
2755 3278 3014 3335 immunis
3041 3291 3149 3345 est,
3189 3296 3291 3336 nec
3322 3282 3482 3336 alieni
3535 3285 3789 3353 corporis

2204 3380 2259 3425 et
2295 3370 2587 3424 mutuatitii
2629 3371 2870 3425 motibus
2917 3372 3178 3428 obnoxia.
3232 3372 3332 3428 Sin
3407 3371 3788 3431 aﬂ‘ectionibus

2203 3463 2449 3530 corporis
2480 3461 2824 3532 percellitur,
2848 3463 3042 3531 utique
3087 3465 3411 3534 incorporea
3444 3481 3550 3520 non
3575 3475 3682 3522 est.
3714 3468 3789 3521 At

2203 3569 2309 3608 una
2332 3568 2454 3608 cum
2486 3568 2719 3622 corpore
2750 3555 2890 3609 mala
2927 3554 3012 3610 vel
3043 3557 3184 3611 bona
3217 3558 3454 3626 patitur,
3507 3566 3566 3612 ut
3590 3573 3784 3613 eorum

2201 3648 2296 3718 qui
2327 3654 2448 3717 post
2474 3655 2702 3701 mortem
2730 3647 2988 3704 videndos
3033 3663 3092 3703 se
3125 3649 3508 3718 praebuerunt,
3539 3651 3787 3705 testimo-

2203 3744 2293 3798 nia
2321 3746 2649 3799 continuant
2673 3761 2692 3798 :
2721 3741 2900 3796 anima
2937 3740 3102 3811 igitur
3121 3756 3386 3812 corporea
3406 3753 3513 3798 est.
3551 3744 3646 3800 Sic
3677 3744 3784 3799 ita-

2200 3850 2307 3906 que
2333 3837 2400 3890 ad
2434 3836 2730 3891 absurdum
2756 3844 2812 3889 et
2839 3831 3099 3888 ἀδύνατον
3128 3832 3419 3903 Origenem
3457 3835 3630 3905 adigit
3674 3834 3788 3888 Me-

2203 3929 2440 3994 thodius,
2473 3930 2712 3982 animam
2737 3943 2802 3982 ex
2845 3927 2962 3994 ejus
3010 3927 3172 3982 dictis
3204 3941 3528 3998 corpoream
3561 3943 3684 3982 esse
3729 3938 3786 3982 et

2202 4020 3011 4090 incorpoream'demonstrans.
3059 4016 3292 4074 Sensum
3341 4019 3577 4088 denique
3622 4035 3783 4073 suum

2202 4112 2319 4183 ipse
2340 4111 2536 4182 aperit,
2567 4111 2780 4165 animas
2811 4125 3044 4179 corpora
3076 4125 3197 4165 esse
3224 4111 3412 4166 dicens
3442 4110 3783 4181 intelligendi

2200 4203 2456 4260 facultate
2485 4203 2738 4273 pmdita,
2771 4203 3031 4256 membris
3059 4204 3271 4257 ratione
3301 4203 3477 4258 solum
3527 4213 3784 4274 aspecta-

2199 4297 2398 4352 bilibus
2423 4296 2688 4351 instructa
2721 4335 2736 4358 ,
2773 4310 2878 4348 non
2913 4309 3034 4364 quae
3071 4293 3371 4348 adventitio
3401 4309 3634 4364 corpore
3663 4295 3780 4350 sint

2199 4388 2410 4453 induta,
2441 4387 2535 4442 sed
2569 4401 2690 4456 quae
2725 4395 2918 4440 natura
2952 4394 3145 4455 suapte
3182 4401 3415 4454 corpora
3467 4387 3600 4446 sint.
3634 4387 3780 4444 Vera

2201 4485 2316 4538 bare
2337 4488 2421 4534 est
2457 4488 2512 4534 et
2539 4477 2776 4549 genuina
2830 4476 2930 4531 loci
2981 4477 3144 4547 hujus
3173 4477 3467 4547 eXpositio,
3497 4493 3661 4548 quam
3698 4480 3766 4534 id-

513 4577 804 4645 quemdam
844 4576 1105 4632 Methodii
1159 4577 1292 4631 satis
1339 4576 1652 4630 intricatum
1689 4584 1744 4631 et
1797 4576 2088 4630 obscurum
2121 4588 2166 4644 Ι)
2195 4581 2346 4635 circo
2379 4583 2699 4647 persecutus
2733 4589 2875 4639 sum,
2899 4583 2958 4626 ut
2993 4589 3060 4628 ne
3081 4574 3150 4627 ab
3174 4573 3543 4629 infensissimo
3559 4575 3778 4643 quidem

512 4669 794 4737 praeterire
813 4683 918 4722 non
951 4669 1128 4736 decet,
1155 4682 1265 4738 quo
1287 4667 1540 4738 Origenis
1561 4667 1846 4723 decretum
1875 4667 1943 4721 de
1971 4665 2088 4720 ani-

516 4761 619 4815 mis
645 4763 926 4832 corporeis
956 4762 1147 4816 nititur
1170 4762 1506 4818 convellere.
1539 4761 1784 4816 Hahetur
1815 4759 1904 4814 ille
1945 4760 2088 4828 apud

513 4852 765 4908 Photium
803 4855 929 4911 cod.
963 4855 1357 4927 ccxxx1v('59).
1389 4853 1489 4909 Hic
1520 4870 1651 4926 ergo
1697 4855 1927 4922 primum
1959 4852 2092 4909 Orio

513 4947 667 5013 genis
685 4947 879 5002 recitat
905 4947 1092 5011 verba,
1114 4948 1311 5019 quibus
1342 4951 1439 5015 ait,
1459 4949 1504 5002 si
1534 4946 2089 5002 demonstrationibus

513 5054 743 5109 corpore
773 5042 1010 5096 animam
1035 5055 1102 5096 ex
1131 5057 1250 5097 sese
1285 5057 1476 5098 carere
1506 5042 1786 5112 probetur,
1813 5038 2088 5094 fatendum

511 5147 632 5186 esse
671 5133 909 5188 alienum
959 5147 1079 5189 eam
1132 5142 1187 5187 et
1236 5133 1531 5190 ascititium
1582 5147 1781 5200 corpus
1841 5131 2086 5190 induere.

513 5225 710 5291 prioris
745 5227 833 5279 cui
871 5226 925 5280 in
979 5227 1143 5281 terris
1199 5224 1493 5293 conjuncta
1532 5223 1710 5280 fuerat
1765 5223 1961 5278 simile.
1991 5221 2086 5277 liis

513 5313 768 5370 Methodii
796 5332 1083 5372 censuram
1111 5317 1384 5373 subnectit
1408 5316 1633 5370 Photius
1670 5331 1684 5367 :
1723 5313 1869 5386 Πρὸς
1889 5313 2083 5379 ταῦτα,

513 5405 708 5473 inquit,
743 5407 773 5458 ὁ
808 5405 962 5476 ἅγιος
992 5408 1117 5462 τάδε
1143 5408 1295 5477 φησί’
1325 5407 1520 5477 Σχῆμα
1548 5405 1677 5460 ἄλλο
1717 5405 1959 5475 ὁμοειδὲς
2005 5404 2084 5476 τῷ

582 5517 698 5589 (58)
729 5518 832 5574 Sed
855 5520 908 5573 in
943 5537 1058 5575 eam
1083 5533 1257 5574 tamen
1280 5521 1448 5590 magis
1476 5522 1793 5588 propendere
1815 5521 2079 5590 tisusiest,

510 5604 629 5654 quw
651 5591 841 5659 quinta:
877 5607 1064 5658 corpus
1121 5589 1377 5646 ascribit.
1401 5592 1612 5658 Corpus
1636 5591 1852 5659 quidem
1887 5589 2085 5642 auinue

515 5657 736 5731 ascribit
755 5657 1032 5728 Origenes,
1064 5670 1248 5729 utpote
1269 5677 1390 5731 qum
1419 5657 1584 5723 nuda,
1610 5657 1806 5728 inquit,
1837 5674 2084 5726 compre-

515 5728 672 5800 luendi
702 5744 806 5782 nou
843 5732 1035 5797 possit,
1081 5728 1181 5784 nec
1234 5728 1301 5784 in‘
1340 5731 1447 5785 ullo
1488 5745 1752 5800 corporeo
1785 5731 2088 5782 consistere

515 5795 654 5863 loco,
688 5800 818 5867 quin
844 5795 1091 5868 indigeat
1119 5815 1354 5868 corpore
1383 5803 1447 5854 ad
1486 5795 1738 5854 naturam
1782 5800 1882 5853 loci
1943 5799 2088 5852 illius

515 5870 946 5933 accommodato;
975 5870 1068 5924 sed
1089 5871 1158 5924 ita
1185 5871 1429 5936 ascribit,
1453 5880 1508 5924 ut
1524 5872 1596 5925 sit
1625 5870 1867 5926 exterius
1896 5870 2089 5924 animm

2194 4667 2506 4727 Adamantii
2539 4665 2853 4721 adversario
2886 4664 3021 4718 vitio
3063 4665 3250 4719 datum
3287 4664 3458 4720 fuisse
3495 4664 3665 4720 lector
3695 4666 3776 4719 ἰησ-

2198 4761 2424 4830 telligat,
2451 4758 2595 4829 quod
2622 4757 2692 4812 ab
2722 4757 2843 4811 aliis
2868 4755 2984 4812 fere
3013 4757 3287 4824 obiectum
3317 4766 3427 4821 est,
3450 4757 3649 4812 animae
3675 4757 3776 4812 sci-

2196 4856 2325 4910 licet
2353 4867 2553 4922 corpus
2596 4867 2720 4906 eum
2767 4851 3070 4918 addidisse;
3111 4852 3206 4906 sed
3255 4851 3524 4905 veriorem
3561 4864 3594 4905 e
3640 4867 3775 4906 con-

2200 4947 2366 5002 trario
2396 4945 2720 4999 sententiam
2755 4942 3075 5012 suggillasse
3097 4944 3151 4997 in
3194 4943 3385 4998 eodem
3413 4941 3776 5012 Methodium,

2195 5054 2319 5094 cum
2354 5035 2610 5090 deteriori
2646 5035 2762 5104 ipse
2783 5035 3097 5091 adhaeserit.

2266 5128 2407 5185 XVI.
2448 5127 2814 5184 Proferendus
2845 5143 3062 5198 quoque
3093 5130 3184 5186 hic
3211 5141 3298 5186 est
3324 5136 3464 5187 alter
3511 5132 3773 5188 Methodii

2191 5225 2364 5289 locus,
2395 5236 2461 5276 ex
2497 5221 2639 5274 libro
2683 5218 2757 5273 De
2785 5221 3210 5276 resnrrectionea
3238 5222 3431 5278 Photio
3457 5225 3772 5292 decerptus,

2190 5315 2331 5368 unde
2365 5313 2611 5383 proxime
2641 5311 2894 5366 laudatus
2917 5312 3102 5366 itidem
3137 5314 3343 5383 petitus
3369 5325 3498 5369 est;
3533 5316 3772 5386 Ἀνθρω-

2188 5423 2308 5470 πος,
2343 5405 2498 5475 φησὶ,
2529 5403 2745 5472 λέγεται
2790 5404 2934 5458 κατὰ
2988 5404 3150 5473 φύσιν
3203 5405 3545 5475 ἀληθέστατα
3575 5446 3592 5471 ,
3645 5405 3773 5459 οὔτε

2183 5521 2588 5582 indumentum,
2611 5533 2714 5572 nec
2740 5519 2938 5572 animm
2957 5529 3205 5572 naturam
3242 5520 3293 5572 in
3323 5532 3557 5586 corpore
3590 5517 3768 5586 ponit,

2184 5591 2493 5644 Platonicos
2535 5589 2636 5643 hac
2689 5590 2742 5643 in
2803 5605 2862 5643 re
2893 5597 3143 5649 secutus.
3179 5591 3638 5657 quemadmodum
3665 5588 3772 5642 ob-

2183 5660 2524 5715 serva'vimus
2555 5669 2750 5728 quaest.
2783 5666 2816 5712 9
2847 5660 2911 5712 de
2936 5659 3157 5728 angelis,
3194 5674 3344 5712 num.
3373 5660 3422 5713 5.

2257 5730 2367 5801 ('59)
2401 5728 2501 5782 llic
2523 5727 2642 5796 ergo
2665 5732 2892 5798 primum
2926 5728 3166 5797 Origenis
3200 5733 3428 5801 recitato
3441 5727 3621 5801 verba,
3651 5739 3763 5801 etc.

2187 5799 2323 5854 Vide
2346 5799 2852 5854 animadversiones
2874 5808 3092 5854 nostras
3126 5802 3177 5851 in
3216 5801 3358 5852 hunc
3397 5800 3653 5869 Origeuis
3681 5799 3763 5854 io-

2188 5887 2337 5940 cum,
2361 5883 2509 5927 tomo
2536 5885 2573 5936 l,
2608 5870 2700 5925 lib.
2736 5868 2810 5924 De
2834 5880 3278 5942 resurrectupag.
