  <div class='ocr_page' id='page_1' title='image "/cluster/home/n/w/nwhite01/storage/ocr_20150623/17:no.7/coo.31924054872977/468.png"; bbox 0 0 4160 6464; ppageno 0'>
   <div class='ocr_carea' id='block_1_1' title="bbox 437 416 544 471">
    <p class='ocr_par' dir='ltr' id='par_1_1' title="bbox 437 416 544 471">
     <span class='ocr_line' id='line_1_1' title="bbox 437 416 544 471; baseline -0.019 0"><span class='ocrx_word' id='word_1_1' title='bbox 437 416 544 471; x_wconf 77' lang='grc'><strong>915</strong></span> 
     </span>
    </p>
   </div>
   <div class='ocr_carea' id='block_1_2' title="bbox 1253 408 2847 480">
    <p class='ocr_par' dir='ltr' id='par_1_2' title="bbox 1253 408 2847 480">
     <span class='ocr_line' id='line_1_2' title="bbox 1253 408 2847 480; baseline -0.006 -9"><span class='ocrx_word' id='word_1_2' title='bbox 1253 414 1831 472; x_wconf 67' lang='lat' dir='ltr'><strong>ORIGENIANORUM</strong></span> <span class='ocrx_word' id='word_1_3' title='bbox 1869 414 2000 469; x_wconf 87' lang='lat' dir='ltr'><strong>LIB.</strong></span> <span class='ocrx_word' id='word_1_4' title='bbox 2040 413 2104 480; x_wconf 87' lang='lat' dir='ltr'><strong>ll,</strong></span> <span class='ocrx_word' id='word_1_5' title='bbox 2143 412 2295 469; x_wconf 80' lang='lat' dir='ltr'><strong>CAP.</strong></span> <span class='ocrx_word' id='word_1_6' title='bbox 2340 411 2403 477; x_wconf 89' lang='lat' dir='ltr'><strong>Il,</strong></span> <span class='ocrx_word' id='word_1_7' title='bbox 2444 410 2718 480; x_wconf 66' lang='grc' dir='ltr'><strong>ρυΑῑετ.</strong></span> <span class='ocrx_word' id='word_1_8' title='bbox 2760 408 2847 462; x_wconf 76' lang='lat' dir='ltr'><strong>Vl.</strong></span> 
     </span>
    </p>
   </div>
   <div class='ocr_carea' id='block_1_3' title="bbox 3579 405 3687 461">
    <p class='ocr_par' dir='ltr' id='par_1_3' title="bbox 3579 405 3687 461">
     <span class='ocr_line' id='line_1_3' title="bbox 3579 405 3687 461; baseline -0.028 -1"><span class='ocrx_word' id='word_1_9' title='bbox 3579 405 3687 461; x_wconf 68' lang='grc'><strong>914</strong></span> 
     </span>
    </p>
   </div>
   <div class='ocr_carea' id='block_1_4' title="bbox 432 522 2003 604">
    <p class='ocr_par' dir='ltr' id='par_1_4' title="bbox 432 527 2003 604">
     <span class='ocr_line' id='line_1_4' title="bbox 432 527 2003 604; baseline 0.001 -20"><span class='ocrx_word' id='word_1_10' title='bbox 432 531 582 603; x_wconf 79' lang='grc' dir='ltr'><strong>ψυχὴ</strong></span> <span class='ocrx_word' id='word_1_11' title='bbox 607 531 775 602; x_wconf 67' lang='grc' dir='ltr'>χωρὶς</span> <span class='ocrx_word' id='word_1_12' title='bbox 810 548 1080 602; x_wconf 83' lang='grc' dir='ltr'><strong>σωματος,</strong></span> <span class='ocrx_word' id='word_1_13' title='bbox 1106 531 1217 585; x_wconf 70' lang='grc' dir='ltr'><strong>οὔτ’</strong></span> <span class='ocrx_word' id='word_1_14' title='bbox 1248 527 1313 585; x_wconf 76' lang='grc' dir='ltr'>αὖ</span> <span class='ocrx_word' id='word_1_15' title='bbox 1339 533 1502 586; x_wconf 79' lang='grc' dir='ltr'>πάλιν</span> <span class='ocrx_word' id='word_1_16' title='bbox 1538 534 1698 603; x_wconf 80' lang='grc' dir='ltr'><strong>σῶμα</strong></span> <span class='ocrx_word' id='word_1_17' title='bbox 1727 533 1895 604; x_wconf 81' lang='grc' dir='ltr'><strong>χωρὶς</strong></span> <span class='ocrx_word' id='word_1_18' title='bbox 1920 532 2003 602; x_wconf 61' lang='lat' dir='ltr'><strong>qm.</strong></span> 
     </span>
    </p>
   </div>
   <div class='ocr_carea' id='block_1_5' title="bbox 2088 522 3687 604">
    <p class='ocr_par' dir='ltr' id='par_1_5' title="bbox 2088 522 3687 597">
     <span class='ocr_line' id='line_1_5' title="bbox 2088 522 3687 597; baseline -0.004 -14"><span class='ocrx_word' id='word_1_19' title='bbox 2088 577 2092 593; x_wconf 74' lang='grc'><strong>,</strong></span> <span class='ocrx_word' id='word_1_20' title='bbox 2123 542 2395 586; x_wconf 78' lang='lat' dir='ltr'><strong>resurrect.</strong></span> <span class='ocrx_word' id='word_1_21' title='bbox 2426 529 2621 591; x_wconf 79' lang='lat' dir='ltr'><strong>carnis,</strong></span> <span class='ocrx_word' id='word_1_22' title='bbox 2648 542 2766 597; x_wconf 97' lang='lat' dir='ltr'><strong>cap.</strong></span> <span class='ocrx_word' id='word_1_23' title='bbox 2802 525 2872 582; x_wconf 75' lang='grc'><strong>40</strong></span> <span class='ocrx_word' id='word_1_24' title='bbox 2898 544 2911 580; x_wconf 95' lang='lat'>:</span> <span class='ocrx_word' id='word_1_25' title='bbox 2943 544 2959 577; x_wconf 76' lang='grc' dir='ltr'>ι</span> <span class='ocrx_word' id='word_1_26' title='bbox 2992 524 3173 581; x_wconf 67' lang='lat' dir='ltr'><strong>Nacta:</strong></span> <span class='ocrx_word' id='word_1_27' title='bbox 3200 523 3428 593; x_wconf 88' lang='lat' dir='ltr'><strong>denique</strong></span> <span class='ocrx_word' id='word_1_28' title='bbox 3452 522 3687 578; x_wconf 83' lang='lat' dir='ltr'><strong>haereses</strong></span> 
     </span>
    </p>
   </div>
   <div class='ocr_carea' id='block_1_6' title="bbox 434 622 2017 695">
    <p class='ocr_par' dir='ltr' id='par_1_6' title="bbox 434 622 2017 695">
     <span class='ocr_line' id='line_1_6' title="bbox 434 622 2017 695; baseline 0.002 -20"><span class='ocrx_word' id='word_1_29' title='bbox 434 624 566 695; x_wconf 81' lang='grc' dir='ltr'><strong>χῆς’</strong></span> <span class='ocrx_word' id='word_1_30' title='bbox 598 622 733 676; x_wconf 79' lang='grc' dir='ltr'>ἀλλὰ</span> <span class='ocrx_word' id='word_1_31' title='bbox 773 622 834 674; x_wconf 85' lang='grc' dir='ltr'>τὸ</span> <span class='ocrx_word' id='word_1_32' title='bbox 872 626 937 676; x_wconf 85' lang='grc' dir='ltr'><strong>ὲκ</strong></span> <span class='ocrx_word' id='word_1_33' title='bbox 989 622 1300 686; x_wconf 79' lang='grc' dir='ltr'><strong>συστάσεως</strong></span> <span class='ocrx_word' id='word_1_34' title='bbox 1323 622 1502 694; x_wconf 78' lang='grc' dir='ltr'>ψυχῆς</span> <span class='ocrx_word' id='word_1_35' title='bbox 1530 626 1624 677; x_wconf 74' lang='grc' dir='ltr'><strong>καὶ</strong></span> <span class='ocrx_word' id='word_1_36' title='bbox 1655 624 1905 695; x_wconf 83' lang='grc' dir='ltr'><strong>σώματος</strong></span> <span class='ocrx_word' id='word_1_37' title='bbox 1936 628 2017 689; x_wconf 78' lang='grc' dir='ltr'><strong>εἰς</strong></span> 
     </span>
    </p>
   </div>
   <div class='ocr_carea' id='block_1_7' title="bbox 435 717 2014 793">
    <p class='ocr_par' dir='ltr' id='par_1_7' title="bbox 435 717 2014 793">
     <span class='ocr_line' id='line_1_7' title="bbox 435 717 2014 793; baseline 0.002 -23"><span class='ocrx_word' id='word_1_38' title='bbox 435 717 565 787; x_wconf 73' lang='grc' dir='ltr'>μίαν</span> <span class='ocrx_word' id='word_1_39' title='bbox 582 719 683 789; x_wconf 85' lang='grc' dir='ltr'><strong>τὴν</strong></span> <span class='ocrx_word' id='word_1_40' title='bbox 705 717 800 770; x_wconf 79' lang='grc' dir='ltr'><strong>τοῦ</strong></span> <span class='ocrx_word' id='word_1_41' title='bbox 840 718 1006 771; x_wconf 78' lang='grc' dir='ltr'>καλοῦ</span> <span class='ocrx_word' id='word_1_42' title='bbox 1031 718 1245 790; x_wconf 75' lang='grc' dir='ltr'>μορφὴν</span> <span class='ocrx_word' id='word_1_43' title='bbox 1276 720 1529 773; x_wconf 79' lang='grc' dir='ltr'><strong>συντεθέν</strong></span> <span class='ocrx_word' id='word_1_44' title='bbox 1549 738 1563 753; x_wconf 85' lang='grc'><strong>·</strong></span> <span class='ocrx_word' id='word_1_45' title='bbox 1593 723 1621 776; x_wconf 88' lang='grc' dir='ltr'>ὁ</span> <span class='ocrx_word' id='word_1_46' title='bbox 1647 721 1692 774; x_wconf 81' lang='grc' dir='ltr'><strong>δ’</strong></span> <span class='ocrx_word' id='word_1_47' title='bbox 1735 721 2014 793; x_wconf 83' lang='grc' dir='ltr'><strong>Ὠριγένης</strong></span> 
     </span>
    </p>
   </div>
   <div class='ocr_carea' id='block_1_8' title="bbox 429 810 2012 884">
    <p class='ocr_par' dir='ltr' id='par_1_8' title="bbox 429 810 2012 884">
     <span class='ocr_line' id='line_1_8' title="bbox 429 810 2012 884; baseline 0.001 -20"><span class='ocrx_word' id='word_1_48' title='bbox 429 811 529 881; x_wconf 84' lang='grc' dir='ltr'><strong>τὴν</strong></span> <span class='ocrx_word' id='word_1_49' title='bbox 561 810 739 882; x_wconf 76' lang='grc' dir='ltr'>ψυχὴν</span> <span class='ocrx_word' id='word_1_50' title='bbox 800 810 968 882; x_wconf 85' lang='grc' dir='ltr'><strong>μόνην</strong></span> <span class='ocrx_word' id='word_1_51' title='bbox 1018 810 1200 878; x_wconf 78' lang='grc' dir='ltr'><strong>ἔλεγεν</strong></span> <span class='ocrx_word' id='word_1_52' title='bbox 1231 812 1548 884; x_wconf 76' lang='grc' dir='ltr'><strong>ἄνθρωπον,</strong></span> <span class='ocrx_word' id='word_1_53' title='bbox 1571 813 1647 877; x_wconf 87' lang='grc' dir='ltr'><strong>ὼς</strong></span> <span class='ocrx_word' id='word_1_54' title='bbox 1695 814 1723 866; x_wconf 84' lang='grc' dir='ltr'>ὁ</span> <span class='ocrx_word' id='word_1_55' title='bbox 1766 812 2012 872; x_wconf 79' lang='grc' dir='ltr'><strong>Πλάτων.</strong></span> 
     </span>
    </p>
   </div>
   <div class='ocr_carea' id='block_1_9' title="bbox 434 902 2012 971">
    <p class='ocr_par' dir='ltr' id='par_1_9' title="bbox 434 902 2012 971">
     <span class='ocr_line' id='line_1_9' title="bbox 434 902 2012 971; baseline 0.003 -15"><span class='ocrx_word' id='word_1_56' title='bbox 434 919 456 955; x_wconf 70' lang='grc' dir='ltr'><strong><em>ο</em></strong></span> <span class='ocrx_word' id='word_1_57' title='bbox 482 902 672 966; x_wconf 86' lang='lat' dir='ltr'><strong>Homo,</strong></span> <span class='ocrx_word' id='word_1_58' title='bbox 706 903 901 971; x_wconf 87' lang='lat' dir='ltr'><strong>inquit.</strong></span> <span class='ocrx_word' id='word_1_59' title='bbox 928 917 996 957; x_wconf 89' lang='lat' dir='ltr'><strong>ex</strong></span> <span class='ocrx_word' id='word_1_60' title='bbox 1021 912 1218 958; x_wconf 89' lang='lat' dir='ltr'><strong>natura</strong></span> <span class='ocrx_word' id='word_1_61' title='bbox 1250 919 1347 957; x_wconf 84' lang='lat' dir='ltr'><strong>sua</strong></span> <span class='ocrx_word' id='word_1_62' title='bbox 1374 904 1659 959; x_wconf 80' lang='lat' dir='ltr'><strong>verissime</strong></span> <span class='ocrx_word' id='word_1_63' title='bbox 1691 905 1893 959; x_wconf 91' lang='lat' dir='ltr'><strong>dicitur</strong></span> <span class='ocrx_word' id='word_1_64' title='bbox 1915 920 2012 962; x_wconf 89' lang='lat' dir='ltr'><strong>ne-</strong></span> 
     </span>
    </p>
   </div>
   <div class='ocr_carea' id='block_1_10' title="bbox 428 993 2011 1067">
    <p class='ocr_par' dir='ltr' id='par_1_10' title="bbox 428 993 2011 1067">
     <span class='ocr_line' id='line_1_10' title="bbox 428 993 2011 1067; baseline 0.003 -21"><span class='ocrx_word' id='word_1_65' title='bbox 428 1007 534 1062; x_wconf 93' lang='lat' dir='ltr'><strong>que</strong></span> <span class='ocrx_word' id='word_1_66' title='bbox 558 993 741 1046; x_wconf 89' lang='lat' dir='ltr'><strong>anima</strong></span> <span class='ocrx_word' id='word_1_67' title='bbox 776 994 893 1048; x_wconf 84' lang='lat' dir='ltr'><strong>sine</strong></span> <span class='ocrx_word' id='word_1_68' title='bbox 924 1008 1182 1063; x_wconf 90' lang='lat' dir='ltr'><strong>corpore,</strong></span> <span class='ocrx_word' id='word_1_69' title='bbox 1216 1010 1390 1062; x_wconf 89' lang='lat' dir='ltr'><strong>neque</strong></span> <span class='ocrx_word' id='word_1_70' title='bbox 1419 1011 1635 1051; x_wconf 84' lang='lat' dir='ltr'><strong>rursum</strong></span> <span class='ocrx_word' id='word_1_71' title='bbox 1662 1012 1865 1067; x_wconf 89' lang='lat' dir='ltr'><strong>corpus</strong></span> <span class='ocrx_word' id='word_1_72' title='bbox 1891 998 2011 1053; x_wconf 87' lang='lat' dir='ltr'><strong>sine</strong></span> 
     </span>
    </p>
   </div>
   <div class='ocr_carea' id='block_1_11' title="bbox 427 1085 2012 1158">
    <p class='ocr_par' dir='ltr' id='par_1_11' title="bbox 427 1085 2012 1158">
     <span class='ocr_line' id='line_1_11' title="bbox 427 1085 2012 1158; baseline 0.004 -19"><span class='ocrx_word' id='word_1_73' title='bbox 427 1086 647 1152; x_wconf 79' lang='lat' dir='ltr'><strong>anima;</strong></span> <span class='ocrx_word' id='word_1_74' title='bbox 691 1086 785 1140; x_wconf 91' lang='lat' dir='ltr'><strong>sed</strong></span> <span class='ocrx_word' id='word_1_75' title='bbox 813 1087 959 1156; x_wconf 89' lang='lat' dir='ltr'><strong>quod</strong></span> <span class='ocrx_word' id='word_1_76' title='bbox 1009 1101 1074 1140; x_wconf 86' lang='lat' dir='ltr'><strong>ex</strong></span> <span class='ocrx_word' id='word_1_77' title='bbox 1104 1085 1396 1141; x_wconf 85' lang='lat' dir='ltr'><strong>coalitione</strong></span> <span class='ocrx_word' id='word_1_78' title='bbox 1429 1088 1627 1143; x_wconf 67' lang='lat' dir='ltr'><strong>animae</strong></span> <span class='ocrx_word' id='word_1_79' title='bbox 1673 1099 1730 1143; x_wconf 90' lang='lat' dir='ltr'><strong>et</strong></span> <span class='ocrx_word' id='word_1_80' title='bbox 1761 1091 2012 1158; x_wconf 85' lang='lat' dir='ltr'><strong>corporis</strong></span> 
     </span>
    </p>
   </div>
   <div class='ocr_carea' id='block_1_12' title="bbox 426 1176 2007 1250">
    <p class='ocr_par' dir='ltr' id='par_1_12' title="bbox 426 1176 2007 1250">
     <span class='ocr_line' id='line_1_12' title="bbox 426 1176 2007 1250; baseline 0.002 -18"><span class='ocrx_word' id='word_1_81' title='bbox 426 1179 480 1233; x_wconf 88' lang='lat' dir='ltr'><strong>in</strong></span> <span class='ocrx_word' id='word_1_82' title='bbox 505 1194 667 1232; x_wconf 91' lang='lat' dir='ltr'><strong>unam</strong></span> <span class='ocrx_word' id='word_1_83' title='bbox 697 1177 913 1247; x_wconf 81' lang='lat' dir='ltr'><strong>pulchri</strong></span> <span class='ocrx_word' id='word_1_84' title='bbox 944 1176 1174 1232; x_wconf 75' lang='lat' dir='ltr'><strong>formam</strong></span> <span class='ocrx_word' id='word_1_85' title='bbox 1215 1178 1503 1234; x_wconf 82' lang='lat' dir='ltr'><strong>conﬂatur.</strong></span> <span class='ocrx_word' id='word_1_86' title='bbox 1537 1179 1798 1250; x_wconf 82' lang='lat' dir='ltr'><strong>Origenes</strong></span> <span class='ocrx_word' id='word_1_87' title='bbox 1827 1192 2007 1236; x_wconf 89' lang='lat' dir='ltr'><strong>autem</strong></span> 
     </span>
    </p>
   </div>
   <div class='ocr_carea' id='block_1_13' title="bbox 426 1269 2006 1342">
    <p class='ocr_par' dir='ltr' id='par_1_13' title="bbox 426 1269 2006 1342">
     <span class='ocr_line' id='line_1_13' title="bbox 426 1269 2006 1342; baseline 0.004 -19"><span class='ocrx_word' id='word_1_88' title='bbox 426 1269 661 1323; x_wconf 84' lang='lat' dir='ltr'><strong>animam</strong></span> <span class='ocrx_word' id='word_1_89' title='bbox 696 1269 890 1335; x_wconf 86' lang='lat' dir='ltr'><strong>solam,</strong></span> <span class='ocrx_word' id='word_1_90' title='bbox 916 1270 1191 1325; x_wconf 86' lang='lat' dir='ltr'><strong>hominem</strong></span> <span class='ocrx_word' id='word_1_91' title='bbox 1217 1286 1337 1326; x_wconf 89' lang='lat' dir='ltr'><strong>esse</strong></span> <span class='ocrx_word' id='word_1_92' title='bbox 1358 1271 1517 1337; x_wconf 80' lang='lat' dir='ltr'><strong>dixit,</strong></span> <span class='ocrx_word' id='word_1_93' title='bbox 1550 1275 2006 1342; x_wconf 84' lang='lat' dir='ltr'><strong>quemadmodum</strong></span> 
     </span>
    </p>
   </div>
   <div class='ocr_carea' id='block_1_14' title="bbox 422 1359 2008 1433">
    <p class='ocr_par' dir='ltr' id='par_1_14' title="bbox 422 1359 2008 1433">
     <span class='ocr_line' id='line_1_14' title="bbox 422 1359 2008 1433; baseline 0.002 -19"><span class='ocrx_word' id='word_1_94' title='bbox 422 1370 476 1415; x_wconf 87' lang='lat' dir='ltr'><strong>et</strong></span> <span class='ocrx_word' id='word_1_95' title='bbox 511 1359 682 1414; x_wconf 87' lang='lat' dir='ltr'><strong>Plato.</strong></span> <span class='ocrx_word' id='word_1_96' title='bbox 715 1379 734 1413; x_wconf 74' lang='grc' dir='ltr'><strong><em>ι</em></strong></span> <span class='ocrx_word' id='word_1_97' title='bbox 776 1361 996 1417; x_wconf 90' lang='lat' dir='ltr'><strong>Prostat</strong></span> <span class='ocrx_word' id='word_1_98' title='bbox 1020 1362 1109 1416; x_wconf 91' lang='lat' dir='ltr'><strong>hic</strong></span> <span class='ocrx_word' id='word_1_99' title='bbox 1143 1378 1361 1432; x_wconf 90' lang='lat' dir='ltr'><strong>quoque</strong></span> <span class='ocrx_word' id='word_1_100' title='bbox 1402 1363 1556 1419; x_wconf 90' lang='lat' dir='ltr'><strong>locus</strong></span> <span class='ocrx_word' id='word_1_101' title='bbox 1576 1363 1837 1419; x_wconf 80' lang='lat' dir='ltr'><strong>Methodii</strong></span> <span class='ocrx_word' id='word_1_102' title='bbox 1868 1365 2008 1433; x_wconf 91' lang='lat' dir='ltr'><strong>apud</strong></span> 
     </span>
    </p>
   </div>
   <div class='ocr_carea' id='block_1_15' title="bbox 423 1435 2008 1522">
    <p class='ocr_par' dir='ltr' id='par_1_15' title="bbox 423 1435 2008 1522">
     <span class='ocr_line' id='line_1_15' title="bbox 423 1435 2008 1522; baseline 0.004 -21"><span class='ocrx_word' id='word_1_103' title='bbox 423 1448 783 1519; x_wconf 86' lang='lat' dir='ltr'><strong>Epiphanium</strong></span> <span class='ocrx_word' id='word_1_104' title='bbox 821 1451 1015 1506; x_wconf 68' lang='lat' dir='ltr'><strong>hmres.</strong></span> <span class='ocrx_word' id='word_1_105' title='bbox 1062 1468 1212 1516; x_wconf 76' lang='lat' dir='ltr'><strong>uiv,</strong></span> <span class='ocrx_word' id='word_1_106' title='bbox 1244 1468 1364 1521; x_wconf 89' lang='lat' dir='ltr'><strong>cap.</strong></span> <span class='ocrx_word' id='word_1_107' title='bbox 1405 1452 1495 1517; x_wconf 87' lang='grc'><strong>17,</strong></span> <span class='ocrx_word' id='word_1_108' title='bbox 1549 1454 1643 1507; x_wconf 90' lang='lat' dir='ltr'><strong>sed</strong></span> <span class='ocrx_word' id='word_1_109' title='bbox 1676 1452 1761 1508; x_wconf 86' lang='lat' dir='ltr'><strong>his</strong></span> <span class='ocrx_word' id='word_1_110' title='bbox 1794 1435 2008 1522; x_wconf 82' lang='lat' dir='ltr'><strong>postre-</strong></span> 
     </span>
    </p>
   </div>
   <div class='ocr_carea' id='block_1_16' title="bbox 421 1544 2008 1617">
    <p class='ocr_par' dir='ltr' id='par_1_16' title="bbox 421 1544 2008 1617">
     <span class='ocr_line' id='line_1_16' title="bbox 421 1544 2008 1617; baseline 0.003 -22"><span class='ocrx_word' id='word_1_111' title='bbox 421 1544 526 1597; x_wconf 90' lang='lat' dir='ltr'><strong>mis</strong></span> <span class='ocrx_word' id='word_1_112' title='bbox 582 1551 866 1597; x_wconf 86' lang='lat' dir='ltr'><strong>truncatus</strong></span> <span class='ocrx_word' id='word_1_113' title='bbox 914 1544 1139 1598; x_wconf 78' lang='lat' dir='ltr'><strong>verbis:</strong></span> <span class='ocrx_word' id='word_1_114' title='bbox 1184 1544 1241 1598; x_wconf 92' lang='lat'><strong>&#39;0</strong></span> <span class='ocrx_word' id='word_1_115' title='bbox 1267 1544 1314 1597; x_wconf 80' lang='grc' dir='ltr'>δ’</span> <span class='ocrx_word' id='word_1_116' title='bbox 1365 1544 1647 1617; x_wconf 81' lang='grc' dir='ltr'><strong>Ὠριγένης</strong></span> <span class='ocrx_word' id='word_1_117' title='bbox 1693 1545 1792 1617; x_wconf 85' lang='grc' dir='ltr'><strong>τὴν</strong></span> <span class='ocrx_word' id='word_1_118' title='bbox 1828 1544 2008 1616; x_wconf 82' lang='grc' dir='ltr'>ψυχὴν</span> 
     </span>
    </p>
   </div>
   <div class='ocr_carea' id='block_1_17' title="bbox 423 1633 2006 1707">
    <p class='ocr_par' dir='ltr' id='par_1_17' title="bbox 423 1633 2006 1707">
     <span class='ocr_line' id='line_1_17' title="bbox 423 1633 2006 1707; baseline 0.005 -21"><span class='ocrx_word' id='word_1_119' title='bbox 423 1634 590 1706; x_wconf 80' lang='grc' dir='ltr'><strong>μόνην</strong></span> <span class='ocrx_word' id='word_1_120' title='bbox 614 1633 801 1703; x_wconf 74' lang='grc' dir='ltr'>ἔλεγεν</span> <span class='ocrx_word' id='word_1_121' title='bbox 825 1635 1132 1707; x_wconf 76' lang='grc' dir='ltr'><strong>ἄνθρωπον,</strong></span> <span class='ocrx_word' id='word_1_122' title='bbox 1158 1636 1234 1701; x_wconf 87' lang='grc' dir='ltr'>ὡς</span> <span class='ocrx_word' id='word_1_123' title='bbox 1262 1638 1291 1690; x_wconf 82' lang='grc' dir='ltr'>ὁ</span> <span class='ocrx_word' id='word_1_124' title='bbox 1318 1638 1566 1692; x_wconf 85' lang='grc' dir='ltr'><strong>Πλάτων.</strong></span> <span class='ocrx_word' id='word_1_125' title='bbox 1609 1639 1761 1701; x_wconf 83' lang='lat' dir='ltr'><strong>Eane</strong></span> <span class='ocrx_word' id='word_1_126' title='bbox 1787 1639 1854 1694; x_wconf 90' lang='lat' dir='ltr'><strong>de</strong></span> <span class='ocrx_word' id='word_1_127' title='bbox 1907 1653 2006 1694; x_wconf 90' lang='lat' dir='ltr'><strong>suo</strong></span> 
     </span>
    </p>
   </div>
   <div class='ocr_carea' id='block_1_18' title="bbox 419 1727 2003 1801">
    <p class='ocr_par' dir='ltr' id='par_1_18' title="bbox 419 1727 2003 1801">
     <span class='ocr_line' id='line_1_18' title="bbox 419 1727 2003 1801; baseline 0.004 -22"><span class='ocrx_word' id='word_1_128' title='bbox 419 1727 689 1781; x_wconf 73' lang='lat' dir='ltr'><strong>addiderit</strong></span> <span class='ocrx_word' id='word_1_129' title='bbox 724 1727 967 1792; x_wconf 82' lang='lat' dir='ltr'><strong>Photius,</strong></span> <span class='ocrx_word' id='word_1_130' title='bbox 1006 1743 1074 1782; x_wconf 93' lang='lat' dir='ltr'><strong>an</strong></span> <span class='ocrx_word' id='word_1_131' title='bbox 1124 1729 1430 1784; x_wconf 81' lang='lat' dir='ltr'><strong>detraxerit</strong></span> <span class='ocrx_word' id='word_1_132' title='bbox 1479 1729 1861 1800; x_wconf 84' lang='lat' dir='ltr'><strong>Epiphanius,</strong></span> <span class='ocrx_word' id='word_1_133' title='bbox 1910 1731 2003 1801; x_wconf 93' lang='lat' dir='ltr'><strong>qui</strong></span> 
     </span>
    </p>
   </div>
   <div class='ocr_carea' id='block_1_19' title="bbox 421 1818 2002 1893">
    <p class='ocr_par' dir='ltr' id='par_1_19' title="bbox 421 1818 2002 1893">
     <span class='ocr_line' id='line_1_19' title="bbox 421 1818 2002 1893; baseline 0.004 -22"><span class='ocrx_word' id='word_1_134' title='bbox 421 1828 589 1873; x_wconf 90' lang='lat' dir='ltr'><strong>totam</strong></span> <span class='ocrx_word' id='word_1_135' title='bbox 631 1818 889 1874; x_wconf 84' lang='lat' dir='ltr'><strong>Methodii</strong></span> <span class='ocrx_word' id='word_1_136' title='bbox 927 1821 1357 1890; x_wconf 82' lang='lat' dir='ltr'><strong>disputationem</strong></span> <span class='ocrx_word' id='word_1_137' title='bbox 1388 1821 1443 1877; x_wconf 89' lang='lat' dir='ltr'><strong>in</strong></span> <span class='ocrx_word' id='word_1_138' title='bbox 1471 1823 1744 1893; x_wconf 89' lang='lat' dir='ltr'><strong>epitomen</strong></span> <span class='ocrx_word' id='word_1_139' title='bbox 1780 1834 2002 1879; x_wconf 89' lang='lat' dir='ltr'><strong>contra-</strong></span> 
     </span>
    </p>
   </div>
   <div class='ocr_carea' id='block_1_20' title="bbox 2118 615 3693 690">
    <p class='ocr_par' dir='ltr' id='par_1_20' title="bbox 2118 615 3693 690">
     <span class='ocr_line' id='line_1_20' title="bbox 2118 615 3693 690; baseline -0.006 -12"><span class='ocrx_word' id='word_1_140' title='bbox 2118 625 2254 678; x_wconf 89' lang='lat' dir='ltr'><strong>duos</strong></span> <span class='ocrx_word' id='word_1_141' title='bbox 2277 623 2522 678; x_wconf 88' lang='lat' dir='ltr'><strong>homines</strong></span> <span class='ocrx_word' id='word_1_142' title='bbox 2555 623 2623 677; x_wconf 90' lang='lat' dir='ltr'><strong>ab</strong></span> <span class='ocrx_word' id='word_1_143' title='bbox 2655 620 2916 690; x_wconf 74' lang='lat' dir='ltr'><strong>Apostolo</strong></span> <span class='ocrx_word' id='word_1_144' title='bbox 2941 619 3139 683; x_wconf 89' lang='lat' dir='ltr'><strong>editos,</strong></span> <span class='ocrx_word' id='word_1_145' title='bbox 3166 618 3498 679; x_wconf 88' lang='lat' dir='ltr'><strong>interiorem,</strong></span> <span class='ocrx_word' id='word_1_146' title='bbox 3531 615 3584 670; x_wconf 88' lang='lat' dir='ltr'><strong>id</strong></span> <span class='ocrx_word' id='word_1_147' title='bbox 3607 626 3693 671; x_wconf 88' lang='lat' dir='ltr'><strong>est</strong></span> 
     </span>
    </p>
   </div>
   <div class='ocr_carea' id='block_1_21' title="bbox 2117 705 3688 781">
    <p class='ocr_par' dir='ltr' id='par_1_21' title="bbox 2117 705 3688 781">
     <span class='ocr_line' id='line_1_21' title="bbox 2117 705 3688 781; baseline -0.006 -14"><span class='ocrx_word' id='word_1_148' title='bbox 2117 714 2392 781; x_wconf 89' lang='lat' dir='ltr'><strong>animam;</strong></span> <span class='ocrx_word' id='word_1_149' title='bbox 2431 722 2483 767; x_wconf 92' lang='lat' dir='ltr'><strong>et</strong></span> <span class='ocrx_word' id='word_1_150' title='bbox 2534 712 2882 775; x_wconf 83' lang='lat' dir='ltr'><strong>exteriorem,</strong></span> <span class='ocrx_word' id='word_1_151' title='bbox 2923 709 2978 765; x_wconf 89' lang='lat' dir='ltr'><strong>id</strong></span> <span class='ocrx_word' id='word_1_152' title='bbox 3016 718 3099 765; x_wconf 89' lang='lat' dir='ltr'><strong>est</strong></span> <span class='ocrx_word' id='word_1_153' title='bbox 3147 722 3402 774; x_wconf 89' lang='lat' dir='ltr'><strong>carnem;</strong></span> <span class='ocrx_word' id='word_1_154' title='bbox 3460 705 3688 760; x_wconf 86' lang='lat' dir='ltr'><strong>salutem</strong></span> 
     </span>
    </p>
   </div>
   <div class='ocr_carea' id='block_1_22' title="bbox 2114 800 3690 877">
    <p class='ocr_par' dir='ltr' id='par_1_22' title="bbox 2114 800 3690 877">
     <span class='ocr_line' id='line_1_22' title="bbox 2114 800 3690 877; baseline -0.004 -18"><span class='ocrx_word' id='word_1_155' title='bbox 2114 807 2330 877; x_wconf 86' lang='lat' dir='ltr'><strong>quidem</strong></span> <span class='ocrx_word' id='word_1_156' title='bbox 2354 806 2570 873; x_wconf 64' lang='lat' dir='ltr'><strong>animae,</strong></span> <span class='ocrx_word' id='word_1_157' title='bbox 2599 805 2652 859; x_wconf 92' lang='lat' dir='ltr'><strong>id</strong></span> <span class='ocrx_word' id='word_1_158' title='bbox 2678 816 2761 859; x_wconf 89' lang='lat' dir='ltr'><strong>est</strong></span> <span class='ocrx_word' id='word_1_159' title='bbox 2783 804 3026 859; x_wconf 90' lang='lat' dir='ltr'><strong>interiori</strong></span> <span class='ocrx_word' id='word_1_160' title='bbox 3047 801 3251 858; x_wconf 88' lang='lat' dir='ltr'><strong>homini</strong></span> <span class='ocrx_word' id='word_1_161' title='bbox 3274 817 3288 865; x_wconf 91' lang='lat'>;</span> <span class='ocrx_word' id='word_1_162' title='bbox 3312 800 3537 854; x_wconf 86' lang='lat' dir='ltr'><strong>exitium</strong></span> <span class='ocrx_word' id='word_1_163' title='bbox 3556 812 3690 853; x_wconf 90' lang='lat' dir='ltr'><strong>vero</strong></span> 
     </span>
    </p>
   </div>
   <div class='ocr_carea' id='block_1_23' title="bbox 2113 891 3685 966">
    <p class='ocr_par' dir='ltr' id='par_1_23' title="bbox 2113 891 3685 966">
     <span class='ocr_line' id='line_1_23' title="bbox 2113 891 3685 966; baseline -0.006 -12"><span class='ocrx_word' id='word_1_164' title='bbox 2113 899 2286 966; x_wconf 90' lang='lat' dir='ltr'><strong>carni,</strong></span> <span class='ocrx_word' id='word_1_165' title='bbox 2316 898 2369 953; x_wconf 90' lang='lat' dir='ltr'><strong>id</strong></span> <span class='ocrx_word' id='word_1_166' title='bbox 2398 908 2480 953; x_wconf 93' lang='lat' dir='ltr'><strong>est</strong></span> <span class='ocrx_word' id='word_1_167' title='bbox 2498 896 2757 952; x_wconf 85' lang='lat' dir='ltr'><strong>exteriori</strong></span> <span class='ocrx_word' id='word_1_168' title='bbox 2786 894 3252 966; x_wconf 89' lang='lat' dir='ltr'><strong>adjudicaverunt,</strong></span> <span class='ocrx_word' id='word_1_169' title='bbox 3278 894 3405 962; x_wconf 86' lang='lat' dir='ltr'><strong>quia</strong></span> <span class='ocrx_word' id='word_1_170' title='bbox 3422 891 3685 959; x_wconf 91' lang='lat' dir='ltr'><strong>scriptum</strong></span> 
     </span>
    </p>
   </div>
   <div class='ocr_carea' id='block_1_24' title="bbox 2113 983 3685 1045">
    <p class='ocr_par' dir='ltr' id='par_1_24' title="bbox 2113 983 3685 1045">
     <span class='ocr_line' id='line_1_24' title="bbox 2113 983 3685 1045; baseline -0.008 0"><span class='ocrx_word' id='word_1_171' title='bbox 2113 991 2183 1045; x_wconf 89' lang='lat' dir='ltr'><strong>sit</strong></span> <span class='ocrx_word' id='word_1_172' title='bbox 2204 990 2537 1045; x_wconf 87' lang='lat' dir='ltr'><strong>Corinthiis:</strong></span> <span class='ocrx_word' id='word_1_173' title='bbox 2579 987 2722 1042; x_wconf 84' lang='lat' dir='ltr'><strong>Nam</strong></span> <span class='ocrx_word' id='word_1_174' title='bbox 2765 986 2862 1042; x_wconf 81' lang='lat' dir='ltr'><strong>etsi</strong></span> <span class='ocrx_word' id='word_1_175' title='bbox 2898 987 3052 1040; x_wconf 79' lang='lat' dir='ltr'><strong>homo</strong></span> <span class='ocrx_word' id='word_1_176' title='bbox 3092 995 3268 1038; x_wconf 84' lang='lat' dir='ltr'><strong>noster</strong></span> <span class='ocrx_word' id='word_1_177' title='bbox 3293 983 3524 1037; x_wconf 78' lang='lat' dir='ltr'><strong>exterior</strong></span> <span class='ocrx_word' id='word_1_178' title='bbox 3564 998 3685 1035; x_wconf 83' lang='lat' dir='ltr'><strong>eor-</strong></span> 
     </span>
    </p>
   </div>
   <div class='ocr_carea' id='block_1_25' title="bbox 2114 1072 3687 1150">
    <p class='ocr_par' dir='ltr' id='par_1_25' title="bbox 2114 1072 3687 1150">
     <span class='ocr_line' id='line_1_25' title="bbox 2114 1072 3687 1150; baseline -0.004 -15"><span class='ocrx_word' id='word_1_179' title='bbox 2114 1088 2397 1150; x_wconf 82' lang='lat' dir='ltr'><strong>rumpitur,</strong></span> <span class='ocrx_word' id='word_1_180' title='bbox 2418 1084 2507 1137; x_wconf 78' lang='lat' dir='ltr'><strong>sed</strong></span> <span class='ocrx_word' id='word_1_181' title='bbox 2530 1082 2753 1137; x_wconf 84' lang='lat' dir='ltr'><strong>interior</strong></span> <span class='ocrx_word' id='word_1_182' title='bbox 2767 1089 3047 1134; x_wconf 83' lang='lat' dir='ltr'><strong>renovatur</strong></span> <span class='ocrx_word' id='word_1_183' title='bbox 3063 1077 3127 1131; x_wconf 84' lang='lat' dir='ltr'><strong>de</strong></span> <span class='ocrx_word' id='word_1_184' title='bbox 3148 1077 3231 1131; x_wconf 83' lang='lat' dir='ltr'><strong>die</strong></span> <span class='ocrx_word' id='word_1_185' title='bbox 3254 1085 3303 1130; x_wconf 86' lang='lat' dir='ltr'><strong>et</strong></span> <span class='ocrx_word' id='word_1_186' title='bbox 3321 1076 3406 1129; x_wconf 83' lang='lat' dir='ltr'><strong>die</strong></span> <span class='ocrx_word' id='word_1_187' title='bbox 3421 1075 3489 1130; x_wconf 79' lang='grc'><strong>⁵⁸.</strong></span> <span class='ocrx_word' id='word_1_188' title='bbox 3515 1072 3687 1129; x_wconf 85' lang='lat' dir='ltr'><strong>Porro</strong></span> 
     </span>
    </p>
   </div>
   <div class='ocr_carea' id='block_1_26' title="bbox 2112 1166 3682 1245">
    <p class='ocr_par' dir='ltr' id='par_1_26' title="bbox 2112 1166 3682 1245">
     <span class='ocr_line' id='line_1_26' title="bbox 2112 1166 3682 1245; baseline -0.008 -14"><span class='ocrx_word' id='word_1_189' title='bbox 2112 1192 2212 1233; x_wconf 89' lang='lat' dir='ltr'><strong>nec</strong></span> <span class='ocrx_word' id='word_1_190' title='bbox 2245 1177 2424 1230; x_wconf 89' lang='lat' dir='ltr'><strong>anima</strong></span> <span class='ocrx_word' id='word_1_191' title='bbox 2446 1190 2543 1245; x_wconf 92' lang='lat' dir='ltr'><strong>per</strong></span> <span class='ocrx_word' id='word_1_192' title='bbox 2566 1173 2909 1243; x_wconf 89' lang='lat' dir='ltr'><strong>semetipsam</strong></span> <span class='ocrx_word' id='word_1_193' title='bbox 2935 1171 3117 1236; x_wconf 92' lang='lat' dir='ltr'><strong>homo,</strong></span> <span class='ocrx_word' id='word_1_194' title='bbox 3146 1184 3265 1238; x_wconf 71' lang='lat' dir='ltr'><strong>quae</strong></span> <span class='ocrx_word' id='word_1_195' title='bbox 3294 1166 3549 1236; x_wconf 83' lang='lat' dir='ltr'><strong>ﬁgmento</strong></span> <span class='ocrx_word' id='word_1_196' title='bbox 3569 1166 3682 1236; x_wconf 85' lang='lat' dir='ltr'><strong>jam</strong></span> 
     </span>
    </p>
   </div>
   <div class='ocr_carea' id='block_1_27' title="bbox 2113 1259 3687 1337">
    <p class='ocr_par' dir='ltr' id='par_1_27' title="bbox 2113 1259 3687 1337">
     <span class='ocr_line' id='line_1_27' title="bbox 2113 1259 3687 1337; baseline -0.007 -14"><span class='ocrx_word' id='word_1_197' title='bbox 2113 1269 2319 1323; x_wconf 88' lang='lat' dir='ltr'><strong>homini</strong></span> <span class='ocrx_word' id='word_1_198' title='bbox 2348 1267 2615 1337; x_wconf 87' lang='lat' dir='ltr'><strong>appellato</strong></span> <span class='ocrx_word' id='word_1_199' title='bbox 2643 1274 2829 1335; x_wconf 89' lang='lat' dir='ltr'><strong>postea</strong></span> <span class='ocrx_word' id='word_1_200' title='bbox 2855 1263 3061 1318; x_wconf 88' lang='lat' dir='ltr'><strong>inserta</strong></span> <span class='ocrx_word' id='word_1_201' title='bbox 3095 1269 3220 1323; x_wconf 83' lang='lat' dir='ltr'><strong>est;</strong></span> <span class='ocrx_word' id='word_1_202' title='bbox 3272 1274 3372 1315; x_wconf 89' lang='lat' dir='ltr'><strong>nec</strong></span> <span class='ocrx_word' id='word_1_203' title='bbox 3402 1274 3532 1314; x_wconf 89' lang='lat' dir='ltr'><strong>caro</strong></span> <span class='ocrx_word' id='word_1_204' title='bbox 3562 1259 3687 1313; x_wconf 90' lang='lat' dir='ltr'><strong>sine</strong></span> 
     </span>
    </p>
   </div>
   <div class='ocr_carea' id='block_1_28' title="bbox 2112 1350 3686 1427">
    <p class='ocr_par' dir='ltr' id='par_1_28' title="bbox 2112 1350 3686 1427">
     <span class='ocr_line' id='line_1_28' title="bbox 2112 1350 3686 1427; baseline -0.008 -12"><span class='ocrx_word' id='word_1_205' title='bbox 2112 1361 2289 1415; x_wconf 90' lang='lat' dir='ltr'><strong>anima</strong></span> <span class='ocrx_word' id='word_1_206' title='bbox 2319 1360 2500 1425; x_wconf 92' lang='lat' dir='ltr'><strong>homo,</strong></span> <span class='ocrx_word' id='word_1_207' title='bbox 2530 1373 2649 1427; x_wconf 62' lang='lat' dir='ltr'><strong>quae</strong></span> <span class='ocrx_word' id='word_1_208' title='bbox 2676 1364 2797 1426; x_wconf 92' lang='lat' dir='ltr'><strong>post</strong></span> <span class='ocrx_word' id='word_1_209' title='bbox 2825 1354 3073 1410; x_wconf 83' lang='lat' dir='ltr'><strong>exsilium</strong></span> <span class='ocrx_word' id='word_1_210' title='bbox 3106 1354 3301 1408; x_wconf 71' lang='lat' dir='ltr'><strong>animm</strong></span> <span class='ocrx_word' id='word_1_211' title='bbox 3340 1351 3572 1406; x_wconf 85' lang='lat' dir='ltr'><strong>cadaver</strong></span> <span class='ocrx_word' id='word_1_212' title='bbox 3600 1350 3686 1405; x_wconf 87' lang='lat' dir='ltr'><strong>in-</strong></span> 
     </span>
    </p>
   </div>
   <div class='ocr_carea' id='block_1_29' title="bbox 2108 1441 3682 1513">
    <p class='ocr_par' dir='ltr' id='par_1_29' title="bbox 2108 1441 3682 1513">
     <span class='ocr_line' id='line_1_29' title="bbox 2108 1441 3682 1513; baseline -0.006 -7"><span class='ocrx_word' id='word_1_213' title='bbox 2108 1452 2389 1507; x_wconf 87' lang='lat' dir='ltr'><strong>scribitur.</strong></span> <span class='ocrx_word' id='word_1_214' title='bbox 2430 1470 2449 1504; x_wconf 72' lang='lat' dir='ltr'><strong>i</strong></span> <span class='ocrx_word' id='word_1_215' title='bbox 2474 1449 2569 1504; x_wconf 83' lang='lat' dir='ltr'><strong>His</strong></span> <span class='ocrx_word' id='word_1_216' title='bbox 2608 1448 2880 1503; x_wconf 69' lang='lat' dir='ltr'><strong>haereticis</strong></span> <span class='ocrx_word' id='word_1_217' title='bbox 2902 1460 3155 1500; x_wconf 88' lang='lat' dir='ltr'><strong>assensus</strong></span> <span class='ocrx_word' id='word_1_218' title='bbox 3188 1455 3273 1499; x_wconf 83' lang='lat' dir='ltr'><strong>est</strong></span> <span class='ocrx_word' id='word_1_219' title='bbox 3315 1441 3603 1513; x_wconf 81' lang='lat' dir='ltr'><strong>Origenes,</strong></span> <span class='ocrx_word' id='word_1_220' title='bbox 3626 1451 3682 1497; x_wconf 91' lang='lat' dir='ltr'><strong>et</strong></span> 
     </span>
    </p>
   </div>
   <div class='ocr_carea' id='block_1_30' title="bbox 2108 1533 3686 1613">
    <p class='ocr_par' dir='ltr' id='par_1_30' title="bbox 2108 1533 3686 1613">
     <span class='ocr_line' id='line_1_30' title="bbox 2108 1533 3686 1613; baseline -0.004 -16"><span class='ocrx_word' id='word_1_221' title='bbox 2108 1551 2231 1613; x_wconf 87' lang='lat' dir='ltr'><strong>post</strong></span> <span class='ocrx_word' id='word_1_222' title='bbox 2251 1542 2537 1611; x_wconf 88' lang='lat' dir='ltr'><strong>Origenem</strong></span> <span class='ocrx_word' id='word_1_223' title='bbox 2559 1538 2830 1595; x_wconf 83' lang='lat' dir='ltr'><strong>Arnobius</strong></span> <span class='ocrx_word' id='word_1_224' title='bbox 2860 1537 2952 1592; x_wconf 90' lang='lat' dir='ltr'><strong>lib.</strong></span> <span class='ocrx_word' id='word_1_225' title='bbox 2983 1553 3021 1591; x_wconf 82' lang='grc' dir='ltr'><strong>ιι</strong></span> <span class='ocrx_word' id='word_1_226' title='bbox 3041 1536 3258 1591; x_wconf 69' lang='lat' dir='ltr'><strong>Adsere.</strong></span> <span class='ocrx_word' id='word_1_227' title='bbox 3279 1547 3416 1604; x_wconf 86' lang='lat' dir='ltr'><strong>gent.</strong></span> <span class='ocrx_word' id='word_1_228' title='bbox 3443 1552 3463 1591; x_wconf 91' lang='lat'><strong><em>:</em></strong></span> <span class='ocrx_word' id='word_1_229' title='bbox 3490 1552 3509 1586; x_wconf 73' lang='grc' dir='ltr'>ι</span> <span class='ocrx_word' id='word_1_230' title='bbox 3541 1533 3686 1601; x_wconf 82' lang='lat' dir='ltr'><strong>Quid</strong></span> 
     </span>
    </p>
   </div>
   <div class='ocr_carea' id='block_1_31' title="bbox 2106 1627 3680 1702">
    <p class='ocr_par' dir='ltr' id='par_1_31' title="bbox 2106 1627 3680 1702">
     <span class='ocr_line' id='line_1_31' title="bbox 2106 1627 3680 1702; baseline -0.007 -8"><span class='ocrx_word' id='word_1_231' title='bbox 2106 1638 2251 1695; x_wconf 90' lang='lat' dir='ltr'><strong>enim</strong></span> <span class='ocrx_word' id='word_1_232' title='bbox 2280 1650 2466 1690; x_wconf 88' lang='lat' dir='ltr'><strong>sumus</strong></span> <span class='ocrx_word' id='word_1_233' title='bbox 2499 1634 2771 1699; x_wconf 89' lang='lat' dir='ltr'><strong>homines,</strong></span> <span class='ocrx_word' id='word_1_234' title='bbox 2806 1631 3002 1702; x_wconf 88' lang='lat' dir='ltr'><strong>inquit,</strong></span> <span class='ocrx_word' id='word_1_235' title='bbox 3038 1631 3143 1685; x_wconf 88' lang='lat' dir='ltr'><strong>nisi</strong></span> <span class='ocrx_word' id='word_1_236' title='bbox 3192 1630 3388 1683; x_wconf 73' lang='lat' dir='ltr'><strong>animae</strong></span> <span class='ocrx_word' id='word_1_237' title='bbox 3435 1627 3680 1697; x_wconf 82' lang='lat' dir='ltr'><strong>corpori-</strong></span> 
     </span>
    </p>
   </div>
   <div class='ocr_carea' id='block_1_32' title="bbox 2108 1720 3681 1794">
    <p class='ocr_par' dir='ltr' id='par_1_32' title="bbox 2108 1720 3681 1794">
     <span class='ocr_line' id='line_1_32' title="bbox 2108 1720 3681 1794; baseline -0.006 -9"><span class='ocrx_word' id='word_1_238' title='bbox 2108 1729 2210 1785; x_wconf 86' lang='lat' dir='ltr'><strong>bus</strong></span> <span class='ocrx_word' id='word_1_239' title='bbox 2236 1728 2470 1782; x_wconf 64' lang='lat' dir='ltr'><strong>clausae?</strong></span> <span class='ocrx_word' id='word_1_240' title='bbox 2498 1747 2518 1780; x_wconf 74' lang='grc' dir='ltr'><strong><em>ι</em></strong></span> <span class='ocrx_word' id='word_1_241' title='bbox 2551 1733 2605 1781; x_wconf 90' lang='lat' dir='ltr'><strong>et</strong></span> <span class='ocrx_word' id='word_1_242' title='bbox 2636 1724 2805 1779; x_wconf 89' lang='lat' dir='ltr'><strong>multo</strong></span> <span class='ocrx_word' id='word_1_243' title='bbox 2843 1732 2969 1794; x_wconf 90' lang='lat' dir='ltr'><strong>post</strong></span> <span class='ocrx_word' id='word_1_244' title='bbox 3005 1722 3156 1793; x_wconf 86' lang='lat' dir='ltr'><strong>Hugo</strong></span> <span class='ocrx_word' id='word_1_245' title='bbox 3176 1736 3206 1775; x_wconf 88' lang='lat' dir='ltr'><strong>a</strong></span> <span class='ocrx_word' id='word_1_246' title='bbox 3231 1720 3433 1777; x_wconf 88' lang='lat' dir='ltr'><strong>Sancto</strong></span> <span class='ocrx_word' id='word_1_247' title='bbox 3463 1721 3681 1776; x_wconf 86' lang='lat' dir='ltr'><strong>Victore</strong></span> 
     </span>
    </p>
   </div>
   <div class='ocr_carea' id='block_1_33' title="bbox 2110 1814 3678 1888">
    <p class='ocr_par' dir='ltr' id='par_1_33' title="bbox 2110 1814 3678 1888">
     <span class='ocr_line' id='line_1_33' title="bbox 2110 1814 3678 1888; baseline -0.005 -11"><span class='ocrx_word' id='word_1_248' title='bbox 2110 1822 2204 1877; x_wconf 89' lang='lat' dir='ltr'><strong>lib.</strong></span> <span class='ocrx_word' id='word_1_249' title='bbox 2222 1838 2261 1877; x_wconf 82' lang='grc' dir='ltr'>ιι</span> <span class='ocrx_word' id='word_1_250' title='bbox 2296 1821 2375 1875; x_wconf 87' lang='lat' dir='ltr'><strong>De</strong></span> <span class='ocrx_word' id='word_1_251' title='bbox 2392 1828 2709 1875; x_wconf 74' lang='lat' dir='ltr'><strong>sacrament.</strong></span> <span class='ocrx_word' id='word_1_252' title='bbox 2733 1818 2880 1888; x_wconf 77' lang='lat' dir='ltr'><strong>ﬁdei,</strong></span> <span class='ocrx_word' id='word_1_253' title='bbox 2911 1828 3049 1887; x_wconf 88' lang='lat' dir='ltr'><strong>part.</strong></span> <span class='ocrx_word' id='word_1_254' title='bbox 3072 1832 3111 1880; x_wconf 79' lang='grc' dir='ltr'><strong>ι,</strong></span> <span class='ocrx_word' id='word_1_255' title='bbox 3138 1830 3263 1885; x_wconf 88' lang='lat' dir='ltr'><strong>cap.</strong></span> <span class='ocrx_word' id='word_1_256' title='bbox 3281 1814 3371 1880; x_wconf 77' lang='grc'><strong>11,</strong></span> <span class='ocrx_word' id='word_1_257' title='bbox 3395 1830 3516 1868; x_wconf 92' lang='lat' dir='ltr'><strong>cum</strong></span> <span class='ocrx_word' id='word_1_258' title='bbox 3550 1830 3678 1884; x_wconf 90' lang='lat' dir='ltr'><strong>pro-</strong></span> 
     </span>
    </p>
   </div>
   <div class='ocr_carea' id='block_1_34' title="bbox 416 1887 3677 1989">
    <p class='ocr_par' dir='ltr' id='par_1_34' title="bbox 416 1887 3677 1989">
     <span class='ocr_line' id='line_1_34' title="bbox 416 1887 3677 1989; baseline -0.001 -25"><span class='ocrx_word' id='word_1_259' title='bbox 416 1912 516 1975; x_wconf 83' lang='lat' dir='ltr'><strong>xit,</strong></span> <span class='ocrx_word' id='word_1_260' title='bbox 554 1911 701 1966; x_wconf 91' lang='lat' dir='ltr'><strong>dictu</strong></span> <span class='ocrx_word' id='word_1_261' title='bbox 741 1910 902 1966; x_wconf 83' lang='lat' dir='ltr'><strong>facile</strong></span> <span class='ocrx_word' id='word_1_262' title='bbox 939 1887 1045 1967; x_wconf 85' lang='lat' dir='ltr'><strong>non</strong></span> <span class='ocrx_word' id='word_1_263' title='bbox 1097 1924 1204 1969; x_wconf 90' lang='lat' dir='ltr'><strong>est.</strong></span> <span class='ocrx_word' id='word_1_264' title='bbox 1238 1912 1395 1968; x_wconf 81' lang='lat' dir='ltr'><strong>Adde</strong></span> <span class='ocrx_word' id='word_1_265' title='bbox 1425 1887 1525 1983; x_wconf 79' lang='lat' dir='ltr'><strong>pro</strong></span> <span class='ocrx_word' id='word_1_266' title='bbox 1571 1930 1662 1979; x_wconf 92' lang='lat' dir='ltr'><strong>eo,</strong></span> <span class='ocrx_word' id='word_1_267' title='bbox 1692 1916 1721 1969; x_wconf 82' lang='grc' dir='ltr'><strong>ὁ</strong></span> <span class='ocrx_word' id='word_1_268' title='bbox 1765 1915 1811 1969; x_wconf 88' lang='grc' dir='ltr'><strong>δ’</strong></span> <span class='ocrx_word' id='word_1_269' title='bbox 1855 1916 1998 1989; x_wconf 88' lang='grc' dir='ltr'><strong>Ὠρι-</strong></span> <span class='ocrx_word' id='word_1_270' title='bbox 2030 1887 2074 1944; x_wconf 74' lang='grc' dir='ltr'><strong>Β</strong></span> <span class='ocrx_word' id='word_1_271' title='bbox 2102 1914 2236 1969; x_wconf 90' lang='lat' dir='ltr'><strong>bare</strong></span> <span class='ocrx_word' id='word_1_272' title='bbox 2261 1912 2423 1968; x_wconf 83' lang='lat' dir='ltr'><strong>vellet</strong></span> <span class='ocrx_word' id='word_1_273' title='bbox 2454 1919 2567 1966; x_wconf 90' lang='lat' dir='ltr'><strong>toto</strong></span> <span class='ocrx_word' id='word_1_274' title='bbox 2609 1910 2701 1965; x_wconf 92' lang='lat' dir='ltr'><strong>illo</strong></span> <span class='ocrx_word' id='word_1_275' title='bbox 2735 1887 2921 1963; x_wconf 83' lang='lat' dir='ltr'><strong>triduo</strong></span> <span class='ocrx_word' id='word_1_276' title='bbox 2953 1922 3063 1977; x_wconf 85' lang='lat' dir='ltr'><strong>quo</strong></span> <span class='ocrx_word' id='word_1_277' title='bbox 3099 1905 3354 1962; x_wconf 84' lang='lat' dir='ltr'><strong>Christus</strong></span> <span class='ocrx_word' id='word_1_278' title='bbox 3401 1905 3573 1976; x_wconf 83' lang='lat' dir='ltr'><strong>jacuit</strong></span> <span class='ocrx_word' id='word_1_279' title='bbox 3622 1906 3677 1960; x_wconf 92' lang='lat' dir='ltr'><strong>in</strong></span> 
     </span>
    </p>
   </div>
   <div class='ocr_carea' id='block_1_35' title="bbox 411 2002 1994 2079">
    <p class='ocr_par' dir='ltr' id='par_1_35' title="bbox 411 2002 1994 2079">
     <span class='ocr_line' id='line_1_35' title="bbox 411 2002 1994 2079; baseline 0.004 -22"><span class='ocrx_word' id='word_1_280' title='bbox 411 2002 597 2074; x_wconf 77' lang='grc' dir='ltr'><strong>γὲνης,</strong></span> <span class='ocrx_word' id='word_1_281' title='bbox 622 2010 958 2060; x_wconf 86' lang='lat' dir='ltr'><strong>contrariam</strong></span> <span class='ocrx_word' id='word_1_282' title='bbox 1009 2005 1302 2061; x_wconf 90' lang='lat' dir='ltr'><strong>lectionem</strong></span> <span class='ocrx_word' id='word_1_283' title='bbox 1351 2006 1676 2063; x_wconf 88' lang='lat' dir='ltr'><strong>Photianum</strong></span> <span class='ocrx_word' id='word_1_284' title='bbox 1708 2011 1994 2079; x_wconf 87' lang='lat' dir='ltr'><strong>quemdam</strong></span> 
     </span>
    </p>
   </div>
   <div class='ocr_carea' id='block_1_36' title="bbox 412 2096 1997 2174">
    <p class='ocr_par' dir='ltr' id='par_1_36' title="bbox 412 2096 1997 2174">
     <span class='ocr_line' id='line_1_36' title="bbox 412 2096 1997 2174; baseline 0.005 -24"><span class='ocrx_word' id='word_1_285' title='bbox 412 2096 652 2151; x_wconf 88' lang='lat' dir='ltr'><strong>codicem</strong></span> <span class='ocrx_word' id='word_1_286' title='bbox 677 2096 971 2162; x_wconf 80' lang='lat' dir='ltr'><strong>exhibere;</strong></span> <span class='ocrx_word' id='word_1_287' title='bbox 1002 2112 1121 2151; x_wconf 92' lang='lat' dir='ltr'><strong>eam</strong></span> <span class='ocrx_word' id='word_1_288' title='bbox 1145 2097 1374 2164; x_wconf 89' lang='lat' dir='ltr'><strong>scilicet,</strong></span> <span class='ocrx_word' id='word_1_289' title='bbox 1407 2099 1516 2152; x_wconf 81' lang='grc' dir='ltr'><strong>οὐδ’</strong></span> <span class='ocrx_word' id='word_1_290' title='bbox 1559 2100 1858 2174; x_wconf 81' lang='grc' dir='ltr'><strong>Ὠριγένης.</strong></span> <span class='ocrx_word' id='word_1_291' title='bbox 1886 2100 1997 2158; x_wconf 88' lang='lat' dir='ltr'><strong>Nec</strong></span> 
     </span>
    </p>
   </div>
   <div class='ocr_carea' id='block_1_37' title="bbox 413 2185 1993 2263">
    <p class='ocr_par' dir='ltr' id='par_1_37' title="bbox 413 2185 1993 2263">
     <span class='ocr_line' id='line_1_37' title="bbox 413 2185 1993 2263; baseline 0.006 -24"><span class='ocrx_word' id='word_1_292' title='bbox 413 2187 611 2241; x_wconf 88' lang='lat' dir='ltr'><strong>mirum</strong></span> <span class='ocrx_word' id='word_1_293' title='bbox 640 2185 782 2241; x_wconf 83' lang='lat' dir='ltr'><strong>foret</strong></span> <span class='ocrx_word' id='word_1_294' title='bbox 820 2201 850 2240; x_wconf 88' lang='lat' dir='ltr'><strong>a</strong></span> <span class='ocrx_word' id='word_1_295' title='bbox 905 2186 1134 2243; x_wconf 88' lang='lat' dir='ltr'><strong>Platone</strong></span> <span class='ocrx_word' id='word_1_296' title='bbox 1182 2190 1475 2258; x_wconf 88' lang='lat' dir='ltr'><strong>Origeuem</strong></span> <span class='ocrx_word' id='word_1_297' title='bbox 1519 2192 1795 2261; x_wconf 87' lang='lat' dir='ltr'><strong>recedere,</strong></span> <span class='ocrx_word' id='word_1_298' title='bbox 1832 2209 1993 2263; x_wconf 89' lang='lat' dir='ltr'><strong>quem</strong></span> 
     </span>
    </p>
   </div>
   <div class='ocr_carea' id='block_1_38' title="bbox 408 2278 1990 2353">
    <p class='ocr_par' dir='ltr' id='par_1_38' title="bbox 408 2278 1990 2353">
     <span class='ocr_line' id='line_1_38' title="bbox 408 2278 1990 2353; baseline 0.008 -25"><span class='ocrx_word' id='word_1_299' title='bbox 408 2278 480 2332; x_wconf 87' lang='lat' dir='ltr'><strong>ab</strong></span> <span class='ocrx_word' id='word_1_300' title='bbox 502 2278 692 2331; x_wconf 88' lang='lat' dir='ltr'><strong>eodem</strong></span> <span class='ocrx_word' id='word_1_301' title='bbox 730 2281 1028 2335; x_wconf 88' lang='lat' dir='ltr'><strong>recessisse</strong></span> <span class='ocrx_word' id='word_1_302' title='bbox 1066 2295 1192 2334; x_wconf 85' lang='lat' dir='ltr'><strong>mox</strong></span> <span class='ocrx_word' id='word_1_303' title='bbox 1224 2281 1483 2349; x_wconf 78' lang='lat' dir='ltr'><strong>vidimus,</strong></span> <span class='ocrx_word' id='word_1_304' title='bbox 1517 2298 1639 2338; x_wconf 89' lang='lat' dir='ltr'><strong>cum</strong></span> <span class='ocrx_word' id='word_1_305' title='bbox 1670 2285 1737 2339; x_wconf 93' lang='lat' dir='ltr'><strong>de</strong></span> <span class='ocrx_word' id='word_1_306' title='bbox 1775 2286 1990 2353; x_wconf 85' lang='lat' dir='ltr'><strong>animis,</strong></span> 
     </span>
    </p>
   </div>
   <div class='ocr_carea' id='block_1_39' title="bbox 406 2369 1847 2442">
    <p class='ocr_par' dir='ltr' id='par_1_39' title="bbox 406 2369 1847 2442">
     <span class='ocr_line' id='line_1_39' title="bbox 406 2369 1847 2442; baseline 0.006 -22"><span class='ocrx_word' id='word_1_307' title='bbox 406 2380 757 2436; x_wconf 66' lang='lat' dir='ltr'><strong>corporeaaue</strong></span> <span class='ocrx_word' id='word_1_308' title='bbox 790 2382 859 2423; x_wconf 90' lang='lat' dir='ltr'><strong>an</strong></span> <span class='ocrx_word' id='word_1_309' title='bbox 896 2369 1231 2439; x_wconf 73' lang='lat' dir='ltr'><strong>incorporea:</strong></span> <span class='ocrx_word' id='word_1_310' title='bbox 1253 2379 1454 2435; x_wconf 84' lang='lat' dir='ltr'><strong>essent,</strong></span> <span class='ocrx_word' id='word_1_311' title='bbox 1486 2385 1847 2442; x_wconf 76' lang='lat' dir='ltr'><strong>quaereretur.</strong></span> 
     </span>
    </p>
   </div>
   <div class='ocr_carea' id='block_1_40' title="bbox 476 2458 1990 2535">
    <p class='ocr_par' dir='ltr' id='par_1_40' title="bbox 476 2458 1990 2535">
     <span class='ocr_line' id='line_1_40' title="bbox 476 2458 1990 2535; baseline 0.006 -23"><span class='ocrx_word' id='word_1_312' title='bbox 476 2458 545 2513; x_wconf 81' lang='lat' dir='ltr'><strong>At</strong></span> <span class='ocrx_word' id='word_1_313' title='bbox 570 2458 852 2514; x_wconf 81' lang='lat' dir='ltr'><strong>fatendum</strong></span> <span class='ocrx_word' id='word_1_314' title='bbox 879 2470 1058 2516; x_wconf 91' lang='lat' dir='ltr'><strong>tamen</strong></span> <span class='ocrx_word' id='word_1_315' title='bbox 1084 2470 1167 2516; x_wconf 90' lang='lat' dir='ltr'><strong>est</strong></span> <span class='ocrx_word' id='word_1_316' title='bbox 1189 2462 1648 2532; x_wconf 85' lang='lat' dir='ltr'><strong>Origenianorum</strong></span> <span class='ocrx_word' id='word_1_317' title='bbox 1678 2464 1990 2535; x_wconf 70' lang='lat' dir='ltr'><strong>dogmatnm</strong></span> 
     </span>
    </p>
   </div>
   <div class='ocr_carea' id='block_1_41' title="bbox 404 2550 1990 2621">
    <p class='ocr_par' dir='ltr' id='par_1_41' title="bbox 404 2550 1990 2621">
     <span class='ocr_line' id='line_1_41' title="bbox 404 2550 1990 2621; baseline 0.005 -18"><span class='ocrx_word' id='word_1_318' title='bbox 404 2550 790 2604; x_wconf 68' lang='lat' dir='ltr'><strong>cohaerentiam</strong></span> <span class='ocrx_word' id='word_1_319' title='bbox 821 2564 887 2605; x_wconf 89' lang='lat' dir='ltr'><strong>eo</strong></span> <span class='ocrx_word' id='word_1_320' title='bbox 916 2566 1015 2607; x_wconf 89' lang='lat' dir='ltr'><strong>nos</strong></span> <span class='ocrx_word' id='word_1_321' title='bbox 1039 2551 1387 2621; x_wconf 88' lang='lat' dir='ltr'><strong>compellere,</strong></span> <span class='ocrx_word' id='word_1_322' title='bbox 1418 2561 1477 2606; x_wconf 90' lang='lat' dir='ltr'><strong>ut</strong></span> <span class='ocrx_word' id='word_1_323' title='bbox 1501 2553 1678 2607; x_wconf 89' lang='lat' dir='ltr'><strong>anima</strong></span> <span class='ocrx_word' id='word_1_324' title='bbox 1705 2556 1819 2610; x_wconf 88' lang='lat' dir='ltr'><strong>sola</strong></span> <span class='ocrx_word' id='word_1_325' title='bbox 1856 2572 1990 2611; x_wconf 86' lang='lat' dir='ltr'><strong>con--</strong></span> 
     </span>
    </p>
   </div>
   <div class='ocr_carea' id='block_1_42' title="bbox 405 2643 1991 2710">
    <p class='ocr_par' dir='ltr' id='par_1_42' title="bbox 405 2643 1991 2710">
     <span class='ocr_line' id='line_1_42' title="bbox 405 2643 1991 2710; baseline 0.009 -14"><span class='ocrx_word' id='word_1_326' title='bbox 405 2652 555 2697; x_wconf 87' lang='lat' dir='ltr'><strong>stare</strong></span> <span class='ocrx_word' id='word_1_327' title='bbox 572 2643 846 2700; x_wconf 90' lang='lat' dir='ltr'><strong>hominem</strong></span> <span class='ocrx_word' id='word_1_328' title='bbox 865 2648 1145 2704; x_wconf 89' lang='lat' dir='ltr'><strong>censuisse</strong></span> <span class='ocrx_word' id='word_1_329' title='bbox 1162 2650 1275 2705; x_wconf 87' lang='lat' dir='ltr'><strong>Ada</strong></span> <span class='ocrx_word' id='word_1_330' title='bbox 1287 2652 1551 2707; x_wconf 91' lang='lat' dir='ltr'><strong>mantium</strong></span> <span class='ocrx_word' id='word_1_331' title='bbox 1570 2654 1832 2709; x_wconf 87' lang='lat' dir='ltr'><strong>dicamus.</strong></span> <span class='ocrx_word' id='word_1_332' title='bbox 1854 2654 1991 2710; x_wconf 84' lang='lat' dir='ltr'><strong>Nam</strong></span> 
     </span>
    </p>
   </div>
   <div class='ocr_carea' id='block_1_43' title="bbox 403 2734 1990 2816">
    <p class='ocr_par' dir='ltr' id='par_1_43' title="bbox 403 2734 1990 2816">
     <span class='ocr_line' id='line_1_43' title="bbox 403 2734 1990 2816; baseline 0.009 -29"><span class='ocrx_word' id='word_1_333' title='bbox 403 2735 447 2787; x_wconf 88' lang='lat' dir='ltr'><strong>si</strong></span> <span class='ocrx_word' id='word_1_334' title='bbox 475 2734 670 2791; x_wconf 72' lang='lat' dir='ltr'><strong>animae</strong></span> <span class='ocrx_word' id='word_1_335' title='bbox 701 2737 980 2794; x_wconf 83' lang='lat' dir='ltr'><strong>vinculum</strong></span> <span class='ocrx_word' id='word_1_336' title='bbox 1033 2750 1089 2795; x_wconf 91' lang='lat' dir='ltr'><strong>et</strong></span> <span class='ocrx_word' id='word_1_337' title='bbox 1134 2755 1327 2798; x_wconf 90' lang='lat' dir='ltr'><strong>carcer</strong></span> <span class='ocrx_word' id='word_1_338' title='bbox 1364 2758 1563 2813; x_wconf 89' lang='lat' dir='ltr'><strong>corpus</strong></span> <span class='ocrx_word' id='word_1_339' title='bbox 1585 2754 1689 2812; x_wconf 89' lang='lat' dir='ltr'><strong>est,</strong></span> <span class='ocrx_word' id='word_1_340' title='bbox 1721 2747 1815 2816; x_wconf 87' lang='lat' dir='ltr'><strong>qui</strong></span> <span class='ocrx_word' id='word_1_341' title='bbox 1862 2762 1990 2816; x_wconf 88' lang='lat' dir='ltr'><strong>pars</strong></span> 
     </span>
    </p>
   </div>
   <div class='ocr_carea' id='block_1_44' title="bbox 402 2826 1988 2909">
    <p class='ocr_par' dir='ltr' id='par_1_44' title="bbox 402 2826 1988 2909">
     <span class='ocr_line' id='line_1_44' title="bbox 402 2826 1988 2909; baseline 0.009 -29"><span class='ocrx_word' id='word_1_342' title='bbox 402 2826 679 2882; x_wconf 88' lang='lat' dir='ltr'><strong>hominem</strong></span> <span class='ocrx_word' id='word_1_343' title='bbox 713 2844 1046 2901; x_wconf 87' lang='lat' dir='ltr'><strong>componens</strong></span> <span class='ocrx_word' id='word_1_344' title='bbox 1072 2834 1374 2890; x_wconf 80' lang='lat' dir='ltr'><strong>existimari</strong></span> <span class='ocrx_word' id='word_1_345' title='bbox 1395 2838 1635 2907; x_wconf 78' lang='lat' dir='ltr'><strong>poterit?</strong></span> <span class='ocrx_word' id='word_1_346' title='bbox 1664 2838 1988 2909; x_wconf 85' lang='lat' dir='ltr'><strong>Quanquam</strong></span> 
     </span>
    </p>
   </div>
   <div class='ocr_carea' id='block_1_45' title="bbox 402 2919 1983 2992">
    <p class='ocr_par' dir='ltr' id='par_1_45' title="bbox 402 2919 1983 2992">
     <span class='ocr_line' id='line_1_45' title="bbox 402 2919 1983 2992; baseline 0.009 -21"><span class='ocrx_word' id='word_1_347' title='bbox 402 2919 507 2972; x_wconf 85' lang='lat' dir='ltr'><strong>alia</strong></span> <span class='ocrx_word' id='word_1_348' title='bbox 537 2920 721 2974; x_wconf 86' lang='lat' dir='ltr'><strong>omnia</strong></span> <span class='ocrx_word' id='word_1_349' title='bbox 747 2924 899 2992; x_wconf 91' lang='lat' dir='ltr'><strong>sequi</strong></span> <span class='ocrx_word' id='word_1_350' title='bbox 925 2924 1141 2979; x_wconf 89' lang='lat' dir='ltr'><strong>videtur</strong></span> <span class='ocrx_word' id='word_1_351' title='bbox 1174 2926 1366 2981; x_wconf 91' lang='lat' dir='ltr'><strong>homil.</strong></span> <span class='ocrx_word' id='word_1_352' title='bbox 1392 2927 1535 2984; x_wconf 77' lang='lat' dir='ltr'><strong>29in</strong></span> <span class='ocrx_word' id='word_1_353' title='bbox 1561 2928 1694 2985; x_wconf 87' lang='lat' dir='ltr'><strong>Luc.</strong></span> <span class='ocrx_word' id='word_1_354' title='bbox 1722 2946 1846 2985; x_wconf 87' lang='lat' dir='ltr'><strong>cum</strong></span> <span class='ocrx_word' id='word_1_355' title='bbox 1874 2931 1983 2985; x_wconf 86' lang='lat' dir='ltr'><strong>ait:</strong></span> 
     </span>
    </p>
   </div>
   <div class='ocr_carea' id='block_1_46' title="bbox 405 3008 1987 3090">
    <p class='ocr_par' dir='ltr' id='par_1_46' title="bbox 405 3008 1987 3090">
     <span class='ocr_line' id='line_1_46' title="bbox 405 3008 1987 3090; baseline 0.009 -29"><span class='ocrx_word' id='word_1_356' title='bbox 405 3026 425 3059; x_wconf 70' lang='grc' dir='ltr'>ι</span> <span class='ocrx_word' id='word_1_357' title='bbox 462 3008 653 3066; x_wconf 87' lang='lat' dir='ltr'><strong>Omnis</strong></span> <span class='ocrx_word' id='word_1_358' title='bbox 682 3012 845 3068; x_wconf 92' lang='lat' dir='ltr'><strong>homo</strong></span> <span class='ocrx_word' id='word_1_359' title='bbox 880 3015 1048 3069; x_wconf 85' lang='lat' dir='ltr'><strong>morti</strong></span> <span class='ocrx_word' id='word_1_360' title='bbox 1080 3015 1367 3085; x_wconf 88' lang='lat' dir='ltr'><strong>subjacet;</strong></span> <span class='ocrx_word' id='word_1_361' title='bbox 1423 3019 1528 3074; x_wconf 91' lang='lat' dir='ltr'><strong>iste</strong></span> <span class='ocrx_word' id='word_1_362' title='bbox 1577 3036 1707 3090; x_wconf 87' lang='lat' dir='ltr'><strong>ergo</strong></span> <span class='ocrx_word' id='word_1_363' title='bbox 1738 3022 1831 3089; x_wconf 90' lang='lat' dir='ltr'><strong>qui</strong></span> <span class='ocrx_word' id='word_1_364' title='bbox 1888 3037 1987 3076; x_wconf 89' lang='lat' dir='ltr'><strong>ne-</strong></span> 
     </span>
    </p>
   </div>
   <div class='ocr_carea' id='block_1_47' title="bbox 399 3106 1976 3177">
    <p class='ocr_par' dir='ltr' id='par_1_47' title="bbox 399 3106 1976 3177">
     <span class='ocr_line' id='line_1_47' title="bbox 399 3106 1976 3177; baseline 0.007 -22"><span class='ocrx_word' id='word_1_365' title='bbox 399 3118 675 3174; x_wconf 88' lang='lat' dir='ltr'><strong>quaquam</strong></span> <span class='ocrx_word' id='word_1_366' title='bbox 702 3106 953 3173; x_wconf 88' lang='lat' dir='ltr'><strong>moritur,</strong></span> <span class='ocrx_word' id='word_1_367' title='bbox 968 3107 1081 3176; x_wconf 89' lang='lat' dir='ltr'><strong>jam</strong></span> <span class='ocrx_word' id='word_1_368' title='bbox 1103 3123 1206 3163; x_wconf 88' lang='lat' dir='ltr'><strong>non</strong></span> <span class='ocrx_word' id='word_1_369' title='bbox 1230 3117 1316 3163; x_wconf 91' lang='lat' dir='ltr'><strong>est</strong></span> <span class='ocrx_word' id='word_1_370' title='bbox 1340 3110 1525 3177; x_wconf 92' lang='lat' dir='ltr'><strong>homo,</strong></span> <span class='ocrx_word' id='word_1_371' title='bbox 1555 3114 1648 3166; x_wconf 91' lang='lat' dir='ltr'><strong>sed</strong></span> <span class='ocrx_word' id='word_1_372' title='bbox 1666 3111 1809 3167; x_wconf 90' lang='lat' dir='ltr'><strong>Deus</strong></span> <span class='ocrx_word' id='word_1_373' title='bbox 1824 3122 1909 3169; x_wconf 89' lang='lat' dir='ltr'><strong>est</strong></span> <span class='ocrx_word' id='word_1_374' title='bbox 1929 3129 1976 3177; x_wconf 75' lang='grc' dir='ltr'><strong>;ι</strong></span> 
     </span>
    </p>
   </div>
   <div class='ocr_carea' id='block_1_48' title="bbox 398 3197 2052 3297">
    <p class='ocr_par' dir='ltr' id='par_1_48' title="bbox 398 3197 2052 3297">
     <span class='ocr_line' id='line_1_48' title="bbox 398 3197 2052 3297; baseline 0.008 -48"><span class='ocrx_word' id='word_1_375' title='bbox 398 3212 561 3264; x_wconf 89' lang='lat' dir='ltr'><strong>quem</strong></span> <span class='ocrx_word' id='word_1_376' title='bbox 588 3197 769 3253; x_wconf 85' lang='lat' dir='ltr'><strong>locum</strong></span> <span class='ocrx_word' id='word_1_377' title='bbox 792 3199 1077 3255; x_wconf 88' lang='lat' dir='ltr'><strong>attulimus</strong></span> <span class='ocrx_word' id='word_1_378' title='bbox 1104 3216 1294 3272; x_wconf 88' lang='lat' dir='ltr'><strong>supra,</strong></span> <span class='ocrx_word' id='word_1_379' title='bbox 1324 3216 1446 3257; x_wconf 90' lang='lat' dir='ltr'><strong>cum</strong></span> <span class='ocrx_word' id='word_1_380' title='bbox 1478 3204 1884 3275; x_wconf 81' lang='lat' dir='ltr'><strong>disputaremus</strong></span> <span class='ocrx_word' id='word_1_381' title='bbox 1912 3222 1980 3261; x_wconf 91' lang='lat' dir='ltr'><strong>an</strong></span> <span class='ocrx_word' id='word_1_382' title='bbox 2009 3238 2052 3297; x_wconf 66' lang='grc' dir='ltr'>ο</span> 
     </span>
    </p>
   </div>
   <div class='ocr_carea' id='block_1_49' title="bbox 399 3289 1983 3366">
    <p class='ocr_par' dir='ltr' id='par_1_49' title="bbox 399 3289 1983 3366">
     <span class='ocr_line' id='line_1_49' title="bbox 399 3289 1983 3366; baseline 0.006 -24"><span class='ocrx_word' id='word_1_383' title='bbox 399 3289 701 3344; x_wconf 88' lang='lat' dir='ltr'><strong>crediderit</strong></span> <span class='ocrx_word' id='word_1_384' title='bbox 752 3290 1028 3346; x_wconf 86' lang='lat' dir='ltr'><strong>Christum</strong></span> <span class='ocrx_word' id='word_1_385' title='bbox 1077 3294 1355 3349; x_wconf 92' lang='lat' dir='ltr'><strong>hominem</strong></span> <span class='ocrx_word' id='word_1_386' title='bbox 1398 3309 1523 3351; x_wconf 88' lang='lat' dir='ltr'><strong>esse</strong></span> <span class='ocrx_word' id='word_1_387' title='bbox 1554 3297 1785 3352; x_wconf 90' lang='lat' dir='ltr'><strong>desiisse</strong></span> <span class='ocrx_word' id='word_1_388' title='bbox 1835 3307 1983 3366; x_wconf 89' lang='lat' dir='ltr'><strong>post—</strong></span> 
     </span>
    </p>
   </div>
   <div class='ocr_carea' id='block_1_50' title="bbox 397 3383 1980 3455">
    <p class='ocr_par' dir='ltr' id='par_1_50' title="bbox 397 3383 1980 3455">
     <span class='ocr_line' id='line_1_50' title="bbox 397 3383 1980 3455; baseline 0.009 -23"><span class='ocrx_word' id='word_1_389' title='bbox 397 3395 557 3448; x_wconf 91' lang='lat' dir='ltr'><strong>quam</strong></span> <span class='ocrx_word' id='word_1_390' title='bbox 588 3390 833 3437; x_wconf 86' lang='lat' dir='ltr'><strong>mortuus</strong></span> <span class='ocrx_word' id='word_1_391' title='bbox 864 3391 965 3438; x_wconf 89' lang='lat' dir='ltr'><strong>est.</strong></span> <span class='ocrx_word' id='word_1_392' title='bbox 1005 3383 1284 3440; x_wconf 87' lang='lat' dir='ltr'><strong>Christum</strong></span> <span class='ocrx_word' id='word_1_393' title='bbox 1329 3386 1401 3441; x_wconf 91' lang='lat' dir='ltr'><strong>ibi</strong></span> <span class='ocrx_word' id='word_1_394' title='bbox 1427 3386 1539 3455; x_wconf 84' lang='lat' dir='ltr'><strong>jam</strong></span> <span class='ocrx_word' id='word_1_395' title='bbox 1569 3389 1845 3444; x_wconf 88' lang='lat' dir='ltr'><strong>hominem</strong></span> <span class='ocrx_word' id='word_1_396' title='bbox 1873 3406 1980 3446; x_wconf 91' lang='lat' dir='ltr'><strong>non</strong></span> 
     </span>
    </p>
   </div>
   <div class='ocr_carea' id='block_1_51' title="bbox 394 3474 1980 3555">
    <p class='ocr_par' dir='ltr' id='par_1_51' title="bbox 394 3474 1980 3555">
     <span class='ocr_line' id='line_1_51' title="bbox 394 3474 1980 3555; baseline 0.008 -28"><span class='ocrx_word' id='word_1_397' title='bbox 394 3483 516 3528; x_wconf 61' lang='lat' dir='ltr'><strong>esse</strong></span> <span class='ocrx_word' id='word_1_398' title='bbox 544 3474 799 3539; x_wconf 75' lang='lat' dir='ltr'><strong>afﬁrmat,</strong></span> <span class='ocrx_word' id='word_1_399' title='bbox 820 3478 945 3545; x_wconf 90' lang='lat' dir='ltr'><strong>quia</strong></span> <span class='ocrx_word' id='word_1_400' title='bbox 978 3477 1137 3531; x_wconf 91' lang='lat' dir='ltr'><strong>morti</strong></span> <span class='ocrx_word' id='word_1_401' title='bbox 1166 3477 1279 3547; x_wconf 86' lang='lat' dir='ltr'><strong>jam</strong></span> <span class='ocrx_word' id='word_1_402' title='bbox 1307 3481 1539 3555; x_wconf 81' lang='lat' dir='ltr'><strong>amplius</strong></span> <span class='ocrx_word' id='word_1_403' title='bbox 1568 3483 1839 3539; x_wconf 84' lang='lat' dir='ltr'><strong>obnoxius</strong></span> <span class='ocrx_word' id='word_1_404' title='bbox 1872 3499 1980 3539; x_wconf 90' lang='lat' dir='ltr'><strong>non</strong></span> 
     </span>
    </p>
   </div>
   <div class='ocr_carea' id='block_1_52' title="bbox 395 3567 1984 3639">
    <p class='ocr_par' dir='ltr' id='par_1_52' title="bbox 395 3567 1984 3639">
     <span class='ocr_line' id='line_1_52' title="bbox 395 3567 1984 3639; baseline 0.008 -21"><span class='ocrx_word' id='word_1_405' title='bbox 395 3576 518 3619; x_wconf 82' lang='lat' dir='ltr'><strong>est:</strong></span> <span class='ocrx_word' id='word_1_406' title='bbox 554 3567 807 3637; x_wconf 83' lang='lat' dir='ltr'><strong>quisquis</strong></span> <span class='ocrx_word' id='word_1_407' title='bbox 836 3583 968 3637; x_wconf 87' lang='lat' dir='ltr'><strong>ergo</strong></span> <span class='ocrx_word' id='word_1_408' title='bbox 1009 3569 1146 3624; x_wconf 93' lang='lat' dir='ltr'><strong>mori</strong></span> <span class='ocrx_word' id='word_1_409' title='bbox 1176 3586 1285 3625; x_wconf 90' lang='lat' dir='ltr'><strong>non</strong></span> <span class='ocrx_word' id='word_1_410' title='bbox 1319 3582 1520 3639; x_wconf 83' lang='lat' dir='ltr'><strong>potest,</strong></span> <span class='ocrx_word' id='word_1_411' title='bbox 1565 3574 1730 3630; x_wconf 91' lang='lat' dir='ltr'><strong>homo</strong></span> <span class='ocrx_word' id='word_1_412' title='bbox 1766 3591 1871 3630; x_wconf 89' lang='lat' dir='ltr'><strong>non</strong></span> <span class='ocrx_word' id='word_1_413' title='bbox 1898 3584 1984 3632; x_wconf 89' lang='lat' dir='ltr'><strong>est</strong></span> 
     </span>
    </p>
   </div>
   <div class='ocr_carea' id='block_1_53' title="bbox 394 3656 1981 3738">
    <p class='ocr_par' dir='ltr' id='par_1_53' title="bbox 394 3656 1981 3738">
     <span class='ocr_line' id='line_1_53' title="bbox 394 3656 1981 3738; baseline 0.008 -26"><span class='ocrx_word' id='word_1_414' title='bbox 394 3674 463 3712; x_wconf 78' lang='lat' dir='ltr'><strong>ex</strong></span> <span class='ocrx_word' id='word_1_415' title='bbox 496 3656 748 3728; x_wconf 88' lang='lat' dir='ltr'><strong>Origenis</strong></span> <span class='ocrx_word' id='word_1_416' title='bbox 783 3661 1093 3715; x_wconf 90' lang='lat' dir='ltr'><strong>sententia:</strong></span> <span class='ocrx_word' id='word_1_417' title='bbox 1133 3671 1190 3716; x_wconf 90' lang='lat' dir='ltr'><strong>at</strong></span> <span class='ocrx_word' id='word_1_418' title='bbox 1221 3665 1404 3718; x_wconf 86' lang='lat' dir='ltr'><strong>anima</strong></span> <span class='ocrx_word' id='word_1_419' title='bbox 1454 3665 1695 3721; x_wconf 86' lang='lat' dir='ltr'><strong>humana</strong></span> <span class='ocrx_word' id='word_1_420' title='bbox 1751 3683 1981 3738; x_wconf 86' lang='lat' dir='ltr'><strong>corpore</strong></span> 
     </span>
    </p>
   </div>
   <div class='ocr_carea' id='block_1_54' title="bbox 395 3750 1980 3828">
    <p class='ocr_par' dir='ltr' id='par_1_54' title="bbox 395 3750 1980 3828">
     <span class='ocr_line' id='line_1_54' title="bbox 395 3750 1980 3828; baseline 0.008 -26"><span class='ocrx_word' id='word_1_421' title='bbox 395 3750 645 3819; x_wconf 78' lang='lat' dir='ltr'><strong>sejuncta</strong></span> <span class='ocrx_word' id='word_1_422' title='bbox 681 3751 819 3805; x_wconf 90' lang='lat' dir='ltr'><strong>mori</strong></span> <span class='ocrx_word' id='word_1_423' title='bbox 863 3768 969 3806; x_wconf 92' lang='lat' dir='ltr'><strong>non</strong></span> <span class='ocrx_word' id='word_1_424' title='bbox 993 3762 1211 3822; x_wconf 89' lang='lat' dir='ltr'><strong>potest:</strong></span> <span class='ocrx_word' id='word_1_425' title='bbox 1242 3756 1426 3812; x_wconf 89' lang='lat' dir='ltr'><strong>anima</strong></span> <span class='ocrx_word' id='word_1_426' title='bbox 1468 3757 1633 3828; x_wconf 78' lang='lat' dir='ltr'><strong>igitur</strong></span> <span class='ocrx_word' id='word_1_427' title='bbox 1661 3774 1727 3813; x_wconf 87' lang='lat' dir='ltr'><strong>ex</strong></span> <span class='ocrx_word' id='word_1_428' title='bbox 1760 3761 1980 3815; x_wconf 90' lang='lat' dir='ltr'><strong>decreto</strong></span> 
     </span>
    </p>
   </div>
   <div class='ocr_carea' id='block_1_55' title="bbox 394 3840 1976 3920">
    <p class='ocr_par' dir='ltr' id='par_1_55' title="bbox 394 3840 1976 3920">
     <span class='ocr_line' id='line_1_55' title="bbox 394 3840 1976 3920; baseline 0.005 -22"><span class='ocrx_word' id='word_1_429' title='bbox 394 3840 647 3912; x_wconf 89' lang='lat' dir='ltr'><strong>Origenis</strong></span> <span class='ocrx_word' id='word_1_430' title='bbox 678 3843 838 3898; x_wconf 92' lang='lat' dir='ltr'><strong>homo</strong></span> <span class='ocrx_word' id='word_1_431' title='bbox 860 3860 965 3899; x_wconf 91' lang='lat' dir='ltr'><strong>non</strong></span> <span class='ocrx_word' id='word_1_432' title='bbox 989 3854 1090 3899; x_wconf 89' lang='lat' dir='ltr'><strong>est.</strong></span> <span class='ocrx_word' id='word_1_433' title='bbox 1114 3846 1269 3912; x_wconf 87' lang='lat' dir='ltr'><strong>Quod</strong></span> <span class='ocrx_word' id='word_1_434' title='bbox 1311 3849 1516 3919; x_wconf 84' lang='lat' dir='ltr'><strong>absque</strong></span> <span class='ocrx_word' id='word_1_435' title='bbox 1568 3849 1798 3920; x_wconf 80' lang='lat' dir='ltr'><strong>ambage</strong></span> <span class='ocrx_word' id='word_1_436' title='bbox 1822 3866 1976 3906; x_wconf 85' lang='lat' dir='ltr'><strong>asse-</strong></span> 
     </span>
    </p>
   </div>
   <div class='ocr_carea' id='block_1_56' title="bbox 392 3932 1979 4011">
    <p class='ocr_par' dir='ltr' id='par_1_56' title="bbox 392 3932 1979 4011">
     <span class='ocr_line' id='line_1_56' title="bbox 392 3932 1979 4011; baseline 0.009 -27"><span class='ocrx_word' id='word_1_437' title='bbox 392 3932 487 3996; x_wconf 89' lang='lat' dir='ltr'><strong>rit,</strong></span> <span class='ocrx_word' id='word_1_438' title='bbox 526 3933 640 3988; x_wconf 68' lang='lat' dir='ltr'><strong>haec</strong></span> <span class='ocrx_word' id='word_1_439' title='bbox 674 3935 838 3988; x_wconf 88' lang='lat' dir='ltr'><strong>verba</strong></span> <span class='ocrx_word' id='word_1_440' title='bbox 864 3936 1058 4004; x_wconf 90' lang='lat' dir='ltr'><strong>psalmi</strong></span> <span class='ocrx_word' id='word_1_441' title='bbox 1087 3952 1280 4001; x_wconf 83' lang='lat' dir='ltr'><strong>cxvm,</strong></span> <span class='ocrx_word' id='word_1_442' title='bbox 1310 3953 1453 3993; x_wconf 90' lang='lat' dir='ltr'><strong>vers.</strong></span> <span class='ocrx_word' id='word_1_443' title='bbox 1490 3940 1582 4007; x_wconf 87' lang='lat'><strong>50,</strong></span> <span class='ocrx_word' id='word_1_444' title='bbox 1610 3943 1979 4011; x_wconf 90' lang='lat' dir='ltr'><strong>interpretans</strong></span> 
     </span>
    </p>
   </div>
   <div class='ocr_carea' id='block_1_57' title="bbox 394 4023 1978 4099">
    <p class='ocr_par' dir='ltr' id='par_1_57' title="bbox 394 4023 1978 4099">
     <span class='ocr_line' id='line_1_57' title="bbox 394 4023 1978 4099; baseline 0.008 -22"><span class='ocrx_word' id='word_1_445' title='bbox 394 4024 445 4077; x_wconf 92' lang='lat' dir='ltr'><strong>in</strong></span> <span class='ocrx_word' id='word_1_446' title='bbox 470 4023 675 4077; x_wconf 88' lang='lat' dir='ltr'><strong>Catena</strong></span> <span class='ocrx_word' id='word_1_447' title='bbox 712 4025 1071 4091; x_wconf 88' lang='lat' dir='ltr'><strong>Corderiana,</strong></span> <span class='ocrx_word' id='word_1_448' title='bbox 1101 4044 1227 4099; x_wconf 85' lang='lat' dir='ltr'><strong>pag.</strong></span> <span class='ocrx_word' id='word_1_449' title='bbox 1252 4029 1399 4086; x_wconf 71' lang='lat'><strong>809.:</strong></span> <span class='ocrx_word' id='word_1_450' title='bbox 1432 4029 1562 4085; x_wconf 66' lang='lat' dir='ltr'><strong>Ila’c</strong></span> <span class='ocrx_word' id='word_1_451' title='bbox 1594 4050 1673 4086; x_wconf 84' lang='lat' dir='ltr'><strong>me</strong></span> <span class='ocrx_word' id='word_1_452' title='bbox 1703 4035 1978 4090; x_wconf 74' lang='lat' dir='ltr'><strong>consolati:</strong></span> 
     </span>
    </p>
   </div>
   <div class='ocr_carea' id='block_1_58' title="bbox 390 4116 1976 4196">
    <p class='ocr_par' dir='ltr' id='par_1_58' title="bbox 390 4116 1976 4196">
     <span class='ocr_line' id='line_1_58' title="bbox 390 4116 1976 4196; baseline 0.009 -29"><span class='ocrx_word' id='word_1_453' title='bbox 390 4126 469 4168; x_wconf 75' lang='lat' dir='ltr'><strong>est</strong></span> <span class='ocrx_word' id='word_1_454' title='bbox 501 4116 555 4169; x_wconf 85' lang='lat' dir='ltr'><strong>in</strong></span> <span class='ocrx_word' id='word_1_455' title='bbox 585 4116 888 4171; x_wconf 81' lang='lat' dir='ltr'><strong>humilitate</strong></span> <span class='ocrx_word' id='word_1_456' title='bbox 916 4136 1052 4174; x_wconf 89' lang='lat' dir='ltr'><strong>mea.</strong></span> <span class='ocrx_word' id='word_1_457' title='bbox 1074 4120 1195 4192; x_wconf 84' lang='grc' dir='ltr'><strong>Ζωὴ</strong></span> <span class='ocrx_word' id='word_1_458' title='bbox 1223 4124 1255 4192; x_wconf 83' lang='grc' dir='ltr'>ὴ</span> <span class='ocrx_word' id='word_1_459' title='bbox 1293 4122 1581 4191; x_wconf 83' lang='grc' dir='ltr'><strong>μέλλουσα,</strong></span> <span class='ocrx_word' id='word_1_460' title='bbox 1613 4126 1808 4196; x_wconf 78' lang='lat' dir='ltr'><strong>inquit,</strong></span> <span class='ocrx_word' id='word_1_461' title='bbox 1828 4126 1976 4182; x_wconf 82' lang='grc' dir='ltr'><strong>ἔστιν</strong></span> 
     </span>
    </p>
   </div>
   <div class='ocr_carea' id='block_1_59' title="bbox 389 4206 1975 4289">
    <p class='ocr_par' dir='ltr' id='par_1_59' title="bbox 389 4206 1975 4289">
     <span class='ocr_line' id='line_1_59' title="bbox 389 4206 1975 4289; baseline 0.009 -29"><span class='ocrx_word' id='word_1_462' title='bbox 389 4206 729 4272; x_wconf 82' lang='grc' dir='ltr'><strong>ἁναζώωσις,</strong></span> <span class='ocrx_word' id='word_1_463' title='bbox 766 4208 903 4262; x_wconf 81' lang='grc' dir='ltr'>καθὸ</span> <span class='ocrx_word' id='word_1_464' title='bbox 929 4211 1030 4284; x_wconf 82' lang='grc' dir='ltr'><strong>τὴν</strong></span> <span class='ocrx_word' id='word_1_465' title='bbox 1071 4211 1269 4284; x_wconf 77' lang='grc' dir='ltr'><strong>ψυχὴν,</strong></span> <span class='ocrx_word' id='word_1_466' title='bbox 1321 4216 1422 4269; x_wconf 76' lang='grc' dir='ltr'><strong>οὐκ</strong></span> <span class='ocrx_word' id='word_1_467' title='bbox 1459 4216 1594 4270; x_wconf 80' lang='grc' dir='ltr'>ἰδίαν</span> <span class='ocrx_word' id='word_1_468' title='bbox 1626 4216 1806 4289; x_wconf 80' lang='grc' dir='ltr'><strong>ζωὴν,</strong></span> <span class='ocrx_word' id='word_1_469' title='bbox 1852 4222 1975 4275; x_wconf 79' lang='grc' dir='ltr'><strong>οὐδὲ</strong></span> 
     </span>
    </p>
   </div>
   <div class='ocr_carea' id='block_1_60' title="bbox 389 4298 1971 4387">
    <p class='ocr_par' dir='ltr' id='par_1_60' title="bbox 389 4298 1971 4387">
     <span class='ocr_line' id='line_1_60' title="bbox 389 4298 1971 4387; baseline 0.009 -35"><span class='ocrx_word' id='word_1_470' title='bbox 389 4300 562 4371; x_wconf 82' lang='grc' dir='ltr'><strong>ἀληθῆ</strong></span> <span class='ocrx_word' id='word_1_471' title='bbox 591 4298 730 4354; x_wconf 83' lang='grc' dir='ltr'>εἶναι</span> <span class='ocrx_word' id='word_1_472' title='bbox 753 4302 1119 4375; x_wconf 78' lang='grc' dir='ltr'><strong>μανθάνομεν,</strong></span> <span class='ocrx_word' id='word_1_473' title='bbox 1138 4305 1296 4378; x_wconf 77' lang='grc' dir='ltr'>εἴπερ</span> <span class='ocrx_word' id='word_1_474' title='bbox 1310 4307 1411 4361; x_wconf 81' lang='grc' dir='ltr'>οὐκ</span> <span class='ocrx_word' id='word_1_475' title='bbox 1436 4308 1717 4381; x_wconf 80' lang='grc' dir='ltr'><strong>ἄνθρωπος</strong></span> <span class='ocrx_word' id='word_1_476' title='bbox 1742 4314 1775 4384; x_wconf 83' lang='grc' dir='ltr'>ἡ</span> <span class='ocrx_word' id='word_1_477' title='bbox 1798 4313 1971 4387; x_wconf 74' lang='grc' dir='ltr'><strong>,ψυχή’</strong></span> 
     </span>
    </p>
   </div>
   <div class='ocr_carea' id='block_1_61' title="bbox 385 4392 1970 4479">
    <p class='ocr_par' dir='ltr' id='par_1_61' title="bbox 385 4392 1970 4479">
     <span class='ocr_line' id='line_1_61' title="bbox 385 4392 1970 4479; baseline 0.01 -34"><span class='ocrx_word' id='word_1_478' title='bbox 385 4396 436 4447; x_wconf 74' lang='grc' dir='ltr'>εἰ</span> <span class='ocrx_word' id='word_1_479' title='bbox 470 4392 579 4466; x_wconf 78' lang='grc' dir='ltr'>γὰρ</span> <span class='ocrx_word' id='word_1_480' title='bbox 606 4396 663 4447; x_wconf 85' lang='grc' dir='ltr'><strong>ὲν</strong></span> <span class='ocrx_word' id='word_1_481' title='bbox 685 4398 751 4467; x_wconf 80' lang='grc' dir='ltr'><strong>τῇ</strong></span> <span class='ocrx_word' id='word_1_482' title='bbox 782 4396 903 4449; x_wconf 83' lang='grc' dir='ltr'>καθ’</span> <span class='ocrx_word' id='word_1_483' title='bbox 930 4398 1130 4467; x_wconf 79' lang='grc' dir='ltr'><strong>ἑαυτὴν</strong></span> <span class='ocrx_word' id='word_1_484' title='bbox 1153 4396 1265 4470; x_wconf 70' lang='grc' dir='ltr'><strong>ζωῇ</strong></span> <span class='ocrx_word' id='word_1_485' title='bbox 1288 4400 1349 4453; x_wconf 78' lang='grc' dir='ltr'>τὸ</span> <span class='ocrx_word' id='word_1_486' title='bbox 1365 4401 1565 4471; x_wconf 80' lang='grc' dir='ltr'><strong>ἀληθὲς</strong></span> <span class='ocrx_word' id='word_1_487' title='bbox 1590 4400 1705 4475; x_wconf 88' lang='grc' dir='ltr'>εἶχε</span> <span class='ocrx_word' id='word_1_488' title='bbox 1729 4406 1821 4459; x_wconf 81' lang='grc' dir='ltr'><strong>τοῦ</strong></span> <span class='ocrx_word' id='word_1_489' title='bbox 1850 4408 1970 4479; x_wconf 79' lang='grc' dir='ltr'><strong>ζῇν,</strong></span> 
     </span>
    </p>
   </div>
   <div class='ocr_carea' id='block_1_62' title="bbox 384 4487 1971 4561">
    <p class='ocr_par' dir='ltr' id='par_1_62' title="bbox 384 4487 1971 4561">
     <span class='ocr_line' id='line_1_62' title="bbox 384 4487 1971 4561; baseline 0.01 -22"><span class='ocrx_word' id='word_1_490' title='bbox 384 4488 486 4541; x_wconf 67' lang='grc' dir='ltr'><strong>Οὐκ</strong></span> <span class='ocrx_word' id='word_1_491' title='bbox 505 4487 571 4541; x_wconf 85' lang='grc' dir='ltr'>ἂν</span> <span class='ocrx_word' id='word_1_492' title='bbox 585 4487 960 4553; x_wconf 79' lang='grc' dir='ltr'><strong>ἀναξωὼσεως</strong></span> <span class='ocrx_word' id='word_1_493' title='bbox 991 4491 1020 4542; x_wconf 89' lang='grc' dir='ltr'>ὁ</span> <span class='ocrx_word' id='word_1_494' title='bbox 1046 4490 1327 4561; x_wconf 82' lang='grc' dir='ltr'><strong>τεθνηκὼς</strong></span> <span class='ocrx_word' id='word_1_495' title='bbox 1346 4493 1516 4548; x_wconf 83' lang='grc' dir='ltr'>ἐδεῖτο</span> <span class='ocrx_word' id='word_1_496' title='bbox 1536 4512 1549 4525; x_wconf 83' lang='lat'><strong><em>°</em></strong></span> <span class='ocrx_word' id='word_1_497' title='bbox 1579 4496 1658 4549; x_wconf 78' lang='grc' dir='ltr'><strong>διὸ</strong></span> <span class='ocrx_word' id='word_1_498' title='bbox 1683 4499 1778 4552; x_wconf 79' lang='grc' dir='ltr'><strong>καὶ</strong></span> <span class='ocrx_word' id='word_1_499' title='bbox 1807 4501 1835 4553; x_wconf 85' lang='grc' dir='ltr'>ὁ</span> <span class='ocrx_word' id='word_1_500' title='bbox 1865 4499 1971 4555; x_wconf 79' lang='grc' dir='ltr'><strong>Κύ-</strong></span> 
     </span>
    </p>
   </div>
   <div class='ocr_carea' id='block_1_63' title="bbox 2102 1998 3676 2075">
    <p class='ocr_par' dir='ltr' id='par_1_63' title="bbox 2102 1998 3676 2075">
     <span class='ocr_line' id='line_1_63' title="bbox 2102 1998 3676 2075; baseline -0.006 -13"><span class='ocrx_word' id='word_1_501' title='bbox 2102 2004 2351 2075; x_wconf 87' lang='lat' dir='ltr'><strong>sepulcro</strong></span> <span class='ocrx_word' id='word_1_502' title='bbox 2379 2004 2615 2060; x_wconf 85' lang='lat' dir='ltr'><strong>Verbum</strong></span> <span class='ocrx_word' id='word_1_503' title='bbox 2649 2002 2922 2058; x_wconf 87' lang='lat' dir='ltr'><strong>hominem</strong></span> <span class='ocrx_word' id='word_1_504' title='bbox 2948 2001 3163 2054; x_wconf 80' lang='lat' dir='ltr'><strong>fuisse:</strong></span> <span class='ocrx_word' id='word_1_505' title='bbox 3221 1998 3325 2054; x_wconf 87' lang='lat' dir='ltr'><strong>hac</strong></span> <span class='ocrx_word' id='word_1_506' title='bbox 3370 1999 3513 2054; x_wconf 90' lang='lat' dir='ltr'><strong>enim</strong></span> <span class='ocrx_word' id='word_1_507' title='bbox 3585 2013 3676 2053; x_wconf 89' lang='lat' dir='ltr'><strong>ra-</strong></span> 
     </span>
    </p>
   </div>
   <div class='ocr_carea' id='block_1_64' title="bbox 2104 2090 3677 2159">
    <p class='ocr_par' dir='ltr' id='par_1_64' title="bbox 2104 2090 3677 2159">
     <span class='ocr_line' id='line_1_64' title="bbox 2104 2090 3677 2159; baseline -0.003 -8"><span class='ocrx_word' id='word_1_508' title='bbox 2104 2097 2250 2152; x_wconf 87' lang='lat' dir='ltr'><strong>tione</strong></span> <span class='ocrx_word' id='word_1_509' title='bbox 2280 2097 2471 2159; x_wconf 85' lang='lat' dir='ltr'><strong>utitur,</strong></span> <span class='ocrx_word' id='word_1_510' title='bbox 2498 2094 2612 2150; x_wconf 84' lang='lat' dir='ltr'><strong>sola</strong></span> <span class='ocrx_word' id='word_1_511' title='bbox 2655 2095 2833 2149; x_wconf 83' lang='lat' dir='ltr'><strong>anima</strong></span> <span class='ocrx_word' id='word_1_512' title='bbox 2867 2101 3122 2148; x_wconf 70' lang='lat' dir='ltr'><strong>constare</strong></span> <span class='ocrx_word' id='word_1_513' title='bbox 3154 2090 3451 2156; x_wconf 89' lang='lat' dir='ltr'><strong>hominem,</strong></span> <span class='ocrx_word' id='word_1_514' title='bbox 3481 2090 3677 2146; x_wconf 70' lang='lat' dir='ltr'><strong>anima:</strong></span> 
     </span>
    </p>
   </div>
   <div class='ocr_carea' id='block_1_65' title="bbox 2099 2184 3675 2255">
    <p class='ocr_par' dir='ltr' id='par_1_65' title="bbox 2099 2184 3675 2255">
     <span class='ocr_line' id='line_1_65' title="bbox 2099 2184 3675 2255; baseline -0.004 -11"><span class='ocrx_word' id='word_1_515' title='bbox 2099 2199 2280 2244; x_wconf 89' lang='lat' dir='ltr'><strong>autem</strong></span> <span class='ocrx_word' id='word_1_516' title='bbox 2312 2188 2517 2244; x_wconf 81' lang='lat' dir='ltr'><strong>Christi</strong></span> <span class='ocrx_word' id='word_1_517' title='bbox 2543 2203 2572 2242; x_wconf 92' lang='lat' dir='ltr'><strong>a</strong></span> <span class='ocrx_word' id='word_1_518' title='bbox 2597 2202 2826 2255; x_wconf 85' lang='lat' dir='ltr'><strong>corpore</strong></span> <span class='ocrx_word' id='word_1_519' title='bbox 2860 2186 3143 2253; x_wconf 63' lang='lat' dir='ltr'><strong>disi-sactae</strong></span> <span class='ocrx_word' id='word_1_520' title='bbox 3185 2184 3482 2240; x_wconf 57' lang='lat' dir='ltr'><strong>adhaesisse</strong></span> <span class='ocrx_word' id='word_1_521' title='bbox 3534 2184 3675 2240; x_wconf 91' lang='lat' dir='ltr'><strong>Ver-</strong></span> 
     </span>
    </p>
   </div>
   <div class='ocr_carea' id='block_1_66' title="bbox 2101 2274 3672 2349">
    <p class='ocr_par' dir='ltr' id='par_1_66' title="bbox 2101 2274 3672 2349">
     <span class='ocr_line' id='line_1_66' title="bbox 2101 2274 3672 2349; baseline -0.003 -14"><span class='ocrx_word' id='word_1_522' title='bbox 2101 2282 2250 2347; x_wconf 91' lang='lat' dir='ltr'><strong>bum,</strong></span> <span class='ocrx_word' id='word_1_523' title='bbox 2279 2279 2517 2336; x_wconf 83' lang='lat' dir='ltr'><strong>Verbum</strong></span> <span class='ocrx_word' id='word_1_524' title='bbox 2545 2280 2709 2349; x_wconf 82' lang='lat' dir='ltr'><strong>igitur</strong></span> <span class='ocrx_word' id='word_1_525' title='bbox 2738 2277 2907 2332; x_wconf 89' lang='lat' dir='ltr'><strong>nihilo</strong></span> <span class='ocrx_word' id='word_1_526' title='bbox 2936 2277 3115 2332; x_wconf 91' lang='lat' dir='ltr'><strong>minus</strong></span> <span class='ocrx_word' id='word_1_527' title='bbox 3146 2274 3314 2332; x_wconf 85' lang='lat' dir='ltr'><strong>fuisse</strong></span> <span class='ocrx_word' id='word_1_528' title='bbox 3356 2277 3629 2331; x_wconf 89' lang='lat' dir='ltr'><strong>hominem</strong></span> <span class='ocrx_word' id='word_1_529' title='bbox 3655 2315 3672 2341; x_wconf 92' lang='lat'><strong>,</strong></span> 
     </span>
    </p>
   </div>
   <div class='ocr_carea' id='block_1_67' title="bbox 2098 2370 3677 2444">
    <p class='ocr_par' dir='ltr' id='par_1_67' title="bbox 2098 2370 3677 2444">
     <span class='ocr_line' id='line_1_67' title="bbox 2098 2370 3677 2444; baseline -0.001 -16"><span class='ocrx_word' id='word_1_530' title='bbox 2098 2389 2265 2444; x_wconf 85' lang='lat' dir='ltr'><strong>quam</strong></span> <span class='ocrx_word' id='word_1_531' title='bbox 2290 2374 2418 2428; x_wconf 89' lang='lat' dir='ltr'><strong>dum</strong></span> <span class='ocrx_word' id='word_1_532' title='bbox 2444 2373 2625 2428; x_wconf 87' lang='lat' dir='ltr'><strong>anima</strong></span> <span class='ocrx_word' id='word_1_533' title='bbox 2666 2371 2885 2441; x_wconf 91' lang='lat' dir='ltr'><strong>corpori</strong></span> <span class='ocrx_word' id='word_1_534' title='bbox 2935 2379 3084 2426; x_wconf 90' lang='lat' dir='ltr'><strong>esset</strong></span> <span class='ocrx_word' id='word_1_535' title='bbox 3112 2385 3373 2426; x_wconf 84' lang='lat' dir='ltr'><strong>connexa.</strong></span> <span class='ocrx_word' id='word_1_536' title='bbox 3432 2370 3677 2440; x_wconf 87' lang='lat' dir='ltr'><strong>Denique</strong></span> 
     </span>
    </p>
   </div>
   <div class='ocr_carea' id='block_1_68' title="bbox 2096 2465 3682 2537">
    <p class='ocr_par' dir='ltr' id='par_1_68' title="bbox 2096 2465 3682 2537">
     <span class='ocr_line' id='line_1_68' title="bbox 2096 2465 3682 2537; baseline -0.001 -18"><span class='ocrx_word' id='word_1_537' title='bbox 2096 2467 2409 2537; x_wconf 80' lang='lat' dir='ltr'><strong>opiniOnein</strong></span> <span class='ocrx_word' id='word_1_538' title='bbox 2436 2467 2681 2522; x_wconf 82' lang='lat' dir='ltr'><strong>eamdem</strong></span> <span class='ocrx_word' id='word_1_539' title='bbox 2722 2465 2889 2519; x_wconf 89' lang='lat' dir='ltr'><strong>tuitus</strong></span> <span class='ocrx_word' id='word_1_540' title='bbox 2932 2474 3019 2518; x_wconf 89' lang='lat' dir='ltr'><strong>est</strong></span> <span class='ocrx_word' id='word_1_541' title='bbox 3076 2478 3400 2534; x_wconf 91' lang='lat' dir='ltr'><strong>proavorum</strong></span> <span class='ocrx_word' id='word_1_542' title='bbox 3465 2473 3682 2519; x_wconf 84' lang='lat' dir='ltr'><strong>nostro-</strong></span> 
     </span>
    </p>
   </div>
   <div class='ocr_carea' id='block_1_69' title="bbox 2096 2557 3669 2628">
    <p class='ocr_par' dir='ltr' id='par_1_69' title="bbox 2096 2557 3669 2628">
     <span class='ocr_line' id='line_1_69' title="bbox 2096 2557 3669 2628; baseline -0.001 -14"><span class='ocrx_word' id='word_1_543' title='bbox 2096 2576 2217 2614; x_wconf 82' lang='lat' dir='ltr'><strong>rum</strong></span> <span class='ocrx_word' id='word_1_544' title='bbox 2261 2559 2526 2615; x_wconf 89' lang='lat' dir='ltr'><strong>memoria</strong></span> <span class='ocrx_word' id='word_1_545' title='bbox 2563 2559 2891 2614; x_wconf 85' lang='lat' dir='ltr'><strong>Franciscus</strong></span> <span class='ocrx_word' id='word_1_546' title='bbox 2938 2557 3205 2628; x_wconf 85' lang='lat' dir='ltr'><strong>Georgius</strong></span> <span class='ocrx_word' id='word_1_547' title='bbox 3248 2567 3378 2614; x_wconf 65' lang='lat' dir='ltr'><strong>tom.</strong></span> <span class='ocrx_word' id='word_1_548' title='bbox 3406 2557 3462 2624; x_wconf 91' lang='lat' dir='ltr'><strong>l,</strong></span> <span class='ocrx_word' id='word_1_549' title='bbox 3490 2557 3669 2628; x_wconf 87' lang='lat' dir='ltr'><strong>probi.</strong></span> 
     </span>
    </p>
   </div>
   <div class='ocr_carea' id='block_1_70' title="bbox 2092 2653 2305 2719">
    <p class='ocr_par' dir='ltr' id='par_1_70' title="bbox 2092 2653 2305 2719">
     <span class='ocr_line' id='line_1_70' title="bbox 2092 2653 2305 2719; baseline -0.009 -12"><span class='ocrx_word' id='word_1_550' title='bbox 2092 2654 2183 2719; x_wconf 76' lang='grc'><strong>26,</strong></span> <span class='ocrx_word' id='word_1_551' title='bbox 2214 2653 2305 2708; x_wconf 73' lang='grc'><strong>27.</strong></span> 
     </span>
    </p>
   </div>
   <div class='ocr_carea' id='block_1_71' title="bbox 2166 2740 3672 2812">
    <p class='ocr_par' dir='ltr' id='par_1_71' title="bbox 2166 2740 3672 2812">
     <span class='ocr_line' id='line_1_71' title="bbox 2166 2740 3672 2812; baseline -0.001 -15"><span class='ocrx_word' id='word_1_552' title='bbox 2166 2740 2331 2797; x_wconf 84' lang='lat' dir='ltr'><strong>XVII.</strong></span> <span class='ocrx_word' id='word_1_553' title='bbox 2375 2741 2591 2799; x_wconf 91' lang='lat' dir='ltr'><strong>Credita</strong></span> <span class='ocrx_word' id='word_1_554' title='bbox 2648 2742 2737 2798; x_wconf 89' lang='lat' dir='ltr'><strong>illa</strong></span> <span class='ocrx_word' id='word_1_555' title='bbox 2780 2751 2835 2797; x_wconf 92' lang='lat' dir='ltr'><strong>et</strong></span> <span class='ocrx_word' id='word_1_556' title='bbox 2881 2750 3090 2798; x_wconf 88' lang='lat' dir='ltr'><strong>asserta</strong></span> <span class='ocrx_word' id='word_1_557' title='bbox 3141 2742 3210 2798; x_wconf 93' lang='lat' dir='ltr'><strong>ob</strong></span> <span class='ocrx_word' id='word_1_558' title='bbox 3263 2741 3496 2812; x_wconf 89' lang='lat' dir='ltr'><strong>Origene</strong></span> <span class='ocrx_word' id='word_1_559' title='bbox 3553 2741 3672 2795; x_wconf 87' lang='lat' dir='ltr'><strong>ani-</strong></span> 
     </span>
    </p>
   </div>
   <div class='ocr_carea' id='block_1_72' title="bbox 2092 2832 3671 2907">
    <p class='ocr_par' dir='ltr' id='par_1_72' title="bbox 2092 2832 3671 2907">
     <span class='ocr_line' id='line_1_72' title="bbox 2092 2832 3671 2907; baseline -0.001 -19"><span class='ocrx_word' id='word_1_560' title='bbox 2092 2850 2304 2889; x_wconf 88' lang='lat' dir='ltr'><strong>marum</strong></span> <span class='ocrx_word' id='word_1_561' title='bbox 2335 2833 2684 2907; x_wconf 79' lang='grc' dir='ltr'><strong>προΰπαρξις</strong></span> <span class='ocrx_word' id='word_1_562' title='bbox 2710 2834 3021 2890; x_wconf 88' lang='lat' dir='ltr'><strong>earumdem</strong></span> <span class='ocrx_word' id='word_1_563' title='bbox 3056 2849 3275 2904; x_wconf 91' lang='lat' dir='ltr'><strong>quoque</strong></span> <span class='ocrx_word' id='word_1_564' title='bbox 3320 2832 3671 2905; x_wconf 81' lang='grc' dir='ltr'><strong>μετενσωμά-</strong></span> 
     </span>
    </p>
   </div>
   <div class='ocr_carea' id='block_1_73' title="bbox 2089 2924 3666 2994">
    <p class='ocr_par' dir='ltr' id='par_1_73' title="bbox 2089 2924 3666 2994">
     <span class='ocr_line' id='line_1_73' title="bbox 2089 2924 3666 2994; baseline -0.001 -14"><span class='ocrx_word' id='word_1_565' title='bbox 2089 2944 2255 2980; x_wconf 81' lang='grc' dir='ltr'><strong>τωσιν</strong></span> <span class='ocrx_word' id='word_1_566' title='bbox 2281 2942 2381 2982; x_wconf 91' lang='lat' dir='ltr'><strong>cur</strong></span> <span class='ocrx_word' id='word_1_567' title='bbox 2406 2927 2741 2994; x_wconf 88' lang='lat' dir='ltr'><strong>admitteret,</strong></span> <span class='ocrx_word' id='word_1_568' title='bbox 2770 2941 2952 2982; x_wconf 62' lang='lat' dir='ltr'><strong>causa;</strong></span> <span class='ocrx_word' id='word_1_569' title='bbox 2991 2924 3114 2991; x_wconf 79' lang='lat' dir='ltr'><strong>fuit,</strong></span> <span class='ocrx_word' id='word_1_570' title='bbox 3154 2935 3211 2980; x_wconf 92' lang='lat' dir='ltr'><strong>ut</strong></span> <span class='ocrx_word' id='word_1_571' title='bbox 3237 2925 3473 2980; x_wconf 90' lang='lat' dir='ltr'><strong>diximus</strong></span> <span class='ocrx_word' id='word_1_572' title='bbox 3503 2943 3517 2979; x_wconf 88' lang='lat'><strong>:</strong></span> <span class='ocrx_word' id='word_1_573' title='bbox 3542 2939 3666 2980; x_wconf 88' lang='lat' dir='ltr'><strong>nam</strong></span> 
     </span>
    </p>
   </div>
   <div class='ocr_carea' id='block_1_74' title="bbox 2089 3018 3670 3089">
    <p class='ocr_par' dir='ltr' id='par_1_74' title="bbox 2089 3018 3670 3089">
     <span class='ocr_line' id='line_1_74' title="bbox 2089 3018 3670 3089; baseline 0 -16"><span class='ocrx_word' id='word_1_574' title='bbox 2089 3035 2213 3073; x_wconf 92' lang='lat' dir='ltr'><strong>cum</strong></span> <span class='ocrx_word' id='word_1_575' title='bbox 2245 3020 2457 3074; x_wconf 88' lang='lat' dir='ltr'><strong>animas</strong></span> <span class='ocrx_word' id='word_1_576' title='bbox 2476 3035 2575 3088; x_wconf 89' lang='lat' dir='ltr'><strong>pro</strong></span> <span class='ocrx_word' id='word_1_577' title='bbox 2599 3028 2970 3089; x_wconf 88' lang='lat' dir='ltr'><strong>peccatorum,</strong></span> <span class='ocrx_word' id='word_1_578' title='bbox 3007 3018 3340 3073; x_wconf 86' lang='lat' dir='ltr'><strong>virtutumve</strong></span> <span class='ocrx_word' id='word_1_579' title='bbox 3364 3018 3578 3073; x_wconf 92' lang='lat' dir='ltr'><strong>ratione</strong></span> <span class='ocrx_word' id='word_1_580' title='bbox 3611 3029 3670 3073; x_wconf 88' lang='lat' dir='ltr'><strong>et</strong></span> 
     </span>
    </p>
   </div>
   <div class='ocr_carea' id='block_1_75' title="bbox 2089 3110 3668 3180">
    <p class='ocr_par' dir='ltr' id='par_1_75' title="bbox 2089 3110 3668 3180">
     <span class='ocr_line' id='line_1_75' title="bbox 2089 3110 3668 3180; baseline 0.001 -16"><span class='ocrx_word' id='word_1_581' title='bbox 2089 3111 2272 3175; x_wconf 91' lang='lat' dir='ltr'><strong>modo,</strong></span> <span class='ocrx_word' id='word_1_582' title='bbox 2305 3110 2389 3165; x_wconf 89' lang='lat' dir='ltr'><strong>vel</strong></span> <span class='ocrx_word' id='word_1_583' title='bbox 2408 3110 2720 3180; x_wconf 88' lang='lat' dir='ltr'><strong>angelorum</strong></span> <span class='ocrx_word' id='word_1_584' title='bbox 2746 3112 3009 3180; x_wconf 90' lang='lat' dir='ltr'><strong>consequi</strong></span> <span class='ocrx_word' id='word_1_585' title='bbox 3039 3111 3378 3178; x_wconf 83' lang='lat' dir='ltr'><strong>dignitatem,</strong></span> <span class='ocrx_word' id='word_1_586' title='bbox 3408 3111 3489 3165; x_wconf 88' lang='lat' dir='ltr'><strong>vel</strong></span> <span class='ocrx_word' id='word_1_587' title='bbox 3517 3124 3668 3165; x_wconf 87' lang='lat' dir='ltr'><strong>cras-</strong></span> 
     </span>
    </p>
   </div>
   <div class='ocr_carea' id='block_1_76' title="bbox 2088 3199 3664 3270">
    <p class='ocr_par' dir='ltr' id='par_1_76' title="bbox 2088 3199 3664 3270">
     <span class='ocr_line' id='line_1_76' title="bbox 2088 3199 3664 3270; baseline -0.001 -15"><span class='ocrx_word' id='word_1_588' title='bbox 2088 3201 2323 3256; x_wconf 89' lang='lat' dir='ltr'><strong>sioribus</strong></span> <span class='ocrx_word' id='word_1_589' title='bbox 2343 3200 2652 3265; x_wconf 90' lang='lat' dir='ltr'><strong>hominum,</strong></span> <span class='ocrx_word' id='word_1_590' title='bbox 2690 3200 3067 3256; x_wconf 76' lang='lat' dir='ltr'><strong>daemonumve</strong></span> <span class='ocrx_word' id='word_1_591' title='bbox 3096 3200 3415 3270; x_wconf 90' lang='lat' dir='ltr'><strong>corporibus</strong></span> <span class='ocrx_word' id='word_1_592' title='bbox 3428 3199 3664 3266; x_wconf 81' lang='lat' dir='ltr'><strong>adnecti,</strong></span> 
     </span>
    </p>
   </div>
   <div class='ocr_carea' id='block_1_77' title="bbox 2084 3293 3665 3365">
    <p class='ocr_par' dir='ltr' id='par_1_77' title="bbox 2084 3293 3665 3365">
     <span class='ocr_line' id='line_1_77' title="bbox 2084 3293 3665 3365; baseline -0.001 -14"><span class='ocrx_word' id='word_1_593' title='bbox 2084 3306 2140 3351; x_wconf 91' lang='lat' dir='ltr'><strong>et</strong></span> <span class='ocrx_word' id='word_1_594' title='bbox 2173 3303 2432 3365; x_wconf 88' lang='lat' dir='ltr'><strong>perpetua</strong></span> <span class='ocrx_word' id='word_1_595' title='bbox 2484 3302 2701 3349; x_wconf 88' lang='lat' dir='ltr'><strong>utentes</strong></span> <span class='ocrx_word' id='word_1_596' title='bbox 2748 3294 2959 3348; x_wconf 88' lang='lat' dir='ltr'><strong>arbitrii</strong></span> <span class='ocrx_word' id='word_1_597' title='bbox 3012 3293 3296 3359; x_wconf 84' lang='lat' dir='ltr'><strong>libertate,</strong></span> <span class='ocrx_word' id='word_1_598' title='bbox 3331 3294 3528 3348; x_wconf 90' lang='lat' dir='ltr'><strong>iterum</strong></span> <span class='ocrx_word' id='word_1_599' title='bbox 3563 3295 3665 3350; x_wconf 89' lang='lat' dir='ltr'><strong>ite—</strong></span> 
     </span>
    </p>
   </div>
   <div class='ocr_carea' id='block_1_78' title="bbox 2084 3383 3667 3456">
    <p class='ocr_par' dir='ltr' id='par_1_78' title="bbox 2084 3383 3667 3456">
     <span class='ocr_line' id='line_1_78' title="bbox 2084 3383 3667 3456; baseline -0.001 -15"><span class='ocrx_word' id='word_1_600' title='bbox 2084 3401 2314 3456; x_wconf 87' lang='lat' dir='ltr'><strong>rumque</strong></span> <span class='ocrx_word' id='word_1_601' title='bbox 2345 3384 2429 3440; x_wconf 90' lang='lat' dir='ltr'><strong>vel</strong></span> <span class='ocrx_word' id='word_1_602' title='bbox 2454 3393 2601 3440; x_wconf 90' lang='lat' dir='ltr'><strong>recte</strong></span> <span class='ocrx_word' id='word_1_603' title='bbox 2634 3384 2717 3440; x_wconf 88' lang='lat' dir='ltr'><strong>vcl</strong></span> <span class='ocrx_word' id='word_1_604' title='bbox 2748 3383 2887 3439; x_wconf 90' lang='lat' dir='ltr'><strong>male</strong></span> <span class='ocrx_word' id='word_1_605' title='bbox 2907 3399 3070 3453; x_wconf 84' lang='lat' dir='ltr'><strong>agere</strong></span> <span class='ocrx_word' id='word_1_606' title='bbox 3094 3399 3256 3453; x_wconf 90' lang='lat' dir='ltr'><strong>posse</strong></span> <span class='ocrx_word' id='word_1_607' title='bbox 3277 3384 3545 3451; x_wconf 90' lang='lat' dir='ltr'><strong>crederet,</strong></span> <span class='ocrx_word' id='word_1_608' title='bbox 3572 3398 3667 3440; x_wconf 85' lang='lat' dir='ltr'><strong>ne-</strong></span> 
     </span>
    </p>
   </div>
   <div class='ocr_carea' id='block_1_79' title="bbox 2082 3476 3665 3549">
    <p class='ocr_par' dir='ltr' id='par_1_79' title="bbox 2082 3476 3665 3549">
     <span class='ocr_line' id='line_1_79' title="bbox 2082 3476 3665 3549; baseline -0.002 -16"><span class='ocrx_word' id='word_1_609' title='bbox 2082 3480 2321 3535; x_wconf 87' lang='lat' dir='ltr'><strong>cessaria</strong></span> <span class='ocrx_word' id='word_1_610' title='bbox 2353 3486 2796 3549; x_wconf 87' lang='lat' dir='ltr'><strong>argumentorum</strong></span> <span class='ocrx_word' id='word_1_611' title='bbox 2823 3477 3211 3546; x_wconf 86' lang='lat' dir='ltr'><strong>consequentia</strong></span> <span class='ocrx_word' id='word_1_612' title='bbox 3251 3492 3319 3533; x_wconf 89' lang='lat' dir='ltr'><strong>eo</strong></span> <span class='ocrx_word' id='word_1_613' title='bbox 3347 3476 3665 3531; x_wconf 85' lang='lat' dir='ltr'><strong>adduceba-</strong></span> 
     </span>
    </p>
   </div>
   <div class='ocr_carea' id='block_1_80' title="bbox 2083 3557 3662 3637">
    <p class='ocr_par' dir='ltr' id='par_1_80' title="bbox 2083 3557 3662 3637">
     <span class='ocr_line' id='line_1_80' title="bbox 2083 3557 3662 3637; baseline 0 -15"><span class='ocrx_word' id='word_1_614' title='bbox 2083 3557 2195 3633; x_wconf 78' lang='lat' dir='ltr'><strong>tur,</strong></span> <span class='ocrx_word' id='word_1_615' title='bbox 2219 3576 2281 3623; x_wconf 84' lang='lat' dir='ltr'><strong>ut</strong></span> <span class='ocrx_word' id='word_1_616' title='bbox 2314 3569 2526 3622; x_wconf 88' lang='lat' dir='ltr'><strong>animas</strong></span> <span class='ocrx_word' id='word_1_617' title='bbox 2552 3568 2832 3622; x_wconf 90' lang='lat' dir='ltr'><strong>hominum</strong></span> <span class='ocrx_word' id='word_1_618' title='bbox 2865 3566 3060 3620; x_wconf 89' lang='lat' dir='ltr'><strong>iterum</strong></span> <span class='ocrx_word' id='word_1_619' title='bbox 3107 3567 3417 3637; x_wconf 86' lang='lat' dir='ltr'><strong>iterumque</strong></span> <span class='ocrx_word' id='word_1_620' title='bbox 3477 3568 3662 3622; x_wconf 87' lang='lat' dir='ltr'><strong>subire</strong></span> 
     </span>
    </p>
   </div>
   <div class='ocr_carea' id='block_1_81' title="bbox 2081 3660 3659 3731">
    <p class='ocr_par' dir='ltr' id='par_1_81' title="bbox 2081 3660 3659 3731">
     <span class='ocr_line' id='line_1_81' title="bbox 2081 3660 3659 3731; baseline 0 -16"><span class='ocrx_word' id='word_1_621' title='bbox 2081 3675 2241 3730; x_wconf 84' lang='lat' dir='ltr'><strong>posse</strong></span> <span class='ocrx_word' id='word_1_622' title='bbox 2274 3660 2544 3715; x_wconf 78' lang='lat' dir='ltr'><strong>fateretur</strong></span> <span class='ocrx_word' id='word_1_623' title='bbox 2600 3660 2880 3715; x_wconf 91' lang='lat' dir='ltr'><strong>hominum</strong></span> <span class='ocrx_word' id='word_1_624' title='bbox 2936 3676 3166 3731; x_wconf 85' lang='lat' dir='ltr'><strong>corpora</strong></span> <span class='ocrx_word' id='word_1_625' title='bbox 3199 3660 3282 3714; x_wconf 91' lang='lat' dir='ltr'><strong>vel</strong></span> <span class='ocrx_word' id='word_1_626' title='bbox 3334 3662 3659 3716; x_wconf 77' lang='lat' dir='ltr'><strong>daemonum.</strong></span> 
     </span>
    </p>
   </div>
   <div class='ocr_carea' id='block_1_82' title="bbox 2078 3753 3659 3826">
    <p class='ocr_par' dir='ltr' id='par_1_82' title="bbox 2078 3753 3659 3826">
     <span class='ocr_line' id='line_1_82' title="bbox 2078 3753 3659 3826; baseline 0.003 -20"><span class='ocrx_word' id='word_1_627' title='bbox 2078 3754 2256 3823; x_wconf 87' lang='lat' dir='ltr'><strong>Atque</strong></span> <span class='ocrx_word' id='word_1_628' title='bbox 2294 3753 2383 3808; x_wconf 89' lang='lat' dir='ltr'><strong>illa</strong></span> <span class='ocrx_word' id='word_1_629' title='bbox 2418 3764 2502 3809; x_wconf 91' lang='lat' dir='ltr'><strong>est</strong></span> <span class='ocrx_word' id='word_1_630' title='bbox 2525 3764 2631 3809; x_wconf 91' lang='lat' dir='ltr'><strong>tam</strong></span> <span class='ocrx_word' id='word_1_631' title='bbox 2664 3756 2979 3820; x_wconf 86' lang='lat' dir='ltr'><strong>decantata,</strong></span> <span class='ocrx_word' id='word_1_632' title='bbox 3017 3756 3177 3810; x_wconf 87' lang='lat' dir='ltr'><strong>toties</strong></span> <span class='ocrx_word' id='word_1_633' title='bbox 3211 3754 3433 3823; x_wconf 88' lang='lat' dir='ltr'><strong>explosa</strong></span> <span class='ocrx_word' id='word_1_634' title='bbox 3463 3754 3659 3826; x_wconf 85' lang='lat' dir='ltr'><strong>Orige-</strong></span> 
     </span>
    </p>
   </div>
   <div class='ocr_carea' id='block_1_83' title="bbox 2079 3845 3659 3919">
    <p class='ocr_par' dir='ltr' id='par_1_83' title="bbox 2079 3845 3659 3919">
     <span class='ocr_line' id='line_1_83' title="bbox 2079 3845 3659 3919; baseline 0.001 -20"><span class='ocrx_word' id='word_1_635' title='bbox 2079 3845 2164 3899; x_wconf 88' lang='lat' dir='ltr'><strong>nis</strong></span> <span class='ocrx_word' id='word_1_636' title='bbox 2192 3846 2704 3919; x_wconf 77' lang='grc' dir='ltr'><strong>μετενσωμάτωσις,</strong></span> <span class='ocrx_word' id='word_1_637' title='bbox 2746 3848 2904 3918; x_wconf 87' lang='lat' dir='ltr'><strong>quasi</strong></span> <span class='ocrx_word' id='word_1_638' title='bbox 2936 3847 3109 3914; x_wconf 88' lang='lat' dir='ltr'><strong>dicas,</strong></span> <span class='ocrx_word' id='word_1_639' title='bbox 3142 3849 3659 3916; x_wconf 81' lang='lat' dir='ltr'><strong>transicorporatio;</strong></span> 
     </span>
    </p>
   </div>
   <div class='ocr_carea' id='block_1_84' title="bbox 2077 3939 3661 4011">
    <p class='ocr_par' dir='ltr' id='par_1_84' title="bbox 2077 3939 3661 4011">
     <span class='ocr_line' id='line_1_84' title="bbox 2077 3939 3661 4011; baseline 0.003 -20"><span class='ocrx_word' id='word_1_640' title='bbox 2077 3953 2199 4007; x_wconf 86' lang='lat' dir='ltr'><strong>quae</strong></span> <span class='ocrx_word' id='word_1_641' title='bbox 2220 3950 2272 3994; x_wconf 91' lang='lat' dir='ltr'><strong>et</strong></span> <span class='ocrx_word' id='word_1_642' title='bbox 2294 3940 2716 4010; x_wconf 75' lang='grc' dir='ltr'><strong>μετεμψύχωσις</strong></span> <span class='ocrx_word' id='word_1_643' title='bbox 2745 3939 3005 4011; x_wconf 87' lang='lat' dir='ltr'><strong>appellari</strong></span> <span class='ocrx_word' id='word_1_644' title='bbox 3029 3953 3226 4009; x_wconf 82' lang='lat' dir='ltr'><strong>petest,</strong></span> <span class='ocrx_word' id='word_1_645' title='bbox 3259 3941 3404 4010; x_wconf 93' lang='lat' dir='ltr'><strong>quod</strong></span> <span class='ocrx_word' id='word_1_646' title='bbox 3431 3941 3661 3995; x_wconf 89' lang='lat' dir='ltr'><strong>reddere</strong></span> 
     </span>
    </p>
   </div>
   <div class='ocr_carea' id='block_1_85' title="bbox 2076 4031 3659 4102">
    <p class='ocr_par' dir='ltr' id='par_1_85' title="bbox 2076 4031 3659 4102">
     <span class='ocr_line' id='line_1_85' title="bbox 2076 4031 3659 4102; baseline 0.003 -20"><span class='ocrx_word' id='word_1_647' title='bbox 2076 4044 2268 4099; x_wconf 91' lang='lat' dir='ltr'><strong>queas,</strong></span> <span class='ocrx_word' id='word_1_648' title='bbox 2303 4031 2790 4085; x_wconf 81' lang='lat' dir='ltr'><strong>transinanimatio.</strong></span> <span class='ocrx_word' id='word_1_649' title='bbox 2818 4031 3049 4086; x_wconf 89' lang='lat' dir='ltr'><strong>Pulchre</strong></span> <span class='ocrx_word' id='word_1_650' title='bbox 3076 4032 3343 4101; x_wconf 87' lang='lat' dir='ltr'><strong>dogmatis</strong></span> <span class='ocrx_word' id='word_1_651' title='bbox 3373 4032 3659 4102; x_wconf 89' lang='lat' dir='ltr'><strong>utriusque</strong></span> 
     </span>
    </p>
   </div>
   <div class='ocr_carea' id='block_1_86' title="bbox 2076 4122 3657 4196">
    <p class='ocr_par' dir='ltr' id='par_1_86' title="bbox 2076 4122 3657 4196">
     <span class='ocr_line' id='line_1_86' title="bbox 2076 4122 3657 4196; baseline 0.003 -22"><span class='ocrx_word' id='word_1_652' title='bbox 2076 4122 2472 4177; x_wconf 79' lang='lat' dir='ltr'><strong>connexionem</strong></span> <span class='ocrx_word' id='word_1_653' title='bbox 2504 4122 2642 4176; x_wconf 89' lang='lat' dir='ltr'><strong>vidit</strong></span> <span class='ocrx_word' id='word_1_654' title='bbox 2673 4123 2968 4192; x_wconf 89' lang='lat' dir='ltr'><strong>Gregorius</strong></span> <span class='ocrx_word' id='word_1_655' title='bbox 3009 4123 3287 4193; x_wconf 81' lang='lat' dir='ltr'><strong>Nyssenus</strong></span> <span class='ocrx_word' id='word_1_656' title='bbox 3320 4125 3459 4196; x_wconf 91' lang='lat' dir='ltr'><strong>apud</strong></span> <span class='ocrx_word' id='word_1_657' title='bbox 3490 4124 3657 4179; x_wconf 86' lang='lat' dir='ltr'><strong>Justi-</strong></span> 
     </span>
    </p>
   </div>
   <div class='ocr_carea' id='block_1_87' title="bbox 2076 4212 3654 4286">
    <p class='ocr_par' dir='ltr' id='par_1_87' title="bbox 2076 4212 3654 4286">
     <span class='ocr_line' id='line_1_87' title="bbox 2076 4212 3654 4286; baseline 0.005 -21"><span class='ocrx_word' id='word_1_658' title='bbox 2076 4212 2297 4266; x_wconf 89' lang='lat' dir='ltr'><strong>nianum</strong></span> <span class='ocrx_word' id='word_1_659' title='bbox 2331 4212 2383 4266; x_wconf 91' lang='lat' dir='ltr'><strong>in</strong></span> <span class='ocrx_word' id='word_1_660' title='bbox 2412 4214 2644 4284; x_wconf 88' lang='lat' dir='ltr'><strong>epistola</strong></span> <span class='ocrx_word' id='word_1_661' title='bbox 2677 4216 2744 4269; x_wconf 92' lang='lat' dir='ltr'><strong>ad</strong></span> <span class='ocrx_word' id='word_1_662' title='bbox 2778 4214 2989 4269; x_wconf 90' lang='lat' dir='ltr'><strong>Menam</strong></span> <span class='ocrx_word' id='word_1_663' title='bbox 3033 4218 3402 4286; x_wconf 89' lang='lat' dir='ltr'><strong>patriarcham</strong></span> <span class='ocrx_word' id='word_1_664' title='bbox 3429 4257 3445 4283; x_wconf 96' lang='lat'><strong>,</strong></span> <span class='ocrx_word' id='word_1_665' title='bbox 3491 4228 3547 4273; x_wconf 91' lang='lat' dir='ltr'><strong>et</strong></span> <span class='ocrx_word' id='word_1_666' title='bbox 3600 4218 3654 4273; x_wconf 93' lang='lat' dir='ltr'><strong>in</strong></span> 
     </span>
    </p>
   </div>
   <div class='ocr_carea' id='block_1_88' title="bbox 2073 4303 3655 4379">
    <p class='ocr_par' dir='ltr' id='par_1_88' title="bbox 2073 4303 3655 4379">
     <span class='ocr_line' id='line_1_88' title="bbox 2073 4303 3655 4379; baseline 0.002 -19"><span class='ocrx_word' id='word_1_667' title='bbox 2073 4303 2308 4373; x_wconf 88' lang='lat' dir='ltr'><strong>Origene</strong></span> <span class='ocrx_word' id='word_1_668' title='bbox 2334 4304 2703 4375; x_wconf 89' lang='lat' dir='ltr'><strong>reprehendit.</strong></span> <span class='ocrx_word' id='word_1_669' title='bbox 2739 4307 3205 4374; x_wconf 84' lang='lat' dir='ltr'><strong>Quemadmodum</strong></span> <span class='ocrx_word' id='word_1_670' title='bbox 3255 4316 3433 4363; x_wconf 91' lang='lat' dir='ltr'><strong>autem</strong></span> <span class='ocrx_word' id='word_1_671' title='bbox 3473 4308 3655 4379; x_wconf 80' lang='lat' dir='ltr'><strong>dupli-</strong></span> 
     </span>
    </p>
   </div>
   <div class='ocr_carea' id='block_1_89' title="bbox 2072 4394 3650 4467">
    <p class='ocr_par' dir='ltr' id='par_1_89' title="bbox 2072 4394 3650 4467">
     <span class='ocr_line' id='line_1_89' title="bbox 2072 4394 3650 4467; baseline 0 -18"><span class='ocrx_word' id='word_1_672' title='bbox 2072 4394 2213 4449; x_wconf 88' lang='lat' dir='ltr'><strong>citer</strong></span> <span class='ocrx_word' id='word_1_673' title='bbox 2243 4410 2345 4448; x_wconf 85' lang='lat' dir='ltr'><strong>vox</strong></span> <span class='ocrx_word' id='word_1_674' title='bbox 2381 4394 2507 4460; x_wconf 88' lang='lat' dir='ltr'><strong>ista,</strong></span> <span class='ocrx_word' id='word_1_675' title='bbox 2542 4394 2985 4467; x_wconf 74' lang='grc' dir='ltr'><strong>μετεμψύχωσις,</strong></span> <span class='ocrx_word' id='word_1_676' title='bbox 3017 4396 3175 4465; x_wconf 88' lang='lat' dir='ltr'><strong>vulgo</strong></span> <span class='ocrx_word' id='word_1_677' title='bbox 3209 4403 3527 4463; x_wconf 80' lang='lat' dir='ltr'><strong>usurpatur,</strong></span> <span class='ocrx_word' id='word_1_678' title='bbox 3564 4395 3650 4449; x_wconf 88' lang='lat' dir='ltr'><strong>vel</strong></span> 
     </span>
    </p>
   </div>
   <div class='ocr_carea' id='block_1_90' title="bbox 2072 4486 3653 4558">
    <p class='ocr_par' dir='ltr' id='par_1_90' title="bbox 2072 4486 3653 4558">
     <span class='ocr_line' id='line_1_90' title="bbox 2072 4486 3653 4558; baseline 0.003 -20"><span class='ocrx_word' id='word_1_679' title='bbox 2072 4500 2170 4555; x_wconf 88' lang='lat' dir='ltr'><strong>pro</strong></span> <span class='ocrx_word' id='word_1_680' title='bbox 2204 4486 2436 4541; x_wconf 92' lang='lat' dir='ltr'><strong>transitu</strong></span> <span class='ocrx_word' id='word_1_681' title='bbox 2462 4487 2656 4541; x_wconf 74' lang='lat' dir='ltr'><strong>anima:</strong></span> <span class='ocrx_word' id='word_1_682' title='bbox 2677 4502 2742 4541; x_wconf 81' lang='lat' dir='ltr'><strong>ex</strong></span> <span class='ocrx_word' id='word_1_683' title='bbox 2764 4486 3001 4541; x_wconf 85' lang='lat' dir='ltr'><strong>humano</strong></span> <span class='ocrx_word' id='word_1_684' title='bbox 3027 4503 3256 4558; x_wconf 87' lang='lat' dir='ltr'><strong>corpore</strong></span> <span class='ocrx_word' id='word_1_685' title='bbox 3283 4488 3338 4542; x_wconf 91' lang='lat' dir='ltr'><strong>in</strong></span> <span class='ocrx_word' id='word_1_686' title='bbox 3356 4489 3653 4543; x_wconf 88' lang='lat' dir='ltr'><strong>humanum</strong></span> 
     </span>
    </p>
   </div>
   <div class='ocr_carea' id='block_1_91' title="bbox 388 4578 2003 4665">
    <p class='ocr_par' dir='ltr' id='par_1_91' title="bbox 388 4581 1969 4665">
     <span class='ocr_line' id='line_1_91' title="bbox 388 4581 1969 4665; baseline 0.01 -34"><span class='ocrx_word' id='word_1_687' title='bbox 388 4597 501 4651; x_wconf 78' lang='grc' dir='ltr'><strong>ριος</strong></span> <span class='ocrx_word' id='word_1_688' title='bbox 527 4583 654 4645; x_wconf 81' lang='grc' dir='ltr'><strong>τοὺς</strong></span> <span class='ocrx_word' id='word_1_689' title='bbox 679 4582 982 4645; x_wconf 82' lang='grc' dir='ltr'><strong>τεθνεῶτας</strong></span> <span class='ocrx_word' id='word_1_690' title='bbox 1010 4582 1129 4654; x_wconf 80' lang='grc' dir='ltr'>Θεῷ</span> <span class='ocrx_word' id='word_1_691' title='bbox 1163 4583 1262 4655; x_wconf 80' lang='grc' dir='ltr'><strong>ζῇν</strong></span> <span class='ocrx_word' id='word_1_692' title='bbox 1278 4581 1453 4648; x_wconf 73' lang='grc' dir='ltr'>εἶπεν,</span> <span class='ocrx_word' id='word_1_693' title='bbox 1495 4589 1571 4652; x_wconf 81' lang='grc' dir='ltr'><strong>ὡς</strong></span> <span class='ocrx_word' id='word_1_694' title='bbox 1604 4589 1757 4644; x_wconf 75' lang='grc' dir='ltr'><strong>οὔπω</strong></span> <span class='ocrx_word' id='word_1_695' title='bbox 1788 4592 1849 4645; x_wconf 83' lang='grc' dir='ltr'><strong>τὸ</strong></span> <span class='ocrx_word' id='word_1_696' title='bbox 1871 4591 1969 4665; x_wconf 75' lang='grc' dir='ltr'><strong>ζῇν</strong></span> 
     </span>
    </p>
   </div>
   <div class='ocr_carea' id='block_1_92' title="bbox 2088 4578 3655 4665">
    <p class='ocr_par' dir='ltr' id='par_1_92' title="bbox 2088 4578 3655 4650">
     <span class='ocr_line' id='line_1_92' title="bbox 2088 4578 3655 4650; baseline 0.004 -18"><span class='ocrx_word' id='word_1_697' title='bbox 2088 4593 2299 4648; x_wconf 86' lang='lat' dir='ltr'><strong>:orpus;</strong></span> <span class='ocrx_word' id='word_1_698' title='bbox 2332 4578 2417 4633; x_wconf 91' lang='lat' dir='ltr'><strong>vel</strong></span> <span class='ocrx_word' id='word_1_699' title='bbox 2448 4594 2546 4648; x_wconf 90' lang='lat' dir='ltr'><strong>pro</strong></span> <span class='ocrx_word' id='word_1_700' title='bbox 2571 4580 2896 4650; x_wconf 89' lang='lat' dir='ltr'><strong>migratione</strong></span> <span class='ocrx_word' id='word_1_701' title='bbox 2925 4581 3123 4637; x_wconf 75' lang='lat' dir='ltr'><strong>anima:</strong></span> <span class='ocrx_word' id='word_1_702' title='bbox 3149 4597 3214 4636; x_wconf 87' lang='lat' dir='ltr'><strong>ex</strong></span> <span class='ocrx_word' id='word_1_703' title='bbox 3264 4583 3502 4638; x_wconf 91' lang='lat' dir='ltr'><strong>humano</strong></span> <span class='ocrx_word' id='word_1_704' title='bbox 3531 4598 3655 4638; x_wconf 90' lang='lat' dir='ltr'><strong>cor-</strong></span> 
     </span>
    </p>
   </div>
   <div class='ocr_carea' id='block_1_93' title="bbox 384 4672 1964 4755">
    <p class='ocr_par' dir='ltr' id='par_1_93' title="bbox 384 4672 1964 4755">
     <span class='ocr_line' id='line_1_93' title="bbox 384 4672 1964 4755; baseline 0.008 -31"><span class='ocrx_word' id='word_1_705' title='bbox 384 4672 625 4742; x_wconf 82' lang='grc' dir='ltr'><strong>ἔχοντας,</strong></span> <span class='ocrx_word' id='word_1_706' title='bbox 662 4673 802 4744; x_wconf 75' lang='grc' dir='ltr'>πλὴν</span> <span class='ocrx_word' id='word_1_707' title='bbox 818 4675 941 4727; x_wconf 86' lang='grc' dir='ltr'><strong>ὅσον</strong></span> <span class='ocrx_word' id='word_1_708' title='bbox 981 4677 1038 4728; x_wconf 83' lang='grc' dir='ltr'>ὲν</span> <span class='ocrx_word' id='word_1_709' title='bbox 1056 4675 1283 4747; x_wconf 81' lang='grc' dir='ltr'><strong>δυνάμει</strong></span> <span class='ocrx_word' id='word_1_710' title='bbox 1313 4677 1447 4733; x_wconf 81' lang='grc' dir='ltr'><strong>Θεοῦ</strong></span> <span class='ocrx_word' id='word_1_711' title='bbox 1468 4679 1564 4733; x_wconf 81' lang='grc' dir='ltr'><strong>τοῦ</strong></span> <span class='ocrx_word' id='word_1_712' title='bbox 1594 4682 1964 4755; x_wconf 70' lang='grc' dir='ltr'><strong>ζωοποιήσανο</strong></span> 
     </span>
    </p>
   </div>
   <div class='ocr_carea' id='block_1_94' title="bbox 380 4767 1962 4845">
    <p class='ocr_par' dir='ltr' id='par_1_94' title="bbox 380 4767 1962 4845">
     <span class='ocr_line' id='line_1_94' title="bbox 380 4767 1962 4845; baseline 0.008 -27"><span class='ocrx_word' id='word_1_713' title='bbox 380 4783 492 4830; x_wconf 84' lang='grc' dir='ltr'><strong>τος,</strong></span> <span class='ocrx_word' id='word_1_714' title='bbox 523 4768 618 4820; x_wconf 69' lang='grc' dir='ltr'><strong>καὶ</strong></span> <span class='ocrx_word' id='word_1_715' title='bbox 655 4767 991 4822; x_wconf 79' lang='grc' dir='ltr'><strong>ἀπολωλέναι</strong></span> <span class='ocrx_word' id='word_1_716' title='bbox 1022 4770 1187 4840; x_wconf 69' lang='grc' dir='ltr'>φησὶν</span> <span class='ocrx_word' id='word_1_717' title='bbox 1222 4770 1441 4836; x_wconf 80' lang='grc' dir='ltr'><strong>αὐτοὺς,</strong></span> <span class='ocrx_word' id='word_1_718' title='bbox 1475 4775 1524 4825; x_wconf 80' lang='grc' dir='ltr'><strong>εἰ</strong></span> <span class='ocrx_word' id='word_1_719' title='bbox 1557 4773 1631 4845; x_wconf 75' lang='grc' dir='ltr'><strong>μὴ</strong></span> <span class='ocrx_word' id='word_1_720' title='bbox 1677 4774 1780 4845; x_wconf 83' lang='grc' dir='ltr'><strong>τῆς</strong></span> <span class='ocrx_word' id='word_1_721' title='bbox 1827 4778 1962 4831; x_wconf 81' lang='grc' dir='ltr'><strong>ἁνα-</strong></span> 
     </span>
    </p>
   </div>
   <div class='ocr_carea' id='block_1_95' title="bbox 384 4857 1964 4930">
    <p class='ocr_par' dir='ltr' id='par_1_95' title="bbox 384 4857 1964 4930">
     <span class='ocr_line' id='line_1_95' title="bbox 384 4857 1964 4930; baseline 0.008 -20"><span class='ocrx_word' id='word_1_722' title='bbox 384 4857 630 4922; x_wconf 85' lang='grc' dir='ltr'><strong>στάσεως</strong></span> <span class='ocrx_word' id='word_1_723' title='bbox 683 4859 917 4930; x_wconf 84' lang='grc' dir='ltr'><strong>τύχοιεν.</strong></span> <span class='ocrx_word' id='word_1_724' title='bbox 966 4861 1311 4917; x_wconf 88' lang='lat' dir='ltr'><strong>Concurrunt</strong></span> <span class='ocrx_word' id='word_1_725' title='bbox 1349 4863 1464 4919; x_wconf 55' lang='lat' dir='ltr'><strong>haec</strong></span> <span class='ocrx_word' id='word_1_726' title='bbox 1519 4867 1751 4921; x_wconf 88' lang='lat' dir='ltr'><strong>adversa</strong></span> <span class='ocrx_word' id='word_1_727' title='bbox 1785 4867 1964 4925; x_wconf 78' lang='lat' dir='ltr'><strong>fronte</strong></span> 
     </span>
    </p>
   </div>
   <div class='ocr_carea' id='block_1_96' title="bbox 380 4954 1960 5023">
    <p class='ocr_par' dir='ltr' id='par_1_96' title="bbox 380 4954 1960 5023">
     <span class='ocr_line' id='line_1_96' title="bbox 380 4954 1960 5023; baseline 0.004 -15"><span class='ocrx_word' id='word_1_728' title='bbox 380 4968 508 5008; x_wconf 92' lang='lat' dir='ltr'><strong>cum</strong></span> <span class='ocrx_word' id='word_1_729' title='bbox 548 4954 946 5023; x_wconf 88' lang='lat' dir='ltr'><strong>superioribus,</strong></span> <span class='ocrx_word' id='word_1_730' title='bbox 988 4965 1045 5010; x_wconf 95' lang='lat' dir='ltr'><strong>et</strong></span> <span class='ocrx_word' id='word_1_731' title='bbox 1065 4955 1330 5011; x_wconf 90' lang='lat' dir='ltr'><strong>alterutra</strong></span> <span class='ocrx_word' id='word_1_732' title='bbox 1371 4956 1530 5011; x_wconf 87' lang='lat' dir='ltr'><strong>cadat</strong></span> <span class='ocrx_word' id='word_1_733' title='bbox 1560 4960 1838 5015; x_wconf 87' lang='lat' dir='ltr'><strong>accusatio</strong></span> <span class='ocrx_word' id='word_1_734' title='bbox 1861 4977 1960 5015; x_wconf 82' lang='lat' dir='ltr'><strong>ne-</strong></span> 
     </span>
    </p>
   </div>
   <div class='ocr_carea' id='block_1_97' title="bbox 380 5054 735 5100">
    <p class='ocr_par' dir='ltr' id='par_1_97' title="bbox 380 5054 735 5100">
     <span class='ocr_line' id='line_1_97' title="bbox 380 5054 735 5100; baseline -0.003 -1"><span class='ocrx_word' id='word_1_735' title='bbox 380 5058 594 5099; x_wconf 85' lang='lat' dir='ltr'><strong>cessum</strong></span> <span class='ocrx_word' id='word_1_736' title='bbox 635 5054 735 5100; x_wconf 72' lang='grc'><strong>881.</strong></span> 
     </span>
    </p>
   </div>
   <div class='ocr_carea' id='block_1_98' title="bbox 450 5140 1959 5202">
    <p class='ocr_par' dir='ltr' id='par_1_98' title="bbox 450 5140 1959 5202">
     <span class='ocr_line' id='line_1_98' title="bbox 450 5140 1959 5202; baseline 0.005 -8"><span class='ocrx_word' id='word_1_737' title='bbox 450 5140 649 5195; x_wconf 83' lang='lat' dir='ltr'><strong>Anima</strong></span> <span class='ocrx_word' id='word_1_738' title='bbox 691 5141 805 5196; x_wconf 90' lang='lat' dir='ltr'><strong>sola</strong></span> <span class='ocrx_word' id='word_1_739' title='bbox 848 5151 1100 5197; x_wconf 88' lang='lat' dir='ltr'><strong>constare</strong></span> <span class='ocrx_word' id='word_1_740' title='bbox 1138 5142 1412 5199; x_wconf 91' lang='lat' dir='ltr'><strong>hominem</strong></span> <span class='ocrx_word' id='word_1_741' title='bbox 1442 5147 1776 5202; x_wconf 88' lang='lat' dir='ltr'><strong>asseveravit</strong></span> <span class='ocrx_word' id='word_1_742' title='bbox 1805 5146 1959 5202; x_wconf 88' lang='lat' dir='ltr'><strong>Plato</strong></span> 
     </span>
    </p>
   </div>
   <div class='ocr_carea' id='block_1_99' title="bbox 379 5229 1953 5300">
    <p class='ocr_par' dir='ltr' id='par_1_99' title="bbox 379 5229 1953 5300">
     <span class='ocr_line' id='line_1_99' title="bbox 379 5229 1953 5300; baseline 0.007 -17"><span class='ocrx_word' id='word_1_743' title='bbox 379 5229 433 5284; x_wconf 93' lang='lat' dir='ltr'><strong>in</strong></span> <span class='ocrx_word' id='word_1_744' title='bbox 479 5230 754 5287; x_wconf 81' lang='lat' dir='ltr'><strong>Alcibiade</strong></span> <span class='ocrx_word' id='word_1_745' title='bbox 793 5248 853 5297; x_wconf 78' lang='grc' dir='ltr'><strong>ι,</strong></span> <span class='ocrx_word' id='word_1_746' title='bbox 917 5248 1077 5300; x_wconf 91' lang='lat' dir='ltr'><strong>quem</strong></span> <span class='ocrx_word' id='word_1_747' title='bbox 1129 5246 1349 5289; x_wconf 89' lang='lat' dir='ltr'><strong>secutus</strong></span> <span class='ocrx_word' id='word_1_748' title='bbox 1396 5245 1482 5291; x_wconf 89' lang='lat' dir='ltr'><strong>est</strong></span> <span class='ocrx_word' id='word_1_749' title='bbox 1528 5235 1774 5293; x_wconf 90' lang='lat' dir='ltr'><strong>Plotinus</strong></span> <span class='ocrx_word' id='word_1_750' title='bbox 1812 5237 1953 5293; x_wconf 81' lang='lat' dir='ltr'><strong><em>Enn.</em></strong></span> 
     </span>
    </p>
   </div>
   <div class='ocr_carea' id='block_1_100' title="bbox 377 5315 1954 5394">
    <p class='ocr_par' dir='ltr' id='par_1_100' title="bbox 377 5315 1954 5394">
     <span class='ocr_line' id='line_1_100' title="bbox 377 5315 1954 5394; baseline 0.01 -25"><span class='ocrx_word' id='word_1_751' title='bbox 377 5315 471 5375; x_wconf 88' lang='lat' dir='ltr'><strong>lib.</strong></span> <span class='ocrx_word' id='word_1_752' title='bbox 489 5334 526 5373; x_wconf 81' lang='grc' dir='ltr'><strong>ι.</strong></span> <span class='ocrx_word' id='word_1_753' title='bbox 544 5318 692 5374; x_wconf 90' lang='lat' dir='ltr'><strong>Hanc</strong></span> <span class='ocrx_word' id='word_1_754' title='bbox 721 5320 1073 5384; x_wconf 86' lang='lat' dir='ltr'><strong>sententiam,</strong></span> <span class='ocrx_word' id='word_1_755' title='bbox 1094 5332 1307 5378; x_wconf 89' lang='lat' dir='ltr'><strong>veteres</strong></span> <span class='ocrx_word' id='word_1_756' title='bbox 1334 5336 1551 5382; x_wconf 89' lang='lat' dir='ltr'><strong>secutus</strong></span> <span class='ocrx_word' id='word_1_757' title='bbox 1577 5328 1954 5394; x_wconf 82' lang='lat' dir='ltr'><strong>Academicos,</strong></span> 
     </span>
    </p>
   </div>
   <div class='ocr_carea' id='block_1_101' title="bbox 378 5407 1955 5482">
    <p class='ocr_par' dir='ltr' id='par_1_101' title="bbox 378 5407 1955 5482">
     <span class='ocr_line' id='line_1_101' title="bbox 378 5407 1955 5482; baseline 0.008 -23"><span class='ocrx_word' id='word_1_758' title='bbox 378 5407 657 5464; x_wconf 83' lang='lat' dir='ltr'><strong>damnavit</strong></span> <span class='ocrx_word' id='word_1_759' title='bbox 690 5408 886 5476; x_wconf 88' lang='lat' dir='ltr'><strong>Varro,</strong></span> <span class='ocrx_word' id='word_1_760' title='bbox 945 5418 1003 5463; x_wconf 92' lang='lat' dir='ltr'><strong>ut</strong></span> <span class='ocrx_word' id='word_1_761' title='bbox 1043 5417 1126 5463; x_wconf 92' lang='lat' dir='ltr'><strong>est</strong></span> <span class='ocrx_word' id='word_1_762' title='bbox 1156 5410 1298 5477; x_wconf 89' lang='lat' dir='ltr'><strong>apud</strong></span> <span class='ocrx_word' id='word_1_763' title='bbox 1342 5411 1699 5482; x_wconf 83' lang='lat' dir='ltr'><strong>Augustinum</strong></span> <span class='ocrx_word' id='word_1_764' title='bbox 1732 5415 1825 5470; x_wconf 88' lang='lat' dir='ltr'><strong>lib.</strong></span> <span class='ocrx_word' id='word_1_765' title='bbox 1861 5430 1955 5471; x_wconf 73' lang='lat' dir='ltr'><strong>xu</strong></span> 
     </span>
    </p>
   </div>
   <div class='ocr_carea' id='block_1_102' title="bbox 376 5497 1955 5570">
    <p class='ocr_par' dir='ltr' id='par_1_102' title="bbox 376 5497 1955 5570">
     <span class='ocr_line' id='line_1_102' title="bbox 376 5497 1955 5570; baseline 0.007 -18"><span class='ocrx_word' id='word_1_766' title='bbox 376 5497 453 5552; x_wconf 84' lang='lat' dir='ltr'><strong>De</strong></span> <span class='ocrx_word' id='word_1_767' title='bbox 491 5500 631 5554; x_wconf 82' lang='lat' dir='ltr'><strong>civit.</strong></span> <span class='ocrx_word' id='word_1_768' title='bbox 668 5499 788 5566; x_wconf 85' lang='lat' dir='ltr'><strong>Dei,</strong></span> <span class='ocrx_word' id='word_1_769' title='bbox 814 5515 935 5570; x_wconf 91' lang='lat' dir='ltr'><strong>cap.</strong></span> <span class='ocrx_word' id='word_1_770' title='bbox 962 5502 1016 5556; x_wconf 81' lang='lat'><strong>&#39;5.</strong></span> <span class='ocrx_word' id='word_1_771' title='bbox 1042 5501 1276 5557; x_wconf 91' lang='lat' dir='ltr'><strong>lnstituti</strong></span> <span class='ocrx_word' id='word_1_772' title='bbox 1312 5519 1444 5559; x_wconf 91' lang='lat' dir='ltr'><strong>vero</strong></span> <span class='ocrx_word' id='word_1_773' title='bbox 1468 5520 1497 5559; x_wconf 91' lang='lat' dir='ltr'><strong>a</strong></span> <span class='ocrx_word' id='word_1_774' title='bbox 1525 5504 1750 5562; x_wconf 89' lang='lat' dir='ltr'><strong>Platone</strong></span> <span class='ocrx_word' id='word_1_775' title='bbox 1781 5508 1955 5563; x_wconf 85' lang='lat' dir='ltr'><strong>haere-</strong></span> 
     </span>
    </p>
   </div>
   <div class='ocr_carea' id='block_1_103' title="bbox 377 5593 1958 5666">
    <p class='ocr_par' dir='ltr' id='par_1_103' title="bbox 377 5593 1958 5666">
     <span class='ocr_line' id='line_1_103' title="bbox 377 5593 1958 5666; baseline 0.007 -23"><span class='ocrx_word' id='word_1_776' title='bbox 377 5593 466 5647; x_wconf 90' lang='lat' dir='ltr'><strong>tici</strong></span> <span class='ocrx_word' id='word_1_777' title='bbox 500 5593 742 5663; x_wconf 89' lang='lat' dir='ltr'><strong>quidam,</strong></span> <span class='ocrx_word' id='word_1_778' title='bbox 788 5594 1227 5662; x_wconf 88' lang='lat' dir='ltr'><strong>sententiamque</strong></span> <span class='ocrx_word' id='word_1_779' title='bbox 1258 5595 1377 5665; x_wconf 89' lang='lat' dir='ltr'><strong>ejus</strong></span> <span class='ocrx_word' id='word_1_780' title='bbox 1425 5600 1703 5666; x_wconf 85' lang='lat' dir='ltr'><strong>assectati,</strong></span> <span class='ocrx_word' id='word_1_781' title='bbox 1743 5598 1958 5654; x_wconf 88' lang='lat' dir='ltr'><strong>Tertul-</strong></span> 
     </span>
    </p>
   </div>
   <div class='ocr_carea' id='block_1_104' title="bbox 376 5683 1961 5755">
    <p class='ocr_par' dir='ltr' id='par_1_104' title="bbox 376 5683 1961 5755">
     <span class='ocr_line' id='line_1_104' title="bbox 376 5683 1961 5755; baseline 0.007 -19"><span class='ocrx_word' id='word_1_782' title='bbox 376 5683 502 5738; x_wconf 86' lang='lat' dir='ltr'><strong>liani</strong></span> <span class='ocrx_word' id='word_1_783' title='bbox 536 5686 953 5755; x_wconf 82' lang='lat' dir='ltr'><strong>castigationem</strong></span> <span class='ocrx_word' id='word_1_784' title='bbox 989 5695 1298 5744; x_wconf 88' lang='lat' dir='ltr'><strong>senserunt.</strong></span> <span class='ocrx_word' id='word_1_785' title='bbox 1324 5688 1417 5746; x_wconf 86' lang='lat' dir='ltr'><strong>Sic</strong></span> <span class='ocrx_word' id='word_1_786' title='bbox 1441 5689 1587 5746; x_wconf 87' lang='lat' dir='ltr'><strong>enim</strong></span> <span class='ocrx_word' id='word_1_787' title='bbox 1620 5691 1709 5747; x_wconf 89' lang='lat' dir='ltr'><strong>ille</strong></span> <span class='ocrx_word' id='word_1_788' title='bbox 1762 5691 1856 5749; x_wconf 91' lang='lat' dir='ltr'><strong>lib.</strong></span> <span class='ocrx_word' id='word_1_789' title='bbox 1888 5692 1961 5749; x_wconf 83' lang='lat' dir='ltr'><strong>De</strong></span> 
     </span>
    </p>
   </div>
   <div class='ocr_carea' id='block_1_105' title="bbox 413 5861 952 5934">
    <p class='ocr_par' dir='ltr' id='par_1_105' title="bbox 413 5861 952 5934">
     <span class='ocr_line' id='line_1_105' title="bbox 413 5861 952 5934; baseline 0.011 -17"><span class='ocrx_word' id='word_1_790' title='bbox 413 5861 489 5898; x_wconf 77' lang='grc'><strong>’⁸⁵</strong></span> <span class='ocrx_word' id='word_1_791' title='bbox 516 5862 555 5918; x_wconf 88' lang='grc'><strong>11</strong></span> <span class='ocrx_word' id='word_1_792' title='bbox 597 5864 720 5922; x_wconf 90' lang='lat' dir='ltr'><strong>Cor.</strong></span> <span class='ocrx_word' id='word_1_793' title='bbox 758 5881 834 5934; x_wconf 84' lang='grc' dir='ltr'><strong>ιν,</strong></span> <span class='ocrx_word' id='word_1_794' title='bbox 866 5866 952 5923; x_wconf 85' lang='grc'><strong>16.</strong></span> 
     </span>
    </p>
   </div>
   <div class='ocr_carea' id='block_1_106' title="bbox 2073 4671 3655 4746">
    <p class='ocr_par' dir='ltr' id='par_1_106' title="bbox 2073 4671 3655 4746">
     <span class='ocr_line' id='line_1_106' title="bbox 2073 4671 3655 4746; baseline 0.003 -21"><span class='ocrx_word' id='word_1_795' title='bbox 2073 4686 2202 4740; x_wconf 91' lang='lat' dir='ltr'><strong>pore</strong></span> <span class='ocrx_word' id='word_1_796' title='bbox 2233 4671 2284 4724; x_wconf 92' lang='lat' dir='ltr'><strong>in</strong></span> <span class='ocrx_word' id='word_1_797' title='bbox 2317 4671 2516 4741; x_wconf 69' lang='lat' dir='ltr'><strong>plantae</strong></span> <span class='ocrx_word' id='word_1_798' title='bbox 2542 4687 2743 4743; x_wconf 90' lang='lat' dir='ltr'><strong>corpus</strong></span> <span class='ocrx_word' id='word_1_799' title='bbox 2766 4674 2849 4727; x_wconf 91' lang='lat' dir='ltr'><strong>vel</strong></span> <span class='ocrx_word' id='word_1_800' title='bbox 2885 4676 3130 4744; x_wconf 90' lang='lat' dir='ltr'><strong>pecudis,</strong></span> <span class='ocrx_word' id='word_1_801' title='bbox 3158 4690 3318 4744; x_wconf 88' lang='lat' dir='ltr'><strong>quam</strong></span> <span class='ocrx_word' id='word_1_802' title='bbox 3342 4690 3655 4746; x_wconf 81' lang='lat' dir='ltr'><strong>propugna-</strong></span> 
     </span>
    </p>
   </div>
   <div class='ocr_carea' id='block_1_107' title="bbox 2071 4763 3653 4835">
    <p class='ocr_par' dir='ltr' id='par_1_107' title="bbox 2071 4763 3653 4835">
     <span class='ocr_line' id='line_1_107' title="bbox 2071 4763 3653 4835; baseline 0.004 -19"><span class='ocrx_word' id='word_1_803' title='bbox 2071 4764 2149 4817; x_wconf 90' lang='lat' dir='ltr'><strong>vit</strong></span> <span class='ocrx_word' id='word_1_804' title='bbox 2172 4763 2530 4833; x_wconf 87' lang='lat' dir='ltr'><strong>Pythagoras,</strong></span> <span class='ocrx_word' id='word_1_805' title='bbox 2563 4780 2838 4835; x_wconf 87' lang='lat' dir='ltr'><strong>quamque</strong></span> <span class='ocrx_word' id='word_1_806' title='bbox 2872 4767 3133 4835; x_wconf 89' lang='lat' dir='ltr'><strong>peculiari</strong></span> <span class='ocrx_word' id='word_1_807' title='bbox 3190 4767 3374 4823; x_wconf 89' lang='lat' dir='ltr'><strong>libello</strong></span> <span class='ocrx_word' id='word_1_808' title='bbox 3430 4768 3653 4823; x_wconf 85' lang='lat' dir='ltr'><strong>lambli-</strong></span> 
     </span>
    </p>
   </div>
   <div class='ocr_carea' id='block_1_108' title="bbox 2072 4858 3649 4930">
    <p class='ocr_par' dir='ltr' id='par_1_108' title="bbox 2072 4858 3649 4930">
     <span class='ocr_line' id='line_1_108' title="bbox 2072 4858 3649 4930; baseline 0.004 -21"><span class='ocrx_word' id='word_1_809' title='bbox 2072 4858 2206 4911; x_wconf 91' lang='lat' dir='ltr'><strong>chus</strong></span> <span class='ocrx_word' id='word_1_810' title='bbox 2234 4858 2535 4912; x_wconf 81' lang='lat' dir='ltr'><strong>confutavit</strong></span> <span class='ocrx_word' id='word_1_811' title='bbox 2563 4872 2580 4911; x_wconf 88' lang='lat'><strong>:</strong></span> <span class='ocrx_word' id='word_1_812' title='bbox 2617 4858 2689 4913; x_wconf 91' lang='lat' dir='ltr'><strong>ita</strong></span> <span class='ocrx_word' id='word_1_813' title='bbox 2716 4859 2876 4929; x_wconf 85' lang='lat' dir='ltr'><strong>juxta</strong></span> <span class='ocrx_word' id='word_1_814' title='bbox 2930 4858 3313 4930; x_wconf 88' lang='lat' dir='ltr'><strong>Origenianam</strong></span> <span class='ocrx_word' id='word_1_815' title='bbox 3341 4861 3649 4917; x_wconf 87' lang='lat' dir='ltr'><strong>doctrinam</strong></span> 
     </span>
    </p>
   </div>
   <div class='ocr_carea' id='block_1_109' title="bbox 2071 4948 3650 5024">
    <p class='ocr_par' dir='ltr' id='par_1_109' title="bbox 2071 4948 3650 5024">
     <span class='ocr_line' id='line_1_109' title="bbox 2071 4948 3650 5024; baseline 0.005 -23"><span class='ocrx_word' id='word_1_816' title='bbox 2071 4948 2453 5018; x_wconf 84' lang='lat' dir='ltr'><strong>distinguenda</strong></span> <span class='ocrx_word' id='word_1_817' title='bbox 2485 4959 2570 5005; x_wconf 86' lang='lat' dir='ltr'><strong>est</strong></span> <span class='ocrx_word' id='word_1_818' title='bbox 2615 4950 2868 5022; x_wconf 90' lang='lat' dir='ltr'><strong>migratio</strong></span> <span class='ocrx_word' id='word_1_819' title='bbox 2920 4953 3119 5008; x_wconf 63' lang='lat' dir='ltr'><strong>animai</strong></span> <span class='ocrx_word' id='word_1_820' title='bbox 3151 4956 3363 5010; x_wconf 88' lang='lat' dir='ltr'><strong>ratione</strong></span> <span class='ocrx_word' id='word_1_821' title='bbox 3408 4955 3650 5024; x_wconf 61' lang='lat' dir='ltr'><strong>praeditas</strong></span> 
     </span>
    </p>
   </div>
   <div class='ocr_carea' id='block_1_110' title="bbox 2068 5040 3650 5117">
    <p class='ocr_par' dir='ltr' id='par_1_110' title="bbox 2068 5040 3650 5117">
     <span class='ocr_line' id='line_1_110' title="bbox 2068 5040 3650 5117; baseline 0.002 -20"><span class='ocrx_word' id='word_1_822' title='bbox 2068 5056 2100 5097; x_wconf 86' lang='lat' dir='ltr'><strong>e</strong></span> <span class='ocrx_word' id='word_1_823' title='bbox 2125 5040 2357 5107; x_wconf 66' lang='lat' dir='ltr'><strong>caelesti,</strong></span> <span class='ocrx_word' id='word_1_824' title='bbox 2382 5042 2465 5097; x_wconf 91' lang='lat' dir='ltr'><strong>vel</strong></span> <span class='ocrx_word' id='word_1_825' title='bbox 2490 5043 2746 5107; x_wconf 89' lang='lat' dir='ltr'><strong>humano,</strong></span> <span class='ocrx_word' id='word_1_826' title='bbox 2774 5044 2861 5098; x_wconf 91' lang='lat' dir='ltr'><strong>vel</strong></span> <span class='ocrx_word' id='word_1_827' title='bbox 2883 5043 3183 5100; x_wconf 66' lang='lat' dir='ltr'><strong>deemonico</strong></span> <span class='ocrx_word' id='word_1_828' title='bbox 3208 5060 3437 5115; x_wconf 88' lang='lat' dir='ltr'><strong>corpore</strong></span> <span class='ocrx_word' id='word_1_829' title='bbox 3460 5047 3514 5101; x_wconf 91' lang='lat' dir='ltr'><strong>in</strong></span> <span class='ocrx_word' id='word_1_830' title='bbox 3552 5061 3650 5117; x_wconf 86' lang='lat' dir='ltr'><strong>pe-</strong></span> 
     </span>
    </p>
   </div>
   <div class='ocr_carea' id='block_1_111' title="bbox 2067 5134 3648 5209">
    <p class='ocr_par' dir='ltr' id='par_1_111' title="bbox 2067 5134 3648 5209">
     <span class='ocr_line' id='line_1_111' title="bbox 2067 5134 3648 5209; baseline 0.004 -21"><span class='ocrx_word' id='word_1_831' title='bbox 2067 5134 2221 5189; x_wconf 90' lang='lat' dir='ltr'><strong>cudis</strong></span> <span class='ocrx_word' id='word_1_832' title='bbox 2247 5148 2467 5205; x_wconf 89' lang='lat' dir='ltr'><strong>corpus,</strong></span> <span class='ocrx_word' id='word_1_833' title='bbox 2492 5144 2547 5190; x_wconf 93' lang='lat' dir='ltr'><strong>et</strong></span> <span class='ocrx_word' id='word_1_834' title='bbox 2574 5135 2816 5192; x_wconf 90' lang='lat' dir='ltr'><strong>vicissim</strong></span> <span class='ocrx_word' id='word_1_835' title='bbox 2845 5155 2859 5202; x_wconf 92' lang='lat'><strong>;</strong></span> <span class='ocrx_word' id='word_1_836' title='bbox 2910 5152 2942 5192; x_wconf 90' lang='lat' dir='ltr'><strong>a</strong></span> <span class='ocrx_word' id='word_1_837' title='bbox 2985 5138 3310 5209; x_wconf 90' lang='lat' dir='ltr'><strong>migratione</strong></span> <span class='ocrx_word' id='word_1_838' title='bbox 3335 5140 3531 5194; x_wconf 78' lang='lat' dir='ltr'><strong>anima:</strong></span> <span class='ocrx_word' id='word_1_839' title='bbox 3555 5155 3648 5194; x_wconf 90' lang='lat' dir='ltr'><strong>ra-</strong></span> 
     </span>
    </p>
   </div>
   <div class='ocr_carea' id='block_1_112' title="bbox 2067 5228 3646 5299">
    <p class='ocr_par' dir='ltr' id='par_1_112' title="bbox 2067 5228 3646 5299">
     <span class='ocr_line' id='line_1_112' title="bbox 2067 5228 3646 5299; baseline 0.006 -19"><span class='ocrx_word' id='word_1_840' title='bbox 2067 5228 2288 5284; x_wconf 88' lang='lat' dir='ltr'><strong>tionalis</strong></span> <span class='ocrx_word' id='word_1_841' title='bbox 2341 5244 2464 5299; x_wconf 66' lang='lat' dir='ltr'><strong>quae</strong></span> <span class='ocrx_word' id='word_1_842' title='bbox 2510 5244 2739 5299; x_wconf 88' lang='lat' dir='ltr'><strong>corpora</strong></span> <span class='ocrx_word' id='word_1_843' title='bbox 2780 5230 2923 5286; x_wconf 90' lang='lat' dir='ltr'><strong>inter</strong></span> <span class='ocrx_word' id='word_1_844' title='bbox 2954 5231 3205 5287; x_wconf 63' lang='lat' dir='ltr'><strong>coelestia</strong></span> <span class='ocrx_word' id='word_1_845' title='bbox 3233 5273 3249 5297; x_wconf 92' lang='lat'><strong>,</strong></span> <span class='ocrx_word' id='word_1_846' title='bbox 3294 5232 3531 5288; x_wconf 90' lang='lat' dir='ltr'><strong>humana</strong></span> <span class='ocrx_word' id='word_1_847' title='bbox 3588 5240 3646 5289; x_wconf 89' lang='lat' dir='ltr'><strong>et</strong></span> 
     </span>
    </p>
   </div>
   <div class='ocr_carea' id='block_1_113' title="bbox 2066 5322 3641 5395">
    <p class='ocr_par' dir='ltr' id='par_1_113' title="bbox 2066 5322 3641 5395">
     <span class='ocr_line' id='line_1_113' title="bbox 2066 5322 3641 5395; baseline 0.004 -20"><span class='ocrx_word' id='word_1_848' title='bbox 2066 5322 2418 5389; x_wconf 86' lang='lat' dir='ltr'><strong>daemoniaca,</strong></span> <span class='ocrx_word' id='word_1_849' title='bbox 2440 5322 2575 5377; x_wconf 85' lang='lat' dir='ltr'><strong>citra</strong></span> <span class='ocrx_word' id='word_1_850' title='bbox 2602 5322 2859 5389; x_wconf 90' lang='lat' dir='ltr'><strong>belluina,</strong></span> <span class='ocrx_word' id='word_1_851' title='bbox 2878 5323 3051 5379; x_wconf 85' lang='lat' dir='ltr'><strong>aliave</strong></span> <span class='ocrx_word' id='word_1_852' title='bbox 3078 5325 3641 5395; x_wconf 67' lang='lat' dir='ltr'><strong>quaslibetperﬁcitur.</strong></span> 
     </span>
    </p>
   </div>
   <div class='ocr_carea' id='block_1_114' title="bbox 2062 5413 3643 5488">
    <p class='ocr_par' dir='ltr' id='par_1_114' title="bbox 2062 5413 3643 5488">
     <span class='ocr_line' id='line_1_114' title="bbox 2062 5413 3643 5488; baseline 0.003 -19"><span class='ocrx_word' id='word_1_853' title='bbox 2062 5414 2242 5483; x_wconf 77' lang='lat' dir='ltr'><strong>Atque</strong></span> <span class='ocrx_word' id='word_1_854' title='bbox 2270 5413 2411 5469; x_wconf 91' lang='lat' dir='ltr'><strong>hanc</strong></span> <span class='ocrx_word' id='word_1_855' title='bbox 2438 5414 2798 5485; x_wconf 86' lang='lat' dir='ltr'><strong>posteriorem</strong></span> <span class='ocrx_word' id='word_1_856' title='bbox 2836 5417 3030 5470; x_wconf 89' lang='lat' dir='ltr'><strong>tuitum</strong></span> <span class='ocrx_word' id='word_1_857' title='bbox 3053 5430 3175 5471; x_wconf 89' lang='lat' dir='ltr'><strong>esse</strong></span> <span class='ocrx_word' id='word_1_858' title='bbox 3199 5416 3515 5488; x_wconf 87' lang='lat' dir='ltr'><strong>Origenem,</strong></span> <span class='ocrx_word' id='word_1_859' title='bbox 3551 5428 3643 5474; x_wconf 60' lang='grc' dir='ltr'><strong>ιιι⁸</strong></span> 
     </span>
    </p>
   </div>
   <div class='ocr_carea' id='block_1_115' title="bbox 2064 5507 3637 5583">
    <p class='ocr_par' dir='ltr' id='par_1_115' title="bbox 2064 5507 3637 5583">
     <span class='ocr_line' id='line_1_115' title="bbox 2064 5507 3637 5583; baseline 0.008 -23"><span class='ocrx_word' id='word_1_860' title='bbox 2064 5518 2193 5577; x_wconf 85' lang='lat' dir='ltr'><strong>pote</strong></span> <span class='ocrx_word' id='word_1_861' title='bbox 2216 5522 2282 5561; x_wconf 87' lang='lat' dir='ltr'><strong>ex</strong></span> <span class='ocrx_word' id='word_1_862' title='bbox 2316 5507 2435 5579; x_wconf 85' lang='lat' dir='ltr'><strong>ejus</strong></span> <span class='ocrx_word' id='word_1_863' title='bbox 2459 5517 2637 5579; x_wconf 90' lang='lat' dir='ltr'><strong>aptam</strong></span> <span class='ocrx_word' id='word_1_864' title='bbox 2694 5509 2995 5579; x_wconf 88' lang='lat' dir='ltr'><strong>principiis,</strong></span> <span class='ocrx_word' id='word_1_865' title='bbox 3045 5512 3231 5578; x_wconf 89' lang='lat' dir='ltr'><strong>negari</strong></span> <span class='ocrx_word' id='word_1_866' title='bbox 3291 5528 3397 5567; x_wconf 89' lang='lat' dir='ltr'><strong>non</strong></span> <span class='ocrx_word' id='word_1_867' title='bbox 3435 5521 3637 5583; x_wconf 90' lang='lat' dir='ltr'><strong>potest.</strong></span> 
     </span>
    </p>
   </div>
   <div class='ocr_carea' id='block_1_116' title="bbox 2069 5600 3636 5674">
    <p class='ocr_par' dir='ltr' id='par_1_116' title="bbox 2069 5600 3636 5674">
     <span class='ocr_line' id='line_1_116' title="bbox 2069 5600 3636 5674; baseline 0.003 -16"><span class='ocrx_word' id='word_1_868' title='bbox 2069 5600 2223 5658; x_wconf 88' lang='lat' dir='ltr'><strong>Unde</strong></span> <span class='ocrx_word' id='word_1_869' title='bbox 2250 5616 2551 5674; x_wconf 85' lang='lat' dir='ltr'><strong>anonymus</strong></span> <span class='ocrx_word' id='word_1_870' title='bbox 2606 5602 2783 5657; x_wconf 92' lang='lat' dir='ltr'><strong>Photii</strong></span> <span class='ocrx_word' id='word_1_871' title='bbox 2824 5605 2946 5659; x_wconf 91' lang='lat' dir='ltr'><strong>cod.</strong></span> <span class='ocrx_word' id='word_1_872' title='bbox 2983 5621 3150 5670; x_wconf 87' lang='lat' dir='ltr'><strong>cxvu,</strong></span> <span class='ocrx_word' id='word_1_873' title='bbox 3186 5606 3456 5674; x_wconf 89' lang='lat' dir='ltr'><strong>culpatum</strong></span> <span class='ocrx_word' id='word_1_874' title='bbox 3511 5623 3636 5663; x_wconf 89' lang='lat' dir='ltr'><strong>eum</strong></span> 
     </span>
    </p>
   </div>
   <div class='ocr_carea' id='block_1_117' title="bbox 2071 5693 3642 5774">
    <p class='ocr_par' dir='ltr' id='par_1_117' title="bbox 2071 5693 3642 5774">
     <span class='ocr_line' id='line_1_117' title="bbox 2071 5693 3642 5774; baseline 0.004 -23"><span class='ocrx_word' id='word_1_875' title='bbox 2071 5693 2256 5761; x_wconf 81' lang='lat' dir='ltr'><strong>refert,</strong></span> <span class='ocrx_word' id='word_1_876' title='bbox 2280 5696 2422 5765; x_wconf 84' lang='lat' dir='ltr'><strong>quod</strong></span> <span class='ocrx_word' id='word_1_877' title='bbox 2453 5696 2652 5752; x_wconf 79' lang='lat' dir='ltr'><strong>dixerit</strong></span> <span class='ocrx_word' id='word_1_878' title='bbox 2682 5714 2697 5751; x_wconf 85' lang='lat'>:</span> <span class='ocrx_word' id='word_1_879' title='bbox 2726 5697 2809 5751; x_wconf 81' lang='grc' dir='ltr'><strong>ὅτι</strong></span> <span class='ocrx_word' id='word_1_880' title='bbox 2838 5697 2872 5769; x_wconf 76' lang='grc' dir='ltr'>ἡ</span> <span class='ocrx_word' id='word_1_881' title='bbox 2898 5696 2992 5752; x_wconf 79' lang='grc' dir='ltr'><strong>τοῦ</strong></span> <span class='ocrx_word' id='word_1_882' title='bbox 3016 5698 3270 5772; x_wconf 74' lang='grc' dir='ltr'><strong>Σωτῆρος</strong></span> <span class='ocrx_word' id='word_1_883' title='bbox 3294 5698 3459 5773; x_wconf 80' lang='grc' dir='ltr'>ψυχὴ,</span> <span class='ocrx_word' id='word_1_884' title='bbox 3492 5700 3642 5774; x_wconf 72' lang='grc' dir='ltr'><strong>ἢτοῦ</strong></span> 
     </span>
    </p>
   </div>
   <div class='ocr_carea' id='block_1_118' title="bbox 3661 5050 3670 5108">
    <p class='ocr_par' dir='ltr' id='par_1_118' title="bbox 3661 5050 3670 5108">
     <span class='ocr_line' id='line_1_118' title="bbox 3664 5050 3670 5069; baseline 0 0"><span class='ocrx_word' id='word_1_885' title='bbox 3664 5050 3670 5069; x_wconf 85' lang='lat' dir='ltr'><strong>t</strong></span> 
     </span>
     <span class='ocr_line' id='line_1_119' title="bbox 3661 5082 3669 5108; baseline 0 0"><span class='ocrx_word' id='word_1_886' title='bbox 3661 5082 3669 5108; x_wconf 77' lang='lat' dir='ltr'><strong>i</strong></span> 
     </span>
    </p>
   </div>
  </div>
