4160 6396
573 387 673 444 ωδ

1867 385 1926 443 Ρ.
1968 383 2282 442 DANIELIS
2315 384 2552 442 HUETII

3697 385 3804 442 9η

585 501 756 572 Ἀδὰμ
777 497 865 573 ἧν.
903 519 923 554 ι
961 502 1266 559 Servatoris
1303 503 1561 569 animam,
1591 503 1760 574 ipsam
1787 502 1978 558 Adami
2009 505 2122 560 ani-

2230 501 2418 564 οὑσίας
2437 500 2628 571 αὐτῆς,
2688 499 2782 553 καὶ
2814 500 2942 573 περὶ
2981 499 3092 554 τῶν
3117 499 3300 571 ἀρχῶν
3350 497 3553 570 αὐτῆς,
3585 498 3686 551 οὐκ
3735 499 3804 553 ἂν

576 608 716 646 mam
745 593 909 647 fuisse
942 611 956 646 :
1000 613 1019 646 ›
1043 596 1195 662 quod
1220 596 1290 649 ita
1324 595 1553 666 accipio,
1578 609 1702 664 qua:
1734 593 1910 649 fuerat
1933 593 2126 648 Adami

572 685 751 736 anima
772 723 786 747 ,
823 697 942 737 eam
982 685 1034 738 in
1062 699 1262 752 corpus
1293 686 1597 740 Servatoris
1629 685 1812 739 multis
1867 695 1987 754 post
2031 700 2131 739 sat-

575 773 710 826 culis
741 774 1045 829 transiisse.
1083 775 1230 830 Unde
1271 785 1326 830 et
1363 775 1694 845 Theophilus
1731 775 2016 842 Origenem
2049 776 2132 830 di-

572 865 718 918 xisse
748 866 826 918 ait
853 865 1122 920 hominem
1154 867 1400 922 crebrius
1428 869 1602 932 mori;
1637 867 1779 936 quod
1837 883 1942 922 non
1975 867 2132 922 aliter

571 953 831 1024 intelligo,
871 970 1032 1024 quam
1067 957 1273 1010 animas
1314 971 1683 1025 saepenumero
1737 971 1770 1010 e
1815 958 2131 1026 corporibus

570 1044 624 1100 in
656 1055 884 1112 carpora
916 1046 1171 1112 transire,
1197 1057 1248 1100 et
1277 1046 1848 1118 μετενσωματοῦσθαι.

642 1135 823 1190 XVIII.
877 1135 1074 1191 Verum
1122 1139 1354 1205 priorem
1393 1152 1609 1205 quoque
1667 1137 2124 1208 μετεμψύχωσιντ,

569 1240 688 1293 qum
713 1225 1068 1297 Pythagorica
1088 1238 1192 1290 est,
1247 1229 1484 1283 tenuisse
1535 1228 1684 1281 illum
1716 1239 1932 1284 veteres
1975 1231 2128 1284 multi

570 1319 956 1372 vociferantur.
983 1319 1210 1373 Crimini
1255 1319 1306 1372 id
1335 1319 1434 1388 ipsi
1469 1319 1652 1372 datum
1701 1319 1868 1375 fuisse
1906 1330 2132 1375 narrant

567 1407 878 1478 Pamphilus
908 1410 960 1464 in
987 1411 1264 1480 Apologia,
1297 1419 1352 1463 et
1381 1423 1521 1480 saepe
1549 1410 1800 1466 laudatus
1830 1426 2131 1483 anonymus

568 1498 774 1555 Pholii.
805 1483 1363 1572 Hieronymus,-cujus
1395 1503 1556 1557 verba
1588 1518 1750 1572 supra
1784 1503 2130 1557 recitavimus

566 1603 632 1640 ex
656 1589 814 1658 epist.
847 1589 934 1654 59,
967 1591 1032 1642 ad
1065 1590 1228 1652 Avit.,
1265 1606 1388 1660 cap.
1421 1592 1474 1656 l,
1501 1591 1536 1644 2
1560 1601 1614 1646 et
1635 1591 1690 1657 4,
1713 1601 1768 1647 et
1795 1592 1890 1645 lib.
1924 1607 1962 1646 ιι
1988 1593 2130 1660 Apo-

567 1677 673 1747 log.
704 1680 909 1732 advers.
934 1678 1136 1748 Ruﬁn.,
1176 1695 1297 1749 cap.
1329 1681 1386 1746 4,
1431 1681 1722 1752 Origencm
1775 1683 1997 1738 incessit
2042 1698 2131 1737 er-

566 1769 706 1823 i'o'ris
730 1769 966 1838 ejusdem
1022 1771 1277 1840 nomine,
1309 1787 1469 1842 quem
1511 1772 1648 1828 libro
1684 1789 1701 1826 ι
1742 1774 1880 1841 Περὶ
1926 1774 2128 1843 ἀρχῶν

2231 591 2378 646 οὕτω
2433 591 2645 663 διέσυρε
2693 591 2784 645 τὸν
2819 591 3083 647 ἀθάνατον
3134 594 3215 656 εἰς
3265 590 3456 660 Θνητὸν
3509 590 3804 661 ἐρχόμενον

2235 680 2414 751 σῶμα,
2461 681 2522 733 οὐ
2566 679 2706 733 κατὰ
2749 680 3033 743 Πλάτωνος
3081 678 3611 750 μετενσωμάτωσιν,
3665 675 3804 730 ἀλλὰ

2231 771 2351 824 κατ’
2369 770 2534 842 ἄλλην
2554 769 2673 824 τινὰ
2699 769 3030 840 ὑψηλοτέραν
3053 769 3301 839 θεωρίαν.
3329 787 3350 820 ι
3376 768 3433 823 Si
3456 777 3634 823 mente
3653 783 3802 822 com-

2230 861 2603 930 prehendth
2646 860 2882 931 (Celsus)
2915 876 3037 930 quas
3080 862 3260 916 futura
3295 861 3368 916 sit
3415 860 3609 914 anima:
3647 857 3702 913 in
3725 873 3801 911 ae-

2231 961 2387 1007 terna
2413 953 2520 1007 vita
2553 952 2820 1018 conditio,
2842 953 3048 1023 etquid
3086 953 3152 1008 de
3182 953 3302 1022 ejus
3354 961 3548 1008 natura
3595 950 3799 1020 princi-

2229 1042 2442 1111 piisque
2467 1043 2673 1097 sentire
2703 1052 2975 1112 Oporteat,
3005 1057 3111 1095 non
3139 1042 3213 1096 ita
3252 1041 3538 1096 ridiculum
3571 1039 3673 1108 ipsi
3721 1038 3801 1092 vi-

2230 1146 2347 1186 sum
2375 1130 2569 1187 fuisset
2624 1131 2990 1186 immortalem
3035 1131 3090 1185 in
3124 1130 3354 1185 mortale
3404 1145 3604 1200 corpus
3631 1130 3803 1184 adve-

2233 1223 2495 1288 nientem,
2526 1235 2632 1276 non
2657 1236 2689 1276 e
2723 1236 2952 1292 corpore
3007 1221 3059 1275 in
3108 1235 3310 1290 corpus
3337 1221 3798 1290 transmigrando,

2233 1321 2290 1366 ut
2324 1311 2478 1366 Plato
2513 1312 2828 1381 explicaret,
2855 1311 2947 1367 sed
2969 1311 3071 1365 alia
3093 1325 3274 1379 eaque
3305 1311 3462 1378 longe
3491 1308 3796 1368 sublimiori

2232 1402 2466 1458 ratione.
2498 1420 2517 1454 ι
2555 1401 2876 1472 Scriptionis
2898 1402 3134 1471 ejusdem
3163 1411 3350 1456 contra
3372 1400 3581 1458 Celsum
3609 1400 3703 1454 lib.
3739 1417 3798 1466 γ,

2232 1509 2382 1548 num.
2434 1492 2544 1555 49.
2609 1493 2954 1549 Christianos
3002 1495 3226 1565 rcjicere
3263 1493 3426 1548 tradit
3480 1492 3798 1564 Πυθαγόρου

2233 1585 2324 1637 τὸν
2350 1584 2480 1653 περὶ
2511 1583 2687 1654 ψυχῆς
2705 1584 3292 1656 μετενσωματουμένης
3320 1582 3626 1655 pullos/.584
3650 1599 3802 1638 assc-

2231 1675 2508 1730 verantius
2537 1675 2628 1729 lib.
2662 1690 2780 1740 vm,
2808 1691 2956 1732 num.
2987 1677 3055 1731 50
3085 1694 3102 1731 :
3139 1675 3402 1746 Οὐδαμῶς
3431 1674 3679 1746 μέντοιγε
3713 1673 3800 1728 λέ·

2233 1782 2403 1835 γομεν
2439 1766 2927 1837 μετενσωμὰτωσιν
2957 1762 3093 1819 εἶναι
3123 1767 3321 1839 ψυχῆς,
3380 1767 3472 1821 καὶ
3507 1766 3802 1820 κατάπτωο

565 1858 752 1913 haberi
788 1859 938 1914 dicit.
973 1859 1116 1915 Loca
1140 1863 1253 1927 ipsa
1272 1864 1523 1934 Origenis
1551 1865 1837 1934 descripsit
1859 1863 2122 1920 Iustinia-

2230 1873 2315 1910 σιν
2360 1857 2526 1926 αὐτῆς
2563 1856 2724 1927 μέχρι
2768 1857 2877 1910 τῶν
2925 1856 3134 1925 ἀλόγων
3171 1857 3356 1922 ζώων*
3399 1858 3640 1928 δηλονότι
3689 1856 3798 1910 οὐδ’

564 1963 667 2002 nus
688 1949 752 2003 ad
784 1949 985 2004 calcem
1017 1953 1257 2021 epistolae
1285 1955 1352 2008 ad
1383 1955 1616 2018 Menam,
1656 1970 1778 2025 qua:
1813 1971 1934 2011 cum
1961 1958 2013 2010 in
2047 1957 2130 2013 bis

564 2038 716 2095 libris
750 2041 908 2096 hodie
936 2055 1040 2096 non
1082 2054 1456 2112 compareant,
1513 2047 1804 2102 verisimile
1836 2055 1918 2102 est
1954 2062 1985 2101 a
2013 2047 2128 2102 Ru-

569 2132 678 2185 lino
735 2129 902 2187 luisse
954 2147 1265 2202 suppressa.
1307 2135 1559 2204 Pepercit
1619 2139 1822 2193 nomini
1877 2137 2128 2209 Origenis

562 2220 906 2292 Philastrius,
931 2240 1043 2280 rem
1061 2227 1229 2296 ipsam
1264 2230 1462 2298 tetigit,
1490 2241 1652 2300 atque
1679 2231 1780 2286 hoc
1806 2243 2126 2300 argumento

562 2314 883 2380 confutavit,
925 2321 1068 2387 quod
1113 2320 1290 2374 anima
1338 2332 1624 2391 postquam
1671 2338 1899 2394 corpore
1954 2325 2124 2381 soluta

562 2415 665 2471 est,
697 2407 749 2461 in
775 2407 953 2464 locum
977 2419 1241 2466 statutum
1278 2413 1577 2469 deducatur
1603 2415 1671 2470 ab
1699 2415 1910 2486 angelo,
1945 2427 2005 2472 ut
2029 2435 2126 2489 pro

561 2499 772 2554 meritis
806 2502 918 2556 suis
940 2512 1254 2559 exornetur.

632 2590 778 2648 XIX.
803 2593 971 2651 Recte
993 2596 1206 2663 quidem
1233 2598 1563 2652 accusationi
1602 2615 1712 2654 suae
1737 2601 2007 2656 consuluit
2032 2601 2125 2657 Ju-

561 2682 851 2748 stinianus,
871 2699 990 2738 cum
1013 2685 1262 2756 Origenis
1285 2687 1447 2742 verba
1466 2689 1579 2757 ipsa
1599 2691 1906 2760 descripsit,
1931 2695 2126 2762 quibus

559 2770 858 2827 absurdum
891 2775 1020 2829 illud
1052 2786 1106 2830 et
1129 2777 1353 2846 impium
1387 2778 1578 2849 dogma
1607 2782 1952 2847 continetur;
2013 2794 2120 2838 tam

559 2861 938 2931 frequentibus
960 2867 1157 2935 quippe
1183 2876 1238 2921 et
1271 2870 1475 2937 apertis
1511 2871 1836 2927 testimoniis
1867 2872 1997 2929 alibi
2033 2889 2119 2928 re-

557 2953 802 3021 pudiavit
833 2955 980 3010 illum
1013 2958 1388 3024 Adamantius,
1431 2969 1486 3016 et
1531 2961 1823 3029 damnavit,
1861 2966 1950 3020 vix
1989 2975 2045 3020 Ill
2070 2967 2122 3020 in

558 3046 797 3100 animum
831 3046 1087 3104 inducere
1114 3053 1335 3119 possim.
1373 3053 1667 3118 hominem,
1707 3071 1810 3110 non
1859 3057 1967 3126 jam
2003 3057 2124 3114 dico

557 3151 772 3193 summa
829 3137 1108 3196 ﬂorentem
1133 3145 1434 3201 eruditione
1486 3154 1542 3199 et
1591 3146 1826 3215 ingenio,
1871 3150 1963 3204 sed
2017 3167 2120 3204 non

556 3236 857 3288 vaecordem
887 3236 1111 3291 omnino
1129 3245 1184 3290 et
1203 3237 1475 3302 insanum,
1503 3247 1612 3292 tam
1645 3245 1998 3309 repugnantia
2021 3245 2120 3300 sibi

557 3333 613 3378 et
641 3327 918 3380 contraria
963 3342 1072 3381 uno
1118 3331 1417 3398 eodemque
1465 3347 1562 3387 ore
1615 3336 2015 3401 pronuntiasse.
2065 3337 2120 3392 In

557 3415 663 3470 hoc
684 3415 802 3484 ipso
821 3417 1044 3486 quippe,
1071 3420 1215 3487 quod
1244 3421 1426 3475 laudat
1454 3420 1814 3490 Justinianus,
1853 3442 2018 3496 opere
2049 3429 2123 3483 De

556 3504 851 3572 principiis,
888 3504 983 3560 lib.
1013 3523 1052 3571 I,
1075 3522 1193 3576 cap.
1227 3508 1436 3576 ultimo,
1480 3526 1628 3566 num.
1658 3511 1714 3576 4,
1747 3513 1822 3567 ita
1850 3513 2067 3569 disserit
2089 3533 2120 3569 -:

563 3612 584 3644 ι
619 3593 710 3648 Illa
743 3610 876 3650 sane
908 3611 1006 3652 nos
1065 3613 1406 3671 nequaquam
1440 3600 1747 3669 recipienda
1785 3618 2071 3660 censemus
2104 3644 2121 3668 ,

557 3699 679 3749 qua
708 3693 760 3737 et
785 3701 814 3738 a
837 3687 1155 3755 quibusdam
1190 3687 1463 3756 superﬂuo
1505 3689 1588 3744 vel
1620 3693 1822 3760 requiri
1843 3693 1926 3747 vel
1951 3696 2120 3749 astrui

557 3775 760 3841 solent,
787 3776 836 3830 id
867 3789 970 3843 est,
1001 3780 1140 3847 quod
1167 3779 1361 3833 anima:
1393 3779 1449 3833 in
1488 3788 1691 3834 tantum
1725 3784 1805 3836 sui
1839 3784 2119 3840 decessum

555 3867 800 3932 veniant,
833 3879 889 3922 ut
918 3878 1123 3924 naturae
1182 3870 1464 3925 rationalis
1511 3887 1572 3926 ac
1619 3871 1899 3938 dignitatis
1945 3875 2122 3931 oblita:

555 3960 716 4014 etiam
748 3961 798 4013 in
854 3960 1096 4016 ordinem
1134 3963 1586 4018 irrationabilium
1625 3966 1934 4020 animalium
1961 4008 1976 4032 ,
2032 3969 2117 4022 vel

553 4049 870 4115 bestiarum,
889 4052 969 4106 vel
990 4053 1252 4120 pecudum
1277 4052 1646 4109 devolvantur.
1663 4073 1682 4106 ι
1702 4055 1923 4124 lleliqua
1942 4059 2120 4113 studio

552 4141 840 4196 brevitatis
869 4147 1253 4213 praetermitto,
1292 4162 1412 4216 quae
1440 4160 1619 4203 tamen
1650 4149 1716 4203 ad
1744 4163 1856 4204 rem
1887 4149 2117 4205 faciunt.

555 4236 622 4290 Et
649 4237 744 4292 lib.
790 4254 831 4292 ιι
885 4237 960 4292 De
1003 4243 1402 4307 resurrectione,
1457 4259 1620 4313 quem
1683 4243 1860 4298 locum
1900 4246 2120 4299 exhibet

553 4327 911 4398 Pamphilus:
955 4347 974 4382 ι
1005 4332 1112 4386 Sed
1146 4333 1310 4399 sicut,
1345 4333 1541 4404 inquit,
1572 4351 1677 4392 non
1709 4345 1792 4391 est
1823 4337 2119 4405 putandum

554 4421 696 4488 quod
731 4421 1046 4476 animalium
1079 4439 1274 4494 corpus
1296 4435 1614 4494 accepturus
1641 4427 1712 4481 sit
1733 4436 2007 4498 peccator,
2026 4439 2120 4482 aut

2227 1949 2427 2018 ὁμοίως
2459 1949 2753 2021 Πυθαγόρᾳ
2772 1987 2788 2014 ,
2829 1949 2932 2003 κᾶν
2978 1948 3311 2020 ἁπεχώμεθά
3351 1966 3480 2002 ποτε
3512 1948 3666 2014 ζώων
3692 1990 3709 2017 ,
3734 1952 3806 2007 οὐ.

2228 2039 2549 2111 χρησόμεθα
2585 2040 2764 2094 αὐτῶν
2792 2043 2910 2105 ταῖς
2945 2041 3122 2112 σαρξί.
3163 2061 3182 2094 ι
3215 2041 3400 2112 Neque
3450 2058 3580 2100 vero
3608 2060 3798 2101 cense-

2227 2145 2347 2184 mus
2374 2130 2612 2184 animam
2643 2147 2674 2184 e
2704 2145 2930 2202 corpore
2957 2132 3010 2186 in
3041 2147 3238 2202 corpus
3269 2133 3503 2204 migrare
3527 2175 3553 2201 ,.
3577 2144 3632 2190 et
3676 2150 3803 2190 eam.

2225 2219 2292 2273 ad
2334 2220 2611 2274 brutarum
2635 2236 2804 2290 usque
2827 2222 3186 2276 animantium
3213 2225 3577 2278 conditionem
3613 2225 3801 2294 dejici.

2226 2307 2341 2364 Non
2377 2310 2559 2378 igitur,
2600 2311 2811 2366 etiamsi
2874 2311 3144 2366 interdum
3201 2312 3568 2369 animantibus
3619 2317 3800 2369 absti-

2226 2416 2418 2455 nemus
2447 2441 2463 2465 ,
2503 2416 2688 2456 earum
2731 2418 2924 2458 carnes
2981 2417 3299 2459 aversamur
3341 2406 3534 2461 eadem
3585 2409 3797 2464 ratione

2227 2508 2333 2562 qua
2367 2493 2717 2564 Pythagoras.
2749 2513 2768 2547 ι
2803 2495 2867 2549 Et
2897 2495 2994 2550 lib.
3023 2511 3051 2548 v
3078 2495 3132 2548 in
3155 2494 3324 2564 Epist.
3354 2502 3421 2550 ad
3444 2496 3619 2565 Rom.,
3641 2516 3792 2554 num.

2228 2584 2278 2649 I,
2311 2599 2433 2654 pag.
2467 2583 2570 2639 5L9
2609 2607 2620 2639 :
2661 2602 2680 2636 ι
2713 2584 2816 2640 Sed
2847 2586 2960 2640 lucc
2989 2585 3254 2642 Basilides
3273 2603 3377 2642 non
3412 2591 3698 2644 advertens
3727 2593 3804 2646 de

2227 2675 2342 2746 lege
2373 2677 2610 2732 naturali
2642 2677 2839 2731 debere
2864 2677 3109 2748 intelligi,
3141 2679 3210 2734 ad
3239 2679 3452 2749 ineptas
3492 2690 3549 2737 et
3597 2682 3798 2751 impias

2233 2769 2442 2824 fabulas
2475 2783 2777 2824 sermonem
2827 2771 3180 2837 apostolicum
3231 2773 3395 2828 traxit
3431 2772 3482 2826 in
3522 2790 3796 2843 μετενσω-

2230 2863 2523 2930 ματῶσεως
2554 2861 2768 2931 dogma,
2801 2861 2852 2916 id
2873 2871 2976 2926 est,
3014 2865 3156 2932 quod
3187 2862 3381 2917 animae
3411 2865 3462 2919 in
3495 2866 3598 2919 alia
3629 2875 3793 2935 atque

2225 2953 2329 3006 alia
2360 2967 2588 3022 corpora
2621 2954 3091 3018 translundautur,
3121 2969 3186 3010 ex
3219 2955 3326 3012 hoc
3359 2955 3600 3026 Apostoli
3645 2958 3798 3013 dicto

2224 3053 2453 3099 conatur
2483 3053 2754 3099 astruere.
2790 3043 2935 3099 Dixit
2968 3047 3138 3110 enim,
3188 3046 3386 3115 inquit,
3411 3047 3698 3116 Apostolus
3720 3047 3790 3116 ",

2226 3137 2350 3204 quia
2380 3151 2479 3205 ego
2508 3136 2753 3190 vivebam
2781 3137 2898 3192 sine
2927 3136 3043 3207 lege
3078 3138 3400 3208 aliquando;
3434 3157 3452 3192 ι
3486 3149 3539 3194 et
3565 3151 3800 3206 caetera,

2225 3241 2346 3296 quat
2383 3226 2572 3281 lectori
2619 3228 2859 3296 diligenti
2893 3229 3218 3284 consulenda
3269 3229 3535 3298 relinquo.
3582 3231 3791 3286 Paulini

2231 3316 2386 3383 hujus
2417 3315 2517 3372 loci
2545 3332 2762 3385 pravam
2791 3319 3319 3388 interpretationem,
3343 3330 3399 3375 et
3418 3318 3794 3393 Pythagoricae

2235 3407 2781 3478 μετενσωματώσεως
2824 3411 3286 3464 conﬁrmationem
3331 3413 3790 3466 accommodatam

2223 3501 2444 3554 damnat
2463 3501 2656 3554 iterum
2676 3501 2769 3556 lib.
2793 3517 2843 3555 vt
2865 3504 2919 3554 in
2940 3500 3110 3571 Epist.
3127 3502 3195 3554 ad
3213 3499 3387 3569 Rom.,
3411 3519 3559 3556 num.
3585 3502 3637 3569 8,
3666 3520 3789 3575 pag.

2224 3591 2348 3645 583.
2374 3591 2517 3646 Idem
2545 3592 2684 3646 libro
2711 3592 2784 3646 De
2813 3591 3110 3646 Proverbiis
3147 3594 3464 3659 Salomonis,
3491 3610 3614 3664 pag.
3652 3596 3700 3661 Ι,
3737 3608 3793 3650 et

2225 3692 2354 3737 tum.
2379 3699 2452 3736 vlt
2481 3685 2534 3736 in
2558 3683 2777 3748 Mattlt.,
2815 3699 2935 3753 pag.
2965 3685 3063 3738 441
3097 3687 3240 3756 (quae
3269 3685 3577 3740 testimonia
3605 3686 3793 3754 jacent

2223 3775 2276 3827 in
2315 3775 2572 3844 Apologia
2601 3775 2916 3846 Pamphili),
2949 3785 3004 3830 et
3033 3786 3227 3830 tom..x
3273 3777 3327 3830 in
3380 3776 3602 3843 Matth,
3636 3794 3798 3834 num.

2220 3863 2312 3928 ἓν,
2343 3880 2464 3934 pag.
2495 3866 2622 3932 468,
2646 3875 2700 3919 et
2733 3876 2862 3922 tom.
2907 3882 2982 3933 ιι,
3017 3883 3169 3923 num.
3204 3865 3292 3932 l9,
3323 3883 3447 3939 pag.
3481 3867 3608 3934 506,
3645 3869 3793 3924 Scri-

2220 3958 2397 4025 pturis
2422 3959 2629 4013 sanctis
2658 3965 2714 4012 et
2734 3958 3125 4014 ecclesiastica:
3154 3961 3276 4016 lidei
3311 3962 3638 4017 contrariam
3659 3975 3783 4016 esse

2222 4050 2420 4105 asserit
2449 4052 2958 4122 μετενσωμάτωσιν.
2994 4051 3034 4107 F
3041 4068 3135 4108 use
3164 4069 3382 4126 quoque
3414 4055 3468 4110 id
3497 4069 3791 4125 argumen-

2221 4151 2332 4196 tum
2357 4145 2702 4214 prosequitur
2735 4155 2867 4200 tom.
2916 4161 2968 4200 vn
3000 4147 3053 4199 in
3086 4145 3274 4215 Joan.,
3305 4163 3453 4205 num.
3489 4149 3545 4215 7,
3579 4149 3790 4217 disqui-

2225 4253 2349 4291 rens
2389 4254 2454 4290 an
2493 4237 2544 4291 in
2571 4235 2800 4293 Joannis
2827 4253 3025 4310 corpus
3058 4239 3188 4296 Elim
3216 4242 3396 4296 anima
3433 4242 3788 4312 migraverit;

2219 4342 2392 4396 eoque
2423 4329 2584 4381 etiam
2618 4329 2892 4399 copiosius
2927 4338 3058 4384 tom.
3090 4347 3190 4386 χιιι
3221 4333 3276 4385 in
3299 4329 3520 4397 Matth.,
3554 4347 3706 4386 num.
3734 4332 3790 4396 l,

2219 4434 2343 4488 pag.
2375 4418 2632 4484 567,568
2696 4429 2752 4475 et
2797 4423 3171 4491 sequentibus,
3217 4423 3464 4477 eamdem
3518 4423 3789 4480 ventilatis

553 4511 860 4575 volucrum,
899 4521 994 4565 aut
1015 4513 1242 4581 piscium
1269 4532 1283 4581 ;
1319 4517 1397 4570 sic
1422 4530 1594 4583 neque
1635 4515 1784 4581 solis,
1828 4526 1925 4570 aut
1954 4517 2112 4583 lunae,
2146 4555 2192 4610 Β
2219 4512 2592 4579 quaestionem,
2623 4512 2721 4566 hac
2745 4513 2954 4569 ratione
2971 4513 3460 4584 μετενσωμάτωσιν
3489 4525 3786 4586 oppugnat,

555 4609 650 4655 aut
673 4601 953 4656 stellarum
985 4603 1212 4658 formam
1259 4606 1587 4676 sperandum
1624 4615 1710 4661 est
1734 4607 1981 4676 accipere
2023 4623 2116 4664 eos

2226 4601 2478 4655 mundum
2523 4619 2790 4674 nusquam
2837 4604 3208 4670 interiturum,
3249 4606 3294 4659 si
3343 4607 3537 4661 anima:
3568 4617 3797 4676 propter

555 4691 647 4758 qui
678 4703 963 4758 resurgent
989 4693 1041 4747 in
1073 4694 1244 4763 gloria
1274 4714 1290 4750 :
1341 4697 1434 4752 sed
1485 4698 1716 4766 exempli
1757 4714 1917 4754 causa
1974 4700 2116 4755 dicta
2216 4703 2434 4761 peccata
2461 4707 2690 4762 corpora
2725 4695 2994 4750 subeant:
3036 4696 3086 4749 id
3120 4695 3266 4750 enim
3299 4697 3345 4751 si
3369 4698 3456 4759 sit,
3489 4713 3610 4752 cum
3645 4712 3788 4752 sem-

553 4795 673 4833 essc
699 4781 809 4834 lucc
844 4783 912 4835 ab
944 4781 1198 4850 Apostolo
1222 4786 1562 4839 sentiendum
1591 4797 1697 4854 est,
1717 4797 1773 4841 ut
1807 4789 2120 4859 designetur

553 4885 650 4939 per
675 4873 808 4939 haec,
836 4875 978 4941 q‘uod
1012 4873 1102 4926 alii
1133 4889 1231 4942 pro
1281 4877 1489 4931 meritis
1527 4877 1637 4931 suis
1681 4880 2120 4936 honorabiliores

552 4971 607 5016 et
635 4962 892 5018 clariores
922 4974 1104 5029 erunt,
1150 4969 1388 5022 beatiora
1414 4982 1628 5040 quoque
1663 4969 1965 5025 habitacula
1994 4987 2114 5026 sor-

551 5054 743 5109 titnri:
797 5055 1026 5110 aliorum
1084 5071 1213 5112 vero
1265 5059 1672 5129 indignissimus
1715 5070 1768 5116 et
1807 5061 2116 5132 ahjectissi-

552 5162 674 5201 mus
714 5161 811 5215 pro
856 5159 1128 5215 gestorum
1164 5149 1368 5204 scelere
1411 5152 1514 5205 erit
1560 5161 1754 5216 status,
1798 5154 1888 5224 qui
1947 5155 2114 5209 etiam

552 5239 720 5291 mutis
773 5239 1102 5295 animalibus
1153 5241 1348 5310 dignus
1378 5243 1449 5297 sit
1478 5243 1808 5312 comparari.
1843 5263 1862 5297 ι
1896 5244 2026 5311 Quae
2070 5247 2115 5300 si

551 5331 672 5398 quis
701 5345 730 5383 a
756 5328 950 5386 Ruﬁno
973 5332 1056 5386 vel
1081 5347 1333 5402 perversa
1361 5333 1444 5388 vel
1468 5334 1670 5389 inserta
1693 5346 1964 5403 causetur,
1987 5337 2116 5406 quid

553 5423 811 5478 adversus
842 5425 972 5479 illud
1018 5426 1252 5496 excipiet
1281 5443 1311 5482 e
1345 5427 1440 5482 lib.
1467 5445 1516 5481 tv
1556 5439 1736 5482 contra
1776 5430 1937 5494 Cela,
1963 5447 2113 5485 num.

552 5513 618 5566 17
644 5532 656 5567 :
685 5505 747 5566 El
775 5514 832 5568 δὲ
870 5511 937 5587 ἦν
982 5517 1236 5590 ἐννοήσας
1267 5519 1521 5590 (Κέλσος)
1573 5519 1623 5574 τί
1655 5520 1935 5576 ἀκολουθεῖ
1971 5521 2115 5593 ψυχῇ

553 5603 610 5657 ἐν
637 5604 838 5673 αἰωνίῳ
871 5605 1104 5677 ἐσομένη
1137 5607 1271 5678 ζωῇ,
1290 5607 1382 5661 καὶ
1410 5609 1460 5661 τί
1490 5607 1594 5681 χρὴ
1625 5611 1840 5679 φρονεῖν
1867 5609 1993 5680 περὶ
2021 5609 2118 5681 τῆς

623 5781 666 5812 ⁸⁸
698 5782 850 5835 Rom.
880 5799 973 5849 vtt,
997 5783 1056 5839 9.

2217 4798 2314 4852 per
2337 4799 2432 4852 pro
2457 4785 2670 4839 arbitrii
2694 4788 2775 4840 sui
2806 4786 3060 4841 libertate
3084 4801 3311 4857 peccare
3335 4788 3542 4857 possint
3571 4789 3784 4854 anitum,

2219 4889 2431 4942 semper
2463 4890 2686 4944 corpora
2721 4878 3034 4944 subituras;
3077 4894 3294 4948 semper
3329 4879 3491 4948 igitur
3529 4880 3786 4933 adfutura

2220 4979 2451 5034 corpora
2476 4984 2490 5031 ;
2526 4969 2784 5021 mundum
2809 4983 2940 5037 ergo
2976 4985 3250 5038 nunquam
3279 4971 3614 5038 periturum:
3644 4971 3790 5040 quod

2224 5057 2268 5110 si
2295 5057 2684 5125 prodeuntibus
2721 5059 2932 5114 saeculis
2957 5060 3154 5115 animae
3191 5060 3420 5114 subinde
3450 5060 3645 5129 aliqua:
3661 5075 3779 5128 pec-

2224 5159 2345 5204 cato
2376 5150 2665 5212 immunes,
2687 5151 2965 5221 corporeis
2986 5153 3212 5207 vinculis
3231 5152 3463 5223 amplius
3483 5167 3586 5206 non
3603 5162 3785 5222 egent,

2219 5247 2344 5307 post
2392 5239 2702 5293 diuturnum
2749 5253 3017 5294 annorum
3077 5241 3448 5307 curriculum,
3502 5241 3793 5295 imminuto

2228 5330 2403 5401 magis
2437 5331 2714 5400 magisque
2765 5333 3064 5387 animarum
3098 5348 3348 5398 numero,
3392 5332 3459 5388 ad
3488 5347 3790 5402 perpaucas

2220 5434 2426 5473 ammas
2455 5421 2729 5476 redactum
2759 5421 2823 5476 iri
2853 5424 3144 5489 mundum;
3170 5425 3366 5491 quibus
3395 5423 3784 5492 perfectionem

2221 5512 2547 5576 consecutis,
2584 5513 2881 5568 desiturum
2918 5515 3155 5579 tandem,
3187 5529 3298 5584 pra:
3331 5515 3636 5568 animarum
3661 5529 3791 5584 quas

2225 5619 2451 5675 corpora
2479 5604 2706 5661 subeant
2731 5604 2908 5679 inopia
2933 5623 2947 5673 ;
2983 5606 3124 5677 quod
3155 5605 3456 5677 refragatur
3485 5605 3789 5676 Scriptum
