4160 6414
427 411 534 467 917

1245 406 1821 464 ORIGENIANORUM
1854 407 1984 462 LIB.
2025 406 2092 473 ll,
2130 405 2282 462 CAP.
2319 403 2387 470 ll,
2427 399 2704 470 QUASST.
2747 398 2834 455 Vl.

3577 400 3711 456 9l8'~

431 527 648 584 docenti
670 525 938 596 plurimos
964 526 1020 580 in
1067 526 1272 580 mundo
1320 526 1532 582 futuros
1557 535 1832 589 mortales,
1880 539 2004 579 cum
2031 529 2079 589 Α
2109 539 2275 580 mox:
2311 542 2331 576 ι
2357 520 2683 577 lamblichus
2716 531 2848 572 vero
2890 515 2980 572 his
3027 512 3358 571 contrariam
3389 516 3682 573 decurrens

428 619 602 676 Filius
631 620 869 674 hominis
899 620 1172 673 adveniet.
1205 618 1328 673 Pari
1373 619 1546 674 utitur
1588 618 2006 674 ratiocinatione

429 709 523 766 lib.
552 727 589 766 ιι
623 712 678 764 in
710 709 921 764 Cantic.
963 710 1248 775 canticor.,
1282 724 1404 779 pag.
1465 709 1555 765 58.
1619 708 1774 763 Nunc
1815 724 2005 777 aequus

428 803 602 856 lector
618 802 918 881 existimet,
949 807 1027 852 tot
1056 809 1272 868 tamque
1293 801 1455 854 claris
1482 799 1806 854 testimoniis
1825 816 2008 871 μετενο

429 891 758 962 σωμάτωσιν
785 889 1162 944 obterentibus
1189 891 1362 959 major
1389 907 1457 946 ne
1483 890 1790 946 adhibenda
1825 892 1898 945 sit
1932 892 2000 945 li-

430 984 547 1047 des,
589 997 655 1035 an
696 983 762 1037 iis
787 997 908 1051 quae
935 981 1174 1051 allegant
1197 982 1559 1055 Hieronymus
1582 992 1638 1039 et
1663 983 2005 1041 Justinianus

428 1076 672 1130 eamdem
709 1077 1104 1132 astruentibus.

498 1167 884 1224 Verumtamen
939 1171 1062 1227 aliis
1111 1186 1333 1243 quoque
1379 1173 1648 1245 praesidiis
1691 1173 2003 1229 Adamantii

426 1277 646 1316 causam
682 1261 874 1319 fulcire
923 1279 1234 1335 possumus,
1265 1266 1411 1321 velut
1439 1281 1501 1321 ea
1531 1276 1656 1323 sunt
1692 1282 1812 1337 qua:
1847 1268 2003 1324 nobis

424 1350 742 1421 Pamphilus
786 1355 1206 1424 subministrat,
1239 1360 1405 1413 verba
1445 1360 1561 1414 hinc
1601 1359 1820 1430 Origeni
1864 1360 2043 1415 falso'

422 1444 658 1512 ascripta
694 1442 860 1499 fuisse
893 1447 1103 1513 dicens,
1147 1463 1267 1518 qua;
1309 1465 1416 1503 non
1454 1465 1520 1505 ex
1559 1465 1655 1506 sua
1685 1452 1780 1506 sed
1816 1467 1883 1506 ex
1907 1453 2002 1507 ad-

421 1536 652 1590 versarii
694 1551 925 1606 persona
951 1542 1277 1608 protulerat,
1317 1549 1372 1596 et
1400 1540 1836 1597 dissertationem
1867 1558 2002 1612 prae-

422 1635 569 1682 terea
601 1643 750 1682 suam
781 1629 866 1683 his
887 1630 1072 1685 verbis
1103 1630 1434 1686 conclusisse
1461 1648 1478 1686 :
1508 1649 1528 1684 ι
1553 1631 1658 1687 Sed
1686 1635 1799 1689 haec
1829 1649 2001 1703 quan-

421 1724 533 1770 tum
559 1718 626 1771 ad
654 1734 752 1774 nos
779 1722 1038 1790 pertinet,
1063 1736 1170 1776 non
1199 1723 1309 1778 sint
1340 1723 1616 1792 dogmata,
1653 1727 1747 1780 sed
1787 1726 2000 1782 discus-

419 1809 590 1866 si‘onis
615 1814 786 1882 gratia
817 1815 960 1869 dicta
988 1817 1137 1883 sint,
1175 1825 1231 1871 et
1259 1818 1602 1889 abjiciantur.
1652 1819 1758 1876 Pro
1798 1836 1864 1877 eo
1897 1837 1996 1877 au-

418 1908 528 1956 tem
560 1903 675 1957 solo
703 1905 845 1959 dicta
876 1915 1022 1969 sunt,
1059 1923 1127 1961 ne
1163 1908 1407 1963 videatur
1436 1910 1665 1978 quaestio
1696 1922 1858 1975 mota.
1893 1929 1998 1970 non

416 2007 538 2049 esse
577 1995 844 2053 disCtissa.
879 2015 899 2050 ›
935 1998 1066 2063 Qum
1108 2004 1306 2068 repetit
1345 2001 1510 2056 etiam
1543 2000 1902 2076 Hieronymus
1945 2017 2000 2060 et

417 2085 661 2153 agnoscit
694 2085 854 2154 epist.
890 2087 988 2150 59,
1021 2088 1088 2142 ad
1145 2089 1290 2142 Avit.
1315 2133 1329 2156 ,
1359 2105 1479 2160 cap.
1511 2091 1562 2145 l.
1613 2090 1842 2147 Prodest
1869 2093 1998 2149 illud

415 2176 643 2245 insuper
680 2179 749 2234 ad
791 2178 1162 2235 defensionem
1204 2179 1496 2251 Origenis,
1547 2185 1690 2252 quod
1736 2185 1998 2254 scriptum

415 2268 488 2322 ab
529 2283 594 2322 eo
635 2277 718 2323 est
758 2281 886 2325 tom.
917 2288 970 2326 χι
1011 2272 1068 2325 in
1096 2271 1293 2326 Matth.
1319 2313 1334 2338 ,
1385 2290 1535 2329 num.
1565 2276 1666 2343 l7,
1717 2291 1840 2347 pag.
1870 2276 1996 2346 506,

415 2361 807 2416 admittendam
833 2365 1349 2436 μετενσωμάτωσιν,
1379 2368 1423 2421 si
1448 2383 1545 2437 per
1566 2384 1687 2422 eam
1717 2369 1896 2423 anima
1923 2369 1998 2424 ita

413 2451 752 2523 intelligatur
790 2457 986 2510 mutari
1035 2465 1090 2512 et
1140 2459 1421 2527 converti,
1471 2469 1530 2514 ut
1561 2459 1646 2515 vel
1692 2462 1998 2531 depravatis

412 2547 688 2616 moribus,
739 2559 794 2603 et
835 2549 1150 2618 voluntate,
1186 2567 1292 2606 non
1334 2562 1531 2608 natura
1565 2555 1757 2624 pecudi
1806 2555 1997 2613 similis

409 2639 641 2705 evadat,
695 2639 778 2693 vel
813 2641 1104 2697 virtutibus
1145 2657 1208 2698 ac
1253 2644 1455 2712 pietate
1500 2659 1715 2699 rursum
1767 2646 1997 2702 rationis

410 2749 638 2806 compos
672 2736 786 2791 ﬁeri
819 2738 1089 2793 videatur.
1130 2739 1330 2794 Eadem
1385 2741 1525 2796 inest
1558 2741 1827 2797 sententia
1877 2740 1996 2798 loco

410 2827 632 2912 alteri.e
661 2828 796 2881 libro
846 2827 920 2882 De
955 2828 1254 2884 Proverbiis
1280 2831 1608 2897 Salomonis,
1647 2847 1808 2902 quem
1833 2833 1996 2887 Patu-

409 2918 592 2988 philus
643 2919 911 2989 Apologia:
965 2936 1078 2975 sua:
1131 2922 1383 2977 intexuit.
1434 2922 1490 2976 ld
1529 2934 1729 2992 puncto
1782 2940 1882 2980 suo
1940 2933 1994 2979 et

2108 615 2274 679 viam,
2309 627 2411 683 pro
2442 610 2759 665 animalium
2791 609 2996 677 specie,
3042 607 3239 662 anima:
3277 607 3513 690 speciem
3559 622 3680 664 esse

2106 704 2276 767 dicit,
2329 701 2537 771 species
2599 698 2854 753 nimirum
2910 696 3240 756 diﬂ‘erentes.
3297 697 3380 752 Ab
3436 713 3502 754 eo
3551 714 3681 769 ergo

2106 797 2345 864 scriptus
2379 800 2464 847 est
2489 790 2626 845 liber
2657 788 2947 860 singularis
2990 789 3065 844 ita
3091 790 3388 859 inscriptus
3419 809 3432 845 :
3475 790 3680 861 Migra-

2105 889 2271 942 tiones
2309 885 2608 939 animarum
2648 899 2750 936 non
2798 881 2916 950 fieri
2964 897 3029 935 ea:
3074 881 3373 936 hominibus
3403 882 3460 935 in
3505 883 3680 950 bruta,

2105 993 2267 1047 neque
2298 993 2330 1029 a
2357 975 2521 1028 brutis
2551 972 2873 1027 animalibus
2905 973 2962 1026 in
2990 972 3255 1038 homines;
3282 974 3372 1027 sed
3396 971 3460 1027 ab
3484 975 3685 1028 anima-

2104 1070 2242 1123 libus
2286 1070 2342 1122 in
2393 1066 2648 1121 animalia
2673 1105 2691 1132 ,
2722 1076 2771 1119 et
2805 1065 2870 1118 ab
2914 1065 3212 1118 hominibus
3239 1065 3295 1118 in
3317 1065 3572 1118 homines.
3602 1065 3685 1121 Ac

2103 1161 2237 1216 mihi
2270 1160 2482 1214 videtur
2507 1158 2594 1212 ille
2623 1171 2735 1226 pra:
2764 1155 2989 1225 reliquis
3021 1155 3227 1224 optime
3258 1166 3542 1211 assecutus
3570 1171 3681 1210 non

2104 1255 2346 1311 Platonis
2371 1253 2697 1308 sententiam
2725 1251 2907 1315 modo,
2935 1248 3028 1303 sed
3058 1257 3113 1303 et
3131 1248 3302 1318 ipsam
3333 1248 3680 1303 veritatem.»

2174 1346 2292 1401 XX.
2322 1345 2640 1399 Animarum
2679 1343 2861 1410 itaque
2885 1338 3231 1412 προῦπαρξιν
3261 1355 3384 1395 cum
3412 1339 3700 1396 aPlatone-

2105 1440 2410 1509 accepisset
2443 1437 2740 1508 Origenes,
2795 1435 3037 1503 ipsarum
3072 1435 3290 1502 quoque
3335 1431 3685 1504 μετενσωμά-

2101 1550 2268 1587 τωσιν
2300 1532 2368 1587 ab
2401 1532 2592 1586 eodem
2617 1530 2848 1597 accepit.
2877 1526 2960 1582 Ab
2997 1527 3250 1582 humanis
3276 1534 3456 1581 autem
3484 1539 3681 1595 corpo-

2102 1627 2255 1682 ribus
2279 1625 2331 1680 in
2357 1624 2592 1679 humana
2618 1635 2850 1692 corpora
2882 1619 3120 1674 transire
3144 1618 3355 1674 animas
3391 1616 3682 1673 affirmavit

2101 1719 2289 1785 Plato;
2340 1733 2370 1773 a
2427 1716 2743 1773 caelestibus
2791 1728 2925 1770 vero
2967 1711 3023 1767 in
3064 1711 3338 1777 humana,
3383 1712 3450 1766 ab
3490 1712 3577 1767 his
3623 1711 3680 1766 in

2105 1811 2404 1868 damonica
2453 1810 2688 1880 migrare
2734 1807 2944 1861 animas
2999 1804 3138 1858 dixit
3178 1802 3488 1874 Origenes:
3522 1812 3578 1858 et
3623 1811 3684 1857 ut

2029 1886 2073 1942 Β
2102 1904 2381 1960 hominum
2410 1903 2623 1956 animas
2647 1910 2872 1955 eatenus
2897 1899 3110 1953 animas
3142 1897 3411 1966 pecudum
3450 1896 3566 1951 fieri
3599 1897 3687 1952 di-

2098 1997 2179 2052 xit
2207 1993 2380 2060 Plato,
2422 2003 2688 2064 quatenus
2726 1990 2984 2060 nequitiae
3028 1989 3260 2044 addicta
3299 1989 3564 2059 pecudum
3600 1989 3682 2044 si-

2099 2089 2256 2144 miles
2295 2087 2470 2152 fiunt,
2522 2087 2594 2140 ita
2648 2084 2701 2139 id
2750 2084 2928 2153 ipsum
2970 2080 3236 2152 Origenes
3283 2082 3677 2152 pronuntiavit.

2098 2181 2400 2237 Prmiverat
2431 2178 2642 2233 Platoni
2692 2175 3052 2248 Pythagoras,
3087 2175 3182 2230 sed
3227 2191 3335 2230 non
3370 2175 3679 2232 animorum

2099 2277 2274 2333 solum
2318 2290 2384 2330 ex
2433 2273 2685 2328 humanis
2729 2271 3052 2340 corporibus
3092 2271 3143 2324 in
3194 2269 3453 2334 humana,
3489 2284 3682 2323 verum

2098 2367 2263 2424 etiam
2293 2380 2358 2420 ex
2393 2364 2478 2419 his
2519 2363 2571 2418 in
2614 2361 2785 2417 ferina
2835 2376 2999 2416 veras
3041 2362 3462 2416 commeationes
3512 2361 3682 2415 admi-

2098 2467 2268 2514 serat.
2297 2455 2456 2513 Aliud
2487 2470 2704 2527 quoque
2731 2455 3151 2525 Pythagoricam
3185 2452 3329 2507 inter
3358 2461 3412 2508 et
3439 2449 3680 2506 Platoni-

2098 2565 2218 2606 cam
2281 2549 2588 2605 doctrinam
2651 2546 3030 2602 intercessisse
3089 2546 3383 2600 discrimen
3447 2542 3681 2599 aﬂlrmat

2097 2643 2318 2700 Servius
2354 2643 2407 2696 in
2441 2641 2574 2696 illud
2603 2639 2792 2710 Virgil.
2835 2638 2967 2694 Αῐη.
3000 2655 3084 2704 ιιι,
3123 2653 3269 2694 vers.
3300 2637 3394 2705 67,
3421 2636 3491 2694 68
3521 2657 3534 2693 :

2278 2773 2294 2789 .
2340 2774 2355 2789 .
2401 2773 2415 2787 .
2454 2773 2469 2788 .
2509 2773 2524 2789 .
2564 2774 2581 2792 .
2614 2733 2947 2801 animamque
2979 2731 3216 2801 sepulcro

2269 2824 2580 2880 Condimus.

2101 2937 2120 2970 ι
2151 2917 2324 2985 Plato,
2358 2916 2553 2986 inquit,
2587 2923 2902 2984 perpetuam
2942 2914 3076 2968 dicit
3120 2912 3380 2979 animam,
3417 2922 3474 2967 et
3497 2912 3564 2966 ad
3593 2911 3682 2968 di-

410 3023 638 3064 assensu
694 3011 1012 3079 comprobat
1069 3010 1397 3068 Philastrius
1441 3013 1638 3070 haeres.
1679 3013 1803 3067 120.
1839 3015 1993 3081 Quod
2097 3025 2254 3065 versa
2287 3021 2512 3077 corpora
2549 3005 2838 3061 transitum
2889 3006 3071 3061 facere
3103 3006 3289 3060 statim
3340 3019 3438 3074 pro
3465 3004 3679 3061 meritis

410 3099 586 3168 ipsum
641 3103 910 3171 prolixius
960 3116 1016 3159 et
1063 3104 1365 3175 elegantius
1411 3105 1669 3159 edisserit
1697 3105 1992 3174 Gregorius
2093 3101 2219 3156 vita:
2261 3100 2478 3169 prioris.
2521 3096 2858 3168 Pythagoras
2895 3111 3024 3152 vero
3068 3111 3174 3150 non
3225 3095 3672 3169 μετεμψύχωσιν,

409 3190 688 3262 Nysscnus
735 3195 789 3248 in
834 3205 1258 3250 commemorata
1297 3196 1550 3265 superius
1600 3197 1988 3265 disputatione,
2019 3226 2062 3285 ο
2097 3194 2191 3247 sed
2223 3189 2641 3259 παλιγγενεσίαν
2678 3203 2801 3244 esse
2836 3189 3006 3255 dicit,
3049 3189 3152 3244 hoc
3191 3197 3278 3243 est
3321 3190 3494 3244 redire
3518 3229 3535 3255 ,
3576 3191 3674 3245 sed

407 3298 570 3350 quam
603 3284 846 3353 epistola:
875 3301 986 3340 sua:
1023 3287 1089 3339 ad
1121 3284 1332 3340 Menam
1364 3285 1700 3341 Justiuianus
1740 3287 1987 3342 inseruit.

405 3373 518 3430 Nec
557 3375 718 3430 aliter
758 3377 825 3430 de
871 3379 974 3432 hac
1015 3377 1482 3442 metensornatosi,
1532 3393 1637 3446 qua
1688 3381 1883 3432 anima:
1933 3377 1990 3434 in

405 3469 714 3523 belluarum
757 3484 986 3538 corpora
1016 3470 1248 3524 transire
1281 3469 1558 3536 dicuntur,
1600 3473 1837 3526 sensisse
1861 3470 1989 3527 Ori-

404 3575 598 3630 genem
625 3575 691 3614 eo
731 3560 866 3614 mihi
916 3561 974 3614 fit
1002 3561 1376 3629 verisimilius,
1410 3564 1554 3633 quod
1587 3563 1701 3617 haec
1740 3566 1856 3634 ipsa
1888 3564 1990 3620 fuit

404 3650 806 3706 Platonicorum
836 3653 1218 3707 nonnullorum
1244 3657 1754 3726 metempsychosis.
1787 3660 1989 3712 Aucto-

405 3760 517 3798 rem
563 3745 757 3799 damus
787 3744 1097 3799 Nemesium
1119 3785 1134 3810 ,
1175 3763 1292 3814 cap.
1320 3747 1356 3798 2
1387 3764 1400 3800 :
1426 3747 1686 3812 Εἰπόντος
1712 3749 1852 3821 γὰρ,
1900 3753 1987 3805 in-

403 3838 542 3905 quit,
589 3835 876 3899 Πλάτωνος
903 3835 1003 3900 τὰς
1039 3837 1139 3907 μὲν
1168 3837 1426 3908 θυμικάς,
1466 3839 1562 3892 καὶ
1593 3841 1864 3911 ὀργίλους,
1893 3845 1988 3898 καὶ

401 3926 752 3998 ἁρπακτικάς
770 3926 968 3997 ψυχὰς,
1011 3927 1190 3980 λύκων
1220 3929 1314 3981 καὶ
1342 3928 1568 3982 λεόντων
1601 3929 1830 4000 σώματα
1856 3949 1987 4002 μετ-

401 4016 806 4087 αμφιέννυσθαι
826 4036 840 4049 ο
867 4018 968 4081 τὰς
989 4019 1046 4071 δὲ
1075 4021 1202 4091 περὶ
1247 4021 1345 4091 τὴν
1375 4022 1669 4074 ἀκολασίαν
1691 4024 1990 4096 ἠσχολημέ-

401 4128 500 4174 νας
513 4136 534 4174 -,
565 4110 702 4164 ὄνων
741 4111 836 4163 καὶ
867 4111 973 4164 τῶν
1013 4113 1268 4166 τοιούτων
1302 4114 1705 4185 ἀναλαμϐάνειν
1737 4116 1984 4187 σώματα,

401 4204 451 4257 οἱ
489 4204 585 4274 μὲν
611 4204 814 4275 κυρίως
839 4205 1077 4275 ἤκουσαν
1100 4207 1225 4270 τοὺς
1253 4206 1471 4270 λέοντας
1503 4209 1597 4262 καὶ
1618 4210 1747 4271 τοὺς
1769 4209 1983 4275 λύκους,

403 4297 498 4350 καὶ
527 4297 651 4359 τοὺς
678 4296 833 4359 ὅνους
852 4311 866 4325 ·
892 4297 943 4349 οἱ
980 4298 1038 4350 δὲ
1071 4298 1348 4369 τροπικῶς
1383 4299 1544 4353 αὐτὸν
1578 4301 1858 4372 εἰρηκέναι
1882 4302 1988 4356 διέ-

402 4403 639 4456 γνωσαν,
678 4387 751 4440 τὰ
783 4386 889 4459 ἢθη
935 4389 1022 4442 διὰ
1062 4389 1173 4442 τῶν
1212 4389 1366 4454 ζώων
1407 4394 1877 4464 παρεμφαίνοντα.
1925 4396 1988 4449 Et

401 4492 527 4530 mox
563 4495 578 4532 :
625 4479 928 4550 Ἰάμϐλιχος
964 4481 1020 4533 δὲ
1062 4480 1162 4552 τὴν
1211 4483 1461 4536 ἐναντίαν
1487 4484 1697 4549 τούτοις
1737 4486 1981 4558 δραμὼν,

2095 3295 2218 3356 post
2253 3297 2484 3353 tempus.
2522 3301 2540 3334 ι
2577 3279 2635 3336 ln
2678 3294 2788 3350 quo
2832 3277 3113 3334 Platonem
3164 3294 3401 3350 quoque,
3449 3279 3676 3335 dimisso

2093 3377 2422 3449 Pythagora,
2447 3373 2804 3429 Adamantius
2829 3372 3095 3440 sequitur.
3119 3370 3189 3426 At
3210 3370 3676 3442 PagauinusGauo

2092 3472 2312 3526 dentius
2345 3485 2465 3538 cap.
2497 3468 2562 3523 51
2602 3467 2655 3521 in
2705 3464 2884 3520 libello
2928 3463 3005 3518 De
3037 3467 3428 3535 comparatione
3454 3466 3676 3537 dogma-

2093 3571 2204 3615 tum
2230 3559 2473 3629 Origenis
2499 3575 2618 3613 cum
2646 3556 2983 3627 philosOphia
3019 3555 3258 3610 Platonis
3284 3597 3300 3623 ,
3330 3558 3397 3613 de
3423 3555 3678 3628 Origenis

2091 3655 2545 3727 metempsychosi
2591 3653 2896 3718 disserens,
2939 3653 2993 3706 in
3028 3665 3093 3706 eo
3139 3650 3358 3706 ditl‘erre
3416 3651 3493 3704 ait
3549 3652 3676 3720 opi-

2091 3752 2310 3806 nionem
2357 3751 2527 3820 ipsius
2567 3764 2597 3802 a
2647 3746 3030 3817 Pythagorica,
3082 3745 3224 3813 quod
3262 3743 3350 3798 ille
3397 3759 3585 3814 poenas
3618 3745 3675 3799 in

2091 3843 2467 3897 subterraneis
2507 3840 2644 3896 locis
2695 3839 2921 3893 luendas
2977 3836 3048 3891 ob
3097 3835 3306 3891 scelera
3365 3845 3674 3906 agnoscat;

2089 3935 2426 4005 Pythagoras
2461 3948 2591 3988 vero
2626 3932 2850 3997 inferos,
2880 3931 3288 3998 inferorumque
3323 3941 3513 3996 poenas
3543 3943 3669 3984 sus-

2092 4026 2300 4088 tulerit,
2335 4024 2476 4094 quod
2535 4023 2732 4077 falsum
2768 4032 2896 4076 est:
2947 4020 3109 4074 Ἀλλά
3152 4019 3249 4073 καὶ
3289 4018 3451 4082 αὐτὸς
3493 4019 3553 4072 ὲν
3601 4019 3671 4090 τῇ

2089 4119 2274 4188 γραφῇ
2303 4133 2435 4188 φησι
2464 4115 2530 4167 δι’
2567 4114 2706 4168 ἐπτά
2735 4115 2830 4167 καὶ
2869 4112 3159 4166 διακοσίων
3203 4110 3368 4163 ὲτέων
3405 4107 3467 4174 ἐξ
3507 4107 3674 4162 ἀΐδεω

2089 4207 2572 4282 παραγεγενῆσθαι
2611 4208 2670 4270 ὲς
2708 4205 3048 4278 ἀνθρώπους.
3088 4223 3106 4256 ‹
3133 4203 3201 4256 At
3237 4203 3354 4272 ipse
3401 4201 3592 4263 etiam.
3615 4201 3674 4255 in

2087 4302 2311 4372 scriptis
2357 4303 2434 4354 ait
2473 4308 2596 4370 post
2636 4309 2841 4368 septem
2889 4306 2944 4351 et
2985 4297 3251 4352 ducentos
3294 4306 3467 4347 annos
3501 4306 3560 4347 se
3598 4292 3672 4349 'ex

2087 4391 2280 4446 inferis
2310 4392 2377 4446 ad
2404 4390 2653 4445 homines
2685 4388 2894 4453 venire,
2929 4405 2948 4438 ι
2984 4386 3161 4456 inquit
3183 4383 3435 4440 Laertius
3466 4383 3520 4437 iu
3553 4381 3670 4454 Pg-

2090 4488 2333 4559 thagora.
2368 4486 2451 4542 Ab
2481 4484 2757 4556 Egyptiis
2799 4493 2984 4538 autem
3020 4479 3303 4552 magistris
3331 4494 3534 4536 vesana
3567 4478 3673 4532 hac

399 4569 521 4620 κατ’
548 4561 688 4630 εἶδος
713 4566 868 4630 ζώων
906 4567 1085 4638 ψυχῆς
1116 4565 1257 4633 εἶδος
1298 4565 1435 4624 εἶναι
1473 4571 1642 4641 λέγει,
1677 4574 1843 4645 ἤγουν
1869 4576 1980 4647 εἴδη

2093 4580 2624 4651 metempsychoseos
2645 4577 2897 4632 doctrina
2929 4573 3119 4630 imbuti
3153 4573 3374 4629 fuerant
3395 4570 3672 4644 Pythago-

397 4656 660 4730 διάφοραο
701 4660 1013 4731 γέγραπται
1046 4661 1178 4729 γοῦν
1223 4662 1372 4734 αὐτῷ
1405 4665 1719 4735 μονόόιῦλον
1749 4669 1981 4740 ἐπίγρα-

400 4768 520 4821 φον,
559 4752 687 4805 Ὀτι
715 4755 826 4806 οὐκ
855 4752 952 4805 ἀπ’
988 4752 1315 4821 ἀνθρώπων
1344 4758 1430 4822 εἰς
1455 4756 1662 4828 ἄλογα,
1692 4759 1834 4813 οὐδὲ
1861 4759 1980 4814 ἀπὸ

398 4841 556 4904 ζώων
587 4845 823 4914 ἀλόγων
845 4847 932 4911 εἰς
961 4844 1314 4913 ἀνθρώπους
1341 4851 1983 4920 αϊμετενσωματώσεις

397 4936 683 5006 γίνονται,
733 4937 895 4991 ἀλλὰ
946 4937 1066 4990 ἀπὸ
1097 4936 1253 4998 ζώων
1281 4942 1367 5006 είς
1404 4939 1534 5005 ζὶὖα,
1572 4945 1668 4996 καὶ
1722 4945 1838 4998 ἀπὸ
1873 4946 1980 4999 ἀν-

398 5029 646 5097 θρώπων
681 5033 767 5095 εἰς
811 5027 1181 5096 ἀνθρώπους.
1217 5031 1326 5083 Καί
1361 5049 1451 5104 μοι
1481 5032 1630 5086 δοκεῖ
1662 5036 1860 5105 μᾶλλον
1890 5030 1982 5088 οὗ-

395 5137 489 5184 τος
513 5121 676 5175 ἕνεκα
696 5123 890 5178 τούτου
921 5126 1102 5190 καλῶς
1130 5123 1559 5197 κατεστοχᾶὶτθαι
1599 5127 1672 5199 μὴ
1706 5129 1863 5200 μόνον
1886 5133 1985 5202 τῆς

397 5215 684 5282 Πλάτωνος
729 5217 987 5291 γνώμης,
1037 5219 1173 5274 ἀλλὰ
1223 5220 1318 5273 καὶ
1360 5221 1458 5292 τῆς
1489 5221 1750 5294 ἀληθείας
1793 5225 1981 5294 αὐτῆς.

402 5323 424 5359 ι
451 5309 585 5362 Cum
618 5309 763 5363 enim
792 5311 992 5366 dixerit
1031 5310 1186 5364 Plato
1239 5313 1569 5380 iracundas,
1618 5325 1673 5369 et
1723 5314 1982 5381 furiosas,

395 5410 451 5453 et
481 5414 706 5467 rapaces
739 5401 972 5467 animas,
1020 5403 1270 5470 luporum
1300 5416 1355 5460 et
1385 5405 1600 5461 leonum
1634 5421 1866 5477 corpora
1898 5406 1985 5460 in-

397 5491 588 5553 duere,
633 5505 754 5560 quae
785 5506 918 5549 vero
970 5493 1400 5562 intemperanter
1452 5497 1737 5565 vixissent,
1794 5497 1980 5553 asino-

395 5597 540 5650 rum,
599 5591 693 5638 aut
756 5585 988 5640 aliorum
1045 5585 1315 5654 ejusmodi
1369 5603 1600 5660 corpora
1665 5603 1977 5655 assumere;

394 5675 642 5730 nonnulli
672 5677 891 5749 proprie
925 5677 1315 5734 intellexerunt
1359 5680 1569 5745 leones,
1620 5691 1676 5736 et
1703 5681 1880 5751 lupos,
1925 5689 1982 5736 et

395 5769 630 5824 asinos:
675 5769 766 5825 alii
813 5785 950 5827 vero
995 5771 1225 5843 ﬁgurate
1262 5772 1378 5828 hate
1425 5773 1605 5843 ipsum
1644 5773 1847 5830 dixisse
1889 5774 1980 5844 ju-

396 5860 671 5933 dicarunt,
729 5877 908 5924 mores
963 5864 1380 5945 per___anigmslia
1443 5865 1796 5944 indicantem.
1835 5884 1856 5920 ι
1909 5865 1979 5928 Et

2089 4689 2182 4728 ras
2209 4681 2264 4726 et
2292 4670 2481 4736 Plato;
2513 4671 2641 4725 hinc
2670 4669 2813 4724 enim
2858 4681 3109 4722 manasse
3143 4666 3290 4720 illam
3339 4676 3674 4721 commemo-

2089 4775 2177 4820 rat
2202 4764 2397 4819 ibidem
2423 4763 2673 4826 Servius,
2705 4769 2760 4815 et
2784 4759 3035 4817 Clemens
3059 4757 3462 4815 Alexandrinus
3488 4757 3586 4812 lib.
3612 4771 3670 4814 vr

2090 4859 2347 4912 Stromat.
2410 4852 2564 4908 Hanc
2620 4852 2888 4921 hodieque
2942 4851 3375 4922 pertinacissime
3433 4849 3672 4904 retinent

2087 4944 2398 5000 Americani
2455 4943 2720 5006 nonnulli,
2788 4944 3025 4996 retinent
3081 4940 3344 4996 Sinenses
3399 4939 3668 5010 plerique,

2086 5045 2144 5090 et
2169 5051 2235 5091 ex
2262 5033 2409 5089 Indis
2435 5043 2698 5104 quotquot
2722 5033 3102 5088 Muhammedo
3131 5047 3328 5087 nomen
3355 5045 3463 5086 non
3498 5031 3668 5086 dede-

2084 5139 2245 5192 runt;
2282 5127 2468 5196 itaque
2507 5125 2576 5180 ab
2616 5126 2985 5180 animatorum
3027 5139 3126 5180 esu
3167 5133 3328 5179 caute
3369 5123 3666 5180 abstinent.

2082 5220 2164 5273 An
2203 5221 2271 5274 ab
2311 5220 2456 5274 ludis
2476 5235 2606 5274 vero
2635 5219 2701 5273 ad
2722 5217 3007 5290 Egyptios
3047 5217 3350 5283 transierit,
3385 5232 3452 5270 an
3481 5217 3551 5270 ab
3577 5215 3668 5271 his

2084 5314 2153 5367 ad
2179 5312 2334 5379 illos,
2368 5327 2457 5368 res
2489 5321 2574 5368 est
2604 5328 2709 5368 non
2756 5326 2936 5383 parvae
2967 5310 3385 5381 disquisitionis.
3419 5309 3516 5365 His
3541 5317 3663 5365 sata

2087 5407 2399 5463 auctoribus
2439 5407 2904 5472 Simonianorum,
2949 5405 3423 5472 Basilidianorum,
3459 5403 3660 5460 Valen-

2089 5495 2444 5563 tinianorum,
2474 5495 2944 5562 Marcionitarum,
2971 5496 3358 5553 Gnosticorum
3386 5504 3444 5551 ct
3492 5494 3667 5551 Mani-

2087 5587 2360 5642 chaeorum
2410 5598 2620 5644 mentes
2662 5587 2873 5654 infecit,
2926 5589 2980 5644 in
3028 5589 3202 5655 iisque
3249 5597 3364 5644 tum
3405 5589 3474 5646 ab
3511 5590 3660 5656 aliis,

2087 5687 2201 5734 tum
2232 5680 2300 5734 ab
2323 5678 2555 5750 Origene
2591 5695 2735 5750 saepe
2771 5679 3021 5737 confossa
3048 5691 3152 5737 est.
3185 5678 3398 5736 Placuit
3427 5696 3494 5737 ea
3526 5697 3664 5752 quo-

2083 5785 2191 5840 que
2229 5772 2506 5828 veteribus
2531 5771 2706 5829 Gallis
2748 5783 2811 5830 ut
2842 5790 2872 5830 a
2904 5773 3123 5831 Caesare
3161 5774 3436 5845 proditum
3469 5783 3554 5830 est
3583 5773 3664 5830 De

2086 5865 2220 5926 bello
2263 5861 2469 5924 Gallico
2509 5864 2604 5925 lib.
2652 5881 2733 5927 vt.
2781 5864 2862 5926 Ne
2907 5867 3197 5941 postremis
3238 5869 3459 5946 quidem
3503 5866 3663 5924 hisee
