4160 6402
518 386 623 440 9I9

1838 387 1899 443 P.
1940 386 2258 441 DANIELIS
2298 385 2531 441 HULTII

3677 383 3782 431 9‘20

518 503 853 571 temporibus
913 506 1236 575 temperavit
1302 505 1407 561 sibi
1473 505 1837 578 Hieronymus
1892 506 2098 563 Carda-
2129 512 2175 567 Α
2203 506 2458 568 arbitrio,
2484 503 2741 558 facultate
2773 498 3027 554 videlicet
3054 496 3285 566 quadam
3312 493 3395 550 vel
3424 494 3781 564 presequcnui

517 612 639 659 nus,
659 597 744 650 vir
765 597 1103 651 immoderati
1134 598 1356 669 ingenii,
1378 600 1507 668 quin
1538 600 1783 654 iteratam
1807 601 2095 668 quamdam

516 699 571 742 et
601 689 883 757 repetitam
917 690 1341 760 παλιγγενεσίαν
1373 692 1742 750 introduceret
1778 692 1831 746 in
1871 690 2099 762 Dialogo

515 784 580 836 de
624 798 809 838 morte.

1114 879 1390 937 UIESTIO
1431 880 1542 934 VII.

1114 879 1390 937 U/ES'I‘IO
1431 880 1542 934 VII.

550 956 619 997 ne
654 960 843 1001 LtBl-ZRO
870 878 1128 1005 Αιιιιιτιιῼο
1150 992 1163 1014 ,
1201 967 1396 1006 eum
1430 968 1497 1005 er
1527 968 2059 1010 PBEDESTINA‘I‘IONE.

514 1035 551 1088 Ι.
594 1036 871 1119 ξεηιςιιιὶα
911 1041 1157 1119 Origenis
1177 1048 1255 1119 _de
1297 1046 1462 1099 libero
1506 1046 1730 1119 arbitrio
1771 1058 1979 1119 natura:
2004 1064 2095 1119 ra-

582 1110 817 1183 tionalis,
870 1124 919 1166 et
958 1110 1131 1180 gratia
1169 1116 1261 1169 Dei
1293 1117 1595 1169 summatim
1637 1118 1971 1183 proponitur.
2030 1117 2094 1171 II.

582 1176 990 1256 Eademfusiu's
1025 1186 1585 1256 explanaturslllxln
1614 1176 1974 1256 q'tto'positam
2007 1205 2097 1240 ar-

584 1251 730 1302 bitrii
757 1251 1047 1306 libertatem
1075 1257 1322 1310 voluerit.
1370 1255 1459 1309 ιν.
1492 1251 1700 1310 Statum
1733 1251 1935 1309 natura’
1959 1258 2096 1310 inte-

584 1336 694 1388 grte
723 1338 753 1373 a
785 1332 928 1375 statu
956 1333 1163 1378 natura:
1195 1326 1360 1392 lapsae
1389 1343 1491 1393 non
1518 1327 1784 1378 distinxit.
1817 1327 1878 1379 V.
1908 1325 2096 1380 Utrum

582 1399 630 1442 et
662 1396 924 1459 quomodo
950 1393 1174 1448 liberum
1210 1398 1489 1449 arbitrium
1518 1412 1693 1464 regere
1716 1399 1973 1461 putaverit
2009 1398 2099 1449 bo-

582 1475 678 1530 nos
730 1471 777 1513 et
832 1478 1023 1530 pravos
1076 1475 1249 1519 motus
1300 1467 1356 1519 in
1406 1467 1585 1520 animo
1641 1468 1943 1519 suscitator.
2006 1465 2094 1522 VI.

582 1528 903 1603 Ecquisnam
938 1534 1005 1585 sit
1051 1534 1139 1587 ille
1182 1537 1400 1603 spiritus
1434 1538 1680 1589 adversus
1711 1553 1859 1603 quem
1894 1535 2096 1592 Paulus

581 1615 791 1654 carnem
819 1602 891 1653 ait
920 1602 1308 1669 concupiscere.
1350 1606 1457 1658 VII.
1497 1603 1688 1659 Utrum
1718 1602 1897 1658 anima
1921 1608 2096 1661 media

578 1670 719 1723 inter
744 1672 987 1739 spiritum
1012 1685 1057 1727 et
1081 1690 1290 1729 carnem
1317 1677 1423 1730 dici
1449 1676 1635 1743 possit.
1670 1674 1799 1729 VIII.
1827 1674 2098 1740 Quteritur

582 1751 762 1793 utrum
806 1742 1031 1809 affectus
1081 1745 1247 1809 aliqui
1300 1747 1421 1800 boni
1451 1742 1527 1799 ea:
1573 1762 1730 1798 carne
1778 1747 2097 1800 naturaliter

576 1812 875 1905 prodeanti
899 1824 951 1905 et
979 1814 1045 1895 de
1081 1813 1190 1905 lege
1222 1826 1455 1905 nqturt'e,
1502 1814 1592 1869 IX.
1634 1813 1822 1867 Patres
1851 1817 2094 1905 multis:
2127 1851 2166 1905 Β

578 1880 630 1955 ui
668 1892 875 1955 nanter
924 1882 1045 1955 boni
1086 1884 1285 1954 aliquid
1325 1887 1455 1937 oriri
1498 1901 1648 1955 posse
1685 1896 1981 1955 senserunt.
2020 1887 2090 1941 X.

581 1947 832 2016 Origenes
861 1952 962 2021 legi
1006 1947 1214 2007 natura:
1258 1947 1729 2009 nimium'tribuit.
1781 1953 1868 2009 XI.
1900 1954 2096 2021 Quem-

579 2020 866 2095 admodum
903 2020 960 2095 _et
1009 2024 1108 2091 legi
1142 2024 1365 2095 Moysis.
1414 2025 1529 2080 XII.
1575 2020 1931 2092 lnuestigatur
1973 2028 2095 2095 ejus

576 2093 833 2165 s_etttentia
879 2093 943 2165 de
991 2097 1178 2162 gratia:
1229 2093 1467 2155 auxilio.
1516 2112 1674 2165 quam
1717 2093 2017 2149 hominibus
2061 2115 2094 2150 a

576 2158 690 2213 Deo
740 2158 1009 2234 impertiri
1043 2166 1277 2228 censuit,
1331 2158 1543 2234 propter
1587 2175 1893 2234 recteriante
1935 2168 2093 2220 vitam

576 2243 747 2297 gesta.
788 2230 925 2286 XIII.
955 2233 1025 2286 Et
1049 2234 1102 2287 in
1132 2234 1230 2288 hac
1263 2230 1369 2289 vita
1406 2230 1637 2289 mortali.
1680 2232 1818 2287 XIV.
1849 2234 2093 2290 Gratiam

576 2300 894 2375 agitantem
935 2319 1039 2357 non
1077 2306 1311 2375 agnouit.
1352 2304 1467 2359 XV.
1505 2304 1789 2373 Perperam
1834 2307 2091 2375 interpre-

577 2371 702 2422 tatis
748 2372 1065 2440 quibusdam
1108 2372 1403 2437 Scriptura:
1450 2374 1578 2429 locis
1611 2371 1676 2427 in
1725 2392 1835 2427 eam
1888 2371 2094 2429 senten-

575 2440 705 2511 tiam
723 2446 982 2511 adductus
1010 2454 1107 2496 est.
1139 2443 1275 2497 XVI.
1301 2445 1433 2511 Qua:
1459 2447 1647 2498 merito
1674 2444 2089 2508 reprehenditur.

579 2508 739 2585 XVII.
783 2507 1409 2585 Pauaillaqua’dam‘in
1445 2514 1693 2585 Origenis
1728 2507 1958 2583 fauorem
1992 2519 2094 2570 col-

575 2580 837 2661 liguntur.
884 2580 1084 2638 XVIIII
1109 2583 1294 2637 Utrum
1327 2595 1376 2639 et
1414 2580 1675 2661 quomodo
1714 2580 1970 2661 perfectos
2005 2588 2093 2661 lto-

577 2654 739 2726 mines
786 2668 936 2726 posse
985 2670 1089 2707 non
1131 2664 1531 2726 peccareirattts
1581 2657 1671 2709 sit.
1727 2654 1866 2709 XIX.
1913 2656 2088 2726 Hujus

576 2720 840 2793 dogmatis
868 2738 1031 2775 causa
1068 2720 1298 2790 vapulat.
1322 2724 1442 2779 XX.
1467 2724 1656 2778 Utrum
1683 2737 1795 2793 post
1820 2720 2088 2789 acceptant

572 2793 797 2858 gratiam
822 2792 1369 2862 iterailteiptenitentiw
1387 2800 1558 2849 locum
1585 2812 1687 2849 non
1716 2811 1983 2862 superesse
1998 2814 2092 2850 au-

574 2862 814 2914 tumarit.
847 2860 985 2915 XXI.
1020 2861 1206 2918 Utrum
1234 2866 1501 2934 prteceptis
1531 2866 1724 2920 diuinis
1756 2860 1949 2919 morem
1980 2869 2089 2934 geri

573 2947 677 2983 non
719 2936 1151 3005 posse__seu_serit.
1204 2934 1369 3005 XXII.
1406 2934 1672 3002 Suppetite
1702 2937 1949 3005 feruntur
1973 2936 2091 2990 Ori-

575 3005 716 3075 geni.
962 3001 1159 3075 Utrum
1187 3000 1527 3075 aﬁirmauerit
1559 3000 1795 3060 homines
1826 3008 1939 3059 sola
1984 3007 2090 3074 [ide

563 3072 747 3141 justas
784 3073 933 3145 epici.
989 3072 1180 3128 XXIV.
1224 3072 1588 3144 investigatur
1635 3076 1749 3145 ejus
1793 3072 1994 3145 dogma
2024 3079 2089 3131 de

572 3152 789 3215 peccato
815 3144 1058 3215 originis,
1091 3155 1139 3199 et
1166 3145 1272 3213 [ine
1309 3146 1577 3215 baptismi.
1610 3145 1779 3200 XXV.
1810 3144 1949 3212 Quid
1988 3148 2086 3214 ipsi

572 3205 647 3284 de
678 3205 1146 3280 prmdestinatione
1166 3205 1467 3284 'placue'rit,
1518 3205 1845 3283 disputatur:
1891 3205 2083 3273 XXVI.
2114 3205 2158 3263 ο

563 3279 677 3419 ἕξις
700 3297 910 3403 (quoque
940 3279 1210 3338 nonnullis
1240 3302 1417 3355 pennas
1446 3286 1536 3339 dat
1562 3328 1576 3352 ,
1605 3279 1705 3339 sed
1737 3290 1791 3341 in
1820 3287 2086 3356 aliquibus

635 3368 693 3404 ua
725 3368 806 3404 ur.

635 3368 806 3404 vatur.

575 3441 615 3495 I.
658 3442 813 3497 Nunc
845 3458 975 3500 vero
999 3446 1066 3501 de
1092 3445 1265 3501 libero
1309 3447 1561 3516 arbitrio,
1586 3448 1729 3519 quod
1761 3450 1955 3504 anima:
1986 3450 2087 3520 ipsi

503 3535 748 3589 innatum
780 3544 907 3600 est;
938 3538 1113 3605 deque
1138 3538 1312 3607 gratia
1343 3538 1459 3606 Dei,
1496 3554 1617 3609 quae
1651 3540 1703 3593 in
1730 3540 1967 3594 animant
2006 3542 2089 3596 in-

502 3625 774 3693 funditur,
814 3628 945 3698 quid
971 3629 1193 3698 Origeni
1221 3629 1508 3699 placuerit,
1539 3630 1934 3701 explorandum
1963 3643 2082 3699 est;

502 3734 605 3775 nec
631 3734 750 3775 eam
776 3722 919 3775 enim
962 3723 1319 3791 quaestionem
1351 3722 1617 3779 inoﬂ‘enso
1652 3724 1897 3782 decurrit
1926 3728 2083 3795 pede,

501 3814 700 3867 mentis
746 3813 1028 3869 rationalis
1067 3815 1297 3870 arbitrio
1330 3816 1557 3871 nimium
1597 3817 1867 3883 tribuens,
1899 3819 2086 3889 gratiae

499 3919 631 3960 vero
668 3906 868 3962 divinae
916 3907 1219 3980 infringens
1251 3909 1513 3964 auxilium
1544 3928 1558 3963 :
1588 3910 1725 3965 adeo
1756 3921 1813 3964 ut
1849 3926 1916 3965 ex
1967 3911 2085 3979 ejus

499 3998 719 4066 scriptis
772 3998 1024 4054 haeresim
1082 4015 1235 4055 suam
1291 4001 1540 4057 hausisse
1601 4002 1731 4057 dicti
1781 4003 1891 4057 sint
1930 4002 2085 4058 Pela-

497 4088 668 4157 giani,
693 4103 990 4160 eorumque
1014 4090 1290 4147 fraterculi
1316 4090 1704 4148 Massilienses.
1735 4092 1871 4148 Hinc
1896 4094 2085 4149 Hiero-

500 4194 699 4265 nxmus
736 4183 792 4235 in
825 4182 1066 4252 Epistola
1097 4183 1164 4238 ad
1198 4183 1630 4256 Ctesiphontem,
1668 4201 1790 4255 cap.
1824 4186 1881 4251 2,
1922 4186 2082 4241 Pela-

498 4273 570 4342 gii
607 4273 910 4328 doctrinam
958 4275 1215 4347 Origenis
1263 4276 1629 4332 ramusculum
1678 4292 1801 4333 esse
1846 4293 2085 4347 pronun-

500 4364 636 4431 tiat;
674 4375 729 4421 et
761 4366 855 4421 lib.
890 4371 1135 4426 taduers.
1179 4366 1479 4439 Pelagium,
1511 4385 1633 4439 cap.
1676 4369 1733 4435 7,
1761 4368 2081 4441 Pelagiano-

495 4472 617 4511 rum
654 4462 974 4530 magistrum
1019 4477 1142 4517 esse
1189 4462 1324 4517 dicit
1370 4462 1460 4516 τὸν
1499 4463 1759 4534 ἀρχαῖον,
1803 4474 2081 4519 auctorem

2202 596 2352 660 vitii,
2411 594 2498 649 vel
2556 589 2949 663 amplectenda»
3004 588 3263 642 virtutis:
3301 600 3408 655 qua
3458 594 3619 654 prout
3670 601 3784 640 usa:

2200 696 2365 752 sunt,
2418 686 2494 739 ita
2536 684 2623 740 vel
2658 684 2726 738 ad
2768 680 3081 742 superiores
3128 677 3369 732 evasisse
3410 675 3669 740 ordines,
3698 676 3785 731 vel

2199 780 2265 831 ad
2297 775 2583 831 inferlores
2616 789 2738 831 esse
2776 771 3097 828 deturbatas
3127 787 3142 823 :
3173 782 3555 838 quemcunque
3603 776 3783 820 autem

2199 867 2408 934 adeptze
2453 866 2563 922 sint
2601 876 2840 930 statum,
2880 862 3050 917 nihilo
3092 860 3269 915 secius
3314 856 3501 913 eadem
3545 858 3786 912 fruentes

2198 968 2503 1028 potestate,
2536 957 2621 1013 vel
2670 967 2819 1013 recte
2852 956 2939 1012 vel
2970 954 3114 1009 male
3156 968 3253 1022 pro
3296 951 3450 1007 libitu
3479 965 3674 1020 agere,
3720 964 3786 1006 ac

2202 1053 2359 1105 novis
2401 1050 2626 1120 proinde
2664 1050 2749 1105 vel
2780 1042 3315 1103 remunerationibus
3342 1042 3427 1097 vel
3463 1041 3638 1112 pinnis
3667 1055 3787 1096 esse

2198 1142 2499 1206 obnoxias;
2566 1156 2665 1196 nec
2721 1140 2961 1195 futurum
3006 1150 3247 1207 unquam
3307 1143 3368 1188 ut
3420 1133 3506 1187 vel
3560 1133 3786 1188 facultas

2199 1236 2315 1301 illa,
2350 1235 2435 1290 vel
2485 1232 2761 1289 facultatis
2804 1246 2935 1286 usus
2976 1231 3031 1285 in
3077 1228 3276 1284 animis
3316 1228 3624 1291 intercidat,
3660 1225 3785 1281 licet

2162 1346 2167 1351 '
2199 1326 2287 1381 vel
2318 1325 2590 1380 charitate
2631 1323 2718 1377 vel
2777 1321 3080 1393 pertinacia
3124 1336 3155 1375 a
3200 1317 3360 1374 malis
3389 1317 3613 1372 bonisve
3652 1333 3784 1372 non-

2200 1433 2483 1488 nunquam
2523 1415 2940 1472 abstrahamur.

2270 1508 2402 1576 Qua:
2464 1523 2590 1564 cum
2659 1504 3033 1577 perfunctorie
3103 1518 3265 1572 supra
3340 1499 3784 1564 delibaverimus,

2198 1616 2346 1656 nunc
2392 1600 2737 1656 enucleatius
2790 1595 3085 1652 reseranda
3139 1595 3403 1658 veniunt,
3453 1601 3507 1649 et
3560 1591 3787 1647 attentis

2200 1692 2374 1750 oculis
2439 1691 2904 1760 introspicienda;
2960 1687 3436 1757 quaerendumque
3488 1698 3669 1741 utrum
3721 1684 3785 1740 li-

2200 1787 2462 1841 bertatem
2513 1792 2720 1838 natura}
2769 1781 3056 1837 rationalis
3097 1782 3387 1850 integram,
3431 1793 3497 1833 an
3531 1778 3784 1833 imminu-

2198 1884 2345 1942 tam;
2401 1882 2587 1929 utrum
2639 1872 2762 1927 ullis
2798 1873 2993 1926 divina:
3043 1871 3230 1940 gratiae
3280 1868 3500 1924 auxiliis
3541 1868 3788 1940 indigere

2197 1968 2367 2034 illam,
2396 1978 2451 2023 et
2474 1966 2695 2035 juvari;
2726 1980 2947 2035 quoque
2976 1964 3137 2019 modo
3167 1963 3484 2032 contingere
3509 1960 3612 2015 hoc
3640 1960 3782 2015 arbi-

2196 2066 2371 2113 tratus
2416 2057 2508 2113 sit.
2532 2056 2745 2115 ‘.Sensit
2772 2055 2885 2124 ,ille
2930 2055 3115 2125 itaque
3142 2053 3352 2107 arbitrii
3386 2052 3698 2108 libertatem
3731 2052 3783 2106 in

2198 2148 2534 2205 indillerenti
2563 2149 2800 2218 quadam
2836 2149 2974 2202 bene
3003 2146 3085 2201 vel
3122 2145 3261 2201 male
3290 2145 3482 2216 agendi
3528 2144 3785 2200 facultate

2194 2243 2354 2296 sitam
2376 2281 2389 2305 ,
2425 2250 2482 2294 et
2515 2239 2823 2303 mentibus,
2863 2252 2987 2291 mox
3015 2247 3074 2291 ut
3110 2242 3430 2290 crearentur
3461 2250 3491 2288 a
3525 2235 3658 2299 Deo,
3702 2235 3782 2288 in-

2196 2333 2363 2387 ditam
2385 2370 2401 2397 ,
2448 2331 2715 2401 integram
2744 2343 2961 2398 semper
2997 2336 3053 2381 et
3091 2335 3342 2397 vegetam
3389 2340 3785 2397 perseverare;

2194 2438 2295 2480 nec
2344 2423 2453 2479 ulla
2520 2438 2581 2479 re
2635 2421 2807 2478 fuisse
2860 2420 3227 2485 imminutam,
3285 2418 3614 2490 plenumque
3664 2418 3783 2488 ejus

2194 2532 2351 2571 usum
2411 2517 2463 2572 in
2525 2516 2701 2570 beatis
2750 2513 2837 2568 vel
2878 2512 3152 2568 damnatis
3197 2524 3530 2583 superesse;
3580 2510 3781 2579 impelli

2192 2610 2410 2678 quidem
2465 2608 2705 2661 animam
2752 2621 2782 2660 a
2836 2605 2996 2661 bonis
3043 2604 3273 2659 malisve
3317 2602 3677 2672 potestatibus
3711 2603 3782 2657 ad

2190 2702 2418 2754 virtutes
2445 2696 2531 2752 vel
2562 2697 2631 2751 ad
2672 2696 2837 2759 vitia;
2883 2694 3001 2763 cogi
3033 2706 3163 2747 vero
3192 2692 3533 2761 neutiquam,
3568 2690 3645 2745 vel
3679 2704 3779 2745 ne-

2191 2789 2431 2847 cessitati
2491 2787 2652 2843 alicui
2702 2785 2918 2856 subjici.
2969 2785 3172 2854 Sparsa
3230 2783 3347 2837 haec
3392 2781 3632 2851 reperies
3683 2787 3781 2837 do-

2190 2892 2371 2954 gmata
2422 2879 2792 2949 compluribus
2850 2878 3024 2944 locis,
3084 2876 3179 2931 sed
3244 2876 3421 2943 capite
3474 2874 3783 2945 praesertim

2192 2976 2374 3045 priore
2400 2973 2496 3027 Iib.
2526 2987 2589 3025 ιιι
2617 2970 2693 3025 De
2723 2970 2976 3041 princip.,
3000 2968 3053 3022 in
3086 2982 3195 3038 quo
3222 2967 3493 3037 praecipua
3520 2966 3781 3021 doctrinae

2192 3084 2305 3123 suae
2338 3067 2407 3121 de
2434 3066 2686 3121 libertate
2716 3062 2928 3117 arbitrii
2957 3060 3312 3116 fundamenta
3347 3059 3655 3114 collocavit.
3699 3058 3783 3113 Ibi

2192 3162 2394 3231 quippe
2445 3157 2627 3214 causis
2682 3156 2905 3226 quidem
2956 3153 3198 3208 externis
3235 3151 3385 3207 varie
3430 3150 3632 3222 impelli
3677 3166 3781 3207 nos

2191 3266 2244 3308 et
2275 3250 2544 3307 concitari
2576 3250 2775 3313 docet;
2807 3262 3091 3302 assensum
3118 3261 3246 3303 VCI‘O
3278 3261 3308 3300 a
3354 3247 3563 3300 ratione
3591 3255 3783 3301 nostra

2189 3362 2254 3402 ac
2294 3344 2576 3399 voluntate
2618 3343 2878 3413 pendere.
2923 3340 2978 3395 Id
3026 3351 3318 3412 postquam
3364 3348 3575 3394 natura:
3609 3339 3781 3408 ipsius

2189 3436 2516 3493 auctoritate
2555 3434 2977 3499 demonstravit,
3026 3433 3328 3503 Scriptura:
3376 3441 3578 3487 sanctae
3629 3432 3778 3485 locn-

2189 3546 2308 3587 rum
2338 3528 2593 3597 congerie
2627 3525 2909 3594 multiplici
2938 3525 3244 3579 conﬁrmat.
3275 3524 3411 3579 Tum
3443 3526 3606 3594 petita
3635 3524 3781 3579 indi—

2189 3625 2307 3679 dem
2337 3621 2405 3677 ad
2433 3619 2856 3690 impugnandam
2885 3617 3100 3673 arbitrii
3131 3617 3436 3672 libertatem
3464 3617 3779 3673 testimonia

2193 3715 2395 3780 solvit,
2432 3712 2673 3784 explosis
2720 3710 3267 3776 Valentinianorum,
3322 3708 3777 3765 Basilidianorum

2190 3820 2245 3865 et
2278 3807 2719 3863 Marcionitarum
2769 3805 3012 3870 deliriis,
3063 3807 3159 3875 qui
3202 3807 3451 3861 diversas
3492 3806 3775 3861 hominum

2199 3913 2450 3966 naturas,
2481 3899 2616 3955 alias
2637 3900 2782 3962 vitae,
2808 3898 2945 3952 alias
2968 3898 3127 3952 morti
3156 3897 3476 3960 destinatas,
3502 3912 3566 3951 ac
3595 3896 3768 3951 Deum

2190 3992 2379 4047 mundi
2413 3991 2685 4062 opiﬁcem,
2729 3992 2923 4045 durum
2954 4005 3020 4045 ac
3049 4005 3328 4056 severum,
3372 3989 3536 4042 alium
3569 3990 3772 4043 bonum

2190 4085 2391 4141 Christi
2437 4094 2647 4155 patrem
2694 4082 3299 4139 comminiscebantur:
3344 4090 3399 4137 et
3448 4081 3635 4152 gratiae
3683 4082 3778 4135 de-

2189 4192 2336 4231 mum
2382 4176 2579 4231 divina:
2629 4174 3006 4241 operationem
3051 4173 3171 4229 fuse
3220 4173 3499 4236 describit,
3549 4189 3653 4242 qua
3708 4175 3777 4231 de

2185 4280 2306 4340 post
2346 4269 2546 4324 dicturi
2596 4284 2807 4323 sumus.
2850 4268 3039 4337 Capite
3082 4282 3213 4322 vero
3252 4268 3498 4337 sequenti
3542 4283 3692 4322 num.
3735 4268 3775 4324 ι

2184 4363 2445 4430 OStendit,
2474 4361 2613 4417 mala
2638 4363 2795 4417 nobis
2822 4360 3236 4432 suggerentibus
3252 4362 3613 4430 potesratibus
3642 4375 3775 4415 con~

2188 4453 2393 4517 trariis,
2425 4453 2511 4508 vel
2545 4453 2612 4508 ad
2639 4462 2845 4508 rectum
2875 4451 3174 4508 inclinante
3198 4467 3299 4508 nos
3334 4452 3532 4508 virtute
3561 4453 3771 4518 divina,

497 4566 691 4622 nempe
713 4555 895 4624 operis
920 4553 1062 4624 Περι
1096 4552 1303 4624 ἀρχῶν
1325 4595 1342 4623 ,
1386 4564 1438 4609 et
1466 4554 1564 4612 lib.
1594 4571 1655 4611 ιη
1686 4556 2080 4612 lucubrationis
2111 4558 2157 4613 ι)
2186 4545 2369 4614 vigere
2396 4544 2758 4599 nihilominus
2781 4544 3005 4600 liberam
3031 4543 3243 4599 arbitrii
3268 4552 3612 4613 potestatem.
3638 4544 3772 4611 Quae

495 4638 871 4710 ejusdem,in
921 4642 1029 4699 line
1075 4644 1332 4713 postremi
1378 4643 1607 4714 capitis,
1659 4643 2076 4713 Pelagianorum

494 4735 760 4790 amasium
787 4735 1078 4807 Origenem
1104 4736 1357 4807 appellat.
1392 4736 1531 4791 Hinc
1558 4736 1726 4791 etiam
1758 4735 2077 4790 Theodorus

494 4826 665 4890 Beza,
702 4816 1238 4898 eapitalis°0rigenis
1268 4827 1648 4893 adversarius,
1686 4828 1740 4882 in
1770 4826 1967 4882 Adnot.
2003 4828 2073 4881 ad

492 4915 721 4973 Roman.
756 4934 810 4987 ι,
846 4920 900 4984 1,
957 4919 1228 4975 neminem
1273 4920 1351 4975 ait
1398 4919 1633 4991 Origene
1676 4920 1905 4990 gratiam
1955 4921 2077 4985 Dei,

493 5010 791 5065 secundum
816 5011 1117 5081 Pelagium,
1146 5015 1323 5083 magis
1355 5028 1479 5069 esse
1515 5013 1881 5068 adversatum.
1916 5012 2070 5081 Quod

492 5101 623 5157 totis
668 5104 896 5159 subinde
918 5106 1190 5175 capitibus
1238 5107 1601 5177 comprobare
1650 5121 1940 5177 aggressus
1990 5116 2075 5162 est

491 5192 773 5251 Cornelius
801 5194 1089 5251 Jansenius
1105 5196 1367 5267 Yprensis
1408 5198 1714 5267 episcopus,
1747 5197 2070 5268 Origeniana

491 5284 655 5337 verba
683 5301 746 5340 ac
775 5287 989 5342 decreta
1025 5303 1147 5341 cum
1188 5287 1492 5358 Pelagianis
1530 5297 1585 5343 et
1621 5286 2073 5359 Semipelagianis

491 5390 749 5435 accurate
793 5379 1087 5450 conﬂigens
1112 5421 1127 5447 ,
1184 5390 1238 5437 et
1274 5390 1631 5450 utrorumque
1674 5381 2077 5437 connexionem

490 5469 635 5524 inter
661 5487 719 5526 se
747 5475 964 5542 copiose
992 5475 1392 5530 demonstrans.

559 5562 623 5616 II.
664 5566 840 5635 Atque
867 5568 982 5621 haec
1014 5569 1328 5637 priusquam
1364 5567 1430 5622 ad
1460 5567 1721 5622 trutinam
1754 5581 2071 5623 revocemus

492 5663 755 5723 nostram,
785 5669 911 5714 ante
952 5660 1135 5714 omnia
1172 5660 1528 5729 repetendum
1557 5660 1648 5714 hic
1679 5669 1765 5715 est
1795 5658 2069 5731 quidpiam

491 5742 681 5800 leviter
720 5761 751 5800 a
782 5748 940 5803 nobis
976 5762 1143 5817 supra
1188 5749 1536 5818 perstrictum
1570 5767 1586 5803 :
1640 5759 1850 5805 mentes
1878 5764 2071 5818 nempe

492 5853 612 5893 sitm
657 5854 687 5893 a
732 5837 841 5896 Deo
876 5850 1341 5910 procrearentur,
1364 5839 1533 5898 libero
1565 5840 1737 5897 fuisse
1779 5842 2073 5900 instructas

2187 4636 2318 4691 alibi
2350 4637 2547 4707 repetit
2570 4651 2712 4707 saepe
2742 4646 2801 4691 et
2829 4637 3087 4692 inculcat.
3124 4636 3335 4704 Quibus
3366 4646 3549 4690 autem
3576 4639 3774 4704 probat

2184 4728 2318 4782 locis
2351 4728 2561 4783 animas
2596 4729 2649 4782 in
2681 4740 3061 4799 quemcunque
3090 4726 3405 4783 devenerint
3428 4736 3652 4789 statum,
3678 4740 3773 4781 ar-

2185 4819 2333 4875 bitrii
2369 4820 2453 4875 sui
2485 4820 2735 4875 libertate
2774 4821 2893 4885 uti,
2936 4830 3133 4889 praeter
3200 4819 3291 4874 illa
3327 4834 3446 4889 qua
3485 4820 3772 4877 attulimus

2185 4924 2367 4979 supra,
2396 4924 2519 4964 cum
2555 4910 2623 4965 de
2654 4909 2966 4979 angelorum
3002 4909 3250 4966 libertate
3276 4925 3593 4979 ageremus,
3618 4926 3769 4980 qua:-

2182 5016 2288 5069 que
2328 5001 2520 5055 iterum
2559 5001 2771 5055 consuli
2801 5001 2981 5066 velim,
3014 5014 3075 5054 ea
3103 5001 3373 5071 praecipue
3402 5011 3531 5056 sunt
3558 5019 3574 5055 :
3606 5002 3699 5057 lib.
3726 5018 3767 5059 ιι

2180 5093 2322 5162 Περὶ
2359 5091 2583 5163 ἀρχῶν,
2625 5108 2745 5163 cap.
2776 5092 2811 5146 5
2833 5133 2850 5160 ,
2886 5109 3037 5149 num.
3068 5092 3139 5150 ὃς
3171 5113 3189 5146 ι
3216 5093 3481 5150 Possibile
3506 5095 3651 5149 enim
3679 5096 3766 5149 vi-

2180 5188 2337 5242 detur
2364 5227 2379 5251 ,
2415 5197 2475 5241 ut
2514 5188 2863 5243 rationabiles
2891 5197 3132 5256 naturae,
3183 5203 3214 5243 a
3251 5188 3448 5257 quibus
3484 5203 3765 5259 nunquam

2180 5279 2429 5332 aufertur
2462 5278 2619 5333 liberi
2647 5278 2879 5334 facultas
2908 5280 3143 5344 arbitrii,
3178 5280 3390 5349 possint
3434 5280 3631 5335 iterum
3662 5282 3766 5334 ali-

2177 5370 2375 5439 quibus
2423 5369 2659 5425 motibus
2713 5370 3027 5440 subjacere,
3070 5372 3384 5443 indulgente
3426 5374 3533 5430 hoc
3585 5376 3764 5444 ipsum

2180 5463 2449 5529 Domino,
2498 5478 2567 5518 ne
2616 5462 2756 5519 forte
2804 5464 2848 5518 si
2898 5465 3229 5521 immobilem
3279 5482 3495 5538 semper
3541 5476 3765 5524 teneant

2177 5566 2405 5622 statum,
2435 5558 2686 5627 ignorent
2732 5573 2792 5612 se
2834 5557 2928 5613 Dei
2974 5559 3147 5628 gratia
3180 5570 3236 5614 et
3280 5575 3385 5615 non
3432 5576 3528 5616 sua
3559 5563 3765 5618 virtute

2176 5650 2232 5705 in
2290 5649 2384 5706 illo
2423 5650 2535 5706 line
2580 5653 2934 5708 beatitudinis
2982 5655 3334 5721 constitisse;
3371 5675 3390 5709 ι
3442 5667 3497 5713 et
3544 5657 3639 5713 lib.
3675 5673 3762 5724 ιιι,

2177 5758 2297 5814 cap.
2323 5745 2343 5798 I
2373 5785 2388 5810 ,
2428 5761 2581 5801 num.
2602 5745 2701 5810 2|,
2744 5762 2864 5817 pag.
2900 5748 3045 5803 156:
3101 5768 3119 5799 ι
3149 5746 3226 5804 Ex
3282 5766 3391 5821 quo
3441 5752 3755 5823 apinamur,

2178 5836 2429 5909 quoniam
2469 5838 2719 5911 quidem,
2735 5839 2876 5897 sicut
2905 5841 3219 5911 frequenter
3247 5844 3506 5914 diximus,
3538 5844 3764 5902 immor-
