4160 6476
456 432 558 490 921

1267 432 1850 490 ORIGENIANORUM
1893 430 2020 485 LIB.
2063 427 2128 494 ll,
2168 429 2320 488 CAP.
2362 431 2428 495 ll,
2468 428 2748 497 QUASST.
2788 428 2902 484 Vll.

3628 426 3734 483 923

457 547 581 602 talis
599 553 683 602 est
702 546 884 600 anima
915 555 970 602 et
999 554 1222 612 aeterna,
1240 551 1386 618 quod
1419 551 1471 604 in
1506 549 1692 605 multis
1713 560 1769 604 et
1789 549 1909 603 sine
1936 548 2042 602 ﬁne
2071 551 2118 608 Α
2153 547 2344 615 pedem
2379 547 2614 612 confert,
2655 561 2831 617 neque
2860 547 2928 602 ab
2967 545 3034 601 iis
3064 560 3185 602 sese
3216 547 3282 602 de
3333 546 3486 602 liberi
3518 548 3730 602 arbitrii

457 639 647 709 spatiis
676 653 772 707 per
802 640 1066 694 immensa
1096 649 1152 694 et
1185 641 1401 697 diversa
1440 642 1636 697 saecula
1673 642 1927 711 possibile
1956 649 2043 696 est

456 738 517 784 ut
563 730 704 785 vela
750 745 970 785 summo
1017 731 1160 786 bono
1197 732 1263 786 ad
1313 733 1498 788 intima
1545 734 1686 788 mala
1728 736 2040 801 descendat,

455 821 539 876 vel
584 822 655 876 ab
695 822 906 877 ultimis
938 822 1100 877 malis
1129 827 1195 877 ad
1243 839 1456 879 summa
1498 827 1638 881 bona
1686 841 2034 897 repareturp

453 921 508 966 et
555 927 678 977 cap.
716 911 752 965 5
785 913 903 967 libri
946 913 1212 984 ejusdem,
1250 932 1401 972 num.
1428 918 1462 973 5
1492 935 1506 971 :
1549 937 1569 970 ε
1593 918 1776 976 Liberi
1807 935 2040 990 namque

452 1003 664 1057 arbitrii
705 1017 922 1073 semper
968 1013 1052 1060 est
1086 1007 1298 1072 anima,
1343 1010 1508 1064 etiam
1546 1026 1668 1066 cum
1710 1011 1764 1065 in
1807 1027 2041 1081 corpore

453 1094 578 1160 hoc,
623 1094 788 1150 etiam
822 1112 944 1150 cum
977 1107 1134 1152 extra
1171 1115 1370 1170 corpus
1420 1111 1544 1168 est;
1594 1111 1650 1157 et
1692 1101 1913 1160 libertas
1951 1120 2041 1158 ar-

450 1185 600 1240 bitrii
640 1186 728 1240 vel
775 1188 841 1241 ad
890 1189 1026 1242 bona
1067 1204 1304 1259 semper,
1343 1191 1426 1246 vel
1469 1195 1535 1248 ad
1583 1193 1724 1247 mala
1757 1205 2034 1260 movetur;

450 1293 553 1332 nec
597 1295 835 1348 unquam
884 1282 1228 1338 rationabilis
1280 1299 1493 1350 sensus,
1539 1285 1592 1340 id
1640 1294 1742 1353 est,
1773 1302 1928 1342 mens
1953 1291 2037 1342 vel

449 1370 654 1438 anima,
699 1372 818 1427 sine
863 1384 1012 1428 motu
1061 1376 1244 1446 aliquo
1292 1378 1374 1432 vel
1421 1378 1564 1434 bono
1602 1378 1684 1434 vel
1730 1380 1873 1436 malo
1912 1396 2038 1437 esse

446 1473 644 1532 potest.
676 1483 696 1515 ι
742 1463 977 1522 Homilia
1031 1480 1292 1536 praeterea
1324 1470 1392 1524 15
1438 1471 1493 1524 in
1539 1469 1741 1535 Num.,
1801 1488 1952 1528 nutu.
2003 1473 2035 1526 7

447 1557 789 1612 demonibus
817 1560 1146 1628 permissum
1179 1561 1338 1616 liberi
1369 1563 1584 1618 arbitrii
1615 1566 1696 1620 sui
1728 1581 1887 1622 usum
1918 1582 2036 1622 ver-

443 1648 530 1706 bis
555 1653 837 1721 conceptis
869 1654 1055 1722 tradit,
1089 1669 1199 1724 quo
1233 1655 1277 1710 si
1328 1656 1627 1712 diminutus
1663 1669 1807 1713 esset
1836 1675 1866 1713 a
1903 1660 2030 1726 Deo,

445 1741 548 1796 hoc
567 1743 687 1812 ipso
719 1759 850 1800 vero
875 1745 991 1816 jam
1019 1747 1338 1801 damnatum
1364 1747 1516 1803 illum
1550 1749 1699 1818 fore;
1735 1763 1791 1806 at
1819 1753 1872 1807 id
1901 1769 2036 1808 non-

443 1834 570 1888 dum
608 1837 903 1906 contigisse
931 1839 1307 1908 existimabat,
1340 1851 1400 1897 ut
1428 1844 1682 1899 vidimus.
1711 1845 1888 1915 Atque
1915 1847 2029 1901 haec

2143 649 2340 692 natura
2397 638 2696 694 dissentire
2741 638 2914 706 dicit;
2974 654 3152 708 neque
3206 639 3423 710 prolata
3487 640 3730 710 ipsorum

2141 732 2331 797 verba,
2365 733 2563 799 quibus
2603 733 2654 787 in
2685 732 2812 786 boni
2838 732 3032 787 malive
3063 733 3294 802 eligendi
3331 743 3600 802 potestate
3630 748 3729 802 po-

2141 821 2306 876 situm
2349 821 2483 876 illud
2519 837 2642 878 esse
2686 823 3091 886 demonstrant,
3127 823 3267 876 hanc
3291 821 3467 890 carpit
3493 822 3562 873 ob
3593 837 3727 874 can-

2141 927 2280 976 sam,
2308 913 2436 968 licet
2480 914 2552 969 ob
2581 915 2718 969 alias
2745 915 3100 969 vehementer
3128 915 3368 984 exagitet
3399 924 3454 969 et
3488 910 3724 967 refellat.

2141 1003 2355 1060 Passim
2386 1020 2605 1075 quoque
2640 1007 2955 1063 necessitati
2992 1007 3298 1061 libertatem
3329 1006 3593 1076 opponit:
3631 1005 3726 1059 sed

2139 1099 2348 1168 absque
2381 1098 2486 1153 ulla
2518 1101 2872 1164 circuitione,
2903 1101 3030 1170 quia
3065 1101 3202 1154 bene
3232 1099 3314 1152 vel
3363 1099 3501 1153 male
3542 1100 3727 1153 vivere

2139 1200 2320 1260 potest
2370 1192 2556 1256 homo,
2610 1192 2818 1248 idcirco
2868 1193 2952 1247 sui
2997 1193 3136 1262 juris
3167 1207 3310 1255 esse,
3359 1207 3422 1245 ac
3477 1190 3726 1245 libertate

2137 1281 2345 1351 pollere
2374 1283 2565 1337 statuit
2594 1283 2689 1338 lib.
2727 1299 2764 1338 ιι
2794 1293 2978 1338 contra
3008 1280 3272 1335 Faustum
3309 1279 3570 1342 Maniclt.,
3591 1295 3716 1348 cap.

2137 1370 2173 1424 5
2201 1388 2214 1424 :
2257 1389 2276 1422 ι
2310 1369 2378 1424 Ει
2411 1387 2510 1427 nos
2546 1371 2768 1443 quidem
2803 1372 2906 1427 sub
2946 1372 3059 1426 fato
3090 1371 3369 1426 stellarum
3398 1369 3595 1424 nullius
3629 1371 3726 1424 ho-

2137 1464 2303 1520 minis
2331 1467 2572 1537 genesim
2606 1468 2882 1536 ponimus,
2915 1476 2995 1530 ut;
3023 1466 3256 1521 liberum
3291 1466 3578 1520 arbitrium
3628 1480 3726 1518 vo-

2134 1559 2384 1623 luntatis,
2417 1573 2527 1629 quo
2558 1559 2643 1612 vel
2679 1558 2816 1614 bene
2843 1559 2930 1613 vel
2958 1557 3097 1612 male
3134 1558 3358 1622 vivitur,
3392 1566 3612 1627 propter
3634 1555 3723 1624 ju-

2133 1665 2278 1706 stum
2323 1652 2587 1722 judicium
2644 1651 2739 1706 Dci
2784 1653 2852 1705 ab
2906 1651 3056 1707 omni
3111 1651 3456 1706 necessitatis
3503 1648 3720 1725 vinculo

2133 1745 2500 1800 vindicetnus.
2539 1763 2557 1796 ›
2591 1743 2700 1800 Nec
2747 1745 2932 1800 minus
2967 1747 3034 1800 ad
3081 1745 3132 1800 id
3184 1745 3316 1799 facit
3364 1744 3505 1813 quod
3558 1742 3721 1798 habe:

2132 1852 2250 1908 cap.
2284 1835 2320 1890 2
2352 1836 2477 1892 libri
2511 1836 2589 1891 De
2611 1837 2786 1907 gratia
2825 1849 2872 1892 et
2903 1838 3066 1892 libero
3107 1838 3328 1891 arbitrio
3362 1838 3428 1890 ad
3479 1835 3718 1890 Valenti-

442 1925 782 1996 Origeniam‘e
817 1935 884 1984 de
923 1931 1176 1989 libertate
1202 1933 1468 1991 doctrina;
1494 1938 1762 2008 principia
1797 1941 1913 1994 suis
1945 1940 2028 1995 ιε..
2061 1921 2102 1975 Β
2135 1945 2260 1983 num
2282 1969 2297 1993 ,
2334 1930 2427 1984 ubi
2481 1939 2769 2000 postquam
2811 1931 3122 1985 astruendae
3178 1930 3415 1983 hominis
3457 1927 3715 1993 libertati,

442 2019 641 2074 horant
684 2021 853 2087 vitiis,
890 2037 1010 2092 quae
1049 2039 1147 2080 nos
1175 2026 1573 2084 collocabimus
1605 2030 1660 2084 in
1706 2033 2022 2101 propatulo;

440 2113 535 2166 sed
588 2121 646 2166 et
693 2113 957 2183 impactas
999 2116 1069 2171 ab
1119 2117 1243 2173 aliis
1293 2135 1658 2190 proponemus
1693 2125 2028 2178 criminatio-

439 2215 557 2264 nes,
587 2209 663 2266 et,
697 2201 742 2256 si
789 2203 860 2256 ita
889 2219 978 2259 res
1016 2203 1174 2274 feret,
1221 2207 1514 2276 diluemus,
1546 2221 1606 2265 ut
1638 2227 1794 2282 aequo
1820 2215 1943 2282 jure
1971 2217 2024 2270 in

438 2293 690 2350 omnibus
732 2310 855 2350 cum
895 2295 1220 2354 Adamantio
1264 2314 1488 2370 agamus
1532 2314 1743 2368 nostro,
1790 2320 1858 2360 ne
1905 2306 2025 2376 plus

439 2387 525 2442 vel
575 2386 775 2452 favori,
853 2389 940 2444 vel
989 2390 1404 2458 malevolentiae,
1456 2409 1618 2464 quam
1670 2397 1880 2452 veritati
1921 2400 2023 2453 tri-

439 2478 604 2534 buere
641 2480 941 2534 videamur.
993 2482 1100 2536 Sed
1135 2481 1394 2539 lectorem
1426 2501 1742 2543 moneamus
1780 2491 2019 2556 interim,

434 2572 864 2642 quotiescunque
899 2575 966 2628 de
993 2571 1323 2644 Origeniana
1384 2576 1636 2634 libertate
1690 2585 2024 2638 memorabi-

437 2679 581 2728 mus,
620 2679 728 2719 non
764 2680 886 2720 cam
928 2666 1195 2721 duntaxat
1235 2668 1434 2724 debere
1470 2670 1719 2743 intelligi,
1747 2691 1852 2744 qua
1885 2692 2019 2744 gau-

435 2754 565 2810 dent
594 2757 872 2824 homines;
925 2758 1020 2814 sed
1063 2757 1211 2812 illam
1255 2761 1422 2814 etiam
1454 2777 1562 2831 qua
1604 2766 1781 2835 angeli
1825 2777 1880 2821 et
1912 2767 2020 2822 da:-

437 2863 624 2905 mones
665 2850 920 2905 fruuntur
952 2869 966 2905 :
1001 2867 1125 2904 nam
1171 2866 1274 2921 par
1313 2867 1436 2909 esse
1482 2857 1625 2925 apud
1676 2873 1866 2914 omnes
1900 2860 2020 2915 illus

435 2938 589 2994 liberi
620 2940 710 3008 jus
737 2950 794 2997 et
828 2957 983 2997 usum
1020 2941 1234 2997 arbitrii
1272 2949 1590 3004 sexcenties
1618 2955 1977 3006 asseveravit.

504 3031 592 3090 Ill.
626 3026 916 3090 Cornelius
946 3035 1258 3108 Jansenius,
1302 3041 1356 3094 in
1391 3041 1533 3096 libro
1577 3042 1664 3096 cui
1694 3043 1883 3099 titulus
1908 3046 2020 3098 Au-

432 3129 698 3194 gustinus,
733 3139 1022 3199 p05tquam
1072 3132 1212 3188 libro
1251 3134 1492 3188 secundo
1534 3137 1665 3190 tomi
1719 3139 1920 3205 prioris
1950 3157 2015 3194 cx

432 3216 632 3288 Pelagii
664 3217 1196 3292 Pelagianorumque
1217 3225 1401 3280 verbis
1426 3227 1505 3281 sic
1534 3226 1680 3295 ipsos
1707 3230 2016 3285 decrevisse

433 3310 617 3367 multis
647 3315 923 3381 probavit,
973 3315 1186 3371 arbitrii
1233 3317 1457 3372 humani
1504 3317 1812 3374 libertatem
1855 3321 2016 3377 indif-

430 3401 626 3456 ferenti
663 3404 898 3472 quadam
949 3414 1219 3476 potestate
1249 3417 1541 3475 constare,
1582 3409 1914 3466 asciscendaa
1962 3422 2017 3468 et

429 3495 694 3566 eligendae
742 3497 822 3552 rei
870 3499 1032 3554 unius
1065 3500 1132 3555 de
1186 3501 1456 3571 pluribus,
1499 3519 1664 3573 quam
1697 3521 1805 3560 uno
1849 3507 2017 3561 verbo

428 3590 830 3659 possibilitatem
867 3591 1242 3661 appellarunt,
1295 3595 1435 3652 libro
1477 3597 1675 3652 deinde
1725 3607 1881 3653 sexto
1929 3615 2016 3654 se-

428 3683 636 3750 quenti,
672 3697 796 3753 cap.
833 3684 902 3738 i5
933 3692 986 3738 et
1013 3683 1100 3749 15,
1129 3684 1482 3756 Pelagianam
1512 3689 1760 3744 lueresim
1796 3691 1864 3745 ab
1897 3689 2017 3746 Orir

428 3788 567 3843 gene
610 3775 1014 3842 praeformatam
1056 3776 1224 3833 fuisse
1276 3794 1340 3833 ac
1393 3779 1722 3835 delineatam
1776 3782 2010 3849 scribit;

427 3865 676 3934 hancque
704 3865 840 3920 adeo
883 3866 1158 3922 libertatis
1189 3867 1558 3924 definitionem
1589 3885 1656 3924 ex
1700 3868 1817 3938 ejus
1843 3871 2009 3929 fonti-

426 3955 528 4009 bus
559 3955 611 4007 in
648 3953 851 4024 Pelagii
893 3955 1118 4011 lacunas
1155 3956 1499 4027 profluxisse,
1548 3967 1712 4028 atque
1757 3959 1882 4013 inde
1931 3969 2013 4014 to-

429 4055 539 4100 tam
572 4046 778 4121 Pelagii
812 4050 1064 4105 hteresim
1105 4052 1365 4120 pendere.
1404 4051 1526 4106 Veri
1558 4052 1780 4122 quidem
1834 4053 2011 4106 simile

424 4137 554 4192 illud
584 4149 752 4206 esset,
790 4140 836 4194 si
869 4149 998 4195 ante
1044 4139 1322 4211 Pelagium
1357 4157 1496 4196 unus
1527 4142 1686 4209 hujus
1733 4143 2010 4212 opinionis

422 4230 758 4285 architectus
803 4231 998 4286 fuisset
1049 4241 1105 4287 et
1154 4239 1522 4302 propugnator
1565 4230 1872 4302 Origenes;
1920 4249 2010 4288 ve-

420 4336 543 4376 rum
577 4329 635 4374 ut
662 4321 869 4376 claram
904 4329 1112 4377 natura:
1161 4337 1350 4378 vocem
1401 4325 1834 4393 pratermittam,
1886 4338 2009 4394 «iure

421 4421 536 4466 tum
568 4427 667 4468 nos
701 4411 904 4468 liberos
931 4427 1055 4469 esse
1085 4414 1301 4480 suadet,
1325 4429 1450 4470 cum
1481 4415 1567 4471 vel
1595 4431 1761 4487 agere
1781 4416 1868 4471 vel
1899 4432 2006 4472 non

420 4521 607 4577 agere,
635 4516 691 4562 et
715 4522 835 4577 quae
862 4508 1065 4575 optima
1105 4507 1172 4562 de
1207 4506 1391 4562 multis
1424 4508 1607 4563 animo
1642 4509 2004 4574 decrevimus,

418 4597 671 4669 amplecti
726 4613 1057 4668 possumus;
1113 4607 1170 4653 ut
1213 4599 1516 4668 priscorum
1561 4599 2003 4669 philosophorum
2040 4623 2084 4679 ι)

419 4691 804 4744 auctoritatem
847 4689 1138 4760 negligam,
1172 4691 1264 4760 qui
1298 4691 1596 4760 diligenter
1632 4692 1906 4762 exquisita
1938 4693 2005 4747 li-

416 4782 646 4837 bertatis
678 4791 894 4851 natura,
950 4785 1091 4838 hanc
1138 4784 1192 4837 In
1236 4797 1302 4838 eo
1355 4784 1497 4854 ipso,
1551 4785 1694 4854 quod
1745 4787 2002 4853 diximus,

415 4873 650 4942 positam
685 4872 1067 4940 declararunt;
1104 4872 1445 4946 Origeniana:
1476 4878 1759 4931 sententiae
1788 4888 2004 4947 poterat

416 4977 537 5018 esse
567 4967 840 5033 praasidio,
876 4983 980 5019 non
1009 4966 1260 5037 Gregorii
1304 4969 1478 5023 solum
1511 4969 1837 5024 Nazianzeni
1869 4984 2003 5024 con-

413 5069 634 5118 sensus,
669 5073 774 5112 non
805 5057 1078 5114 Ambrosii
1132 5069 1185 5113 et
1242 5059 1454 5127 llilarii,
1511 5059 1850 5129 aliorumque
1902 5062 2002 5117 Pa-

415 5157 558 5202 trum
585 5157 823 5220 qu‘orum
851 5155 1162 5206 testimonia
1191 5153 1528 5222 collegerunt
1549 5154 1674 5220 alii;
1703 5170 1808 5208 non
1828 5155 2001 5210 Arau-

414 5242 587 5297 sieani
637 5243 878 5309 concilii,
954 5259 1058 5297 non
1119 5242 1424 5298 Tridentini
1493 5259 1767 5313 canones;
1817 5252 1910 5302 sed
1955 5250 2000 5304 is

413 5334 604 5401 etiam,
635 5351 797 5404 quem
825 5349 990 5390 unum
1021 5350 1146 5392 esse
1169 5336 1282 5389 vult
1313 5335 1607 5392 Jansenius
1634 5340 2000 5394 concertatio-

414 5428 500 5482 nis
541 5427 700 5495 hujus
755 5427 1043 5495 arbitrum,
1099 5429 1471 5500 Augustinus,
1521 5445 1797 5500 quemque
1849 5432 1994 5486 nulla

413 5520 688 5589 opinionis
723 5520 886 5589 hujus
921 5523 1152 5592 vestigia
1201 5523 1493 5593 reliquisse
1542 5525 1762 5579 disertis
1813 5527 1997 5580 verbis

414 5612 613 5666 asserit
643 5623 775 5667 tum.
823 5611 912 5677 ΠΙ,
947 5612 1040 5668 lib.
1073 5629 1146 5676 vt,
1185 5629 1306 5684 cap.
1345 5616 1379 5670 8
1409 5625 1466 5669 et
1506 5615 1560 5671 9.
1590 5614 1726 5670 Nam
1759 5618 1999 5686 quoties-

419 5718 632 5773 cunque
683 5702 770 5759 vel
806 5701 1090 5768 Pelagium
1139 5714 1437 5776 oppugnat,
1477 5706 1564 5762 vcl
1608 5722 1728 5762 cum
1784 5705 1998 5766 Juliano

485 5885 532 5918 ⁸⁷
559 5885 695 5958 Cap.
740 5900 830 5953 xv,
867 5885 931 5942 14
978 5901 1100 5958 seq.

2132 2018 2406 2088 insignem
2439 2017 2585 2072 hunc
2621 2018 2803 2073 attulit
2825 2018 3198 2074 Ecclesiastici
3227 2018 3403 2072 locum
3428 2017 3472 2049 ⁸⁷
3499 2036 3511 2072 :
3549 2035 3569 2069 ι
3600 2017 3718 2086 Ipse

2128 2113 2197 2166 ab
2228 2111 2384 2166 initio
2411 2109 2544 2165 fecit
2575 2111 2750 2177 illum,
2787 2120 2840 2166 et
2879 2112 3101 2181 reliquit
3133 2111 3280 2166 illum
3314 2111 3366 2166 in
3395 2125 3555 2165 manu
3587 2127 3718 2164 con-

2129 2203 2236 2258 silii
2277 2203 2383 2257 sui.
2422 2202 2479 2257 Si
2525 2202 2784 2268 volueris,
2827 2203 3178 2258 conservabis
3224 2204 3503 2270 mandata,
3547 2211 3602 2256 et
3652 2204 3717 2256 li-

2127 2297 2248 2350 dem
2289 2295 2488 2350 bonam
2514 2295 2720 2366 placiti.
2756 2296 3006 2364 Apponet
3041 2297 3136 2352 tibi
3174 2295 3350 2365 ignem
3382 2305 3440 2352 et
3469 2311 3711 2364 aquam:

2125 2389 2191 2442 ad
2226 2389 2590 2458 quodcunque
2631 2390 2872 2444 volueris
2910 2391 3141 2444 extende
3187 2405 3407 2443 manum
3441 2399 3608 2446 tuam.
3652 2387 3711 2442 lu

2127 2491 2419 2550 conspectu
2471 2482 2712 2537 hominis
2751 2482 2860 2537 vita
2916 2493 2970 2537 et
3022 2498 3203 2550 mors;
3245 2493 3304 2538 et
3352 2483 3714 2553 quodcunque

2125 2571 2410 2641 placuerit,
2468 2573 2687 2628 dabitur
2736 2572 2818 2639 ei,
2857 2592 2877 2626 ι
2931 2575 3190 2628 continuo
3238 2575 3353 2628 ham
3398 2575 3709 2630 subnectit:

2128 2679 2147 2713 σ
2183 2662 2322 2718 Ecce
2357 2664 2701 2734 apertissime
2727 2665 2976 2720 videmus
3001 2679 3320 2734 expressum
3353 2665 3583 2720 liberum
3612 2664 3715 2718 hu-

2121 2768 2296 2807 mana:
2339 2754 2634 2810 voluntatis
2680 2757 3001 2811 arbitrium.
3040 2775 3060 2809 ι
3117 2755 3358 2825 Longam
3398 2749 3597 2812 deinde
3643 2756 3711 2809 ad

2123 2845 2264 2900 idem
2311 2846 2778 2914 comprobandum
2828 2847 3099 2916 depromit
3143 2863 3175 2903 e
3221 2846 3372 2901 Novo
3418 2862 3484 2902 ac
3530 2846 3710 2902 Veteri

2123 2938 2478 2994 Testamento
2529 2938 2966 2994 testimoniorum
3014 2937 3236 3004 seriem,
3284 2939 3338 2993 in
3387 2939 3582 3009 quibus
3615 2939 3712 2993 ho-

2122 3032 2251 3086 mini
2285 3031 2452 3085 edicit
2487 3031 2653 3097 Deus,
2682 3041 2743 3086 ttt
2777 3032 2916 3088 nolit
2951 3033 3017 3107 ad
3060 3033 3189 3086 vitia
3223 3035 3504 3098 converti;
3543 3042 3710 3103 atque

2119 3138 2181 3177 ea
2215 3127 2430 3179 demum
2479 3125 2566 3180 bis
2611 3126 2790 3180 verbis
2835 3125 3067 3180 claudit:
3111 3143 3130 3177 ι
3183 3125 3388 3196 Nempe
3430 3126 3520 3181 ubi
3569 3126 3708 3180 dici-

2123 3224 2242 3279 tur,
2290 3214 2418 3269 Noli
2446 3216 2567 3282 hoc,
2615 3225 2670 3271 et
2697 3217 2806 3271 noli
2834 3217 2995 3284 illud,
3035 3225 3092 3272 et
3133 3218 3223 3272 ubi
3256 3218 3323 3272 ad
3370 3218 3576 3287 aliquid
3623 3216 3707 3271 fa-

2123 3307 2401 3372 ciendum,
2429 3317 2487 3361 et
2519 3322 2626 3362 non
2658 3307 2967 3363 faciendum
3004 3310 3056 3362 in
3092 3309 3292 3363 divinis
3323 3309 3544 3364 monitis
3571 3324 3711 3378 opus

2123 3399 2426 3454 voluntatis
2451 3399 2709 3470 exigitur,
2743 3403 2877 3456 satis
2906 3399 3135 3456 liberum
3171 3401 3587 3457 demonstratur
3618 3416 3711 3455 ar-

2120 3492 2362 3547 bitrium.
2403 3510 2423 3544 ι

2190 3583 2373 3638 Mirari
2406 3597 2573 3650 porro
2601 3583 2751 3640 subit
2777 3583 3076 3654 quomodo,
3107 3583 3309 3639 oblitus
3333 3583 3702 3655 superiorum,

2120 3672 2410 3731 Jansenius
2460 3675 2706 3745 ejusdem
2761 3675 3012 3747 Origenis
3077 3676 3404 3731 auctoritate
3471 3677 3708 3746 probare

2116 3767 2456 3823 contenderit
2491 3778 2623 3822 tom.
2657 3767 2744 3832 Ill,
2778 3767 2872 3822 lib.
2905 3784 2982 3833 vt,
3013 3783 3136 3837 cap.
3182 3766 3269 3832 12,
3306 3766 3694 3822 necessitatem

2114 3857 2354 3913 libertati
2383 3875 2488 3914 non
2522 3875 2846 3930 repugnare,
2877 3861 2971 3915 sed
3003 3861 3170 3914 solam
3210 3861 3556 3915 coactionetn
3581 3897 3595 3912 .
3620 3857 3707 3914 Eo

2117 3966 2312 4020 nempe
2335 3953 2506 4006 utitur
2527 3952 2645 4008 loco
2669 3968 2700 4006 e
2724 3951 2990 4021 prooemio
3018 3953 3281 4007 librorum
3306 3952 3450 4021 Περὶ
3474 3949 3700 4020 ἀρχῶν,

2113 4044 2362 4098 num.5:
2403 4061 2424 4094 ι
2473 4043 2570 4099 Est
2608 4052 2664 4099 et
2706 4045 2835 4100 illud
2887 4044 3168 4099 definitum
3229 4045 3282 4099 in
3325 4045 3701 4099 ecclesiastica

2111 4136 2525 4205 praedicatione,
2570 4153 2786 4193 omnem
2851 4137 3086 4190 animant
3143 4136 3524 4192 rationabilem
3575 4151 3708 4192 esse

2109 4227 2266 4284 liberi
2308 4230 2519 4284 arbitrii
2557 4241 2612 4286 et
2661 4229 2994 4287 voluntatis:
3027 4244 3146 4284 esse
3186 4245 3401 4300 quoque
3437 4231 3485 4284 ei
3520 4239 3707 4284 certa-

2111 4324 2541 4390 metradversus
2593 4323 2891 4390 diabolum,
2943 4334 2996 4378 et
3033 4322 3256 4394 angelos
3302 4324 3440 4394 ejus,
3473 4332 3699 4378 contra-

2061 4442 2066 4450 -
2112 4413 2332 4483 riasque
2371 4413 2628 4482 virtutes,
2663 4430 2728 4468 ex
2762 4429 2828 4470 eo
2855 4418 2998 4485 quod
3033 4415 3107 4469 illi
3146 4415 3388 4486 peccatis
3415 4430 3534 4470 eam
3567 4429 3706 4468 oue-

2111 4519 2237 4560 rare
2287 4508 2661 4561 contendant:
2719 4522 2821 4563 nos
2871 4522 3000 4564 vero
3049 4508 3094 4562 si
3144 4518 3290 4562 recte
3339 4507 3709 4576 consulteqne

2111 4594 2374 4662 vivamus,
2407 4596 2475 4650 ab
2497 4595 2804 4664 hujusmodi
2835 4613 3002 4652 onere
3042 4613 3139 4653 nos
3175 4613 3375 4653 exuere
3411 4611 3701 4651 conemur.

2118 4681 2270 4740 Unde
2299 4695 2355 4739 et
2378 4700 2724 4755 consequens
2749 4697 2832 4743 est
2875 4689 3198 4759 intelligere,
3233 4705 3338 4744 non
3369 4703 3470 4751 nos
3505 4705 3702 4742 neces-

2115 4776 2262 4831 sitati
2289 4791 2412 4833 esse
2458 4779 2754 4849 subjectos,
2801 4789 2860 4834 ut
2898 4783 3046 4836 omni
3087 4783 3271 4846 modo,
3309 4781 3521 4836 etiamsi
3557 4779 3698 4833 noli-

2113 4887 2256 4938 mus,
2300 4871 2386 4926 vel
2420 4873 2558 4927 ntala
2594 4874 2675 4927 vel
2725 4877 2866 4930 bona
2920 4891 3079 4946 agere
3122 4891 3402 4946 cogamur.
3441 4873 3498 4928 Si
3549 4874 3705 4928 enim

2111 4965 2285 5020 nostri
2315 4967 2526 5021 arbitrii
2570 4982 2785 5034 sumus,
2830 4968 3149 5039 impugnare
3177 4984 3276 5024 nos
3306 4968 3540 5024 fortasse
3571 4983 3702 5038 pos-

2109 5068 2236 5114 sunt
2281 5059 2476 5130 aliqua:
2507 5061 2733 5116 virtutes
2779 5061 2846 5116 ad
2895 5073 3200 5132 peccatum,
3241 5073 3296 5117 et
3344 5062 3466 5116 alia:
3499 5061 3707 5130 jnvare

2108 5153 2175 5206 ad
2228 5153 2502 5207 salutem.
2565 5169 2669 5208 non
2705 5164 2882 5210 tamen
2941 5156 3265 5211 necessitate
3307 5155 3554 5228 cogimur
3606 5156 3702 5211 vel

2106 5259 2269 5315 agere
2297 5256 2464 5309 recte,
2517 5245 2600 5299 vel
2653 5246 2833 5302 male:
2881 5249 3027 5316 quod
3055 5247 3172 5302 ﬁeri
3205 5249 3562 5312 arbitrantur,
3597 5249 3699 5319 qui

2105 5336 2385 5392 stellarum
2426 5352 2648 5393 cursum
2682 5350 2738 5394 et
2771 5351 2974 5408 metus,
3022 5357 3244 5396 causam
3278 5343 3469 5397 dicunt
3499 5345 3692 5397 huma-

2106 5445 2301 5484 llOl'Ulll
2351 5445 2472 5486 esse
2522 5443 2800 5500 gestorum
2850 5449 2956 5488 non
2999 5435 3174 5490 solum
3223 5450 3410 5488 eorum
3443 5451 3562 5506 quae
3591 5451 3697 5490 ΘΧ·-

2104 5530 2186 5575 tra
2224 5523 2436 5578 arbitrii
2487 5526 2745 5581 accidunt
2791 5526 3102 5583 libertatem
3131 5569 3147 5596 ,
3193 5528 3287 5583 sed
3335 5543 3522 5583 eorum
3568 5545 3699 5598 quae

2106 5616 2160 5670 in
2201 5624 2383 5669 nostra
2423 5626 2554 5671 sunt
2599 5618 2776 5686 posita
2811 5630 3100 5689 potestate.
3139 5639 3158 5672 ι
3191 5621 3306 5677 Hac
3341 5622 3695 5678 necessitatis

2108 5709 2352 5781 cogentis
2387 5725 2516 5768 voce
2547 5711 2842 5782 significari
2875 5724 3030 5785 putat
3059 5713 3347 5773 Janscnius
3374 5715 3484 5772 vim
3515 5716 3559 5772 il
3574 5733 3691 5784 aut:
