4160 6460
468 421 577 477 923

1774 414 1836 471 P.
1881 414 2194 472 DANIELIS
2230 413 2463 472 HUETll

3614 411 3722 469 92L

474 550 598 609 qua:
622 537 735 593 sola
767 536 1074 592 libertatem
1112 534 1391 604 infringat,
1428 548 1550 589 cum
1589 547 1708 591 eam
1756 544 1933 588 tamen
1954 533 2048 587 'in-
2076 539 2121 596 Α
2150 548 2310 589 cuum
2346 535 2442 589 lit:
2474 532 2624 589 addit
2656 540 2711 589 et
2738 532 2885 588 aliud
2911 547 2943 590 e
2970 531 3065 589 lib.
3086 546 3141 588 γι
3170 534 3227 588 in
3251 531 3419 604 Epist.
3459 521 3528 586 ad
3562 533 3714 587 Rom.

471 628 739 685 tellexerit
795 627 1069 695 Origenes
1130 625 1550 688 necessitatem,
1608 639 1771 694 quam
1830 634 2046 679 tuentur

476 738 497 772 ι
534 720 623 788 qui
652 718 928 773 stellarum
978 732 1218 780 cursum,
1262 727 1317 771 et
1354 726 1552 783 motus,
1587 732 1806 771 causam
1856 718 2047 772 dicunt

473 814 834 867 humanorum
871 824 993 865 esse
1014 819 1329 880 gestorum:
1374 828 1393 861 ι
1429 825 1533 863 non
1558 820 1839 878 cOgentem
1864 820 2043 864 autem

469 906 870 966 necessitatem,
903 904 996 957 sed
1023 903 1324 972 simplicem
1356 911 1412 956 et
1446 902 1802 957 voluntariam
1830 904 2044 959 actibus

469 994 723 1048 humanis
786 992 1091 1046 inferebant
1128 992 1424 1061 astrologi;
1486 993 1865 1047 necessitatem
1913 1008 2045 1062 ergo

468 1085 771 1154 simplicem
807 1096 860 1138 et
895 1085 1261 1138 voluntariam
1296 1085 1397 1137 hoc
1434 1083 1553 1137 loco
1581 1082 1843 1153 Origenes
1877 1085 2045 1138 liber-

472 1178 572 1230 tati
606 1178 879 1246 opposuit.
917 1177 1037 1229 Pari
1073 1178 1429 1244 responsione
1466 1192 1655 1246 parem
1692 1175 1938 1243 Origenis
1969 1176 2046 1228 lo-

475 1282 599 1323 cum
635 1282 758 1322 cum
784 1266 1109 1337 prisci-denti
1132 1267 1402 1337 ohjectum
1436 1267 1748 1323 sustinebis.
1778 1266 1855 1319 En
1893 1265 2041 1319 illum

468 1374 499 1415 e
540 1361 678 1413 libro
716 1374 767 1412 γι
798 1362 853 1412 in
889 1358 1058 1424 Epist.
1104 1358 1173 1409 ad
1245 1356 1425 1424 Rom.,
1465 1373 1612 1411 num.
1650 1356 1721 1412 5:
1764 1376 1782 1409 ι
1821 1356 2045 1411 Constat

468 1467 599 1521 ergo
628 1466 693 1505 ex
732 1451 816 1504 his
846 1450 1045 1513 verbis,
1080 1450 1277 1517 quibus
1318 1449 1518 1503 Paulus
1556 1450 1684 1503 dicit
1723 1466 1737 1501 :
1776 1448 1913 1512 Quia
1956 1448 2042 1501 cui

468 1539 722 1593 exhibetis
771 1555 858 1592 vos
891 1554 1066 1591 servos
1112 1538 1177 1591 ad
1218 1539 1585 1603 obedientium,
1622 1540 1754 1593 servi
1788 1540 1913 1591 estis
1958 1538 2045 1591 cui

469 1631 742 1695 obedistis,
778 1631 884 1684 sive
913 1634 1135 1699 peccati,
1179 1633 1284 1685 sive
1318 1631 1544 1700 justitite
1579 1632 1646 1698 ⁵⁸,
1693 1632 1817 1700 quia
1854 1640 2045 1699 sponte

469 1734 656 1778 nostra
702 1724 803 1792 ipsi
871 1739 970 1779 nos
1013 1724 1373 1787 exhibemus,
1438 1725 1583 1779 nullo
1642 1734 1909 1794 cogente,
1958 1724 2044 1779 vel

468 1824 697 1885 peccato
744 1816 972 1881 servire,
1025 1816 1106 1871 vel
1136 1815 1362 1883 iustitiae
1412 1832 1509 1885 per
1547 1818 1911 1871 obedientiam
1942 1832 2042 1871 uo-

470 1914 643 1960 stram
672 1922 685 1958 :
727 1916 781 1960 et
815 1905 937 1960 ideo
962 1920 1177 1975 semper
1206 1907 1398 1961 horum
1425 1909 1739 1962 meminisse
1764 1908 2041 1974 debemus,

471 2010 541 2049 ne
572 1996 759 2050 inanes
793 1996 1041 2065 querelas
1073 1997 1123 2049 in
1168 1999 1373 2066 peccati
1414 2000 1767 2053 excusatione
1797 1999 2042 2067 profera-

470 2102 629 2153 mus,
676 2090 819 2158 quod
872 2089 1118 2143 diabolus
1170 2089 1364 2143 fecerit
1409 2101 1467 2144 ut
1518 2107 1897 2157 peccaremus,
1953 2104 2046 2147 aut

470 2190 679 2235 natura:
707 2181 1027 2247 necessitas,
1069 2191 1163 2235 aut
1206 2182 1386 2237 fatalis
1427 2184 1686 2249 conditio,
1724 2193 1817 2238 aut
1854 2200 2045 2242 cursus

471 2283 742 2327 astrorum
777 2272 1000 2327 efficiat.
1040 2291 1060 2324 ι
1108 2272 1330 2327 Coactio
1366 2275 1552 2329 itidem
1589 2290 1651 2329 ea
1701 2276 2043 2346 intelligenda

472 2364 561 2418 hic
606 2374 709 2429 est,
739 2380 899 2433 quam
934 2364 1112 2418 fatalis
1160 2364 1427 2430 conditio,
1462 2375 1803 2422 astrorumve
1853 2383 2044 2423 cursus

472 2454 674 2517 eﬂicit;
716 2470 835 2524 quae
863 2455 996 2509 nihil
1029 2470 1158 2509 sane
1198 2456 1342 2509 aliud
1386 2465 1491 2520 est,
1538 2472 1697 2525 quam
1750 2461 2046 2514 necessitas

472 2546 727 2614 simplex,
764 2556 818 2600 et
848 2547 1129 2601 voluntate
1171 2548 1484 2615 conjuncta.
1532 2549 1683 2604 Hanc
1734 2551 2045 2620 responsio-

471 2652 593 2690 nem
629 2652 659 2689 a
700 2638 957 2707 Dionysio
988 2638 1209 2692 Petavio
1241 2638 1341 2693 lib.
1373 2655 1434 2694 ιιι
1466 2638 1542 2693 De
1574 2641 1750 2710 opilio.
1781 2658 1871 2695 sea:
1906 2643 2041 2697 dier.

472 2729 735 2783 adversus
764 2727 1003 2783 Jansenii
1036 2731 1330 2799 petitiones
1358 2733 1657 2800 oppositam
1697 2747 1762 2786 eo
1791 2733 2046 2789 libentius

471 2832 821 2886 usurpamus,
861 2822 1004 2889 quod
1049 2837 1386 2891 quaecunque
1432 2822 1546 2877 fere
1588 2824 1654 2877 de
1696 2823 1869 2879 libero
1895 2824 2045 2878 arbi-

476 2910 584 2963 trio
632 2913 863 2979 sparsim
919 2914 1141 2967 tradidit
1184 2913 1480 2984 Origenes,
1524 2928 1587 2969 ea
1634 2914 1743 2969 fere
1789 2916 2046 2970 adversus

472 3002 914 3069 Valentinianos,
971 3004 1353 3073 Marcionilas,
1424 3005 1666 3075 aliosque
1729 3006 2044 3074 haereticos,

470 3094 666 3159 fatum,
703 3108 996 3167 aptamque
1027 3113 1093 3151 ex
1127 3098 1400 3152 sideribus
1437 3099 1819 3153 necessitatem
1850 3114 2046 3170 propu-

2151 623 2357 691 Quibus
2384 636 2687 680 attexemus
2713 634 2769 679 et
2816 623 2946 678 illud
2989 638 3021 679 e
3066 623 3162 678 lib.
3214 639 3271 680 tu
3321 624 3461 693 Περὶ
3491 624 3715 693 ἀρχῶν,

2150 731 2270 784 cap.
2310 718 2365 780 5,
2406 734 2553 771 num.
2587 717 2659 772 ιε
2696 731 2719 769 t
2762 715 2895 770 Boni
2935 730 3067 770 vero
3095 716 3321 786 spiritus
3363 717 3567 785 recepit
3595 718 3718 785 quis

2162 808 2459 876 energiam,
2482 807 2535 861 id
2589 815 2674 862 est
2708 806 3160 876 inoperationem,
3206 822 3329 861 cum
3387 816 3637 860 movetur
3663 817 3718 859 et

2145 909 2467 968 provocatur
2494 902 2558 954 ad
2596 901 2756 964 bona,
2803 910 2857 956 et
2902 899 3195 968 inspiratur
3249 900 3315 953 ad
3352 899 3595 957 cmlestia
3632 899 3717 953 vel

2145 992 2321 1046 divina
2354 1011 2367 1046 :
2399 994 2542 1047 sicut
2572 994 2741 1048 sancti
2778 993 2951 1062 angeli
2985 1002 3039 1047 et
3074 995 3187 1061 ipse
3223 992 3364 1048 Deus
3406 992 3719 1061 imperatus

2143 1092 2226 1137 est
2275 1082 2328 1137 in
2374 1083 2669 1152 prapbetis,
2712 1084 3142 1154 suggestionibus
3170 1084 3370 1138 sanctis
3404 1084 3470 1138 ad
3495 1084 3714 1140 meliora

2145 1188 2449 1243 provocans
2475 1184 2529 1229 et
2557 1176 2885 1240 cohortaris;
2922 1175 2993 1229 ita
3024 1189 3156 1231 sane
3184 1186 3242 1229 ut
3273 1187 3519 1230 maneret
3548 1178 3599 1229 in
3629 1192 3719 1230 ar-

2144 1266 2309 1320 bitrio
2350 1266 2588 1321 hominis
2630 1282 2694 1321 ac
2717 1266 2946 1335 judicio.
2994 1269 3039 1321 si
3080 1268 3235 1338 sequi
3283 1268 3413 1323 velit
3447 1278 3543 1322 aut
3583 1268 3718 1323 nolit

2144 1358 2211 1411 ad
2247 1358 2490 1413 cuslestia
2520 1368 2575 1412 et
2604 1356 2786 1412 divina
2822 1369 3234 1428 provocantem.
3272 1377 3291 1411 ι
3329 1358 3435 1414 Sed
3470 1360 3599 1429 quid
3633 1362 3719 1416 his

2148 1449 2467 1518 colligendis
2510 1452 2886 1518 immoramur,
2921 1467 3043 1505 cum
3078 1452 3231 1521 plura
3278 1452 3441 1505 etiam
3482 1466 3717 1522 conges-

2142 1542 2278 1595 serit
2313 1541 2600 1597 Jansenius
2637 1553 2770 1597 tom.
2803 1541 2857 1609 l,
2885 1542 2981 1597 lib.
3020 1559 3097 1608 vr,
3133 1559 3258 1613 cap.
3297 1544 3385 1605 15,
3429 1552 3489 1597 ιιι
3530 1553 3719 1598 osten-

2144 1634 2297 1687 deret
2334 1633 2388 1686 in
2435 1631 2798 1687 indiﬂ‘erentia
2829 1633 2895 1688 ad
2945 1635 3146 1689 bonum
3190 1642 3246 1689 et.
3302 1634 3527 1702 malum,
3578 1637 3717 1692 citra

2145 1726 2306 1779 ullam
2337 1724 2749 1787 necessitatem,
2784 1724 2940 1779 liberi
2973 1725 3183 1780 arbitrii
3212 1734 3462 1781 naturam
3496 1727 3567 1782 ab
3592 1725 3716 1784 Ori-

2145 1831 2282 1886 gene
2311 1816 2478 1870 fuisse
2497 1814 2870 1871 collocatam?
2899 1833 2918 1867 ι
2943 1814 3299 1885 Gravissime,
3326 1817 3522 1888 inquit,
3550 1817 3719 1874 fuisse

2148 1909 2509 1978 reprehensos
2548 1908 2617 1961 ab
2648 1906 2953 1977 Augustino
3005 1906 3322 1979 Pelagianos
3374 1919 3601 1980 propter
3646 1910 3715 1964 il-

2145 1999 2250 2054 lam
2306 1999 2718 2054 inamissibilem
2774 2010 2830 2054 et
2875 2000 3030 2069 quasi
3077 2000 3420 2057 essentialem
3470 2001 3524 2057 in
3565 2001 3716 2057 omni

2148 2101 2288 2147 statu
2341 2091 2496 2147 liberi
2556 2092 2769 2146 arbitrii
2828 2092 3250 2149 indiﬂ’erentiam
3297 2094 3363 2148 ad
3413 2094 3613 2149 bonum
3660 2102 3722 2149 et

2148 2185 2370 2250 malum,
2421 2184 2809 2255 exclusamque
2847 2185 3070 2240 alterius
3110 2186 3283 2255 partis
3314 2184 3716 2248 necessitatem,

2146 2291 2211 2331 ex
2246 2278 2311 2331 iis
2340 2292 2461 2345 qua:
2495 2277 2639 2331 libro
2675 2275 2914 2332 secundo
2956 2276 3193 2331 dicimus
3224 2274 3451 2345 intelligi
3494 2282 3715 2345 potest:

2147 2370 2259 2423 haac
2316 2379 2401 2423 est
2450 2369 2595 2424 enim
2643 2368 2808 2422 totius
2859 2366 3170 2435 Pelagiana:
3231 2376 3520 2421 structura:
3570 2366 3722 2422 basis

2146 2474 2284 2530 pene
2327 2461 2619 2529 przecipua.
2661 2459 2764 2513 Sed
2812 2458 2957 2513 illam
3007 2457 3269 2528 Origenes
3316 2457 3566 2513 omnibus
3616 2472 3718 2510 nu-

2147 2552 2312 2605 meris
2341 2550 2640 2605 absolutam
2674 2549 2915 2604 tradidit.
2948 2549 3133 2617 Usque
3164 2548 3299 2603 adeo
3320 2564 3555 2618 namque
3593 2548 3716 2617 phi-

2149 2643 2439 2714 losophica:
2488 2643 2644 2698 istius
2674 2642 2944 2698 libertatis
2983 2642 3287 2695 admirator
3314 2651 3370 2694 et
3408 2640 3720 2695 indiﬂ'eren-

2149 2735 2238 2788 tiae
2282 2735 2350 2789 ad
2396 2734 2600 2789 bonum
2646 2742 2701 2788 et
2761 2732 2961 2786 malum
3011 2741 3276 2800 patronus
3330 2732 3469 2798 fuit,
3523 2742 3582 2785 ut
3628 2732 3717 2786 illa

2147 2823 2363 2880 sublata
2414 2822 2590 2877 brutis
2633 2830 2727 2875 aut
2772 2819 3041 2891 lapidibus
3088 2820 3364 2875 hominem
3415 2835 3715 2876 accensen-

2146 2915 2273 2969 dum
2321 2928 2443 2970 esse
2486 2915 2824 2969 decerneret.
2869 2929 2889 2963 ι
2922 2911 3060 2965 Idem
3090 2927 3308 2983 quoque
3353 2910 3569 2983 Origeni
3624 2927 3720 2966 su-

2148 3005 2330 3074 perius
2374 3003 2801 3073 exprobraverat
2836 3010 2968 3055 tom.
3010 3001 3052 3066 l,
3086 3000 3182 3055 lib.
3216 3017 3279 3065 ll,
3327 3013 3450 3071 cap.
3493 3001 3528 3055 4
3558 3009 3611 3055 et
3660 3001 3714 3055 5.

2150 3095 2303 3160 Quod
2352 3095 2397 3149 si
2444 3093 2609 3164 igitur
2638 3092 2705 3147 ab
2745 3107 2811 3146 eo
2857 3091 3099 3163 profecta
3132 3099 3217 3146 est
3259 3090 3376 3146 haec
3425 3090 3608 3159 opinio
3653 3090 3721 3144 de

476 3196 707 3254 gnantes
750 3188 1115 3255 proposuerit.
1174 3188 1231 3242 ln
1278 3203 1434 3242 suam
1474 3203 1689 3257 quoque
1724 3190 2043 3253 sententiam
2072 3206 2116 3266 α
2152 3196 2344 3240 natura
2377 3184 2646 3238 libertatis
2674 3183 2848 3252 posita
2898 3183 2952 3236 in
3008 3180 3369 3235 indifferentia
3399 3181 3467 3235 ad
3516 3180 3718 3235 bonum

474 3278 695 3330 trahere
730 3287 937 3345 poterat
979 3277 1267 3333 Jausenius
1312 3280 1441 3331 llllld
1474 3277 1722 3349 Origenis
1755 3293 1786 3333 e
1826 3278 1919 3333 lib.
1951 3294 1965 3332 ι
1992 3280 2047 3333 in

475 3366 649 3435 Epist.
691 3369 759 3421 ad
798 3367 948 3421 Rom.
995 3385 1144 3422 num.
1193 3368 1296 3436 18,
1329 3368 1418 3423 ubi
1466 3370 1634 3437 posita
1681 3371 1860 3424 anima
1893 3372 2045 3440 quasi

473 3457 527 3510 in
577 3458 720 3510 bivio
760 3473 977 3512 carnem
1035 3460 1180 3512 inter
1226 3471 1278 3514 et
1317 3460 1568 3528 spiritum
1596 3499 1611 3524 ,
1665 3470 1716 3514 et
1768 3461 2049 3529 utriusque

472 3546 574 3600 vi.e
614 3546 853 3602 fautores
881 3548 1123 3616 angelos,
1157 3550 1275 3603 ait:
1331 3568 1349 3601 ι
1394 3548 1509 3603 Non
1539 3550 1683 3603 enim
1722 3551 1773 3603 vi
1818 3565 1905 3605 res
1934 3551 2047 3617 agi—

473 3646 594 3701 tur,
640 3652 811 3706 neque
860 3639 1185 3693 necessitate
1235 3639 1287 3692 in
1328 3638 1553 3692 alteram
1600 3648 1809 3709 partem
1866 3641 2046 3695 anima

474 3728 810 3781 declinatur:
856 3750 876 3782 ι
912 3732 1005 3784 sed
1039 3730 1264 3800 pulchre
1300 3730 1635 3801 intelligebat
1667 3729 1954 3788 Jansenius
1978 3749 2047 3788 ex

474 3820 831 3887 sequentibus
868 3820 1282 3889 explicationem
1322 3835 1473 3875 suam
1521 3820 1902 3877 labefactatum
1954 3823 2042 3877 iri.

473 3910 624 3964 Talia
662 3911 776 3965 haec
817 3921 978 3965 sunt:
1019 3929 1038 3962 ι
1078 3911 1332 3980 Alioquin
1363 3925 1462 3964 nec
1501 3912 1655 3969 culoa
1701 3912 1772 3976 ei,
1804 3928 1903 3967 nec
1935 3915 2044 3968 vir-

473 4007 558 4053 tus
586 4011 769 4068 posset
796 4001 994 4055 ascribi
1023 4018 1037 4065 ;
1086 4016 1185 4056 nec
1226 4003 1350 4056 boni
1379 4002 1579 4057 electio
1611 4004 1911 4072 praemium,
1946 4018 2048 4060 nec

472 4089 764 4144 declinatio
795 4091 922 4144 mali
959 4091 1281 4160 supplicium
1326 4103 1671 4149 mereretur:
1719 4095 1811 4148 sed
1858 4109 2046 4148 serva-

474 4190 565 4234 tur
599 4182 645 4236 ei
679 4182 731 4235 in
767 4184 1020 4236 omnibus
1048 4183 1273 4238 libertas
1303 4186 1385 4239 sui
1418 4186 1655 4250 arbitrii,
1686 4196 1745 4239 ut
1789 4186 1842 4239 in
1876 4184 2047 4254 quod-

470 4289 688 4341 cunque
716 4274 947 4328 voluerit
979 4275 1092 4343 ipsa
1116 4276 1371 4341 declinet,
1400 4277 1823 4346 sicutscriptum
1854 4276 2001 4330 est"
2028 4294 2041 4330 :

470 4363 610 4417 Ecce
640 4366 792 4433 posui
826 4374 951 4418 ante
988 4365 1181 4419 faciem
1233 4375 1378 4420 tuam
1408 4367 1575 4421 vitam
1613 4378 1669 4422 et
1699 4376 1961 4433 mortem,
1991 4376 2047 4421 et

472 4456 649 4523 ignem
708 4466 763 4509 et
817 4472 1057 4526 aquam:
1112 4476 1131 4509 ι
1182 4473 1305 4511 nam
1363 4458 1407 4513 si
1475 4459 1790 4513 alterutram
1845 4460 2045 4529 eligere

2148 3276 2231 3332 vel
2260 3276 2482 3339 malum,
2509 3273 2728 3329 exclusa
2760 3274 2983 3329 alterius
3011 3273 3183 3343 partis
3209 3274 3551 3337 necessitate,
3585 3286 3719 3339 quo-

2148 3370 2307 3424 modo
2334 3369 2473 3423 idem
2526 3367 2617 3421 ille
2648 3366 2907 3436 Origenes
2953 3367 3326 3423 necessitatem
3358 3362 3717 3420 voluntariam

2147 3468 2197 3515 et
2232 3459 2528 3527 simplicem
2563 3473 2683 3513 cum
2712 3458 2957 3512 libertate
2994 3457 3319 3528 conjungere
3348 3456 3562 3527 potuit?

2218 3548 2309 3604 1V.
2339 3548 2540 3604 Verum
2573 3559 2627 3604 ut
2678 3549 2730 3603 in
2773 3548 3077 3603 deﬁnienda
3124 3549 3339 3603 arbitrii
3391 3547 3611 3604 humani
3650 3547 3717 3602 li-

2150 3640 2364 3695 bertate
2399 3648 2607 3693 rectum
2642 3638 2746 3692 iter
2780 3638 2955 3691 tenuit
2985 3638 3266 3707 Origenes,
3299 3651 3404 3690 non
3438 3637 3623 3690 itidem
3660 3637 3714 3689 in

2149 3732 2529 3798 distinguenda
2565 3740 2773 3785 naturce
2805 3730 3053 3798 integrae,
3082 3744 3146 3784 ac
3192 3736 3399 3783 naturae
3444 3727 3607 3797 lapsa
3652 3726 3719 3780 li-

2148 3826 2359 3881 bertate
2402 3826 2537 3880 satis
2566 3824 2809 3880 adhibuit
2842 3822 3110 3877 examinis
3150 3829 3205 3875 et
3249 3819 3521 3875 cautionis
3550 3835 3566 3885 ;
3600 3818 3717 3872 nul-

2149 3915 2241 3970 libi
2274 3915 2473 3986 quippe
2504 3917 2795 3971 discrimen
2830 3914 2995 3968 ullum
3042 3913 3184 3967 inter
3226 3921 3513 3981 utramque
3557 3911 3718 3966 liber-

2149 4016 2308 4062 tatem
2353 4008 2421 4061 ab
2455 4022 2520 4061 eo
2556 4008 2861 4061 adhibitum
2916 4004 3178 4074 reperias,
3221 4013 3273 4057 et
3323 4016 3465 4071 sape
3510 4010 3719 4057 natura:

2147 4097 2388 4162 cuilibet,
2419 4112 2538 4167 quae
2589 4097 2816 4152 rationis
2847 4108 3067 4163 compos
3088 4093 3181 4159 sit,
3216 4106 3590 4162 quemcunque
3618 4092 3715 4146 de-

2146 4199 2295 4239 mum
2336 4185 2581 4237 ordinem
2630 4186 2824 4257 adepta
2873 4184 2979 4247 sit,
3021 4181 3280 4253 aequalem
3333 4181 3520 4235 tribuit
3560 4180 3716 4235 liberi

2148 4275 2359 4329 arbitrii
2391 4274 2720 4341 facultatem,
2764 4284 2818 4330 et
2848 4288 3026 4339 usum,
3077 4283 3132 4325 ut
3161 4286 3322 4341 supra
3367 4273 3567 4326 dictum
3607 4282 3713 4327 est.

2146 4368 2324 4437 Atque
2359 4367 2407 4422 is
2445 4382 2581 4421 unus
2615 4366 2717 4420 fuit
2760 4380 2791 4421 e
2842 4364 3130 4436 prtecrpuis
3172 4362 3583 4433 Pelagianorum
3630 4379 3719 4418 er-

2147 4459 2386 4524 roribus,
2433 4458 2656 4529 paribus
2700 4457 2859 4513 liberi
2909 4459 3121 4513 arbitrii
3163 4456 3374 4513 viribus
3423 4455 3716 4519 pollentem

469 4554 647 4614 potest
684 4556 890 4613 partem
923 4549 1102 4600 anima
1124 4588 1138 4611 ,
1178 4549 1352 4602 neutri
1385 4558 1536 4603 certe
1573 4549 1679 4603 ulla
1721 4552 2043 4605 necessitate
2075 4556 2119 4613 ι)
2148 4551 2371 4605 tinxisse
2398 4550 2675 4605 hominem
2724 4548 2887 4604 hodie
2920 4559 3257 4617 nascentem,
3292 4550 3519 4620 parique
3553 4545 3720 4619 justi-

469 4637 758 4691 addicitur.
807 4636 1195 4706 Responsionis
1238 4653 1347 4693 sure
1388 4640 1789 4706 confirmanda,
1821 4651 1878 4696 et
1921 4643 2043 4696 Ori-

470 4728 716 4798 geniana:
746 4729 1030 4783 sententia:
1072 4732 1316 4799 apertius
1341 4731 1505 4785 etiam
1542 4731 1874 4788 declaranda:
1914 4748 2040 4802 gra-

468 4822 563 4883 tia,
599 4820 805 4888 aliquot
832 4820 977 4874 addit
1014 4818 1267 4875 Petavius
1297 4820 1413 4889 ejus
1453 4822 1759 4875 testimonia
1793 4838 1860 4876 ex
1888 4822 2037 4877 hom.

463 4913 535 4969 ευ
568 4915 623 4966 in
650 4912 837 4978 Num.,
871 4912 1067 4981 quibus
1095 4922 1321 4967 vocante
1355 4912 1479 4968 licet
1521 4922 1577 4968 et
1613 4912 1920 4983 pelliciente
1952 4915 2038 4968 in-

468 5007 667 5060 teriore
698 5007 870 5075 gratia
924 5005 1124 5059 nullam
1162 5005 1316 5059 nobis
1364 5006 1569 5074 imponi
1620 5009 2037 5072 necessitatem,

464 5100 559 5153 sed
613 5100 663 5151 in
722 5101 1001 5155 contraria
1050 5098 1183 5152 ferri
1236 5097 1575 5152 voluntatem
1632 5112 1795 5167 posse
1837 5098 2043 5167 perspi-

530 5216 577 5248 ⁶⁸
614 5216 767 5271 Rom.
807 5231 883 5280 vr,
906 5216 993 5270 l6.
1069 5214 1114 5247 "
1146 5213 1310 5269 Eccli.
1338 5230 1425 5281 xv,
1456 5214 1541 5278 17,
1569 5214 1656 5271 18.

539 5331 649 5401 (40)
702 5335 943 5387 Attamen
993 5334 1039 5386 si
1092 5332 1381 5402 perfricare
1436 5332 1652 5387 velimus
1696 5331 1945 5401 frontem,
1997 5340 2047 5385 et

471 5400 746 5470 Origenem
791 5406 971 5472 quovis
1007 5400 1237 5467 periculo
1268 5404 1545 5472 defendere
1568 5440 1585 5466 ,
1625 5400 1761 5454 hanc
1798 5404 2047 5455 adhibere

469 5475 751 5538 poterimus
812 5475 1193 5540 exceptionem,
1235 5484 1341 5527 etc.
1395 5472 1511 5525 Non
1563 5487 1890 5541 magnopere
1944 5473 2046 5525 sibi

473 5543 813 5612 perfricanda
856 5543 1006 5595 frons
1034 5555 1111 5596 est
1141 5561 1154 5596 :
1202 5543 1315 5612 ipse
1346 5544 1486 5595 enim
1527 5541 1796 5610 Origenes
1826 5556 2050 5608 expres-

472 5611 549 5680 sis
594 5613 1188 5680 verbisgexceptionem
1226 5611 1386 5666 hanc
1429 5613 1655 5665 adhibet
1708 5611 1803 5666 lib.
1856 5628 1947 5675 ιιι,
1993 5612 2050 5662 in

476 5678 645 5744 Epist.
680 5682 749 5733 ad
789 5678 965 5741 Ronu,
993 5698 1114 5749 cap.
1150 5681 1206 5745 3,
1232 5683 1298 5736 ad
1336 5684 1448 5735 hinc
1482 5685 1643 5735 verba
1671 5697 1686 5735 :
1739 5682 1927 5749 Omnes
1961 5680 2051 5734 de-

474 5751 833 5822 clinaverunt,
873 5750 1029 5822 simul
1065 5748 1278 5822 inutiles
1322 5752 1448 5818 facti
1497 5760 1616 5807 sunt
1690 5748 1879 5822 (Psal.
1928 5766 2046 5817 xm,

471 5816 552 5885 3).
608 5837 628 5872 ι
676 5819 805 5875 Mihi
842 5818 1085 5890 videtur,
1132 5816 1338 5887 inquit,
1390 5822 1531 5887 quod
1571 5816 1924 5877 non'dicitur
1956 5822 2050 5877 de-

2146 4642 2243 4707 lia,
2282 4640 2568 4711 sapientia,
2600 4640 2830 4710 aliisque
2868 4640 3191 4696 instructum
3241 4642 3491 4706 d0tibus,
3540 4642 3718 4711 qualis

2142 4746 2173 4785 a
2214 4732 2321 4786 Deo
2346 4732 2593 4787 conditus
2630 4731 2729 4786 fuit
2763 4730 3025 4791 Adamus.
3076 4730 3187 4804 (40)
3226 4732 3474 4787 Attamen
3515 4734 3558 4787 si
3594 4747 3718 4801 per-

2144 4820 2339 4877 fricare
2399 4822 2625 4876 velimus
2667 4820 2934 4884 frontem,
3001 4831 3055 4876 et
3100 4820 3391 4890 Origenem
3476 4821 3718 4892 periculo

2142 4913 2334 4983 quovis
2366 4912 2675 4977 defendere,
2739 4913 2875 4967 hanc
2933 4911 3189 4965 adhibere
3252 4912 3548 4980 poterimus
3617 4928 3715 4969 ex-

2144 5004 2479 5072 ceptionem;
2526 5002 2771 5070 quamvis
2811 4999 3071 5053 humanas
3099 4999 3237 5055 vires
3294 4999 3565 5055 libertatis
3616 5017 3719 5071 per

2147 5094 2337 5149 Adami
2369 5093 2575 5161 lapsum
2628 5090 2876 5146 infracta:
2924 5105 2990 5146 ac
3032 5090 3331 5147 debilitata:
3372 5092 3504 5159 sint,
3554 5104 3719 5147 natu-

2152 5329 2410 5391 clinasse,
2446 5325 2547 5380 nisi
2594 5323 2640 5378 is
2671 5324 2760 5390 qui
2793 5322 3082 5392 aliquando
3131 5324 3181 5379 in
3220 5326 3305 5378 via
3353 5333 3497 5378 recta
3542 5325 3715 5377 stetit'

2154 5398 2310 5452 Unde
2375 5404 2599 5465 apparet
2648 5395 2877 5465 primum
2934 5393 3060 5447 illud
3105 5403 3318 5465 natura:
3378 5393 3718 5448 rationabilis

2152 5482 2310 5536 opus,
2341 5462 2481 5533 quod
2517 5481 2543 5517 a
2581 5462 2689 5519 Deo
2727 5464 2927 5536 factum
2957 5473 3060 5525 est,
3096 5462 3260 5517 fuisse
3281 5474 3533 5536 rectum,
3573 5466 3712 5536 etin

2155 5532 2238 5590 via
2272 5532 2413 5589 recta
2451 5536 2723 5589 Creatoris
2754 5533 2923 5601 ipsius
2955 5548 3179 5587 munere
3213 5533 3559 5587 collocatum.
3607 5532 3713 5588 Sed

2154 5607 2282 5675 quia
2310 5605 2379 5658 ab
2407 5606 2506 5660 hac
2541 5606 2606 5659 ad
2651 5605 2832 5657 larvam
2867 5604 3071 5670 peccati
3109 5605 3211 5657 iter
3237 5604 3487 5675 detorsit,
3518 5604 3716 5675 merito

2156 5673 2297 5731 nunc
2331 5677 2529 5729 dicitur
2558 5675 2891 5730 declinasse:
2927 5676 3071 5727 sicut
3106 5674 3352 5741 exemplo
3392 5683 3472 5725 est
3508 5673 3714 5739 primus

2156 5747 2315 5799 homo
2355 5746 2541 5809 Adam,
2574 5745 2664 5811 qui
2695 5746 2759 5796 de
2788 5743 3022 5811 paradisi
3052 5743 3134 5795 via
3174 5752 3315 5795 recta
3352 5744 3488 5797 male
3521 5756 3715 5796 suasus

2156 5815 2343 5873 fraude
2381 5817 2648 5885 serpentis
2695 5815 2762 5869 ad
2812 5825 3007 5883 pravas
3053 5822 3107 5870 et
3157 5820 3432 5870 tortuosas
3466 5812 3714 5868 mortalis
