4160 6462
466 423 573 482 925

1275 427 1857 489 ORIGENIANORUM
1895 433 2027 491 LIB.
2063 432 2127 499 ll,
2165 431 2319 490 CAP.
2358 432 2426 499 ll’,
2470 431 2747 500 QUEST.
2788 430 2902 489 VII.

3608 437 3719 496 926

465 559 585 599 ram
630 552 817 600 tamen
871 542 1047 615 ipsam
1094 544 1361 602 libertatis
1410 546 1557 604 illius
1590 564 1742 605 suam
1788 566 2038 607 servasse
2067 559 2114 615 Α
2140 550 2263 613 bus,
2297 549 2382 604 vel
2415 551 2484 605 ad
2522 551 2693 605 bonos
2743 564 2804 604 se
2851 548 3047 621 erigit,
3086 546 3275 620 gratia:
3317 552 3512 609 divina:
3561 559 3685 626 atlju

464 634 861 703 integritatem;
912 649 1013 689 nec
1044 634 1210 689 ullam
1247 637 1477 706 proinde
1516 640 1784 709 signatam
1819 655 1942 697 esse
1971 642 2038 697 ab

462 722 696 794 Origene
726 726 1130 780 distinctionem
1163 724 1305 783 inter
1341 728 1645 785 libertatem
1691 748 1811 803 quae
1846 735 2037 791 Adami

463 817 741 886 prmcessit
775 816 1009 886 lapsum,
1044 828 1099 871 et
1134 834 1254 887 qua:
1281 833 1572 878 consecuta
1616 834 1734 891 est,
1783 828 1925 896 quod
1971 830 2037 883 ad

464 921 653 974 puram
707 908 1003 975 respiceret
1052 908 1319 966 libertatis
1359 921 1643 982 naturam,
1687 926 1795 970 non
1837 916 1906 970 ad
1949 932 2038 972 ro-

462 997 566 1052 bur
608 997 779 1065 ipsius
812 1008 867 1052 et
907 1008 1252 1067 potestatem.

534 1089 597 1145 ν.
635 1090 716 1144 Ex
752 1090 856 1145 hac
883 1090 1134 1160 Origenis
1166 1094 1437 1149 sententia
1469 1095 1535 1152 de
1568 1097 1901 1155 inditl'erenti
1933 1101 2032 1155 ho-

460 1181 625 1236 minis
661 1185 725 1236 ad
762 1182 962 1237 bonum
996 1183 1079 1238 vel
1110 1184 1309 1239 malum
1360 1191 1723 1258 propensione
1754 1202 1938 1261 aptum
1970 1193 2036 1247 il-

460 1275 549 1328 lud
581 1286 665 1329 est
690 1284 744 1329 et
767 1289 1129 1345 consequens,
1164 1279 1438 1335 hominem
1468 1282 1571 1336 hac
1606 1283 1927 1339 instructum
1956 1285 2034 1339 fa-

458 1365 689 1430 cultate,
740 1374 936 1435 gratiae
988 1369 1152 1425 modo
1204 1380 1439 1439 ponatur
1502 1372 1800 1440 auxilium,
1854 1377 2034 1445 pravis

456 1457 846 1525 cupiditatibus
881 1473 1042 1527 posse
1073 1462 1367 1527 obsistere,
1408 1463 1492 1518 vel
1526 1479 1739 1533 parere,
1776 1477 1832 1521 et
1860 1468 2033 1521 virtu-

456 1558 563 1604 tem
596 1548 682 1604 vel
728 1564 1025 1618 respuere,
1065 1551 1151 1607 vel
1200 1552 1473 1623 amplecti.
1530 1573 1548 1606 t
1586 1556 1821 1613 Evidens
1869 1560 2034 1630 igitur

455 1640 596 1694 ratio
626 1647 729 1704 est,
760 1658 781 1693 ι
814 1640 992 1711 inquit
1016 1641 1110 1698 lib.
1143 1658 1208 1697 ιιι
1229 1643 1371 1712 Περὶ
1397 1644 1618 1715 ἀρχῶν,
1644 1662 1765 1716 cap.
1790 1650 1847 1715 2,
1882 1666 2029 1705 num.

452 1733 519 1806 2,
560 1751 583 1795 ,t
622 1734 749 1812 quia
792 1733 934 1789 sicut
967 1734 1018 1789 in
1049 1735 1207 1790 bonis
1236 1739 1397 1792 rebus
1444 1739 1737 1794 humanum
1780 1743 2031 1813 proposi—

449 1844 562 1889 tum
602 1835 778 1890 solum
822 1850 921 1906 per
950 1830 1194 1905 seipsum
1235 1829 1617 1905 imperfectum
1654 1844 1740 1889 est
1790 1837 1857 1889 ad
1900 1851 2029 1889 cou-

449 1929 874 1982 summat‘ionem
925 1929 1085 1991 boni;
1140 1926 1409 1996 adiutorio
1462 1940 1704 1995 namque
1748 1927 1930 1982 divino
1960 1929 2027 1982 ad

443 2016 688 2086 perfecta
734 2032 962 2087 quaeque
993 2018 1346 2087 perducitur:
1390 2018 1471 2072 ita
1504 2013 1670 2073 etiam
1713 2015 1767 2069 in
1813 2028 2027 2070 contra-

451 2109 545 2164 riis
578 2110 731 2164 initia
761 2111 1030 2178 quaedam,
1067 2119 1122 2163 et
1169 2108 1320 2163 velut
1351 2112 1597 2180 quaedam
1644 2109 1855 2166 semina
1900 2124 2027 2179 pec-

450 2209 694 2254 calorum
734 2201 802 2253 ab
832 2200 918 2253 his
953 2198 1120 2254 rebus
1162 2213 1282 2268 quae
1323 2200 1376 2253 in
1417 2215 1517 2254 usu
1560 2200 1888 2254 naturaliter
1932 2199 2027 2251 ha-

450 2288 663 2354 bentur,
700 2288 1030 2357 accipimus,
1069 2306 1088 2340 ι
1138 2295 1250 2343 etc.
1296 2287 1435 2342 Tum
1488 2290 1588 2344 sub
1620 2289 1780 2344 {litem
1831 2289 2025 2361 capitis

449 2395 598 2434 num.
626 2379 691 2434 4:
728 2397 747 2430 t
785 2378 927 2433 Nihil
959 2379 1101 2433 aliud
1128 2379 1424 2448 putandum
1463 2388 1546 2435 est
1576 2381 1827 2436 accidere
1862 2382 2022 2437 nobis

449 2488 515 2526 ex
554 2472 686 2540 ipsis
734 2487 854 2541 quae
889 2471 1038 2527 cordi
1092 2482 1279 2526 nostro
1317 2482 1683 2542 suggeruntur
1730 2472 1888 2528 bonis
1941 2474 2024 2527 vel

448 2560 626 2627 malis,
663 2561 765 2614 nisi
816 2560 1233 2614 commOtionem
1280 2562 1473 2625 solam,
1514 2571 1569 2616 et
1614 2562 2024 2617 incitamentum

448 2668 751 2725 provocans
791 2667 890 2708 nos
935 2651 1021 2707 vel
1064 2655 1129 2707 ad
1163 2654 1302 2707 bona
1333 2652 1418 2707 vel
1455 2652 1521 2707 ad
1568 2653 1729 2707 mala.
1762 2651 2025 2709 Possibile

448 2754 629 2798 autem
666 2742 834 2797 nobls'
866 2750 980 2807 est,
1020 2756 1141 2795 cum
1191 2740 1427 2811 maligna
1486 2742 1658 2797 virtus
1704 2758 1801 2798 nos
1845 2758 2026 2813 cmpe-

447 2837 521 2891 rit
550 2836 615 2889 ad
651 2834 852 2889 malum
887 2834 1139 2897 incitare,
1166 2831 1401 2900 abjieere
1430 2848 1458 2885 a
1491 2833 1648 2887 nobis
1675 2849 1873 2903 pravas
1896 2850 2022 2905 sug-

447 2928 740 2997 gestiones,
769 2936 824 2980 et
855 2925 1116 2980 resistere
1153 2924 1506 2979 suasionibus
1552 2926 1823 2994 pessimis,
1859 2935 1914 2979 et
1943 2926 2025 2979 ni-

448 3020 525 3074 hil
552 3034 777 3088 prorsus
807 3017 1146 3087 culpabililer
1175 3030 1387 3086 gerere.
1421 3016 1487 3070 Et
1520 3031 1737 3071 rursum
1768 3019 2023 3088 possibile

448 3124 552 3177 est,
584 3123 643 3167 ut
687 3128 810 3167 cum
846 3127 944 3167 nos
982 3111 1161 3166 divina
1194 3112 1371 3166 virtus
1398 3113 1466 3166 ad
1506 3110 1728 3165 meliora
1760 3126 2023 3181 provoca-

447 3206 622 3271 verit,
667 3221 772 3259 non
815 3220 1139 3273 sequamur,
1192 3205 1350 3260 liberi
1400 3205 1613 3259 arbitrii
1654 3215 1925 3275 potestate
1966 3206 2018 3259 in

449 3310 678 3368 utraque
728 3298 885 3352 nobis
934 3307 1170 3351 servata.
1209 3315 1229 3349 ι
1286 3297 1341 3350 In
1388 3297 1504 3352 hac
1549 3298 1750 3352 acriter
1798 3298 2026 3367 insurgit

449 3387 710 3458 Yprensis
769 3388 997 3441 antistes
1027 3388 1123 3441 lib.
1151 3402 1186 3440 ιι
1217 3387 1290 3441 De
1322 3386 1507 3456 Pelag.
1541 3388 1696 3452 latet,
1727 3401 1846 3456 cap.
1888 3388 1942 3452 4,
1973 3396 2026 3442 et

446 3482 543 3537 lib.
583 3497 657 3545 tv,
689 3495 808 3548 cap.
861 3480 914 3542 7,
944 3490 998 3533 ει
1026 3479 1120 3534 lib.
1156 3495 1229 3544 vr,
1262 3495 1383 3549 cap.
1425 3479 1480 3544 4,
1510 3478 1599 3533 ubi
1630 3481 1876 3549 queritur
1901 3495 2026 3534 ceno

448 3574 625 3629 suisse
668 3571 956 3639 Origenem
991 3592 1011 3624 ‹
1060 3572 1227 3626 animi
1271 3574 1505 3627 motibus
1541 3572 1606 3627 ad
1654 3573 1854 3627 bonum
1907 3591 2025 3628 ma-

450 3666 628 3719 lumve
654 3681 750 3719 nos
786 3665 1189 3719 concitantibus
1226 3672 1362 3718 nutu
1404 3664 1635 3719 rationis
1679 3680 1780 3721 nos
1828 3669 2024 3721 adver-

453 3758 586 3819 sari,
618 3766 779 3825 atque
810 3771 904 3811 eos
935 3757 999 3810 ad
1029 3756 1165 3810 bona
1198 3755 1282 3808 vel
1330 3755 1469 3809 mala
1505 3758 1823 3825 gubernari,
1860 3776 1878 3809 ι
1914 3775 2025 3812 me-

456 3863 688 3915 rumque
736 3847 811 3901 ait
857 3847 1159 3911 doctrinam
1206 3847 1347 3900 banc
1390 3859 1511 3899 esse
1546 3845 2022 3917 Pelagianismum.

455 3937 512 3993 Si
538 3938 622 3993 vel
648 3938 885 3992 animum
916 3952 1078 4007 posse
1108 3937 1173 3990 ad
1204 3937 1401 3990 bonum
1431 3950 1526 4003 per
1553 3949 1613 3989 se
1641 3938 1868 4002 moveri,
1897 3937 2025 3992 abs-

451 4046 558 4102 que
601 4031 801 4100 praevio
864 4030 1053 4101 gratim
1097 4029 1191 4083 Dei
1256 4028 1637 4093 incitamento;
1708 4028 1793 4081 vel
1839 4028 2026 4097 impel-

453 4122 584 4177 lenti
616 4137 714 4176 nos
750 4122 815 4175 ad
846 4121 1043 4175 malum
1080 4121 1287 4175 libidini
1316 4135 1413 4191 per
1452 4135 1511 4174 se
1551 4135 1709 4190 posse
1739 4122 2024 4188 obsistere,

455 4216 619 4269 etiam
651 4214 838 4282 gratiae
874 4213 1114 4281 juvantis
1160 4228 1261 4283 ope
1303 4216 1617 4269 destitutum
1646 4214 1814 4267 voluit
1840 4212 2028 4285 Orige-

454 4321 597 4361 nes:
661 4306 999 4360 damnandus
1039 4306 1258 4375 quidem
1298 4322 1455 4361 error
1491 4305 1580 4359 ille
1620 4318 1722 4363 est.
1773 4306 1867 4362 Sin
1898 4321 2028 4362 vero

454 4399 644 4468 gratiae
686 4398 976 4467 impulsum
1026 4398 1271 4468 adjunxit
1316 4407 1371 4453 et
1415 4399 1699 4466 auxilium,
1738 4398 2029 4468 utrobique

453 4491 609 4560 culpa
646 4502 830 4557 caret;
866 4507 987 4545 nam
1016 4492 1068 4545 in
1107 4503 1283 4546 motus
1310 4493 1475 4548 animi
1519 4494 1710 4559 malus,
1738 4507 1873 4562 quos
1903 4506 2027 4545 con-

2138 642 2339 698 mentis
2373 642 2652 698 roborata.
2700 641 2897 698 Utrum
2925 657 3055 698 vero
3085 647 3316 699 senserit
3348 645 3633 718 Origenes,
3668 652 3719 706 si

2136 733 2259 802 quis
2291 748 2360 788 ex
2391 749 2478 788 me
2511 743 2740 803 quaerat,
2774 732 2916 787 bona
2964 733 3072 788 ﬁde
3113 737 3485 804 responderim
3527 740 3722 807 gratias

2136 824 2402 878 auxilium
2435 825 2723 879 admisisse
2758 822 2935 888 illum,
2973 839 3079 877 non
3124 839 3254 879 vero
3289 827 3544 894 praevium
3579 828 3720 883 inci-

2136 919 2465 978 tamentum,
2496 922 2557 967 ut
2588 912 2838 982 pluribus
2873 912 3012 967 infra
3044 913 3347 969 disseram:
3391 933 3411 966 ι
3458 916 3515 970 In
3553 920 3715 974 rebus

2134 1001 2312 1066 bonis,
2347 1001 2545 1071 inquit,
2582 1003 2879 1056 humanum
2915 1004 3249 1074 propositum
3294 1006 3465 1060 solum
3502 1023 3599 1077 per
3627 1025 3723 1066 se-

2136 1095 2310 1164 ipsqu
2343 1092 2720 1163 imperfectum
2758 1104 2842 1148 est
2869 1096 2936 1147 ad
2978 1098 3500 1153 consummationem
3541 1101 3705 1167 boni;

2135 1184 2407 1252 adjutorio
2452 1200 2686 1252 namque
2725 1185 2905 1239 divino
2953 1187 3018 1239 ad
3048 1186 3282 1255 perlecta
3318 1205 3542 1260 quaeque
3592 1209 3712 1260 per-

2135 1278 2374 1333 ducitur.
2417 1295 2437 1328 ι
2475 1276 2806 1339 Addidisset,
2842 1287 2890 1330 et
2927 1279 3214 1343 excitatur,
3246 1279 3382 1334 bene
3430 1298 3517 1338 res
3544 1285 3713 1340 habe—

2135 1377 2260 1422 ret:
2310 1382 2431 1420 cum
2473 1381 2538 1420 ex
2592 1367 2800 1434 liquido
2852 1371 3039 1437 synodi
3098 1370 3432 1426 Tridentinus
3474 1376 3719 1443 decreto,

2134 1474 2271 1514 sess.
2305 1459 2355 1523 6,
2392 1472 2514 1524 cap.
2544 1457 2597 1521 5,
2627 1470 2680 1513 et
2713 1476 2836 1515 can.
2872 1460 2926 1525 4,
2960 1470 3133 1513 ratum
3162 1463 3232 1516 sit
3262 1464 3520 1518 excitanti
3551 1476 3716 1534 atque

2136 1548 2409 1617 adjuvanti
2462 1552 2649 1618 gratias
2707 1550 2797 1603 Dei
2855 1549 3024 1605 libere
3070 1551 3342 1607 hominem
3380 1558 3628 1610 assentiri
3658 1570 3715 1612 et

2134 1637 2442 1705 cooperari,
2482 1652 2580 1691 nec
2633 1638 2808 1707 ipsum
2846 1639 2982 1693 nihil
3010 1654 3192 1709 agere,
3231 1656 3353 1696 cum
3403 1645 3715 1716 inspiratin-

2136 1740 2258 1781 uem
2315 1727 2460 1781 illam
2532 1727 2763 1798 recipit,
2815 1729 3013 1798 quippe
3061 1731 3155 1799 qui
3202 1731 3348 1787 illam
3390 1743 3444 1788 et
3477 1736 3718 1805 abjicere

2139 1817 2324 1886 possit.

2058 1899 2104 1959 Β
2210 1906 2293 1962 Vl.
2324 1907 2512 1976 Capite
2543 1922 2757 1978 quoque
2787 1908 2977 1978 quinto
3020 1909 3139 1966 libri
3171 1915 3390 1968 secundi
3423 1914 3497 1969 De
3531 1915 3711 1986 Pelag.

2129 2000 2286 2066 luctu,
2308 2002 2419 2057 haec
2447 2001 2697 2069 Origenis
2724 2000 2851 2055 lib.t
2885 2005 2939 2056 in
2964 2002 3132 2072 Epist.
3155 2008 3222 2059 ad
3240 2005 3415 2071 Rom.,
3442 2025 3590 2065 num.
3622 2011 3713 2073 l8.

2130 2092 2411 2162 itnpugnat
2444 2093 2735 2150 Jansenius
2765 2111 2781 2149 :
2822 2117 2840 2147 ι
2872 2095 3208 2166 Frequenter
3238 2100 3291 2153 in
3317 2098 3612 2171 Scripturis
3636 2106 3719 2158 in-

2131 2187 2396 2251 venimus,
2429 2196 2484 2241 et
2512 2202 2541 2240 a
2576 2188 2732 2243 nobis
2761 2203 2905 2258 saepe
2933 2192 3222 2245 dissertum
3254 2204 3357 2257 est,
3387 2197 3526 2263 quod
3551 2196 3717 2251 homo

2128 2277 2373 2345 spiritus,
2408 2286 2465 2331 et
2500 2294 2717 2347 corpus,
2759 2290 2815 2334 et
2843 2283 3025 2336 anima
3061 2298 3182 2338 esse
3223 2284 3439 2339 dicatur
3470 2302 3484 2338 :
3524 2303 3715 2342 verum

2127 2380 2249 2420 eum
2295 2368 2493 2421 dicitur
2518 2369 2643 2437 quia
2672 2387 2796 2423 caro
2820 2373 3141 2441 concupiscit
3173 2373 3419 2429 adversus
3444 2378 3711 2445 spiritum,

2126 2460 2341 2527 spiritus
2370 2469 2551 2513 autem
2575 2461 2820 2516 adversus
2839 2480 3047 2518 carnem
3064 2464 3132 2530 ⁸ο,
3170 2468 3345 2520 media
3385 2468 3573 2536 procul
3612 2470 3711 2522 du-

2125 2551 2216 2606 bio
2258 2550 2475 2619 ponitur
2532 2553 2757 2621 anima,
2804 2570 2928 2624 qua:
3003 2555 3087 2610 vel
3149 2558 3435 2613 desideriis
3489 2559 3713 2629 spiritus

2127 2643 2479 2711 acquiescat,
2516 2645 2603 2699 vel
2635 2646 2703 2699 ad
2754 2648 2937 2702 carnis
2982 2649 3451 2719 concupiscentias
3492 2651 3715 2706 incline-

2130 2742 2237 2789 tur.
2278 2753 2298 2788 ι
2341 2734 2499 2789 Dolet
2530 2735 2790 2792 Jansenio
2824 2739 2967 2809 quod
3013 2739 3264 2809 spiritum
3301 2740 3486 2808 illum,
3520 2743 3713 2797 adver-

2128 2840 2220 2880 sus
2252 2840 2413 2895 quem
2455 2828 2794 2896 concupiscit
2833 2843 2988 2890 caro,
3027 2847 3047 2880 ι
3086 2840 3276 2896 vocet,
3306 2846 3411 2885 non
3443 2847 3592 2886 more
3620 2849 3713 2887 ca-

2135 2917 2334 2972 tholico
2366 2918 2631 2988 Spiritum
2669 2930 2942 2988 sanctum,
2974 2924 3068 2977 sed
3090 2921 3384 2992 Pelagiauo
3412 2923 3582 2994 legem
3610 2942 3709 2979 na-

2140 3016 2293 3072 turae,
2326 3024 2487 3078 quam
2528 3012 2803 3067 mentibus
2843 3011 3049 3081 Spiritu
3088 3015 3181 3068 Dei
3219 3015 3324 3068 vivi
3371 3031 3437 3070 ex
3496 3016 3718 3071 institu-

2138 3106 2302 3169 tione,
2362 3114 2421 3160 ut
2471 3106 2586 3175 ipse
2625 3106 2772 3176 loqui
2829 3109 2993 3172 solet,
3052 3108 3327 3164 Creatoris
3395 3111 3709 3180 impressam

2138 3198 2376 3266 gerimus
2413 3216 2432 3249 ι
2462 3198 2647 3266 (verba
2674 3200 2840 3269 ipsius
2880 3201 3026 3270 sunt)
3063 3219 3081 3252 ι
3134 3211 3189 3256 et
3220 3217 3339 3271 qua:
3365 3202 3551 3274 (verba
3585 3213 3713 3259 sunt

2129 3286 2383 3356 Origenis
2435 3289 2529 3347 lib.
2566 3306 2605 3344 ιι
2653 3290 2709 3344 in
2745 3290 2922 3360 Epist.
2972 3292 3041 3344 ad
3104 3291 3279 3357 Rom.,
3332 3310 3481 3351 num.
3544 3294 3601 3361 9,
3658 3305 3713 3350 et

2126 3380 2219 3433 lib.
2252 3395 2328 3446 vI,
2360 3395 2511 3435 num.
2548 3381 2604 3451 8)
2641 3381 2694 3436 in
2745 3382 3024 3438 hominum
3074 3384 3329 3440 cordibus
3370 3386 3571 3456 scripta
3606 3398 3712 3451 est,

2130 3491 2238 3531 non
2281 3485 2608 3542 atramento,
2653 3477 2746 3532 sed
2797 3477 3005 3548 Spiritu
3059 3479 3153 3534 Dei
3195 3479 3339 3546 vivi;
3388 3495 3508 3550 quae
3557 3482 3715 3536 docet

2129 3581 2569 3637 unumquemque
2598 3567 2729 3637 quid
2770 3567 3038 3638 agendum
3084 3568 3175 3632 sit,
3208 3568 3337 3639 qttid
3383 3569 3710 3634 cavendum,

2125 3668 2181 3713 et
2211 3676 2304 3729 per
2334 3675 2496 3730 quam
2518 3660 2799 3731 cognoscit
2837 3660 3000 3714 homo
3026 3669 3311 3730 peccatum
3345 3674 3539 3726 suum;
3566 3674 3715 3730 qua:-

2127 3766 2232 3821 que
2260 3753 2578 3808 homiuibus
2607 3754 2799 3811 suadet
2825 3796 2841 3820 ,
2871 3771 2938 3812 ne
2972 3755 3359 3819 homicidium,
3403 3769 3471 3808 ne
3497 3752 3717 3806 adulte-

2126 3843 2268 3897 rium
2303 3844 2541 3911 l'aeiant,
2576 3860 2643 3901 ne
2680 3846 2960 3913 furentur,
3000 3861 3068 3901 ne
3101 3846 3295 3901 falsum
3341 3844 3712 3900 testimonium

2127 3938 2350 4006 dicant,
2387 3947 2446 3993 ut
2478 3939 2750 3995 honorent
2788 3950 2995 4010 patrem
3026 3948 3080 3994 et
3137 3949 3401 4005 matrem,
3432 3944 3488 3991 et
3517 3937 3709 3991 borum

2130 4029 2359 4097 similia;
2399 4028 2652 4085 fortassis
2701 4041 2757 4086 et
2806 4030 2950 4101 quod
3010 4029 3153 4084 Deus
3194 4044 3333 4083 unus
3380 4038 3597 4083 creator
3641 4029 3714 4081 sit

2126 4122 2407 4188 omnium;
2438 4140 2456 4174 ι
2487 4122 2641 4193 juxta
2669 4123 2795 4179 illud
2824 4122 2974 4177 Pauli
3006 4121 3167 4178 Rom.
3195 4137 3256 4187 ιι,
3286 4121 3371 4190 l4,
3395 4122 3495 4176 15:
3520 4139 3539 4172 ι
3576 4119 3715 4175 Cum

2126 4212 2271 4267 enim
2326 4223 2513 4283 gentes
2562 4231 2682 4285 quae
2725 4217 2896 4287 legem
2944 4230 3050 4269 non
3104 4216 3338 4281 habent,
3386 4214 3712 4269 naturaliter

2126 4318 2246 4374 qua:
2296 4305 2429 4377 legis
2483 4315 2611 4362 sunt
2654 4308 2895 4374 l'aciunt,
2937 4308 2992 4362 hi
3044 4308 3215 4378 legem
3267 4322 3372 4361 non
3425 4308 3714 4371 habentes,

2130 4396 2234 4466 ipsi
2266 4398 2369 4453 sibi
2396 4408 2521 4454 sunt
2552 4399 2639 4453 lex
2689 4418 2703 4454 :
2747 4401 2838 4469 qui
2883 4403 3182 4455 ostendunt
3213 4414 3347 4469 Opus
3397 4398 3534 4468 legis
3579 4398 3714 4453 scri-

2129 4498 2282 4559 ptum
2317 4490 2369 4544 in
2405 4492 2660 4547 cordibus
2687 4492 2835 4560 suis,
2872 4494 3241 4549 testimonium
3286 4493 3546 4547 reddente
3601 4490 3709 4547 illis

458 4583 790 4650 cupiscentia
830 4584 1023 4653 gignit,
1064 4591 1120 4635 et
1169 4585 1360 4648 bonos,
1410 4598 1546 4652 quos
1596 4582 1779 4636 educit
1824 4581 2017 4650 gratia,
2055 4594 2100 4649 ι)
2131 4582 2465 4636 conscientia
2506 4584 2769 4653 ipsorum,
2802 4595 2856 4640 et
2888 4587 3028 4641 inter
3060 4601 3120 4641 se
3148 4585 3379 4640 invicem
3421 4582 3708 4655 cogitatio-

450 4675 738 4744 imperium
782 4685 927 4728 tenet
979 4674 1148 4728 libera
1192 4673 1464 4740 voluntas,
1511 4683 1565 4729 et
1613 4674 1698 4727 vel
1738 4674 1892 4729 malis
1923 4673 2021 4728 ob-

452 4772 734 4830 temperat,
787 4764 1016 4834 propriis
1057 4764 1181 4820 illuc
1229 4776 1283 4820 et
1329 4765 1525 4819 nativis
1578 4763 1834 4818 inclinata
1877 4764 2023 4818 nuli-

521 4860 566 4891 ⁶⁰
597 4858 770 4914 Galat.
792 4875 845 4926 v,
876 4861 961 4915 l7.

446 4956 573 5010 vita:
607 4956 831 5010 seruitus
867 4956 1177 5009 declinavit.
1226 4955 1637 5026 Consequenter
1665 4972 1794 5025 ergo
1831 4972 2033 5013 omnes

449 5029 541 5095 qni
592 5042 655 5080 ex
713 5026 879 5092 ipsius
937 5029 1281 5081 successione
1328 5028 1378 5080 in
1441 5031 1582 5083 hunc
1629 5029 1887 5081 mundum
1941 5043 2033 5082 ve-

451 5097 642 5165 niunt,
679 5095 1121 5157 declinaverunt,
1163 5108 1216 5149 et
1270 5096 1428 5150 simul
1472 5114 1594 5151 eum
1633 5098 1750 5165 ipso
1806 5097 2030 5152 inutiles

450 5164 578 5219 iacti
628 5174 770 5237 sunt.
812 5184 831 5216 ι
870 5166 1026 5218 Vides
1068 5176 1269 5219 statum
1319 5179 1527 5221 naturas
1560 5168 1781 5237 integrae
1814 5183 1843 5220 a
1889 5176 2029 5221 statu

451 5246 660 5288 natura:
698 5236 862 5302 lapsae
897 5247 1152 5289 accurate
1180 5237 1519 5291 distinctum.
1554 5236 1905 5291 Luculentior
1936 5240 2031 5290 ad-

452 5305 561 5359 hue
593 5315 773 5357 exstat
801 5305 951 5357 locus
978 5305 1116 5358 alter
1151 5307 1202 5356 in
1246 5307 1338 5359 lib.
1375 5322 1425 5359 IV
1454 5305 1745 5361 Comment.
1778 5310 1832 5359 in
1868 5307 2026 5362 Cant.

450 5378 730 5447 canticor.,
766 5390 885 5447 pag.
929 5375 1022 5437 88,
1073 5377 1138 5428 ad
1164 5375 1298 5447 hac
1325 5377 1485 5431 verba
1515 5395 1528 5430 :
1586 5375 1759 5430 Vineae
1788 5378 2031 5447 ﬂorentes

449 5446 705 5503 dederunt
748 5445 959 5497 odorem
1008 5460 1198 5508 suum;
1226 5445 1417 5507 (Cant.
1444 5463 1503 5507 ιι,
1533 5447 1653 5505 15).
1707 5465 1725 5497 ι
1765 5445 1878 5500 Non
1915 5449 2033 5503 sine

449 5528 634 5575 causa,
667 5513 865 5581 inquit,
904 5523 1033 5581 puto
1070 5518 1210 5581 quod
1264 5532 1366 5569 non
1398 5518 1630 5571 dixerit:
1670 5515 1896 5570 Odorem
1946 5521 2036 5570 de-

450 5584 641 5634 derunt
679 5585 839 5645 :seil,
887 5587 1100 5637 odorem
1154 5601 1352 5649 suum;
1401 5598 1458 5639 ut
1493 5590 1804 5642 ostenderet
1853 5589 2035 5639 inesse

450 5653 650 5719 cuique
694 5654 889 5707 animae
926 5657 1034 5707 vim
1082 5654 1462 5722 possibilitatis
1504 5667 1560 5710 et
1612 5658 1824 5709 arbitrii
1868 5656 2033 5710 liber-

453 5730 645 5793 tatem,
678 5737 800 5793 Aqua
851 5724 1018 5791 possit
1070 5739 1232 5793 agere
1284 5739 1444 5780 omne
1494 5727 1635 5793 quod
1669 5728 1867 5780 bonum
1922 5737 2027 5782 est.

458 5790 567 5864 Sed
600 5791 746 5864 quia_
780 5790 881 5846 hoc
926 5790 1133 5847 naturai
1176 5794 1379 5864 bonum
1426 5790 1894 5864 praevaricationis
1941 5811 2028 5851 oc-

456 5862 677 5920 casione
717 5862 1057 5932 decerptum,
1106 5863 1189 5920 vel
1219 5865 1287 5921 ad
1330 5862 1706 5935 ignominiam,
1740 5866 1823 5922 vel
1862 5866 2023 5924 lasci-

2131 4673 2290 4726 nibus
2320 4675 2728 4742 accusantibus,
2765 4688 2858 4731 aut
2884 4678 3047 4732 etiam
3077 4675 3518 4732 defendentibus.
3549 4693 3569 4727 ι
3603 4674 3706 4730 Se-

2133 4767 2278 4821 mina
2330 4779 2591 4838 pranerea
2654 4768 2747 4826 illa
2809 4770 3073 4826 bonitatis
3105 4785 3133 4825 a
3178 4779 3375 4825 natura
3426 4768 3708 4824 hominum

2135 4956 2277 5009 viam
2318 4955 2491 5009 fuerat
2524 4955 2776 5028 inﬂexum
2801 4998 2816 5020 ,
2853 4957 2941 5028 ubi
2992 4972 3089 5026 per
3117 4957 3348 5028 gratiam
3395 4961 3709 5028 reparatur,

2136 5037 2189 5079 et
2223 5041 2319 5095 per
2347 5028 2652 5080 doctrinam
2689 5027 2847 5082 Verbi
2880 5027 2971 5082 Dei
2996 5023 3329 5091 restituitur,
3353 5023 3716 5095 odoremired-

2135 5094 2358 5151 dit’sine
2403 5096 2566 5151 dubio
2613 5097 2760 5151 illum
2814 5112 2973 5166 quem
3014 5101 3224 5166 primus
3271 5097 3521 5151 conditor
3549 5094 3719 5166 ⁵βιιιιιι

2139 5166 2405 5243 indiderat
2430 5206 2446 5232 ,
2497 5166 2593 5221 sed
2622 5162 2849 5237 peccati"
2878 5162 3034 5243 culpa
3071 5168 3437 5243 subtraxerat.
3475 5182 3497 5215 ι
3549 5162 3711 5243 Eam:

2137 5238 2257 5307 dem
2303 5251 2441 5307 ergo,
2476 5236 2635 5307 ante
2672 5247 2728 5291 et
2779 5246 2901 5307 post
2956 5237 3151 5290 Adami
3210 5236 3419 5305 lapsum
3467 5236 3714 5307 agnoscit

2137 5302 2401 5374 Origenes
2432 5306 2585 5359 liberi
2639 5302 2850 5361 arbitrii
2905 5319 3180 5371 naturam,
3207 5302 3302 5360 sed
3353 5319 3455 5358 non
3493 5302 3713 5374 easdem

2139 5370 2287 5429 virés
2327 5390 2425 5429 nec
2470 5392 2568 5437 par
2604 5377 2771 5430 robur
2800 5377 2865 5431 ad
2897 5378 3094 5430 bonum
3120 5370 3538 5443 assequendum.
3573 5370 3715 5443 Hinc

2145 5446 2388 5513 sequitur
2447 5446 2619 5513 ipsum
2671 5448 2906 5501 hominis
2954 5446 3088 5514 lapsi
3141 5440 3460 5514 libertatem,
3492 5457 3596 5495 nun
3656 5440 3714 5514 in

2146 5510 2480 5569 iudill'erenti
2509 5517 2576 5568 ad
2611 5518 2806 5569 bonum
2838 5516 2927 5569 vel
2969 5510 3166 5568 malum
3215 5512 3569 5583 propensione
3598 5510 3715 5583 col:

2143 5584 2371 5650 locasse,
2406 5586 2499 5639 sed
2547 5586 2597 5637 in
2648 5584 2972 5642 iutlifferenti
3020 5586 3156 5638 bene
3202 5580 3285 5640 vel
3314 5580 3474 5637 'male
3519 5580 3713 5649 agendi

2139 5663 2433 5724 potestate.
2476 5654 2634 5708 Aliud
2663 5666 2745 5710 est
2773 5665 3021 5724 potestas,
3074 5654 3216 5724 aliud
3269 5652 3580 5724 propensio;
3613 5664 3714 5724 ea-_

2139 5719 2260 5779 dem
2292 5735 2375 5778 est
2406 5725 2459 5778 in
2494 5724 2735 5792 quolibet
2773 5719 2924 5781 statu
2954 5726 3108 5793 juxta
3138 5719 3424 5794 Origenem
3454 5723 3591 5775 bene
3622 5719 3715 5794 vel

2136 5795 2277 5869 male
2326 5790 2523 5861 agendi
2552 5804 2816 5869 potestas,
2866 5790 2969 5854 sed
2994 5810 3102 5853 non
3147 5790 3337 5854 eadem
3390 5805 3593 5869 parque
3642 5790 3720 5845 ad

2134 5863 2330 5920 bonum
2372 5864 2684 5935 propensis.
