4160 6470
422 407 528 466 927

1727 401 1788 459 P.
1825 398 2141 456 DANIELIS
2174 397 2410 456 llUETll

3565 386 3675 444 928

424 527 702 586 mentibus
756 527 937 591 insita,
983 542 1101 595 quae
1143 525 1389 594 proxime
1437 524 1616 579 allatis
1665 524 1865 578 astruit
1920 533 2004 576 te-
2035 530 2077 582 Α
2112 532 2194 575 tor
2224 518 2618 588 cogitationum
2662 523 2714 570 et
2749 513 3106 568 intentionum
3135 509 3335 565 cordis.
3375 526 3394 561 ι
3441 507 3499 562 In
3545 509 3672 576 qui-

423 622 697 678 stimoniis
739 619 1038 687 Origenes,
1089 619 1246 690 plane
1301 619 1477 687 rejicit
1532 617 1821 672 Janseuius
1868 614 2003 670 locis

423 729 583 785 supra
635 713 924 778 indicatis,
977 713 1072 768 sed
1130 713 1404 782 prazcipue
1475 719 1609 766 tom.
1663 709 1721 775 l,
1776 708 1874 762 lib.
1927 723 2001 772 tv,

425 823 544 876 eap.
581 805 632 860 7.

496 897 716 950 Certum
763 905 847 949 est
891 896 1005 950 hate
1052 895 1207 950 Pauli
1257 895 1422 948 verba
1458 892 1578 948 Gal.
1605 908 1662 955 v,
1693 892 1779 955 17,
1815 909 1834 943 σ
1863 889 2005 945 Caro

425 989 568 1042 enim
592 987 933 1056 concupiscit
964 989 1227 1042 adversus
1253 987 1504 1057 spiritmn
1530 1001 1545 1048 ;
1575 983 1801 1052 spiritus
1823 989 2004 1034 autem

427 1079 690 1132 adversus
726 1093 968 1139 carnem,
995 1097 1015 1130 ι
1048 1078 1112 1132 ad
1145 1077 1407 1147 Spiritum
1453 1084 1702 1130 sanctum
1749 1088 1779 1126 a
1823 1070 2006 1125 Patri-

425 1170 528 1223 hns
555 1166 834 1236 plerisque
864 1166 1092 1229 referri;
1125 1175 1180 1218 at
1210 1173 1417 1218 certum
1446 1177 1668 1232 quoque
1711 1171 1794 1216 est
1826 1160 2007 1231 plures

424 1258 591 1311 etiam
623 1257 967 1324 superiorem
1002 1255 1145 1308 illatn
1191 1255 1386 1308 anima:
1420 1264 1652 1321 partem,
1696 1267 1855 1320 quam
1887 1252 2008 1321 ήγεο

426 1347 648 1420 μονικόν
676 1348 965 1416 appellant,
998 1347 1223 1413 spiritus
1263 1343 1626 1414 appellatione
1665 1342 1752 1396 hic
1799 1342 2007 1410 signifi-

423 1451 601 1494 catam
637 1439 895 1494 voluisse.
937 1437 1133 1492 Multos
1174 1435 1512 1504 proferrem,
1541 1434 1585 1488 si
1635 1446 1863 1487 numero
1909 1446 2009 1501 pu-

423 1533 698 1600 gnandum
733 1539 912 1594 esset,
944 1529 1038 1583 sed
1073 1543 1211 1582 unus
1254 1525 1404 1580 omni
1453 1525 1780 1592 exceptione
1832 1526 2008 1591 major

423 1623 730 1676 adducetur
761 1623 1117 1692 Augustinus.
1178 1619 1226 1673 Is
1265 1618 1360 1672 lib.
1396 1633 1432 1672 tt
1470 1617 1547 1670 De
1592 1613 1780 1671 Genesi
1824 1625 2007 1669 coittra

425 1713 772 1778 Manichwos,
809 1729 931 1782 cap.
965 1715 1052 1775 11.
1083 1710 1390 1780 coniugium
1423 1709 1612 1764 Adami
1635 1719 1687 1761 et
1721 1709 1844 1762 Eva:
1873 1709 2008 1762 ima-

426 1809 607 1876 ginem
639 1822 761 1860 esse
787 1807 925 1860 dicit
959 1805 1260 1874 spiritualis
1291 1804 1436 1857 illius
1457 1801 1716 1871 coniugii,
1749 1800 1888 1867 quod
1922 1812 2008 1852 ra-

428 1895 684 1950 tionalem
714 1895 949 1949 hominis
979 1904 1188 1964 partem
1216 1893 1436 1947 animali
1469 1891 1720 1959 colligat;
1757 1898 1867 1941 tum
1894 1888 2002 1941 ait:

435 2006 453 2038 ι
489 1987 691 2040 Deinde
718 1996 774 2039 ut
803 1988 1033 2054 quisque
1060 1985 1183 2040 huic
1217 2000 1330 2040 sum
1369 1983 1510 2053 parti
1565 1991 1715 2036 recte
1766 1980 2008 2033 domine-

431 2085 552 2139 tur,
595 2084 652 2128 et
687 2073 782 2128 fiat
806 2076 963 2144 quasi
992 2072 1292 2142 coniugalis
1326 2073 1380 2125 in
1411 2072 1614 2138 seipso,
1649 2080 1708 2124 ut
1739 2084 1868 2124 caro
1902 2084 2008 2122 non

431 2165 789 2233 concupiscat
823 2166 1086 2220 adversus
1108 2167 1397 2235 spiritum,
1429 2166 1521 2221 sed
1555 2163 1778 2232 spiritui
1823 2161 2006 2230 subju-

431 2264 612 2325 getur,
647 2255 699 2308 id
727 2263 834 2319 est,
869 2255 1309 2323 concupiscentia
1339 2253 1583 2309 carnalis
1605 2267 1712 2306 non
1751 2252 2008 2305 adverse-

434 2354 523 2395 tur
548 2342 769 2406 rationi,
803 2343 896 2396 sed
932 2345 1110 2411 potius
1155 2343 1586 2411 obtemperaudo
1632 2340 1843 2394 desinat
1888 2353 2010 2392 esse

432 2434 694 2499 carnalis,
747 2449 885 2503 opus
932 2434 1098 2488 habet
1148 2432 1386 2500 perfecta
1422 2431 1710 2502 sapientia.
1755 2449 1775 2482 ι
1823 2429 2013 2483 Trahit

341 2524 347 2529 ’
435 2528 549 2580 haec
585 2525 637 2579 in
673 2527 922 2580 eumdem
951 2541 1169 2580 sensum
1199 2525 1292 2579 lib.
1327 2541 1344 2578 ι
1391 2523 1466 2577 De
1513 2523 1759 2576 doctrina
1793 2520 2009 2586 Christi,

435 2633 559 2687 cap.
594 2619 684 2680 24,
719 2628 772 2672 et
812 2617 909 2672 lib.
942 2633 975 2672 ι
1029 2616 1106 2670 De
1145 2615 1332 2671 Genesi
1387 2617 1457 2668 ad
1508 2614 1694 2676 linem,
1749 2628 1872 2681 cap.
1921 2612 2007 2667 12.

436 2706 614 2762 Verba
670 2716 893 2776 propter
943 2707 1312 2776 prolixitatem
1367 2721 1474 2759 non
1525 2712 1732 2772 repeto.
1779 2701 2013 2757 Prorsus

435 2815 564 2854 vero
605 2799 976 2870 Ὠριγενικῶς,
1005 2800 1055 2853 in
1079 2815 1288 2854 Lxxxtn
1317 2796 1673 2866 quwstionib.,
1696 2802 1886 2864 quaest.
1912 2792 2009 2844 70:

441 2906 462 2942 ι
495 2888 636 2943 Caro
688 2891 1024 2960 concupiscit
1065 2891 1330 2944 adversus
1373 2889 1655 2956 spiritum,
1690 2896 1745 2940 et
1791 2885 2014 2951 spiritus

437 2979 703 3032 adversus
729 2993 974 3032 carnem.
1009 2976 1136 3032 Haec
1174 2979 1317 3032 enim
1351 2978 1579 3031 invicem
1612 2975 1712 3029 sibi
1755 2975 2016 3028 resistunt

437 3082 493 3125 et
528 3072 910 3133 adversantur,
945 3081 1003 3124 ut
1038 3085 1143 3123 non
1177 3083 1514 3138 quaecunque
1559 3066 1723 3120 vultis
1745 3106 1762 3129 ,
1813 3064 1899 3118 illa
1932 3063 2014 3118 fa-

436 3163 616 3216 ciatis.
672 3161 761 3216 Fit
807 3175 937 3231 ergo
991 3176 1086 3228 per
1140 3159 1631 3214 sanctiﬁcationem
1690 3153 2012 3224 perfectam,

438 3262 494 3306 ut
524 3253 705 3308 onmis
730 3252 966 3307 carnalis
999 3253 1268 3320 appetitus
1305 3249 1517 3319 spiritui
1576 3256 1764 3300 nostro
1812 3245 2012 3298 illumi-

438 3354 570 3400 nato
625 3354 678 3398 et
712 3344 1004 3411 vivitieato,
1046 3344 1098 3398 id
1137 3351 1243 3408 est,
1271 3342 1426 3397 bona:
1457 3339 1723 3394 voluntati
1755 3335 2012 3406 subjicia-

438 3446 550 3490 tur.
593 3455 614 3488 ι
1660 3480 1665 3486 .

512 3530 617 3584 Sed
653 3529 781 3598 quid
812 3528 1098 3599 Augustini
1136 3529 1519 3584 auctoritatem
1553 3522 1930 3595 praeteximus,
1954 3533 2014 3579 ut

440 3617 694 3686 spiritum
727 3617 876 3669 illum
901 3617 1088 3671 carnis
1117 3617 1487 3671 adversarium
1530 3633 1670 3686 saepe
1700 3634 1796 3688 pro
1825 3616 2015 3670 animae

439 3708 774 3781 ἡγεμονικῷ,
808 3707 886 3762 vel
919 3708 1034 3776 ipsa
1073 3718 1220 3762 certe
1275 3709 1457 3761 anima
1506 3711 1647 3763 sumi
1701 3711 2014 3779 probemus,

441 3817 562 3853 cum
598 3800 647 3854 id
682 3810 759 3854 tot
797 3800 1100 3868 Scriptura:
1128 3798 1261 3853 locis
1283 3800 1474 3854 confici
1506 3802 1715 3870 possit?
1751 3803 1899 3856 velut
1924 3801 2017 3856 illo

441 3891 634 3946 Matth.
669 3908 817 3959 xxvr,
848 3891 911 3945 Μ
943 3908 959 3945 :
1001 3910 1018 3942 ι
1054 3891 1291 3960 Spiritus
1319 3893 1541 3959 quidem
1593 3904 1878 3964 promptus
1910 3904 2018 3958 est,

440 3997 567 4036 caro
610 3992 792 4037 autem
834 3983 1085 4046 infirma;
1121 4000 1141 4034 ι
1187 3991 1242 4035 et
1277 3982 1370 4036 illo
1413 3982 1430 4036 l
1461 3983 1589 4040 Cor.
1624 3999 1681 4047 v,
1709 3985 1742 4038 5
1776 3999 1790 4037 :
1851 4003 1870 4036 ι
1909 3985 2020 4054 Ego

438 4073 681 4144 judicavi
737 4075 956 4127 tradere
1002 4074 1314 4141 hnjusmodi
1372 4075 1590 4129 Satanae
1634 4077 1685 4130 in
1743 4078 2019 4131 interitum

443 4164 648 4226 carnis,
683 4172 743 4216 ut
774 4163 1004 4231 spiritus
1031 4163 1215 4217 salvus
1259 4164 1330 4218 sit
1377 4165 1431 4218 in
1465 4166 1550 4219 die
1582 4165 1794 4219 Domini
1846 4166 2021 4221 nostri

442 4252 569 4308 Jesu
593 4255 831 4320 Christi;
872 4274 890 4306 ι
937 4265 993 4309 et
1025 4255 1114 4308 illo
1141 4256 1181 4309 ll
1222 4255 1350 4310 Cor.
1397 4273 1492 4321 vn,
1541 4259 1608 4312 1:
1652 4275 1671 4309 ι
1705 4258 2024 4312 Mundemus

444 4360 546 4400 nos
576 4347 642 4398 ab
675 4347 824 4398 omni
867 4346 1280 4413 inquinamento
1307 4349 1490 4402 carnis
1530 4356 1586 4401 et
1613 4348 1870 4417 spiritus;
1908 4365 1929 4399 ›
1970 4356 2026 4401 et

446 4438 538 4492 illo
561 4438 761 4505 Ephcs.
785 4453 858 4502 tv,
888 4437 1062 4490 20-23
1089 4455 1102 4490 :
1139 4455 1156 4488 ι
1189 4435 1298 4491 Vos
1321 4449 1501 4508 autem
1525 4454 1630 4492 non
1659 4440 1732 4490 ita
1756 4437 2027 4492 didicistis

2107 613 2203 667 bus
2278 628 2381 666 non
2441 611 2599 664 aliter
2632 608 2769 662 sumi
2821 606 3045 677 spiritus
3099 612 3306 674 potest,
3351 617 3513 670 quam
3571 616 3675 670 pro

2105 705 2309 768 anima,
2342 703 2426 758 vel
2454 702 2648 756 animae
2680 701 3010 770 ἡγεμονικῳ,
3051 712 3159 766 quo
3199 693 3358 749 modo
3409 693 3677 764 Origenes

2107 791 2395 848 intellexit.

2185 885 2296 939 Vll.
2322 885 2400 939 Ex
2434 883 2521 939 bis
2567 881 2794 938 edicitur
2828 879 3134 936 inferiorem
3191 877 3388 931 anima?
3435 883 3673 943 partem,

2107 993 2228 1046 qua:
2293 977 2473 1030 anima
2530 973 2853 1044 simpliciter
2907 971 3208 1042 appellatur
3263 968 3345 1038 (ut
3400 967 3672 1035 superior,

2105 1067 2373 1138 spiritus),
2409 1066 2641 1120 mediam
2667 1080 2786 1119 esse
2806 1063 3202 1132 quodammodo
3245 1058 3500 1129 spiritum
3532 1057 3678 1110 inter

2106 1170 2159 1214 et
2188 1173 2410 1214 carnetn
2437 1175 2453 1223 ;
2483 1157 2585 1211 hoc
2618 1165 2695 1210 est
2719 1155 2942 1222 spiritus
2972 1153 3112 1206 inter
3137 1151 3442 1209 suasiones,
3473 1155 3527 1200 et
3553 1160 3678 1199 car-

2107 1249 2193 1302 nis
2247 1246 2536 1301 incentiva.
2598 1264 2617 1296 r
2651 1245 2784 1298 Cum
2832 1243 3072 1308 dicitur,
3131 1261 3150 1293 ι
3205 1241 3380 1310 inquit
3411 1240 3680 1309 Origenes

2106 1337 2202 1393 lib.
2240 1356 2255 1394 ι
2286 1338 2342 1392 in
2370 1335 2542 1404 Epist.
2574 1335 2643 1388 ad
2676 1334 2859 1399 Rom.,
2892 1347 3041 1387 num.
3069 1333 3156 1395 18,
3197 1351 3216 1384 ι
3251 1333 3375 1401 quia
3407 1347 3532 1384 caro
3552 1346 3679 1384 con-

2107 1429 2326 1498 cupiscit
2358 1427 2608 1480 adversus
2638 1425 2916 1492 spiritum,
2947 1423 3162 1491 spiritus
3207 1431 3383 1475 autem
3423 1422 3679 1475 adversus

2107 1537 2318 1575 carnem
2351 1520 2418 1584 “,
2452 1520 2626 1574 media
2655 1516 2840 1588 procul
2872 1517 3036 1571 dubio
3066 1516 3288 1584 ponitur
3315 1514 3496 1569 anima
3515 1556 3528 1580 ,
3557 1531 3680 1584 qum

2106 1612 2191 1666 vel
2239 1611 2525 1666 desideriis
2574 1609 2800 1677 spiritus
2844 1607 3192 1676 acquiescat,
3239 1604 3330 1660 vel
3379 1605 3445 1659 ad
3494 1606 3682 1660 carnis

2108 1697 2574 1766 concupiscentias
2611 1697 2918 1772 inclinetur.
2960 1715 2980 1750 ι
3011 1695 3216 1763 Quibus
3244 1695 3392 1748 addit
3423 1736 3440 1761 ,
3476 1708 3542 1748 ac
3583 1710 3682 1748 va-

2109 1793 2206 1846 riis
2256 1790 2552 1860 Scriptura:
2598 1789 2731 1845 locis
2770 1791 2995 1861 probat,
3041 1790 3327 1858 utriusque
3374 1789 3510 1854 vias,
3565 1798 3680 1842 tum

2108 1884 2221 1951 ejus
2248 1899 2368 1952 quze
2396 1884 2575 1937 carnis
2607 1893 2712 1948 est,
2741 1892 2852 1938 tum
2884 1881 3003 1949 ejus
3047 1897 3167 1952 qua:
3209 1881 3464 1950 spiritus,
3521 1896 3680 1934 mon-

2107 1985 2372 2029 stratores
2417 1985 2472 2029 et
2507 1974 2750 2028 fautores
2797 1973 3019 2042 angelos
3049 1972 3307 2027 assistere
3343 1971 3679 2038 hominibus,

2110 2065 2499 2133 Christumque
2531 2064 2704 2130 ipsum
2733 2064 2873 2117 viam
2903 2063 3126 2131 spiritus
3168 2063 3478 2119 hominibus
3519 2065 3678 2132 quasi

2109 2167 2356 2210 sternere
2395 2170 2408 2206 :
2458 2172 2476 2204 ι
2512 2153 2676 2208 Favet
2701 2163 2753 2207 et
2778 2153 2893 2220 ipse
2931 2153 3225 2218 Dominus,
3258 2154 3454 2221 inquit,
3483 2155 3682 2222 quippe

2110 2247 2200 2317 qui
2229 2249 2391 2301 etiam
2422 2246 2658 2300 animam
2691 2261 2843 2299 suam
2873 2246 3028 2313 ponit
3053 2259 3151 2315 pro
3187 2246 3379 2302 ovibus
3407 2246 3541 2298 suis.
3573 2245 3682 2299 Sed

2107 2352 2173 2390 ex
2206 2347 2434 2406 utraque
2481 2342 2636 2404 parte
2674 2333 2876 2389 favoris
2909 2334 3194 2402 disciplina
3240 2342 3513 2388 servatur.
3562 2333 3682 2388 Non

2111 2428 2254 2482 enim
2306 2428 2356 2480 vi
2399 2441 2488 2482 res
2524 2427 2725 2496 agitur,
2779 2440 2958 2492 neque
3003 2425 3328 2480 necessitate
3373 2425 3425 2479 in
3455 2424 3681 2480 alteram

2109 2527 2320 2587 partetn
2374 2517 2555 2570 anima
2588 2515 2894 2570 declinatur
2927 2531 2941 2568 :
2979 2515 3216 2584 alioquin
3257 2529 3356 2569 nec
3403 2514 3560 2584 culpa
3605 2515 3683 2578 ei,

2122 2624 2222 2663 nec
2268 2609 2442 2662 virtus
2473 2616 2657 2679 posset
2702 2607 2941 2670 ascribi;
2991 2619 3091 2660 nec
3117 2607 3243 2661 boni
3297 2606 3492 2661 electio
3535 2620 3682 2676 prae-

2116 2702 2282 2756 mium
2311 2739 2326 2763 ,
2362 2714 2464 2755 nec
2516 2699 2804 2754 declinatio
2827 2698 2951 2752 mali
2980 2699 3298 2769 supplicium
3337 2708 3682 2764 mereretur;

2114 2792 2205 2846 sed
2245 2801 2496 2846 servatur
2533 2791 2580 2844 ei
2612 2791 2663 2845 in
2693 2790 2945 2845 omnibus
2975 2789 3202 2844 libertas
3227 2790 3476 2854 arbitrii,
3524 2798 3583 2843 ut
3629 2789 3683 2844 in

2117 2889 2261 2951 quod
2291 2883 2522 2939 voluerit
2551 2884 2666 2953 ipsa
2698 2883 2956 2948 declinet,
2984 2883 3128 2938 sicut
3166 2885 3430 2954 scriptum
3475 2895 3559 2940 est
3588 2884 3635 2917 ⁶¹
3667 2901 3684 2938 :

2115 2975 2259 3030 Ecce
2285 2975 2437 3045 posui
2477 2983 2604 3030 ante
2630 2974 2825 3029 faciem
2857 2985 3004 3028 tuam
3046 2977 3215 3029 vitam
3256 2984 3304 3030 et
3337 2985 3598 3040 mortem,
3631 2986 3690 3032 et

2117 3069 2297 3138 ignem
2329 3077 2386 3123 et
2414 3082 2636 3136 aquam.
2682 3085 2702 3119 ι
2739 3066 2849 3121 Nec
2879 3067 3059 3120 minus
3089 3067 3234 3122 clare
3263 3068 3404 3122 idem
3433 3069 3690 3139 exprimit

2125 3159 2218 3213 lib.
2249 3175 2308 3213 Ill
2335 3158 2474 3228 Περὶ
2503 3157 2726 3228 ἀρχῶν,
2759 3174 2882 3229 cap.
2912 3159 2970 3224 4,
2995 3174 3145 3213 num.
3169 3159 3226 3214 2.

2186 3250 2381 3320 Arguit
2431 3249 2545 3303 haec
2591 3262 2806 3317 quoque
2852 3248 3056 3303 erroris
3104 3246 3397 3304 Jansenius
3459 3258 3589 3306 tom.
3644 3250 3687 3316 I,

2120 3341 2214 3397 lib.
2239 3357 2300 3406 il,
2331 3356 2453 3410 cap.
2486 3341 2520 3396 5
2550 3358 2565 3396 :
2599 3360 2618 3394 ι
2655 3340 2840 3410 Neque
2877 3354 3034 3402 vero,
3077 3341 3270 3408 inquit,
3304 3341 3511 3411 Pelagii
3567 3353 3693 3398 tan-

2116 3443 2251 3498 tum,
2270 3433 2532 3488 .Cassiani
2581 3443 2743 3503 atque
2767 3432 3022 3503 Origenis
3056 3433 3159 3488 fuit
3184 3433 3289 3488 ista
3316 3434 3380 3487 de
3409 3432 3693 3488 affectibus

2115 3523 2456 3579 naturalibus
2482 3523 2640 3580 bonis
2675 3541 2738 3580 ac
2777 3525 2932 3581 malis
2968 3541 3032 3579 ex
3078 3526 3200 3596 lege
3246 3527 3483 3580 naturali
3529 3535 3695 3595 atque

2117 3632 2280 3672 carne
2306 3617 2826 3686 prodeuntibus,ac
2883 3618 2949 3672 de
3004 3617 3185 3672 anima
3238 3618 3382 3673 inter
3428 3628 3694 3686 utrosque

2115 3711 2292 3764 media
2317 3709 2472 3765 istius
2509 3709 2791 3778 apostolici
2838 3711 2942 3764 loci
2977 3711 3248 3779 expositio
3273 3753 3290 3776 ,
3324 3712 3418 3766 sed
3449 3713 3694 3766 omnium

2117 3803 2340 3856 omnino
2371 3801 2782 3871 Pelagianorum
2805 3843 2820 3868 ,
2853 3817 3084 3870 quorum
3120 3803 3320 3871 scripta
3363 3802 3549 3856 videre
3591 3818 3695 3873 po-

2121 3893 2218 3946 tui.
2262 3912 2281 3944 »
2324 3893 2415 3948 Sic
2451 3903 2626 3946 tamen
2675 3891 3032 3962 Hieronymus
3067 3893 3121 3945 in
3151 3890 3321 3959 Epist.
3367 3893 3436 3945 ad
3479 3890 3600 3948 Gal.
3638 3907 3698 3958 ν,

2123 3983 2186 4036 17
2225 4001 2238 4036 :
2287 4002 2306 4035 ‹
2342 3983 2483 4038 Caro
2526 3984 2888 4052 praesentibus
2944 3983 3248 4037 delectatur
3302 3992 3358 4037 et
3406 3982 3694 4050 brevibus;

2123 4075 2347 4143 spiritus
2377 4075 2652 4144 perpetuis
2681 4083 2736 4128 et
2760 4073 2979 4128 futuris.
3009 4072 3155 4127 Inter
3182 4074 3286 4127 hoc
3312 4073 3553 4144 jurgium
3582 4090 3700 4130 me-

2126 4166 2212 4218 dia
2247 4165 2427 4220 anima
2457 4166 2726 4227 consistit,
2755 4165 2962 4220 habens
2986 4164 3201 4234 quidem
3227 4165 3280 4218 in
3309 4179 3406 4219 sua
3429 4173 3700 4232 potestate

2125 4257 2326 4312 bonum
2355 4267 2410 4312 et
2435 4258 2667 4325 malum;
2707 4257 2842 4312 velle
2871 4265 2926 4312 et
2966 4257 3142 4323 nolle;
3181 4275 3200 4308 ι
3244 4265 3298 4311 et
3324 4257 3484 4327 paulo
3529 4267 3698 4327 post:

2134 4367 2153 4400 ς
2187 4348 2339 4414 Quod
2370 4356 2428 4403 ut
2457 4349 2794 4403 manifestius
2822 4349 2934 4414 fiat,
2967 4349 3182 4418 aliquod
3213 4364 3490 4415 sumamus
3515 4363 3706 4405 exem-

2129 4441 2274 4510 plum
2312 4458 2325 4494 :
2357 4457 2518 4504 caro,
2549 4451 2728 4508 terra;
2756 4442 2958 4506 anima,
2991 4457 3215 4507 aurum;
3251 4441 3480 4511 spiritus
3503 4481 3520 4507 ,
3560 4441 3706 4511 ignis

444 4527 746 4590 Christum,
783 4529 826 4581 si
861 4537 1038 4580 tamen
1070 4527 1216 4580 illum
1243 4528 1489 4593 audistis,
1535 4528 1667 4581 etin
1699 4528 1816 4598 ipso
1848 4529 2024 4582 edocti
2057 4547 2101 4602 ι)
2130 4543 2372 4589 vocetur.
2405 4532 2653 4599 Quandiu
2687 4548 2879 4587 aurum
2910 4533 3075 4588 fuerit
3102 4533 3157 4587 in
3196 4543 3340 4588 terra
3369 4535 3547 4605 perdit
3599 4549 3704 4588 vo-

444 4619 606 4686 estis,
641 4621 784 4673 sicut
811 4629 894 4672 est
915 4619 1121 4672 veritas
1153 4618 1205 4671 in
1253 4617 1404 4673 Jesu.
1456 4619 1740 4688 Deponere
1789 4634 1884 4672 vos
1935 4634 2024 4673 se-

447 4710 682 4764 cundum
707 4709 998 4778 pristinam
1036 4711 1510 4764 conversationem
1553 4720 1797 4765 veterem
1843 4711 2023 4765 homi~

449 4817 596 4864 nem,
622 4801 712 4868 qui
744 4801 1117 4868 corrumpitur
1151 4801 1449 4854 secundum
1481 4801 1750 4856 desideria
1794 4803 2022 4857 erroris.

451 4889 807 4944 Renovarniui
833 4901 1012 4943 autem
1041 4891 1232 4959 spiritu
1264 4891 1462 4946 mentis
1483 4901 1700 4956 vestrae,
1735 4905 1790 4947 et
1821 4894 2027 4949 induite

452 4997 652 5037 novum
690 4982 1000 5047 hominem;
1040 4999 1058 5032 ι
1094 4991 1148 5034 et
1181 4981 1272 5034 illo
1315 4980 1334 5034 l
1365 4981 1679 5046 Thessal.v,
1708 4981 1809 5037 23:
1836 5001 1855 5034 ι
1910 4982 2028 5052 Ipse

452 5081 636 5127 autem
663 5071 804 5127 Deus
833 5074 982 5142 pacis
1008 5072 1318 5127 sanctiﬁcet
1344 5088 1439 5128 vos
1466 5088 1564 5142 per
1592 5075 1775 5128 omnia
1811 5097 1822 5129 :
1857 5085 1915 5128 ut
1945 5075 2030 5129 itt-

451 5173 607 5234 teger
637 5165 868 5234 spiritus
902 5175 1102 5230 vester,
1130 5174 1185 5218 et
1213 5165 1416 5230 anima,
1450 5175 1505 5219 et
1531 5179 1728 5233 corpus
1757 5167 1876 5219 sine
1904 5181 2032 5234 que-

455 5254 568 5308 rela
603 5255 656 5307 in
687 5256 924 5308 adventu
953 5254 1165 5308 Domini
1190 5255 1363 5309 nostri
1411 5254 1538 5310 Jesu
1590 5255 1791 5312 Christi
1844 5271 2028 5312 serve-

461 5352 580 5403 tur;
605 5361 624 5396 ι
665 5355 717 5399 et
743 5346 836 5400 illo
870 5345 1034 5400 Hebr.
1069 5361 1146 5411 tv,
1179 5345 1245 5399 12
1277 5363 1289 5398 :
1331 5363 1350 5397 ι
1376 5345 1543 5401 Vivus
1577 5357 1664 5402 est
1684 5347 1830 5402 enim
1855 5362 2035 5402 sermo

464 5433 562 5487 Dei
590 5443 645 5487 et
665 5433 873 5498 efﬁcax,
899 5444 953 5489 et
973 5436 1366 5504 penetrabilior
1385 5437 1532 5490 omni
1562 5438 1742 5505 gladio
1764 5437 1990 5505 ancipiti
2015 5453 2029 5490 :

465 5534 522 5578 et
551 5526 866 5596 pertingens
893 5543 1064 5597 usque
1089 5529 1158 5582 ad
1189 5528 1514 5585 divisionem
1551 5531 1745 5584 animae
1772 5538 1829 5584 et
1871 5530 2036 5598 spiri-

465 5625 579 5681 tus,
615 5630 932 5687 compagum
957 5635 1174 5690 quoque
1197 5634 1260 5676 ac
1294 5621 1689 5689 medullarum,
1739 5630 1795 5679 et
1824 5621 2035 5679 discre-

578 5794 622 5827 “
648 5794 825 5852 Galat.
858 5813 910 5864 v,
943 5799 1028 5854 17.
1103 5803 1146 5833 ⁸⁸
1169 5801 1334 5856 Eccli.
1365 5815 1451 5868 xv,
1483 5801 1568 5855 17.

2129 4625 2380 4678 cabulum
2411 4640 2589 4687 suum,
2623 4634 2680 4679 et
2712 4639 2742 4677 a
2778 4632 2922 4679 terra
2953 4625 3041 4678 cui
3081 4625 3423 4679 commistum
3450 4635 3534 4679 est
3558 4663 3574 4689 ,
3606 4640 3707 4694 ap-

2128 4714 2377 4783 pellatur.
2425 4712 2560 4768 Cum
2609 4728 2740 4770 vero
2791 4723 3101 4782 separatum
3155 4715 3223 4768 ab
3271 4715 3470 4778 humo,
3502 4717 3619 4768 auri
3651 4726 3709 4768 et

2129 4804 2362 4870 speciem
2394 4813 2448 4857 et
2472 4817 2664 4860 nomen
2697 4803 2990 4871 acceperit,
3023 4816 3210 4855 aurum
3237 4802 3454 4870 quidem
3483 4803 3706 4866 dicitur,

2130 4897 2226 4951 sed
2264 4897 2490 4951 necdum
2537 4895 2845 4964 probatum.
2889 4894 2946 4949 Si
3002 4905 3183 4948 autem
3237 4908 3334 4960 per
3386 4894 3564 4960 ignem
3612 4910 3710 4949 ex-

2130 4995 2346 5040 coctum
2391 4984 2633 5039 fueritet
2659 4984 2980 5052 probatum,
3010 4993 3138 5037 tunc
3177 4983 3294 5036 auri
3336 4983 3708 5052 splendorem,

2131 5088 2186 5132 et
2215 5085 2442 5132 ornatus
2482 5076 2565 5130 sui
2600 5074 2798 5143 accipit
2835 5075 3175 5144 dignitatem.
3214 5074 3293 5128 lta
3327 5085 3382 5129 et
3413 5076 3597 5130 anima
3626 5077 3712 5129 in-

2135 5176 2218 5222 ter
2248 5168 2542 5220 humanum
2579 5174 2635 5219 et
2670 5165 2870 5233 ignem,
2904 5165 3005 5219 hoe
3031 5174 3115 5219 est
3146 5165 3286 5219 inter
3339 5181 3562 5220 carnem
3599 5167 3714 5234 spi-

2135 5255 2411 5323 ritumque
2457 5254 2793 5320 consistens,
2834 5255 3052 5324 quando
3096 5269 3156 5308 se
3205 5254 3491 5309 tradiderit
3535 5256 3713 5321 carni,

2137 5362 2267 5402 caro
2295 5347 2531 5411 dicitur;
2563 5347 2782 5415 quando
2808 5346 3045 5415 spiritui,
3079 5346 3308 5414 spiritus
3331 5347 3652 5417 appellatur.
3688 5365 3709 5399 ι

2138 5438 2232 5492 Sic
2284 5445 2340 5491 et
2415 5437 2748 5507 Augustinus
2805 5437 2898 5492 lib.
2946 5452 2982 5491 ι
3027 5434 3105 5490 De
3160 5434 3348 5490 Cenes.
3397 5440 3468 5490 ad
3524 5437 3712 5504 litter.,

2138 5544 2260 5598 cap.
2299 5527 2389 5592 12,
2421 5531 2656 5582 animam
2688 5537 2938 5599 tanquam
2974 5530 3026 5583 in
3068 5529 3244 5584 medio
3268 5530 3539 5600 positam,
3574 5542 3714 5584 non-

2140 5635 2418 5691 nunquam
2453 5635 2482 5673 a
2513 5635 2676 5676 carne
2712 5621 2779 5676 ad
2809 5621 2938 5678 vitia
2971 5620 3233 5692 deprimi,
3268 5633 3717 5692 nonnunquam-3
