4160 6444
446 387 554 443 9-29

1269 383 1846 442 ORIGENIANORUM
1891 383 2019 439 LIB.
2066 382 2129 447 11,
2171 381 2328 438 CAP.
2372 380 2435 445 ll,
2477 378 2756 448 QU/EST.
2798 379 2911 433 VII.

3610 377 3717 433 930

450 506 650 577 spiritu
697 506 763 560 ad
801 508 1055 562 virtutem
1104 507 1245 576 erigi
1296 509 1503 565 scribit.
1556 507 1708 563 Sicut
1746 516 1923 562 autem
1962 505 2027 559 ad
2058 509 2103 571 Α
2132 506 2276 558 disse
2306 504 2510 558 homini
2546 496 2738 558 omnes
2774 502 3022 570 allectus,
3050 516 3351 571 omnesque
3386 510 3567 556 motus
3593 503 3721 569 qui-

454 606 741 666 utramque
766 606 972 666 partem
997 638 1012 663 ,
1048 599 1306 652 virtutem
1335 608 1390 652 et
1420 600 1645 664 vitium,
1682 600 1902 653 allicere
1933 613 2031 652 nos

452 689 623 746 bonos
683 706 745 745 ac
796 692 968 746 malos
1027 692 1252 761 angelos
1303 692 1439 745 dixit
1484 691 1748 763 Origenes
1803 693 1898 748 lib.
1932 709 1946 747 I
1976 694 2032 746 in

450 780 624 849 Epist.
665 787 735 835 ad
778 783 959 849 Rom.,
994 800 1143 837 num.
1179 785 1268 851 18,
1302 786 1445 840 hunc
1476 786 1839 855 interpretans
1879 786 2029 840 Pauli

446 866 625 924 locum
654 871 745 940 qui
782 873 1015 926 habetur
1042 873 1163 928 Gal.
1202 890 1256 937 v,
1290 875 1378 938 17,
1422 877 1494 930 ita
1528 889 1809 946 postquam
1858 878 1909 930 in
1942 892 2033 929 ea-

444 964 567 1018 dem
594 963 741 1018 Pauli
770 966 932 1019 verba
958 966 1296 1036 Augustinus
1325 984 1388 1023 ea
1415 970 1673 1024 disseruit
1704 986 1825 1039 qum
1865 984 2029 1037 supra

444 1056 723 1112 attulimus
750 1073 780 1112 e
807 1074 1013 1113 Lxxxnt
1053 1060 1479 1126 Quaestionibus,
1514 1072 1705 1131 quaest.
1738 1062 1830 1127 το,
1878 1062 2030 1117 addit

445 1148 641 1201 deinde
676 1166 690 1202 :
740 1167 758 1201 ι
794 1149 948 1205 Nunc
981 1154 1219 1220 quattdiu
1255 1164 1338 1208 est
1370 1155 1421 1208 itt
1447 1154 1602 1210 nobis
1623 1158 1767 1224 quod
1809 1158 2031 1211 resistat

447 1240 597 1294 boote
626 1240 886 1295 voluntati
917 1282 932 1307 ,
963 1244 1164 1297 auxilio
1200 1245 1294 1299 Dei
1344 1261 1439 1314 per
1486 1247 1654 1301 bonos
1690 1248 1935 1302 homines
1979 1256 2032 1301 et

445 1333 614 1388 bonos
645 1336 865 1406 angelos
897 1336 1227 1406 indigemus,
1264 1348 1321 1391 ιιι
1349 1340 1521 1392 donec
1567 1350 1789 1393 sanetur
1834 1340 2030 1394 vulnus

446 1437 712 1491 nostrum,
750 1443 855 1483 non
890 1429 961 1482 ita
982 1430 1249 1496 molestet,
1286 1439 1348 1485 ut
1373 1432 1603 1500 perimat
1630 1432 1797 1486 etiam
1825 1432 2026 1486 bonam

444 1520 797 1574 voluntatem.
838 1539 858 1573 ι
895 1521 1073 1591 Atque
1097 1523 1215 1577 haec
1250 1532 1357 1577 tam
1405 1523 1611 1578 diserte
1650 1525 1791 1592 apud
1846 1524 2031 1593 Augu-

441 1615 643 1668 stimnn
685 1629 941 1682 expressa
966 1631 1065 1670 cur
1100 1615 1153 1669 in
1192 1614 1428 1684 Origene
1471 1614 1852 1686 Pelagianismi
1892 1618 2027 1670 insi-

444 1705 730 1760 mulaverit
752 1706 1064 1770 Jansenins,
1092 1715 1171 1761 tot
1193 1721 1367 1762 annos
1398 1707 1450 1761 in
1477 1707 1768 1777 Augustini
1795 1707 2028 1763 lectione

444 1807 731 1862 tractatus,
768 1798 961 1851 mirum
993 1813 1126 1851 sane
1156 1806 1262 1853 est.

2135 597 2234 649 bus
2262 596 2329 648 ad
2366 596 2621 648 virtutem
2683 595 2780 648 niti
2834 594 3005 661 possit
3053 601 3107 648 et
3158 592 3408 663 progredi
3444 609 3459 646 :
3494 593 3722 663 insuper

2132 686 2294 739 etiam
2334 686 2438 738 vim
2470 686 2695 739 rationis
2734 686 3065 750 inseruisse,
3090 700 3195 754 qua
3231 693 3559 755 agnosceret
3587 685 3717 755 quid

2132 779 2353 832 deberet
2410 790 2590 849 agere,
2644 779 2773 846 quid
2821 793 3037 833 cavere.
3099 778 3223 832 Haec
3274 794 3406 850 ergo
3438 781 3721 834 invenitur

2133 868 2277 923 Deus
2306 870 2670 923 communiter
2709 870 2965 923 omnibus
3015 868 3330 925 hominibus
3374 870 3718 938 praestitisse.

2134 962 2238 1016 Sed
2270 963 2313 1014 si
2350 963 2432 1016 his
2473 963 2713 1029 acceptis
2764 961 2926 1014 homo
2981 963 3289 1027 neglexerit
3339 961 3443 1017 iter
3498 962 3719 1016 virtutis

2133 1055 2413 1117 incedere,
2470 1055 2557 1109 cui
2604 1070 2671 1109 ex
2708 1055 2814 1107 Deo
2874 1054 3006 1107 nihil
3044 1055 3246 1117 deluit,
3295 1055 3571 1108 invenitur
3603 1056 3719 1123 ipse

2131 1148 2369 1203 defuisse
2406 1148 2473 1202 iis
2504 1164 2624 1218 quae
2655 1163 2683 1200 a
2718 1148 2827 1201 Deo
2854 1147 2976 1200 data
3010 1157 3139 1201 sunt
3161 1148 3286 1202 sibi.
3320 1166 3339 1199 ι
3376 1146 3501 1201 llaec
3527 1163 3719 1218 quam-

2133 1243 2213 1294 vis
2254 1241 2712 1312 Pelagianismum
2750 1241 2987 1311 sapiant,
3019 1241 3309 1310 genuinam
3338 1251 3517 1296 tamen
3545 1257 3716 1309 expo-

2133 1335 2421 1397 sitionem,
2477 1348 2703 1402 eamqne
2753 1333 3110 1387 orthodoxam
3172 1333 3415 1401 recipere
3467 1341 3715 1403 possunt,

2132 1425 2214 1479 vel
2245 1425 2605 1494 intelligemlo
2638 1426 2868 1493 gratiam
2900 1424 3104 1478 homini
3137 1426 3317 1477 datam
3344 1440 3373 1478 a
3408 1425 3553 1490 Deo,
3595 1441 3712 1495 qua:

2131 1516 2303 1585 gratia
2334 1516 2400 1571 ad
2432 1517 2659 1570 salutem
2693 1517 3098 1585 adipiscendam
3132 1515 3395 1583 sufficiat;
3430 1518 3515 1571 vel
3547 1517 3711 1571 intel-

2130 1608 2347 1677 ligemlo
2394 1608 2565 1678 legem
2598 1618 2828 1673 naturae,
2872 1608 3028 1675 cujus
3071 1623 3173 1675 cpe
3200 1610 3363 1663 etiam
3412 1608 3611 1664 ethnici
3643 1609 3713 1664 ad

2129 1705 2357 1757 virtutes
2396 1702 2631 1756 morales
2684 1702 2778 1755 niti
2853 1711 3119 1770 possunt;
3173 1718 3279 1756 non
3320 1702 3387 1756 ad
3440 1716 3535 1757 eas
3590 1718 3713 1772 qua:

2129 1796 2423 1865 quidquam
2456 1796 2837 1850 conferautad
2882 1795 3113 1850 salutem
3149 1808 3164 1848 :
3205 1796 3294 1850 hic
3338 1795 3484 1851 enim
3532 1796 3716 1865 gravis

514 1885 649 1943 Vl-ll.
686 1889 838 1943 Nunc
871 1905 998 1945 vero
1034 1900 1251 1959 propter
1294 1898 1534 1944 assertos
1582 1890 1819 1945 aﬂ‘ectus
1856 1891 2026 1945 bonos
2060 1879 2099 1934 Β
2129 1898 2271 1944 esset
2298 1905 2472 1954 error,
2502 1890 2588 1943 cui
2649 1890 2769 1943 sine
2810 1889 3046 1945 crimine
3097 1890 3432 1961 patrocinari
3480 1904 3591 1944 non
3643 1889 3712 1944 li-

442 1991 495 2033 οι
524 1982 696 2035 malos
722 1997 787 2036 ex
834 1996 1001 2037 carne
1052 1982 1374 2036 naturaliter
1422 1983 1789 2051 prodeuntes.
1831 1983 2025 2052 jurene

441 2077 654 2129 venerit
707 2075 760 2129 in
827 2077 1031 2130 crimen
1069 2073 1358 2146 Origenes,
1408 2079 1781 2146 anquiramus.
1833 2079 1911 2132 Ac
1958 2079 2025 2133 de

442 2166 599 2220 malis
649 2165 867 2233 quidem
920 2168 1293 2221 controversia
1349 2167 1495 2220 nulla
1557 2177 1673 2233 est;
1742 2169 1810 2223 de
1866 2170 2025 2224 bonis

440 2266 651 2311 tantum
675 2257 1038 2311 contenditur.
1080 2257 1234 2325 Quod
1265 2267 1557 2326 antequam
1606 2260 1886 2329 disputare
1934 2276 2026 2314 or-

439 2343 673 2409 diamur,
721 2343 1007 2399 dicendqu
1044 2357 1128 2401 est
1177 2343 1519 2413 Jansenium,
1567 2364 1671 2401 non
1714 2351 1815 2403 hoc
1847 2350 2021 2404 solum

440 2433 559 2490 loco
591 2449 751 2504 quem
793 2435 1070 2499 diximus,
1124 2439 1219 2492 sed
1268 2440 1573 2510 signantins
1617 2442 1781 2495 etiam
1814 2449 1949 2497 tom.
1977 2442 2021 2509 Ι,

439 2525 532 2580 lib.
563 2542 638 2591 vt,
667 2542 785 2596 cap.
821 2528 906 2592 14,
935 2529 1043 2583 vim
1092 2529 1263 2592 illam,
1314 2531 1431 2585 sive
1484 2541 1542 2585 ut
1596 2532 1709 2601 ipse
1759 2532 2020 2604 loquitur,

438 2615 818 2672 sullicientiam
860 2618 998 2688 legis
1039 2621 1305 2674 naturalis
1352 2622 1712 2691 impugnare;
1750 2638 1913 2693 quam
1964 2634 2023 2679 ut

439 2710 507 2763 ab
530 2709 766 2779 Origene
795 2713 1056 2766 creditam
1086 2723 1140 2765 et
1170 2713 1449 2767 defensam
1482 2714 1649 2769 fuisse
1674 2716 1874 2771 clarius
1899 2733 2023 2786 pro-

437 2801 546 2865 bet,
565 2803 680 2856 btec
696 2802 815 2871 ejus
834 2805 996 2857 verba
1030 2804 1224 2859 recitat
1243 2820 1273 2859 e
1294 2805 1389 2859 lib.
1422 2822 1456 2860 ιι
1480 2807 1533 2860 in
1555 2806 1728 2875 Epist.
1748 2811 1815 2862 ad
1842 2810 2018 2875 Rom.,

438 2911 587 2949 nmn.
618 2898 684 2960 7,
724 2912 847 2967 pag.
890 2897 997 2952 484
1038 2916 1052 2952 :
1102 2916 1119 2949 ι
1161 2897 1347 2953 Potest
1378 2900 1491 2953 ﬁeri
1517 2940 1532 2965 ,
1585 2911 1644 2954 ιιι
1692 2903 1776 2957 vel
1815 2919 1880 2957 ex
1936 2904 2019 2959 his

437 2983 528 3051 qui
569 2983 618 3035 in
654 2984 771 3053 lege
795 2995 944 3050 sunt,
984 2986 1178 3054 siquis
1215 2988 1567 3055 persuasione
1607 2991 1825 3059 quidem
1867 3007 2020 3046 coin-

440 3077 587 3130 muni
619 3077 837 3132 Christo
870 3093 976 3132 non
1010 3080 1206 3144 credit,
1236 3090 1494 3148 cperetur
1526 3091 1703 3137 tamen
1739 3086 1880 3152 quod
1926 3086 2019 3138 bo-

438 3181 564 3218 ntnu
595 3177 700 3231 est,
733 3166 1000 3236 justitiam
1039 3178 1255 3235 teneat,
1320 3171 1751 3226 misericordiam
1805 3173 2011 3243 diligat,

439 3258 747 3311 castitatem
780 3268 835 3313 et
862 3260 1261 3313 continentiam
1287 3272 1488 3325 servet,
1524 3265 1843 3317 modestiam
1876 3241 2008 3319 letti-
2046 3241 2088 3297 (ἶ

436 3355 713 3418 tatemque
748 3351 1040 3412 custodiat,
1073 3360 1236 3419 atque
1262 3366 1423 3405 omne
1470 3368 1608 3421 opus
1652 3353 1850 3407 bonum
1886 3368 2019 3423 0pc-

436 3450 619 3505 mtur;
685 3441 811 3503 hic,
874 3440 1089 3494 etiamsi
1144 3441 1303 3494 vitam
1354 3458 1461 3496 non
1510 3443 1675 3497 habet
1718 3453 2016 3511 :eternam,

434 3534 561 3600 quia
591 3532 818 3585 credens
849 3531 949 3585 soli
980 3547 1106 3586 vero
1140 3532 1246 3587 Deo
1271 3572 1284 3595 ,
1337 3550 1442 3587 non
1501 3534 1731 3588 credidit
1778 3545 1834 3590 et
1882 3535 2018 3591 Filio

432 3623 550 3689 ejus
578 3621 705 3677 Jesu
745 3622 983 3688 Christo,
1025 3638 1183 3692 quem
1218 3625 1396 3689 misit;
1442 3634 1623 3679 tamen
1665 3626 1839 3697 gloria
1889 3643 2019 3695 ope-

435 3732 551 3767 rum
598 3716 735 3785 ejus,
789 3726 845 3771 et
894 3731 995 3785 pax
1040 3726 1093 3769 et
1135 3716 1310 3771 honor
1360 3718 1559 3787 poterit
1601 3734 1705 3772 non
1750 3723 1950 3787 perire.
1989 3739 2008 3772 ι

435 3808 611 3876 Atque
637 3824 699 3862 ea
730 3823 862 3863 sane
902 3810 1145 3878 nuspiam
1171 3810 1236 3861 ad
1265 3824 1360 3863 eos
1396 3810 1726 3874 referuntur,
1763 3813 1854 3882 qtti
1892 3823 2020 3867 sunt

436 3904 535 3953 sub
587 3901 701 3970 lege
755 3913 993 3966 naturte,
1048 3901 1141 3955 sed
1194 3901 1257 3954 ad
1282 3900 1496 3955 Judaeos
1537 3903 1628 3973 qui
1680 3906 2019 3974 regebantur

435 3994 688 4048 Mosaicis
713 3994 956 4063 legibus,
987 4010 1015 4047 a
1048 3995 1246 4063 quibus
1293 3997 1737 4049 absterrebantnr
1786 4012 1813 4049 a
1849 3997 2014 4062 vitiis,

434 4085 500 4137 ad
523 4085 776 4138 virtutem
798 4085 1243 4139 incendebantur.
1262 4082 1557 4154 Sequentia
1590 4101 1723 4139 vero
1752 4088 1817 4140 ad
1840 4087 2017 4141 ethni-

433 4191 529 4232 cos
557 4188 763 4231 naturae
792 4177 962 4231 solum
996 4178 1164 4247 legem
1198 4187 1478 4231 servantes
1507 4179 1814 4246 pertinent:
1852 4196 1872 4228 ι
1908 4178 2015 4233 Sed

435 4277 489 4322 et
510 4265 752 4330 Gnaeus,
776 4268 825 4321 id
852 4276 935 4321 est
984 4268 1218 4335 gentilis,
1242 4268 1286 4321 si
1318 4283 1438 4321 cum
1466 4268 1634 4338 legem
1667 4283 1770 4321 non
1799 4269 2016 4334 habeat,

437 4362 550 4430 ipse
579 4361 679 4414 sibi
709 4369 791 4414 est
836 4360 942 4424 lex,
984 4361 1278 4414 ostendens
1311 4375 1446 4429 opus
1479 4360 1613 4429 legis
1641 4361 1693 4413 in
1720 4362 1880 4415 corde
1915 4377 2019 4416 suo

436 4463 485 4506 et
509 4453 740 4507 naturali
782 4453 993 4507 ratione
1023 4454 1302 4518 immotus,
1336 4454 1476 4507 sicut
1502 4453 1748 4508 videmus
1788 4454 2018 4507 nonnul-

436 4546 513 4599 los
538 4562 588 4599 tn
618 4546 901 4615 gentibus,
940 4545 1021 4600 vel
1048 4545 1318 4613 justitiam
1350 4552 1555 4609 teneat,
1595 4543 1679 4598 vel
1704 4544 2014 4599 castitatem

436 4651 645 4703 servet,
683 4638 763 4690 vel
795 4638 1156 4707 prudentiam,
1196 4637 1633 4705 temperantiam,
1666 4637 2015 4690 modestiam-

436 4745 536 4798 qne
584 4731 891 4795 custodiat;
948 4730 1051 4783 iste
1102 4729 1229 4782 hcet
1286 4729 1498 4781 alienus
1534 4742 1563 4779 a
1610 4729 1717 4779 vita
1769 4727 2016 4782 videatur

434 4830 658 4884 .eterna,
690 4821 815 4889 quia
843 4836 949 4874 non
977 4821 1151 4874 credit
1176 4817 1420 4883 Christo,
1447 4828 1501 4871 et
1525 4818 1731 4870 intrare
1758 4831 1860 4870 non
1888 4830 2016 4884 pos-

434 4913 505 4966 sit
550 4911 602 4964 in
655 4926 882 4978 regnum
929 4913 1193 4966 caelorum
1231 4910 1355 4979 quia
1411 4919 1630 4963 renatus
1668 4924 1772 4961 non
1820 4919 1902 4962 est
1946 4923 2012 4962 ex

435 5018 573 5072 aqua
602 5012 659 5057 et
691 5005 905 5072 spiritu,
944 5005 1158 5056 videtur
1196 5013 1373 5058 tamen
1423 5001 1565 5069 quod
1602 5014 1696 5068 per
1738 5000 1851 5054 haec
1891 5014 2013 5070 quae

434 5097 686 5151 dicuntur
715 5099 784 5149 ab
816 5095 1108 5165 Apostolo,
1156 5095 1422 5147 bonorum
1473 5107 1704 5162 operum
1759 5092 2014 5160 gloriam,

433 5202 485 5242 et
516 5191 801 5251 honorem,
832 5199 882 5242 et
915 5202 1101 5257 pacem
1130 5190 1359 5257 perdere
1385 5187 1600 5255 penitus
1624 5200 1729 5237 non
1756 5186 1945 5253 possit.
1981 5203 2002 5237 ι

436 5278 685 5351 Pluribus
718 5280 913 5333 deinde
942 5288 1321 5348 argumentum
1348 5278 1487 5331 idem
1519 5276 1797 5345 expendit.
1834 5275 2014 5330 Refel—

436 5373 494 5425 lit
545 5385 757 5440 quoque
805 5370 1094 5426 Janseuius
1160 5384 1285 5423 cum
1347 5368 1720 5439 superioribus
1781 5368 2011 5422 alterum

435 5461 611 5517 locum
670 5464 1016 5523 Adamantii.
1076 5462 1169 5531 qui
1240 5478 1344 5516 non
1402 5463 1524 5515 sine
1589 5461 1841 5515 cautione
1882 5474 2015 5515 sane

437 5557 751 5611 tractandus
784 5566 884 5612 est.
911 5575 942 5608 -ι
972 5556 1280 5610 Invenietur
1311 5556 1532 5625 quidem
1556 5554 1698 5608 Deus
1719 5595 1734 5621 ,
1772 5573 1791 5605 ι
1836 5556 2016 5624 inquit

436 5649 696 5719 Origenes
733 5649 823 5704 lib.
851 5664 908 5702 ιιι
943 5649 997 5702 in
1043 5647 1215 5719 Epist.
1245 5648 1313 5701 ad
1348 5646 1499 5702 Rom.
1528 5687 1544 5714 ,
1576 5662 1727 5701 nutu.
1764 5646 1817 5715 6,
1858 5665 1877 5699 ι
1914 5648 2013 5703 de-

503 5830 548 5863 ”
577 5831 733 5887 Rom.
760 5846 822 5895 ιι,
849 5831 933 5886 15.

2125 1993 2297 2038 081⁵01..

2196 2074 2289 2129 IX.
2326 2073 2484 2129 Certe
2520 2073 2733 2142 aliquod
2762 2074 2886 2127 boni
2919 2084 3089 2145 genus
3122 2090 3190 2129 ex
3236 2075 3287 2127 vi
3324 2083 3535 2129 natura:
3577 2075 3712 2131 oriri

2125 2180 2284 2234 posse
2310 2174 2620 2219 sanctorum
2655 2164 2877 2219 Patrum
2924 2181 3115 2234 magna
3164 2182 3290 2234 pars
3339 2168 3558 2236 opinata
3604 2180 3709 2235 est,

2124 2257 2218 2309 sed
2249 2257 2578 2323 Augustinus
2606 2256 2931 2324 praesertim,
2959 2256 3115 2325 cujus
3142 2257 3193 2310 in
3220 2257 3530 2326 lmjusmodi
3561 2274 3709 2327 qure-

2126 2347 2393 2401 stiouibus
2430 2348 2701 2416 pra'cipua
2744 2348 3046 2400 auctoritas
3077 2360 3180 2402 est.
3213 2348 3305 2401 Sic
3346 2349 3434 2402 ille
3461 2348 3601 2403 libro
3635 2349 3712 2403 De

2124 2440 2312 2507 spiritu
2347 2450 2393 2493 et
2423 2439 2637 2503 littera,
2669 2455 2793 2509 cap.
2821 2439 2890 2494 27
2925 2458 2937 2494 :
2977 2458 2995 2492 ι
3042 2440 3096 2495 Si
3124 2451 3302 2495 autem
3348 2442 3399 2495 hi
3431 2443 3520 2511 qui
3550 2454 3710 2495 natu-
3798 2508 3801 2511 _

2125 2531 2315 2585 raliter
2335 2546 2455 2600 quae
2478 2530 2615 2601 legis
2643 2543 2768 2585 sunt
2795 2530 3028 2594 faciunt,
3056 2535 3295 2586 nondum
3323 2542 3452 2586 sunt
3475 2532 3709 2587 habemli

2125 2625 2178 2678 itt
2213 2636 2442 2679 numero
2473 2640 2661 2679 eorum
2694 2640 2832 2693 quos
2859 2625 3063 2679 Christi
3090 2624 3354 2695 jnstilicat
3382 2626 3577 2695 gratia,
3615 2628 3710 2679 sed

2125 2717 2396 2771 ineorum
2432 2716 2643 2785 potius,
2712 2731 2943 2785 quorum
3008 2716 3173 2769 etiam
3224 2716 3556 2784 impiorum,
3610 2733 3712 2771 nec

2126 2810 2294 2864 Demn
2339 2824 2525 2863 vermn
2549 2809 2822 2863 veraciter
2840 2809 3096 2878 justeque
3117 2809 3432 2872 colentium,
3455 2810 3705 2878 qntedam

2126 2912 2304 2956 tamen
2338 2901 2478 2955 facta
2508 2901 2593 2955 vel
2624 2902 2871 2971 legimus,
2897 2901 2981 2955 vel
3018 2902 3289 2967 novimus,
3316 2907 3398 2956 vel
3437 2902 3712 2966 audimus,

2122 3009 2243 3062 qum
2285 2993 2581 3048 secundum
2620 2992 2847 3059 justitite
2894 2992 3137 3060 regulam
3192 3008 3297 3046 non
3351 2991 3523 3046 solum
3564 2993 3712 3047 vitu-

2122 3103 2316 3157 perare
2361 3102 2467 3140 non
2499 3100 2808 3154 possumus,
2840 3100 3030 3139 verum
3082 3085 3248 3139 etiatn
3285 3086 3486 3140 merito
3541 3096 3715 3141 recte-

2123 3193 2228 3246 que
2270 3179 2552 3232 laudamus
2588 3196 2601 3231 :
2638 3192 2949 3246 quanquam
2994 3176 3037 3231 si
3091 3178 3411 3232 discutiatur
3451 3193 3560 3247 quo
3605 3177 3715 3233 ὼε

2126 3271 2279 3333 lianl,
2320 3271 2407 3322 vix
2437 3269 2811 3335 inveniuntur,
2841 3284 2960 3337 qua:
2986 3269 3214 3337 iustitia:
3238 3269 3472 3323 debitam
3497 3268 3711 3323 laudem

2121 3362 2562 3415 del‘ensionemve
2598 3369 2932 3419 mereantur.
2966 3380 2985 3414 ι
3025 3361 3213 3430 Capite
3237 3362 3432 3415 deinde
3462 3360 3709 3431 sequenti

2121 3454 2313 3507 scribit
2338 3469 2443 3506 non
2481 3468 2655 3521 usque
2680 3455 2815 3508 adeo
2842 3463 3179 3508 terrenorum
3210 3452 3500 3507 alfectuum
3535 3453 3708 3507 labent

2120 3544 2316 3597 animae
2343 3544 2595 3597 humanae
2628 3544 2959 3605 incubuisse,
2990 3553 3049 3595 ut
3082 3557 3189 3596 non
3219 3542 3484 3611 impressa
3514 3556 3708 3610 super-

2120 3635 2228 3687 sint
2265 3634 2521 3702 imaginis
2561 3632 2652 3687 Dei
2687 3634 2913 3702 vestigia
2939 3675 2954 3699 ,
3007 3634 3152 3686 unde
3200 3640 3467 3702 przecepta
3528 3632 3711 3702 aliqua

2118 3724 2253 3793 legis
2280 3724 2332 3777 in
2358 3725 2470 3794 ipsa
2502 3724 2663 3776 etiam
2690 3724 2963 3789 impietate
2985 3725 3216 3789 exsequi
3254 3727 3335 3775 vel
3368 3737 3561 3791 sapere
3590 3737 3704 3775 me-

2120 3815 2224 3867 rito
2260 3813 2363 3865 dici
2392 3813 2581 3882 possit.
2612 3811 2778 3865 Addit
2801 3819 2992 3881 postea
3024 3811 3197 3881 legem
3232 3811 3329 3864 Dei
3364 3826 3469 3864 non
3495 3811 3714 3879 penitus

2118 3920 2216 3973 per
2241 3914 2519 3973 peccatum
2559 3919 2590 3956 e
2617 3903 2874 3958 cordibus
2912 3904 3115 3957 nostris
3150 3918 3360 3957 erasam
3384 3943 3399 3964 ,
3439 3904 3697 3955 renovari

2118 4011 2214 4066 per
2246 3997 2497 4063 gratiam.
2538 3994 2605 4049 Et
2641 3996 2989 4063 postmodum
3016 4012 3030 4046 :
3063 4011 3081 4043 ι
3112 3992 3248 4045 Nam
3272 4001 3327 4046 et
3357 3993 3459 4061 ipsi
3495 3990 3711 4062 (Judaai)

2120 4089 2370 4142 homines
2423 4096 2610 4150 erant,
2643 4096 2699 4141 et
2748 4088 2829 4141 vis
2866 4086 2955 4140 illa
3004 4096 3209 4139 natura:
3253 4086 3433 4138 iuerat
3460 4086 3576 4149 eis,
3603 4100 3710 4154 qua

2121 4180 2420 4248 legitimum
2449 4178 2654 4247 aliquid
2691 4178 2873 4231 anima
2909 4176 3194 4231 rationalis
3237 4184 3293 4229 et
3336 4175 3504 4229 sentit
3535 4183 3589 4229 et
3632 4173 3715 4227 fa-

2119 4274 2213 4329 cit.
2249 4293 2268 4326 ι
2306 4273 2441 4327 Τιιιη
2486 4271 2644 4340 paulo
2669 4280 2823 4339 post,
2878 4270 2971 4323 ait,
3014 4284 3204 4337 parum
3260 4267 3605 4338 profuturum
3658 4267 3711 4319 in

2120 4368 2206 4421 die
2226 4366 2414 4436 judieii
2446 4365 2530 4418 his
2569 4372 2775 4417 natura:
2826 4362 3034 4431 legibus
3086 4360 3363 4428 paruisse,
3419 4358 3525 4412 nisi
3575 4358 3714 4411 forte

2121 4460 2187 4513 ad
2221 4456 2517 4528 mitigando
2551 4455 2813 4525 supplicia
2849 4469 2907 4506 τι
2937 4452 3089 4506 Sicut
3107 4451 3253 4506 enim
3280 4466 3386 4504 non
3411 4449 3713 4519 impediunt

2121 4564 2149 4602 a
2206 4549 2317 4601 vita
2369 4557 2573 4601 :eterna
2615 4546 2819 4613 jnstmn
2872 4545 3120 4613 quaedam
3175 4551 3399 4611 peccata
3448 4540 3708 4603 venialia,

2122 4642 2239 4697 sine
2271 4641 2465 4707 quibus
2499 4639 2612 4692 haec
2646 4638 2752 4691 vita
2804 4650 2909 4689 non
2951 4635 3171 4688 ducitur
3206 4649 3223 4689 :
3259 4632 3340 4688 sic
3370 4632 3438 4687 ad
3479 4631 3708 4686 salutem

2121 4744 2379 4787 aeternam
2414 4732 2543 4785 nihil
2597 4738 2827 4797 prosunt
2877 4728 3043 4797 impio
3076 4726 3262 4795 aliqua
3316 4724 3459 4779 bona
3517 4738 3708 4793 opera,

2121 4826 2241 4880 sine
2267 4824 2464 4895 quibus
2490 4823 2809 4877 diliicillime
2850 4821 2956 4873 vita
2993 4818 3285 4889 cujuslibet
3332 4816 3557 4881 pessimi
3608 4817 3708 4871 ho-

2124 4917 2285 4971 minis
2342 4916 2636 4969 invenitur.
2679 4932 2698 4966 ι
2764 4914 2827 4966 Et
2894 4915 3093 4967 iterum
3130 4928 3144 4965 :
3176 4930 3193 4961 ι
3235 4908 3378 4976 Quid
3419 4923 3549 4979 ergo
3584 4905 3709 4963 hinc

2121 5009 2416 5077 Apostolus
2453 5005 2667 5061 ellicere
2695 5006 2887 5072 voluit,
2925 5010 3068 5075 quod
3103 5002 3415 5075 iactantiam
3448 5000 3710 5055 cohibens

2117 5096 2451 5163 Judmorum,
2494 5110 2617 5150 cmn
2651 5097 2882 5151 dixisset
2911 5113 2925 5149 :
2962 5095 3087 5150 Non
3120 5095 3393 5147 auditores
3422 5092 3552 5161 legis
3569 5090 3706 5158 justt

2118 5196 2239 5238 sunt
2262 5185 2402 5248 apud
2424 5183 2612 5249 Deum,
2646 5184 2737 5237 sed
2764 5185 2999 5253 fartores
3035 5184 3162 5253 legis
3180 5182 3619 5252 jttstiﬁcabuntur
3641 5179 3707 5241 “,

2121 5276 2382 5328 continuo
2413 5274 2644 5341 subjecit
2686 5276 2752 5329 de
2790 5276 2873 5330 his
2920 5275 3013 5345 qui
3066 5275 3239 5341 legem
3290 5288 3395 5327 non
3450 5271 3710 5325 habentes

2120 5365 2442 5419 naturaliter
2469 5380 2590 5435 quae
2623 5365 2757 5434 legis
2790 5375 2919 5419 sunt
2950 5365 3195 5426 faciunt,
3249 5363 3292 5417 si
3328 5378 3432 5417 non
3461 5361 3536 5415 illi
3582 5369 3710 5415 sunt

2119 5458 2454 5527 intelligendi
2501 5458 2593 5527 qui
2626 5459 2901 5527 pertinent
2956 5459 3023 5512 ad
3079 5456 3308 5528 gratiam
3362 5453 3706 5516 mediatoris,

2119 5551 2216 5605 sed
2247 5550 2320 5604 illi
2356 5551 2554 5619 potius,
2583 5550 2674 5620 qui
2707 5566 2831 5605 cum
2877 5551 3046 5606 Deum
3103 5565 3289 5604 verum
3331 5561 3461 5601 vera
3506 5544 3708 5615 pietate

2119 5660 2228 5699 non
2254 5643 2435 5700 colant
2462 5683 2477 5710 ,
2529 5643 2733 5698 habent
2769 5652 2946 5699 tamen
2980 5642 3227 5714 qnzcdam
3274 5653 3439 5711 opera
3471 5638 3611 5693 bona
3647 5636 3703 5691 in
