4160 6464
453 385 561 442 ⁸951

1686 386 1752 440 'P.
1796 386 2115 443 DANIELIS
2152 387 2389 444 HUETII

3604 389 3713 445 952

468 506 581 559 vita
607 504 813 575 impia?
854 523 873 558 ι
911 502 1116 571 Quibus
1142 503 1340 557 accinit
1362 502 1685 573 Fulgentius
1735 505 1789 558 in
1829 503 1925 557 lib.
1960 503 2032 557 De

2134 504 2269 557 Θεοῦ
2289 544 2303 567 ,
2334 505 2428 558 καὶ
2458 504 2518 557 τὸ
2548 502 2720 557 θέλειν
2764 502 3027 572 ἐλάϐομεν
3073 501 3184 554 ἀπὸ
3227 499 3319 554 τοῦ
3353 500 3709 573 δημιουργοῦ.

463 597 827 650 incarnatione
854 607 902 648 et
932 596 1106 664 gratia
1155 593 1374 659 Christi,
1420 610 1538 664 cap.
1572 596 1644 650 26
1689 611 1702 649 :
1754 615 1773 648 ι
1802 597 1954 663 Quod
1989 600 2032 651 si

467 687 790 756 quibusdam
821 687 1275 757 cognoscentibus
1308 687 1499 751 Deum,
1544 702 1644 742 nec
1695 689 1836 742 sicut
1866 689 2032 743 Deum

465 778 919 850 gloriﬁcantibus,
943 780 1178 849 cognitio
1210 779 1297 832 illa
1324 780 1455 834 nihil
1474 777 1680 847 proluit
1701 780 1765 832 ad
1781 779 2033 843 salutem,

470 871 742 941 quomodo
769 880 1057 940 potuerunt
1098 872 1151 926 bi
1190 870 1321 939 justi
1357 885 1478 926 esse
1518 871 1658 939 apud
1704 872 1902 936 Deum,
1944 874 2035 941 qui

465 964 548 1017 sic
582 964 634 1016 in
666 965 779 1018 suis
807 964 1045 1017 moribus
1075 974 1239 1032 atque
1267 964 1520 1032 operibus
1550 963 1807 1018 bonitatis
1832 965 2036 1034 aliquid

468 1065 705 1119 servant,
743 1065 801 1107 ut
828 1055 928 1109 hoc
950 1056 1016 1108 ad
1051 1058 1210 1109 linem
1243 1056 1563 1111 Christiana:
1602 1056 1722 1110 ﬁdei
1752 1094 1767 1119 ,
1802 1056 2038 1111 charita-

469 1147 648 1217 lisque
684 1162 787 1202 non
810 1147 1091 1201 referant?
1133 1148 1333 1217 quibus
1378 1148 1559 1217 aliqua
1612 1149 1825 1217 quidem
1870 1149 2033 1215 bona,

467 1252 589 1306 qua;
633 1239 699 1291 ad
754 1239 1034 1292 societatis
1083 1239 1332 1293 humanae
1381 1240 1653 1307 pertinent
1701 1240 2035 1308 aequitatem,

469 1329 649 1383 inesse
682 1341 944 1399 possunt;
976 1329 1069 1383 sed
1100 1333 1224 1399 quia
1253 1345 1359 1383 non
1402 1332 1667 1386 charitate
1719 1330 1815 1385 Dei
1878 1331 2033 1394 ﬁunt,

470 1424 725 1489 prodesse
774 1438 877 1476 non
935 1433 1178 1493 possunt.
1227 1440 1246 1475 ι
1310 1422 1671 1494 Hieronymus
1723 1438 1937 1493 quoque
1982 1426 2036 1476 in

468 1508 631 1565 Isaim
654 1528 803 1575 xxiv,
843 1511 900 1574 5,
948 1513 1138 1567 scribit
1182 1514 1395 1582 praemia
1441 1514 1764 1582 adepturos,
1810 1514 2039 1582 quicun-

466 1618 572 1671 que
599 1603 766 1672 legem
802 1604 1105 1658 naturalem
1150 1606 1558 1660 observaverint
1590 1621 1611 1657 τ
1644 1616 1699 1659 et
1740 1606 1797 1659 in
1841 1605 2033 1660 Ezecli.

469 1712 623 1759 xxix,
658 1696 745 1759 17,
779 1697 896 1749 aiis
925 1698 1272 1751 condemnari
1298 1713 1393 1752 nos
1428 1700 1830 1768 comparatione
1859 1702 2037 1769 gentl-

470 1788 624 1850 lium,
659 1790 702 1841 si
732 1788 805 1841 i-l-li
837 1788 953 1856 lege
982 1788 1191 1842 faciant
1248 1790 1499 1854 naturali,
1528 1805 1648 1859 qum
1692 1805 1789 1844 nes
1835 1790 2033 1858 scripta

2148 595 2337 665 Ἡμεῖς
2368 594 2425 647 δέ
2448 594 2524 664 τῷ
2555 594 2726 647 θέλειν
2756 594 2847 646 ἐπὶ
2870 592 2940 645 τὰ
2960 591 3241 653 κάλλιστα,
3269 592 3302 661 ἢ
3338 590 3555 644 ἐναντία
3576 592 3716 664 χρώ-

2142 688 2542 758 μεθα,ὁμοίως
2569 687 2626 740 δὲ
2666 685 2745 757 τῷ
2788 687 3050 757 ἐνεργεῖν.
3101 684 3343 750 Quorum
3385 685 3713 740 sententiam

2137 780 2267 833 satis
2297 780 2531 834 ﬁdeliter
2562 790 2759 847 praeter
2795 791 2998 832 morem
3027 791 3183 859 suum
3233 776 3417 830 retulit
3448 776 3737 877 Ruﬁnus,t

2137 871 2258 939 quia
2290 870 2495 924 scilicet
2540 868 2824 936 Pelagiana
2879 877 3056 922 erant.
3107 866 3327 921 Notavit
3377 877 3556 921 autem
3620 867 3714 922 illa

2138 962 2195 1015 S.
2232 961 2470 1015 Thomas
2493 960 2664 1015 lib.in
2697 959 2896 1015 Contra
2934 968 3132 1030 gentes,
3154 975 3274 1027 cap.
3311 959 3399 1023 89,
3433 970 3488 1013 et
3534 958 3714 1013 variis

2139 1053 2435 1122 Scriptura:
2479 1053 2611 1106 locis
2654 1052 2896 1105 obtrivit.
2931 1050 3145 1106 N0tavit
3188 1061 3243 1105 et
3292 1050 3613 1115 Janseuius,
3657 1058 3716 1106 et

2140 1153 2391 1212 tanquam
2424 1143 2612 1211 gratiae
2650 1142 2852 1197 Christi
2896 1144 3170 1197 contraria
3213 1145 3406 1197 merito
3450 1146 3712 1212 repudia-

2137 1236 2232 1288 vit.
2260 1235 2426 1303 Quem
2455 1250 2583 1289 vero
2610 1236 2660 1289 in
2684 1235 2831 1290 calce
2853 1235 3044 1289 decimi
3080 1235 3222 1287 tertii
3253 1235 3447 1304 capitis
3468 1275 3481 1299 ,
3512 1235 3603 1289 lib.
3636 1252 3711 1303 vi,

2140 1336 2271 1381 tom.
2306 1327 2348 1391 Ι,
2390 1329 2581 1382 recitat
2607 1328 2808 1391 locum,
2836 1330 2923 1397 qui
2964 1328 3015 1381 in
3055 1327 3157 1380 ﬁne
3178 1328 3375 1396 capitis
3406 1328 3459 1391 1,
3492 1327 3615 1380 libri
3650 1345 3712 1383 ιιι

2136 1419 2275 1487 Περὶ
2305 1419 2506 1488 ἀρχῶν
2538 1421 2827 1487 reperitur,
2856 1420 2922 1473 de
2948 1434 3043 1473 sua
3068 1418 3449 1487 Pelagianismi
3496 1419 3713 1473 oﬁiciua

2138 1511 2366 1580 largitus
2389 1519 2471 1565 est
2504 1510 2768 1576 Ruﬁnus;
2813 1510 2867 1565 in
2898 1508 3088 1564 Graeco
3122 1510 3387 1578 siquidem
3414 1509 3712 1579 exemplari

2140 1617 2243 1655 non
2278 1612 2579 1671 comparet.

2200 1692 2468 1749 Observet
2499 1693 2714 1748 interim
2748 1691 2919 1749 lector
2943 1708 3149 1763 aequus,
3188 1692 3382 1761 ecquid
3408 1692 3545 1746 ﬁdei
3577 1706 3712 1761 pos-

2138 1786 2309 1840 simus
2340 1783 2631 1853 adjungere
2661 1793 2741 1839 tot
2772 1783 2905 1838 locis
2934 1784 3025 1853 qui
3055 1800 3085 1838 e
3115 1783 3268 1837 libris
3306 1797 3334 1835 a
3380 1780 3578 1835 Ruﬁno
3603 1780 3711 1834 La-

468 1881 817 1950 negligimus.
871 1898 890 1932 ι
924 1880 1267 1935 Ριεειειιιιιίιῑί
1311 1896 1445 1936 Vero
1497 1896 1603 1936 non
1659 1883 1814 1937 decet
1861 1882 2035 1936 locum
2067 1873 2111 1900 ”
2141 1882 2249 1932 tiue
2290 1878 2512 1932 redditis
2543 1876 2843 1946 deprompti
2880 1878 3137 1930 adversus
3177 1873 3467 1944 Origenem
3511 1875 3710 1942 jactari

468 1973 638 2038 ipsius
669 1970 901 2023 alterum
932 1971 984 2024 in
1016 1968 1143 2024 Gal.
1181 1986 1267 2033 ιιι,
1296 1969 1351 2036 2,
1381 1971 1446 2025 ad
1495 1971 1598 2025 hoc
1647 1980 1898 2040 spectans
1950 1985 2037 2023 ar-

2133 1964 2307 2017 solent
2343 1980 2357 2016 :
2387 1963 2685 2028 cujusmodi
2724 1971 2805 2017 est
2856 1962 2943 2017 ille
2991 1976 3149 2032 quem
3198 1962 3336 2017 libro
3369 1978 3442 2027 v1,
3501 1973 3629 2016 tom.
3664 1962 3707 2027 Ι,

464 2070 820 2129 gumentum,
860 2070 919 2116 et
957 2062 1351 2131 circumspecte
1399 2062 1791 2131 attingendum.
1857 2080 1876 2114 ι
1928 2061 2034 2115 Νοε

2132 2071 2250 2125 cap.
2282 2057 2369 2122 15,
2405 2056 2622 2109 adducit
2664 2054 2953 2109 .lauseuius
2986 2072 3016 2109 e
3059 2054 3198 2109 libro
3229 2072 3287 2109 ιιι
3326 2054 3462 2123 Περὶ
3485 2054 3707 2124 ἀρχῶν,

468 2153 955 2222 respondebimus,
1008 2154 1216 2223 inquit,
1279 2155 1553 2224 accepisse
1614 2154 1830 2221 quidem
1906 2170 2027 2209 eum

465 2242 797 2315 (Cornelium
840 2245 1233 2314 centurionem)
1269 2246 1526 2313 Spiritum
1579 2243 1673 2298 sed
1742 2260 1807 2298 ex
1851 2246 2034 2299 auditu

468 2335 591 2389 ﬁdei
640 2346 699 2389 et
742 2336 974 2389 naturali
1020 2336 1154 2405 lege,
1202 2351 1329 2406 qua:
1390 2336 1631 2405 loquitur
1680 2339 1731 2390 in
1784 2337 2035 2392 cordibus

468 2427 688 2489 nostris,
749 2428 885 2481 bona
938 2442 1165 2495 qumque
1217 2427 1555 2489 facienda,et
1604 2427 1821 2481 vitanda
1870 2428 2031 2493 mala,

466 2532 565 2585 per
592 2533 751 2585 quam
774 2518 972 2571 dudum
1004 2533 1221 2588 quoque
1256 2518 1562 2583 Abraham,
1604 2517 1784 2572 Mosen
1840 2529 1893 2572 et
1926 2534 2032 2572 cte-

468 2617 616 2663 teros
641 2617 860 2663 sanctos
899 2607 1229 2676 justiﬁeatos
1279 2609 1563 2663 retulimus
1594 2626 1608 2663 :
1645 2624 1805 2677 quam
1835 2625 2033 2679 augere

466 2697 727 2769 deinceps
767 2707 942 2768 potest
984 2714 1208 2769 aperum
1254 2701 1594 2766 observatio,
1640 2700 1773 2772 legis
1816 2717 2033 2771 quoque

465 2784 697 2855 iustitia,
734 2798 1052 2843 nontamen
1115 2790 1353 2845 carnalis
1403 2790 1538 2861 legis
1587 2808 1705 2861 quae
1748 2795 2030 2864 prazteriit,

465 2876 561 2931 sed
590 2878 909 2944 spiritualis,
941 2881 1065 2947 quia
1093 2883 1178 2933 tea:
1201 2882 1494 2948 spirituatis
1521 2891 1596 2935 est
1619 2881 1684 2934 “.
1715 2900 1737 2934 ι

533 2964 603 3020 Χ.
637 2968 766 3033 Quae
787 2983 907 3022 cum
943 2969 1010 3021 ita
1036 2970 1169 3031 sint,
1200 2969 1475 3025 fatendum
1508 2980 1590 3025 est
1640 2982 1815 3027 tamen
1863 2975 2032 3030 nimio

465 3058 585 3128 plus
612 3059 901 3127 aliquando
932 3060 1190 3116 tribuisse
1239 3061 1524 3133 Origenem
1564 3062 1666 3133 legi
1709 3073 1944 3130 naturai;
1975 3076 2032 3121 et

462 3165 582 3218 quae
612 3150 867 3218 peculiari
914 3150 1005 3204 Dei
1039 3151 1239 3205 auxilio
1270 3151 1634 3217 debebantur,
1682 3154 1734 3207 in
1777 3156 2030 3225 generale
2056 3184 2097 3241 ε

462 3242 724 3296 auxilium
753 3243 1165 3312 transcripsisse
1196 3261 1211 3297 :
1250 3244 1390 3313 quod
1420 3244 1641 3298 omnino
1684 3244 2026 3316 Pelagianum

460 3340 585 3383 est:
620 3331 765 3385 velut
791 3342 944 3385 actus
976 3332 1217 3401 singulos
1244 3333 1563 3399 voluntatis,
1584 3348 1720 3403 quos
1752 3335 2021 3389 rotitiones

465 3419 738 3488 appellant
764 3438 780 3475 :
802 3421 901 3475 bos
924 3423 1067 3475 enim
1103 3422 1174 3475 ita
1206 3436 1302 3476 nos
1328 3421 1529 3476 habere
1557 3438 1586 3475 a
1620 3422 1730 3478 Deo
1754 3424 2026 3490 censebat,

461 3520 729 3576 quatenus
761 3512 1018 3565 virtutem
1046 3512 1257 3566 volendi
1287 3512 1401 3567 sive
1438 3512 1750 3567 facultatem
1782 3514 2031 3569 volunta-

460 3600 533 3653 tis
563 3614 594 3652 a
627 3596 740 3655 Deo
766 3598 1047 3654 habemus.
1077 3599 1152 3654 Ita
1180 3602 1402 3671 exponit
1451 3601 1579 3655 illud
1610 3600 1797 3669 Pauli,
1827 3603 2026 3674 Philip.

460 3703 526 3755 ιι,
554 3690 668 3744 i5:
714 3707 732 3740 ι
770 3688 914 3745 Deus
964 3703 1049 3746 est
1084 3692 1228 3746 enim
1269 3692 1361 3761 qui
1400 3701 1656 3761 operatur
1700 3693 1753 3747 in
1795 3694 1948 3748 vobis
1975 3703 2032 3750 et

460 3781 628 3846 velle,
657 3789 712 3837 et
740 3778 1036 3851 perﬁcere,
1066 3796 1166 3851 pro
1194 3782 1333 3837 bona
1376 3781 1691 3837 voluntate:
1734 3800 1754 3836 ι
1790 3798 1913 3838 cum
1960 3799 2030 3839 ex

460 3875 564 3929 hoc
582 3874 726 3929 enim
755 3873 875 3927 loco
902 3872 1283 3927 concluderent
1312 3873 1554 3927 nonnulli
1598 3873 1769 3929 libero
1803 3890 1899 3928 nos
1937 3889 2030 3930 ca-

460 3979 581 4020 rere
612 3963 863 4027 arbitrio,
896 3964 1159 4033 siquidem
1190 3979 1252 4017 ex
1300 3964 1410 4017 Deo
1445 3965 1748 4033 penderent
1780 3965 2028 4018 volunta-

461 4060 530 4113 tis
560 4067 761 4112 nostrte
795 4065 997 4119 motus,
1051 4056 1131 4111 sic
1189 4057 1477 4123 respondet
1518 4055 1782 4126 Origenes
1825 4056 1919 4110 lib.
1967 4073 2027 4111 ιιι

458 4148 537 4203 De
560 4150 807 4218 princip.,
833 4162 952 4217 cap.
983 4148 1036 4215 1,
1072 4164 1220 4204 num.
1254 4150 1320 4204 19
1347 4149 1459 4220 (41)
1503 4165 1517 4202 :
1548 4148 1658 4201 Kal.
1694 4148 1829 4220 πρὸς
1870 4148 2030 4201 τοῦτο

455 4239 514 4294 δὲ
545 4240 759 4294 λεκτέον
786 4240 867 4293 ὅτι
905 4243 938 4311 ἡ
987 4240 1079 4293 τοῦ
1123 4240 1444 4294 Ἀποστόλου
1478 4241 1620 4305 λέξις
1682 4242 1742 4293 οὐ
1783 4241 1917 4311 φησὶ
1969 4240 2030 4293 τὸ

459 4331 633 4385 θέλειν
680 4330 749 4385 τὰ
793 4330 939 4385 κακὰ
983 4333 1047 4384 ἐκ
1093 4331 1188 4385 τοῦ
1224 4331 1357 4385 Θεοῦ
1408 4327 1627 4403 εἷναι,ἢ
1667 4332 1730 4383 τὸ
1762 4330 1934 4383 θέλειν
1962 4330 2030 4383 τὰ

458 4420 638 4488 ἀγαθὰ
670 4423 734 4474 ἐκ
762 4422 854 4474 τοῦ
884 4421 1018 4475 Θεοῦ
1044 4418 1183 4476 εἶναι.
1204 4440 1216 4453 ’
1251 4423 1451 4493 ὁμοίως
1494 4440 1553 4475 τε
1599 4422 1659 4475 τὸ
1691 4424 1930 4492 ἐνεργεῖν
1960 4421 2029 4474 τὰ

2133 2160 2251 2215 cap.
2279 2146 2337 2208 2,
2371 2162 2517 2199 num.
2553 2146 2608 2210 5,
2640 2155 2696 2198 ut
2725 2146 2842 2214 plus
2877 2161 3031 2214 aequo
3065 2146 3239 2216 legem
3272 2158 3477 2199 natura:
3519 2148 3711 2216 Orige-

2134 2252 2254 2289 nem
2286 2236 2542 2291 extulisse
2574 2239 2800 2305 probet:
2857 2255 2875 2288 ι
2910 2234 3024 2291 Non
3050 2238 3195 2291 enim
3228 2237 3367 2289 idem
3398 2246 3481 2291 est
3510 2236 3710 2291 habere

2134 2326 2380 2380 vincendi
2416 2329 2693 2390 virtutem,
2734 2338 2788 2381 et
2824 2328 3060 2391 vincere,
3093 2328 3233 2382 sicut
3268 2327 3379 2392 ipse
3414 2328 3707 2396 Apostolus

2133 2417 2449 2471 cautissimo
2471 2433 2718 2473 sermone
2746 2419 2997 2485 signavit,
3014 2418 3199 2473 dicens
3229 2419 3354 2486 quia
3386 2419 3531 2472 dabit
3567 2418 3707 2473 Deus

2132 2508 2328 2559 exitum
2373 2516 2430 2559 ut
2471 2509 2727 2561 sustinere
2778 2509 2989 2575 possitis
3016 2510 3083 2573 “,
3121 2525 3225 2563 non
3270 2518 3327 2563 ut
3370 2512 3703 2566 sustineatis.

2131 2596 2282 2651 ldulti
2312 2599 2455 2651 enim
2498 2614 2601 2651 non
2634 2599 2922 2662 sustinent,
2951 2598 3044 2653 sed
3070 2600 3122 2653 in
3158 2601 3454 2654 tentatione
3482 2602 3708 2656 vincun-

2134 2698 2240 2744 tur.
2276 2689 2319 2743 Δ
2359 2689 2469 2744 Deo
2493 2699 2671 2745 autem
2703 2691 2881 2754 datur,
2902 2706 3007 2745 non
3034 2699 3090 2743 ut
3128 2693 3526 2756 sustineamus;
3570 2694 3708 2747 alio-

2131 2782 2258 2850 quin
2286 2781 2489 2835 nullum
2534 2781 2646 2849 jam
2696 2782 2970 2836 videretur
3000 2796 3121 2836 esse
3162 2791 3461 2846 certamen,
3508 2783 3602 2837 sed
3645 2794 3711 2840 ut

2132 2872 2400 2926 sustinere
2444 2873 2732 2942 possimus.
2783 2872 2856 2926 Ea
2912 2881 3091 2927 autem
3134 2874 3356 2940 virtute,
3388 2888 3509 2942 quin
3550 2876 3709 2931 nobis

2132 2964 2254 3016 data
2292 2974 2376 3016 est
2409 2972 2466 3015 ut
2494 2963 2714 3018 vincere
2753 2963 3042 3032 possimus,
3088 2964 3382 3018 secundum
3430 2964 3584 3019 liberi
3615 2981 3704 3020 ar-

2131 3054 2277 3108 bitrii
2302 3054 2637 3117 facultatem,
2663 3064 2753 3108 aut
2780 3055 3043 3109 industrie
3064 3058 3285 3119 utimur,
3314 3065 3369 3110 et
3400 3056 3702 3120 vincimus;

2131 3155 2224 3198 aut
2256 3148 2515 3215 segniter,
2552 3154 2606 3200 et
2633 3160 2978 3215 superamur,
3013 3164 3032 3198 ι
3070 3155 3179 3199 etc.
3209 3162 3224 3210 ;
3265 3156 3320 3200 et
3373 3148 3475 3200 iste
3507 3162 3537 3201 e
3567 3148 3707 3202 libro

2133 3253 2163 3290 ιι
2192 3239 2245 3290 in
2274 3236 2443 3304 Epist.
2478 3238 2545 3290 ad
2574 3235 2749 3301 Rom,
2782 3253 2929 3289 num.
2958 3236 3026 3291 '58
3067 3251 3079 3286 :
3118 3255 3135 3286 ι
3160 3237 3343 3292 Gratia
3376 3239 3467 3292 Dei
3499 3250 3553 3293 et
3580 3255 3708 3310 gra-

2134 3330 2205 3381 tia
2242 3328 2451 3382 Domini
2488 3328 2654 3382 nostri
2708 3327 2836 3382 Jesu
2873 3328 3094 3393 Christi,
3153 3344 3255 3382 una
3308 3338 3471 3398 atque
3508 3332 3701 3384 eadem

2131 3420 2305 3490 gratia
2342 3420 2652 3489 accipienda
2696 3429 2798 3473 est.
2852 3420 2997 3474 Sicut
3036 3422 3175 3474 enim
3238 3420 3401 3474 Pater
3428 3437 3564 3490 quos
3588 3422 3703 3477 vult

2132 3513 2389 3581 rioiﬁcat;
2421 3522 2470 3565 et
2492 3509 2669 3565 Filius
2698 3528 2831 3580 quos
2853 3511 2981 3575 vult,
3011 3513 3237 3580 vivi/icat
3258 3527 3277 3565 :
3302 3523 3348 3565 et
3378 3512 3514 3565 sicut
3544 3511 3707 3566 Pater

2129 3603 2279 3655 habet
2313 3604 2468 3656 vitam
2491 3603 2547 3656 in
2574 3619 2650 3669 se,
2672 3612 2720 3656 et
2757 3601 2902 3655 Filio
2939 3603 3077 3655 dedit
3108 3603 3297 3656 habere
3330 3604 3383 3656 in
3432 3603 3705 3671 semetipso

2128 3695 2287 3747 vitam
2328 3695 2409 3758 “;
2466 3695 2539 3748 ita
2586 3704 2639 3749 et
2670 3694 2898 3764 gratiam
2946 3708 3107 3762 quam
3143 3694 3237 3746 dat
3270 3692 3448 3755 Pater,
3486 3694 3623 3749 hanc
3650 3704 3706 3747 et

2129 3785 2297 3839 Filius
2313 3786 2424 3840 dat.
2443 3786 2731 3841 Sciendum
2750 3800 2879 3841 sane
2902 3796 2984 3839 est
3010 3785 3151 3854 quod
3170 3799 3327 3841 omne
3346 3786 3483 3854 quod
3504 3785 3706 3841 habent

2129 3876 2375 3933 homines
2394 3877 2566 3943 aDeo,
2582 3878 2751 3943 gratia
2767 3886 2869 3943 est;
2886 3876 3019 3930 nihil
3037 3878 3180 3932 enim
3203 3892 3266 3930 ex
3288 3877 3467 3932 debito
3480 3876 3703 3931 habent.

2132 3969 2265 4035 Quis
2291 3973 2429 4023 enim
2461 3972 2606 4037 prior
2624 3971 2766 4023 dedit
2789 3970 2893 4033 illi,
2929 3980 2977 4023 et
3027 3971 3343 4024 retribuetur
3373 3973 3423 4025 ei
3450 3971 3528 4024 '7?
3566 3968 3706 4024 Gra-

2131 4063 2202 4115 tia
2231 4076 2363 4132 ergo
2403 4072 2486 4116 est
2518 4062 2779 4132 quidquid
2816 4062 2976 4115 habet
3005 4062 3049 4116 is
3084 4062 3174 4131 qui
3205 4077 3307 4116 non
3344 4062 3476 4127 fuit,
3503 4071 3560 4116 et
3595 4069 3703 4125 est,

2131 4149 2401 4218 accipiens
2430 4151 2500 4204 ab
2525 4164 2589 4205 eo
2616 4151 2705 4219 qui
2735 4165 2949 4219 semper
2971 4149 3099 4217 fuit;
3126 4168 3143 4201 ι
3181 4162 3345 4219 atque
3374 4151 3465 4206 ille
3486 4168 3516 4207 e
3540 4152 3705 4207 lib.iv

2128 4241 2185 4294 in
2224 4240 2392 4310 Epist.
2424 4244 2491 4294 ad
2530 4240 2705 4308 Hann,
2741 4258 2891 4296 num.
2933 4244 2985 4309 1,
3019 4258 3140 4311 pag.
3182 4242 3327 4297 522:
3387 4260 3406 4293 ι
3446 4242 3552 4297 Sed
3602 4258 3707 4313 ego

2129 4346 2250 4385 cum
2280 4334 2564 4387 considero
2594 4334 2860 4387 sermonis
2886 4334 3259 4398 eminentiam,
3284 4349 3392 4403 quo
3409 4333 3543 4388 dicit
3570 4349 3705 4404 ope-

2130 4424 2271 4476 rauti
2324 4424 2619 4477 secundum
2675 4425 2913 4480 debitum
2968 4426 3143 4489 reddi,
3201 4426 3288 4479 vix
3327 4426 3457 4479 mihi
3502 4426 3707 4480 suadeo

457 4514 742 4586 κρείττονα
764 4514 858 4567 καὶ
890 4512 957 4566 τὰ
995 4514 1216 4586 χείρονα
1240 4530 1252 4543 ·
1281 4513 1414 4566 ἀλλὰ
1455 4513 1516 4565 τὸ
1562 4512 1791 4566 καθόλου
1835 4512 2029 4577 θέλειν,

2135 4513 2275 4581 quod
2309 4515 2479 4583 possit
2504 4514 2667 4568 ullum
2701 4531 2837 4585 opus
2865 4530 3007 4581 esse,
3037 4516 3177 4585 quod
3209 4532 3274 4571 ex
3301 4517 3481 4571 debito
3519 4532 3705 4571 remu-

458 4608 552 4661 καὶ
593 4608 655 4660 τὸ
704 4606 932 4660 καθόλου
973 4607 1225 4677 τρέχειν·
1270 4606 1345 4668 ὡς
1386 4605 1496 4676 γὰρ
1532 4606 1640 4658 ἀπὸ
1671 4605 1806 4658 Θεοῦ
1833 4605 2028 4676 ἔχομεν

456 4700 517 4754 τὸ
541 4696 678 4754 εἶναι
709 4698 841 4763 ζῶα,
876 4699 970 4752 καὶ
1015 4699 1077 4752 τὸ
1116 4694 1253 4751 εἶναι
1304 4697 1574 4768 ἄνθρωποι
1601 4714 1614 4727 ο
1650 4696 1791 4750 οὕτω
1831 4697 1927 4751 καὶ
1968 4696 2030 4750 τὸ

456 4790 683 4845 καθόλου
717 4791 911 4854 θέλειν,
943 4789 1019 4852 ὡς
1052 4790 1100 4842 εἰ
1140 4788 1324 4857 ἔλεγον
1344 4828 1358 4851 ,
1389 4789 1484 4842 καὶ
1514 4788 1576 4841 τὸ
1603 4787 1832 4841 καθόλου
1857 4790 2027 4842 κινεῖ-

458 4883 581 4936 σθαι
606 4901 620 4914 ’
654 4881 842 4954 ὥσπερ
872 4882 929 4935 δὲ
952 4882 1166 4952 ἔχοντες
1193 4880 1253 4934 τὸ
1286 4878 1401 4944 ζῶα
1436 4875 1599 4944 εἶναι,
1644 4879 1705 4933 τὸ
1737 4879 2025 4946 κινεῖσθαι,

453 4975 548 5028 καὶ
581 4975 701 5046 φέρ’
723 4976 897 5029 εἰπεῖν
919 4974 1042 5029 τάδε
1068 4972 1139 5026 τὰ
1168 4973 1308 5044 μέλη
1330 4975 1518 5034 κινεῖν,
1544 4974 1730 5044 χεῖρας
1776 4972 1809 5044 ἢ
1838 4972 2023 5035 πόδας,

453 5064 552 5116 οὐκ
582 5064 647 5118 ἂν
679 5064 916 5133 εὐλόγως
958 5063 1210 5135 λέγοιμεν
1248 5061 1390 5133 ἔχειν
1418 5062 1525 5115 ἀπὸ
1551 5061 1684 5115 Θεοῦ
1725 5060 1787 5113 τὸ
1829 5059 2025 5113 εἰδικδν

454 5154 592 5219 τόδε,
617 5159 735 5230 ἦτοι
769 5158 829 5210 τὸ
861 5156 1126 5211 κινεῖσθαι.
1157 5157 1294 5228 πρὸς
1309 5154 1371 5208 τὸ
1404 5154 1624 5207 τύπτειν
1649 5191 1664 5215 ,
1692 5153 1726 5224 ἢ
1756 5152 2024 5223 ἀναιρεῖν,

452 5248 487 5319 ἢ
514 5248 865 5320 ἀφαιρεῖσθαι
892 5246 961 5301 τὰ
998 5245 1254 5317 ἀλλότρια
1272 5262 1287 5275 ο
1324 5243 1461 5299 ἀλλὰ
1488 5243 1551 5296 τὸ
1596 5243 1693 5313 μὲν
1725 5241 1937 5310 γενικὸν
1966 5239 2027 5293 τὸ

453 5340 718 5394 κινεῖσθαι
748 5338 1012 5409 ἐλάϐομεν
1034 5337 1140 5391 ἀπὸ
1176 5335 1312 5390 Θεοῦ
1335 5354 1350 5368 ’
1385 5336 1544 5407 ἡμεῖς
1581 5334 1636 5387 δὲ
1663 5332 1923 5406 χρώμεθα
1946 5329 2025 5401 τῷ

456 5431 718 5485 κινεῖσθαι
749 5431 842 5484 ἐπὶ
892 5430 982 5484 τὰ·
1002 5429 1244 5502 χείρονα,
1269 5428 1302 5501 ἢ
1335 5428 1429 5481 ἐπὶ
1455 5425 1526 5481 τὰ
1571 5425 1814 5497 βελτίονα
1836 5442 1849 5455 ·
1883 5423 2025 5478 οὕτω

452 5522 515 5576 τὸ
549 5521 646 5593 μὲν
680 5524 918 5593 ἐνεργεῖν
1042 5521 1160 5586 ζῶά
1205 5524 1407 5593 ἐσμεν,
1447 5519 1749 5593 εἰλήφαμεν
1785 5517 1892 5572 ἀπὸ
1931 5516 2024 5571 τοῦ

526 5706 571 5739 ⁸⁸
603 5707 758 5761 Rom.
788 5722 882 5769 vn,
910 5706 998 5763 M.
1073 5710 1118 5741 ⁸³
1151 5708 1170 5762 1
1202 5707 1326 5763 Cor.
1349 5724 1403 5777 κ,
1433 5708 1516 5765 13.
1596 5707 1639 5740 ⁵⁸
1668 5704 1823 5763 Joan.
1853 5722 1902 5774 v,
1932 5708 2024 5774 ει,
2056 5705 2144 5761 26.

524 5801 641 5874 (41)
673 5800 930 5857 Pliilocal.
972 5817 1090 5872 cap.
1116 5802 1209 5856 20.

2131 4607 2464 4660 nerationem
2519 4607 2610 4662 Dei
2649 4608 2927 4677 deposcat,
2979 4623 3100 4662 cum
3150 4610 3313 4663 etiam
3377 4610 3481 4664 hoc
3530 4609 3702 4678 ipsum

2129 4697 2271 4764 quod
2340 4711 2497 4767 agere
2534 4699 2737 4767 aliquid
2797 4714 3105 4769 possumus,
3147 4699 3233 4753 vel
3293 4701 3559 4770 cogitare,
3622 4701 3707 4755 vel

2127 4790 2398 4858 proloqui,
2425 4790 2595 4859 ipsius
2622 4791 2764 4847 dono
2798 4802 2853 4847 et
2893 4792 3185 4863 largitione
3222 4794 3507 4847 faciamus.
3552 4793 3704 4859 Quod

2125 4896 2253 4951 ergo
2282 4882 2385 4936 erit
2413 4882 2652 4938 debitum
2684 4883 2851 4949 illius,
2876 4884 3028 4952 cujus
3082 4900 3209 4955 erga
3247 4901 3345 4941 nos
3380 4874 3708 4956 fenusprae-

2127 4973 2329 5027 cessit?
2353 4993 2372 5025 ι
2398 4976 2602 5030 ethice
2622 4976 2766 5031 lib.v
2787 4980 2839 5031 in
2866 4977 3115 5032 eamdem
3147 4977 3453 5046 epistolam,
3479 4993 3628 5033 num.
3650 4978 3706 5045 1,

2126 5077 2249 5132 pag.
2283 5063 2421 5120 550:
2458 5084 2477 5117 ι
2503 5065 2657 5133 Quod
2680 5081 2808 5136 ergo
2830 5066 2983 5131 dixit,
3012 5078 3127 5137 post
3153 5069 3263 5122 dies
3277 5068 3344 5135 ⁸⁸,
3384 5067 3487 5123 hoc
3522 5078 3705 5124 osten-

2134 5154 2228 5217 dit,
2285 5157 2412 5225 quia
2466 5157 2656 5224 primis
2690 5159 2904 5228 quidem
2953 5160 3078 5214 vitsc
3109 5174 3219 5214 sua:
3247 5160 3434 5215 diebus
3465 5168 3706 5229 paterna

2137 5246 2598 5311 praevaricationis
2647 5248 3075 5305 institutionibus
3133 5250 3414 5313 tenebatur
3468 5249 3699 5322 (Abel):

2127 5346 2250 5405 post
2284 5338 2403 5392 illos
2428 5353 2557 5395 vero
2588 5341 2705 5397 dies
2753 5342 2845 5397 ubi
2898 5342 3140 5412 resipuit,
3195 5344 3285 5397 ubi
3338 5344 3577 5411 respexit
3627 5346 3697 5398 ad

2129 5427 2322 5494 Deum,
2352 5439 2561 5485 natura:
2594 5432 2712 5502 lege
2737 5435 3119 5501 commonitus,
3153 5434 3355 5490 dicitur
3384 5443 3512 5491 tunc
3537 5435 3703 5492 olim.

2130 5518 2257 5574 lisse
2292 5519 2522 5576 hostiam
2554 5521 2688 5580 Deo.
2724 5540 2744 5575 ι

2244 5709 2285 5741 ⁸⁷
2310 5707 2462 5765 llom.
2493 5725 2570 5775 ιιι,
2611 5707 2696 5763 55.
2777 5706 2975 5764 “Gen.
3000 5723 3074 5775 tv,
3112 5708 3168 5763 3.
