  <div class='ocr_page' id='page_1' title='image "/cluster/home/n/w/nwhite01/storage/ocr_20150623/17:no.7/coo.31924054872977/478.png"; bbox 0 0 4160 6396; ppageno 0'>
   <div class='ocr_carea' id='block_1_1' title="bbox 362 347 479 402">
    <p class='ocr_par' dir='ltr' id='par_1_1' title="bbox 362 347 479 402">
     <span class='ocr_line' id='line_1_1' title="bbox 362 347 479 402; baseline -0.009 0"><span class='ocrx_word' id='word_1_1' title='bbox 362 347 479 402; x_wconf 66' lang='grc'><strong>⁷955</strong></span> 
     </span>
    </p>
   </div>
   <div class='ocr_carea' id='block_1_2' title="bbox 1195 345 2824 413">
    <p class='ocr_par' dir='ltr' id='par_1_2' title="bbox 1195 345 2824 413">
     <span class='ocr_line' id='line_1_2' title="bbox 1195 345 2824 413; baseline -0.001 -10"><span class='ocrx_word' id='word_1_2' title='bbox 1195 345 1774 403; x_wconf 76' lang='lat' dir='ltr'><strong>ORIGENIANORUM</strong></span> <span class='ocrx_word' id='word_1_3' title='bbox 1812 345 1940 400; x_wconf 82' lang='lat' dir='ltr'><strong>LIB.</strong></span> <span class='ocrx_word' id='word_1_4' title='bbox 1983 345 2048 411; x_wconf 88' lang='grc'><strong>11,</strong></span> <span class='ocrx_word' id='word_1_5' title='bbox 2092 346 2243 403; x_wconf 77' lang='lat' dir='ltr'><strong>CAP.</strong></span> <span class='ocrx_word' id='word_1_6' title='bbox 2286 346 2352 412; x_wconf 92' lang='lat' dir='ltr'><strong>ll,</strong></span> <span class='ocrx_word' id='word_1_7' title='bbox 2394 345 2671 413; x_wconf 66' lang='lat' dir='ltr'><strong>QUEST.</strong></span> <span class='ocrx_word' id='word_1_8' title='bbox 2712 347 2824 404; x_wconf 76' lang='lat' dir='ltr'><strong>VII.</strong></span> 
     </span>
    </p>
   </div>
   <div class='ocr_carea' id='block_1_3' title="bbox 3458 351 3628 451">
    <p class='ocr_par' dir='ltr' id='par_1_3' title="bbox 3458 351 3628 451">
     <span class='ocr_line' id='line_1_3' title="bbox 3458 351 3628 451; baseline 0 -45"><span class='ocrx_word' id='word_1_9' title='bbox 3458 432 3471 451; x_wconf 44' lang='grc' dir='ltr'><strong><em>ο</em></strong></span> <span class='ocrx_word' id='word_1_10' title='bbox 3521 351 3628 406; x_wconf 72' lang='grc' dir='ltr'>ειω</span> 
     </span>
    </p>
   </div>
   <div class='ocr_carea' id='block_1_4' title="bbox 444 461 3629 538">
    <p class='ocr_par' dir='ltr' id='par_1_4' title="bbox 444 461 3629 538">
     <span class='ocr_line' id='line_1_4' title="bbox 444 461 3629 538; baseline 0.002 -21"><span class='ocrx_word' id='word_1_11' title='bbox 444 462 535 517; x_wconf 83' lang='lat' dir='ltr'><strong>XI.</strong></span> <span class='ocrx_word' id='word_1_12' title='bbox 571 461 865 534; x_wconf 75' lang='lat' dir='ltr'><strong>Postquam</strong></span> <span class='ocrx_word' id='word_1_13' title='bbox 898 462 965 518; x_wconf 90' lang='lat' dir='ltr'><strong>de</strong></span> <span class='ocrx_word' id='word_1_14' title='bbox 1002 461 1118 532; x_wconf 84' lang='lat' dir='ltr'><strong>lege</strong></span> <span class='ocrx_word' id='word_1_15' title='bbox 1141 472 1355 517; x_wconf 66' lang='lat' dir='ltr'><strong>naturae</strong></span> <span class='ocrx_word' id='word_1_16' title='bbox 1393 462 1534 517; x_wconf 91' lang='lat' dir='ltr'><strong>male</strong></span> <span class='ocrx_word' id='word_1_17' title='bbox 1558 463 1793 516; x_wconf 79' lang='lat' dir='ltr'><strong>sensisse</strong></span> <span class='ocrx_word' id='word_1_18' title='bbox 1823 461 1950 516; x_wconf 88' lang='lat' dir='ltr'><strong>Ori-</strong></span> <span class='ocrx_word' id='word_1_19' title='bbox 1980 473 2027 523; x_wconf 75' lang='grc' dir='ltr'>Α</span> <span class='ocrx_word' id='word_1_20' title='bbox 2054 461 2342 516; x_wconf 87' lang='lat' dir='ltr'><strong>videantur</strong></span> <span class='ocrx_word' id='word_1_21' title='bbox 2365 476 2486 517; x_wconf 87' lang='lat' dir='ltr'><strong>esse</strong></span> <span class='ocrx_word' id='word_1_22' title='bbox 2518 466 2681 528; x_wconf 86' lang='lat' dir='ltr'><strong>bona,</strong></span> <span class='ocrx_word' id='word_1_23' title='bbox 2717 473 2897 518; x_wconf 86' lang='lat' dir='ltr'><strong>tamen</strong></span> <span class='ocrx_word' id='word_1_24' title='bbox 2941 475 3282 535; x_wconf 84' lang='lat' dir='ltr'><strong>operatorem</strong></span> <span class='ocrx_word' id='word_1_25' title='bbox 3342 481 3501 521; x_wconf 90' lang='lat' dir='ltr'><strong>suum</strong></span> <span class='ocrx_word' id='word_1_26' title='bbox 3542 470 3629 538; x_wconf 85' lang='lat' dir='ltr'><strong>ju-</strong></span> 
     </span>
    </p>
   </div>
   <div class='ocr_carea' id='block_1_5' title="bbox 358 552 1941 624">
    <p class='ocr_par' dir='ltr' id='par_1_5' title="bbox 358 552 1941 624">
     <span class='ocr_line' id='line_1_5' title="bbox 358 552 1941 624; baseline -0.001 -15"><span class='ocrx_word' id='word_1_27' title='bbox 358 570 559 624; x_wconf 85' lang='lat' dir='ltr'><strong>-gcnem</strong></span> <span class='ocrx_word' id='word_1_28' title='bbox 600 554 990 609; x_wconf 89' lang='lat' dir='ltr'><strong>demonstravit</strong></span> <span class='ocrx_word' id='word_1_29' title='bbox 1018 552 1305 608; x_wconf 84' lang='lat' dir='ltr'><strong>Janseuius</strong></span> <span class='ocrx_word' id='word_1_30' title='bbox 1351 563 1479 608; x_wconf 93' lang='lat' dir='ltr'><strong>tom.</strong></span> <span class='ocrx_word' id='word_1_31' title='bbox 1514 553 1556 618; x_wconf 88' lang='grc' dir='ltr'>Ι,</span> <span class='ocrx_word' id='word_1_32' title='bbox 1590 554 1679 608; x_wconf 90' lang='lat' dir='ltr'><strong>lib.</strong></span> <span class='ocrx_word' id='word_1_33' title='bbox 1720 570 1793 616; x_wconf 82' lang='grc' dir='ltr'><strong>νι,</strong></span> <span class='ocrx_word' id='word_1_34' title='bbox 1822 570 1941 624; x_wconf 76' lang='lat' dir='ltr'><strong>cap.</strong></span> 
     </span>
    </p>
   </div>
   <div class='ocr_carea' id='block_1_6' title="bbox 371 644 1944 715">
    <p class='ocr_par' dir='ltr' id='par_1_6' title="bbox 371 644 1944 715">
     <span class='ocr_line' id='line_1_6' title="bbox 371 644 1944 715; baseline -0.001 -14"><span class='ocrx_word' id='word_1_35' title='bbox 371 646 462 710; x_wconf 73' lang='grc'><strong>14,</strong></span> <span class='ocrx_word' id='word_1_36' title='bbox 493 662 597 700; x_wconf 90' lang='lat' dir='ltr'><strong>non</strong></span> <span class='ocrx_word' id='word_1_37' title='bbox 639 646 855 700; x_wconf 87' lang='lat' dir='ltr'><strong>saniora</strong></span> <span class='ocrx_word' id='word_1_38' title='bbox 883 645 1161 715; x_wconf 89' lang='lat' dir='ltr'><strong>opinatum</strong></span> <span class='ocrx_word' id='word_1_39' title='bbox 1218 644 1388 699; x_wconf 85' lang='lat' dir='ltr'><strong>fuisse</strong></span> <span class='ocrx_word' id='word_1_40' title='bbox 1427 646 1490 699; x_wconf 91' lang='lat' dir='ltr'><strong>de</strong></span> <span class='ocrx_word' id='word_1_41' title='bbox 1518 646 1632 715; x_wconf 90' lang='lat' dir='ltr'><strong>lege</strong></span> <span class='ocrx_word' id='word_1_42' title='bbox 1657 645 1818 700; x_wconf 85' lang='lat' dir='ltr'><strong>Mosis</strong></span> <span class='ocrx_word' id='word_1_43' title='bbox 1850 662 1944 701; x_wconf 86' lang='lat' dir='ltr'><strong>co-</strong></span> 
     </span>
    </p>
   </div>
   <div class='ocr_carea' id='block_1_7' title="bbox 370 737 1951 805">
    <p class='ocr_par' dir='ltr' id='par_1_7' title="bbox 370 737 1951 805">
     <span class='ocr_line' id='line_1_7' title="bbox 370 737 1951 805; baseline 0.002 -13"><span class='ocrx_word' id='word_1_44' title='bbox 370 750 533 793; x_wconf 85' lang='lat' dir='ltr'><strong>natur</strong></span> <span class='ocrx_word' id='word_1_45' title='bbox 575 739 895 799; x_wconf 86' lang='lat' dir='ltr'><strong>ostendere;</strong></span> <span class='ocrx_word' id='word_1_46' title='bbox 952 737 1037 791; x_wconf 90' lang='lat' dir='ltr'><strong>cui</strong></span> <span class='ocrx_word' id='word_1_47' title='bbox 1091 738 1497 805; x_wconf 82' lang='lat' dir='ltr'><strong>comprobando</strong></span> <span class='ocrx_word' id='word_1_48' title='bbox 1551 738 1707 792; x_wconf 77' lang='lat' dir='ltr'><strong>affert</strong></span> <span class='ocrx_word' id='word_1_49' title='bbox 1760 739 1887 793; x_wconf 91' lang='lat' dir='ltr'><strong>illud</strong></span> <span class='ocrx_word' id='word_1_50' title='bbox 1920 754 1951 795; x_wconf 91' lang='lat' dir='ltr'><strong>e</strong></span> 
     </span>
    </p>
   </div>
   <div class='ocr_carea' id='block_1_8' title="bbox 362 827 1953 900">
    <p class='ocr_par' dir='ltr' id='par_1_8' title="bbox 362 827 1953 900">
     <span class='ocr_line' id='line_1_8' title="bbox 362 827 1953 900; baseline 0.001 -17"><span class='ocrx_word' id='word_1_51' title='bbox 362 828 468 883; x_wconf 73' lang='lat' dir='ltr'><strong>&#39;lib.</strong></span> <span class='ocrx_word' id='word_1_52' title='bbox 496 844 557 883; x_wconf 82' lang='lat' dir='ltr'><strong>tv</strong></span> <span class='ocrx_word' id='word_1_53' title='bbox 580 830 635 882; x_wconf 86' lang='lat' dir='ltr'><strong>in</strong></span> <span class='ocrx_word' id='word_1_54' title='bbox 660 827 832 895; x_wconf 80' lang='lat' dir='ltr'><strong>Epist.</strong></span> <span class='ocrx_word' id='word_1_55' title='bbox 861 829 930 881; x_wconf 86' lang='lat' dir='ltr'><strong>ad</strong></span> <span class='ocrx_word' id='word_1_56' title='bbox 961 828 1141 895; x_wconf 71' lang='lat' dir='ltr'><strong>Rom,</strong></span> <span class='ocrx_word' id='word_1_57' title='bbox 1191 845 1340 884; x_wconf 90' lang='lat' dir='ltr'><strong>num.</strong></span> <span class='ocrx_word' id='word_1_58' title='bbox 1370 830 1422 894; x_wconf 78' lang='lat' dir='ltr'><strong>‘l,</strong></span> <span class='ocrx_word' id='word_1_59' title='bbox 1463 845 1581 900; x_wconf 86' lang='lat' dir='ltr'><strong>pag.</strong></span> <span class='ocrx_word' id='word_1_60' title='bbox 1621 831 1765 885; x_wconf 67' lang='lat'><strong>523:</strong></span> <span class='ocrx_word' id='word_1_61' title='bbox 1798 849 1816 882; x_wconf 79' lang='grc' dir='ltr'><strong>ι</strong></span> <span class='ocrx_word' id='word_1_62' title='bbox 1848 832 1953 885; x_wconf 86' lang='lat' dir='ltr'><strong>lni-</strong></span> 
     </span>
    </p>
   </div>
   <div class='ocr_carea' id='block_1_9' title="bbox 293 920 1953 993">
    <p class='ocr_par' dir='ltr' id='par_1_9' title="bbox 293 920 1953 993">
     <span class='ocr_line' id='line_1_9' title="bbox 293 920 1953 993; baseline 0.003 -18"><span class='ocrx_word' id='word_1_63' title='bbox 293 928 296 930; x_wconf 65' lang='grc'>⁷</span> <span class='ocrx_word' id='word_1_64' title='bbox 364 923 506 975; x_wconf 84' lang='lat' dir='ltr'><strong>tium</strong></span> <span class='ocrx_word' id='word_1_65' title='bbox 539 936 774 990; x_wconf 87' lang='lat' dir='ltr'><strong>namque</strong></span> <span class='ocrx_word' id='word_1_66' title='bbox 796 920 1085 990; x_wconf 90' lang='lat' dir='ltr'><strong>justiﬁcari</strong></span> <span class='ocrx_word' id='word_1_67' title='bbox 1127 940 1156 975; x_wconf 87' lang='lat' dir='ltr'><strong>a</strong></span> <span class='ocrx_word' id='word_1_68' title='bbox 1191 922 1321 987; x_wconf 92' lang='lat' dir='ltr'><strong>Deo,</strong></span> <span class='ocrx_word' id='word_1_69' title='bbox 1356 923 1487 976; x_wconf 93' lang='lat' dir='ltr'><strong>ﬁdes</strong></span> <span class='ocrx_word' id='word_1_70' title='bbox 1510 932 1592 976; x_wconf 87' lang='lat' dir='ltr'><strong>est</strong></span> <span class='ocrx_word' id='word_1_71' title='bbox 1633 939 1751 993; x_wconf 76' lang='lat' dir='ltr'><strong>qua:</strong></span> <span class='ocrx_word' id='word_1_72' title='bbox 1780 926 1953 980; x_wconf 87' lang='lat' dir='ltr'><strong>credit</strong></span> 
     </span>
    </p>
   </div>
   <div class='ocr_carea' id='block_1_10' title="bbox 370 1014 1949 1085">
    <p class='ocr_par' dir='ltr' id='par_1_10' title="bbox 370 1014 1949 1085">
     <span class='ocr_line' id='line_1_10' title="bbox 370 1014 1949 1085; baseline 0.001 -15"><span class='ocrx_word' id='word_1_73' title='bbox 370 1015 425 1070; x_wconf 88' lang='lat' dir='ltr'><strong>in</strong></span> <span class='ocrx_word' id='word_1_74' title='bbox 449 1014 857 1084; x_wconf 86' lang='lat' dir='ltr'><strong>justiﬁeantem.</strong></span> <span class='ocrx_word' id='word_1_75' title='bbox 893 1015 959 1068; x_wconf 90' lang='lat' dir='ltr'><strong>Et</strong></span> <span class='ocrx_word' id='word_1_76' title='bbox 998 1017 1112 1070; x_wconf 68' lang='lat' dir='ltr'><strong>haec</strong></span> <span class='ocrx_word' id='word_1_77' title='bbox 1140 1016 1272 1071; x_wconf 92' lang='lat' dir='ltr'><strong>ﬁdes</strong></span> <span class='ocrx_word' id='word_1_78' title='bbox 1300 1032 1419 1071; x_wconf 88' lang='lat' dir='ltr'><strong>cum</strong></span> <span class='ocrx_word' id='word_1_79' title='bbox 1448 1017 1740 1083; x_wconf 73' lang='lat' dir='ltr'><strong>iustificata</strong></span> <span class='ocrx_word' id='word_1_80' title='bbox 1768 1018 1949 1085; x_wconf 88' lang='lat' dir='ltr'><strong>fuerit,</strong></span> 
     </span>
    </p>
   </div>
   <div class='ocr_carea' id='block_1_11' title="bbox 362 1104 1951 1173">
    <p class='ocr_par' dir='ltr' id='par_1_11' title="bbox 362 1104 1951 1173">
     <span class='ocr_line' id='line_1_11' title="bbox 362 1104 1951 1173; baseline 0 -15"><span class='ocrx_word' id='word_1_81' title='bbox 362 1112 627 1173; x_wconf 77' lang='lat' dir='ltr'><strong>tanquam</strong></span> <span class='ocrx_word' id='word_1_82' title='bbox 656 1104 813 1157; x_wconf 80' lang='lat' dir='ltr'><strong>radix</strong></span> <span class='ocrx_word' id='word_1_83' title='bbox 844 1104 1017 1158; x_wconf 89' lang='lat' dir='ltr'><strong>imbre</strong></span> <span class='ocrx_word' id='word_1_84' title='bbox 1039 1113 1294 1173; x_wconf 89' lang='lat' dir='ltr'><strong>suscepto</strong></span> <span class='ocrx_word' id='word_1_85' title='bbox 1322 1106 1493 1158; x_wconf 80' lang='lat' dir='ltr'><strong>haeret</strong></span> <span class='ocrx_word' id='word_1_86' title='bbox 1519 1104 1572 1157; x_wconf 93' lang='lat' dir='ltr'><strong>in</strong></span> <span class='ocrx_word' id='word_1_87' title='bbox 1598 1106 1795 1159; x_wconf 65' lang='lat' dir='ltr'><strong>animae</strong></span> <span class='ocrx_word' id='word_1_88' title='bbox 1813 1104 1951 1169; x_wconf 91' lang='lat' dir='ltr'><strong>solo,</strong></span> 
     </span>
    </p>
   </div>
   <div class='ocr_carea' id='block_1_12' title="bbox 367 1195 1950 1266">
    <p class='ocr_par' dir='ltr' id='par_1_12' title="bbox 367 1195 1950 1266">
     <span class='ocr_line' id='line_1_12' title="bbox 367 1195 1950 1266; baseline 0.001 -18"><span class='ocrx_word' id='word_1_89' title='bbox 367 1206 427 1248; x_wconf 93' lang='lat' dir='ltr'><strong>ut</strong></span> <span class='ocrx_word' id='word_1_90' title='bbox 458 1211 579 1250; x_wconf 84' lang='lat' dir='ltr'><strong>cum</strong></span> <span class='ocrx_word' id='word_1_91' title='bbox 617 1210 710 1265; x_wconf 91' lang='lat' dir='ltr'><strong>per</strong></span> <span class='ocrx_word' id='word_1_92' title='bbox 735 1195 906 1265; x_wconf 82' lang='lat' dir='ltr'><strong>legem</strong></span> <span class='ocrx_word' id='word_1_93' title='bbox 943 1195 1035 1251; x_wconf 90' lang='lat' dir='ltr'><strong>Dei</strong></span> <span class='ocrx_word' id='word_1_94' title='bbox 1064 1197 1238 1252; x_wconf 82' lang='lat' dir='ltr'><strong>excoli</strong></span> <span class='ocrx_word' id='word_1_95' title='bbox 1266 1199 1516 1266; x_wconf 79' lang='lat' dir='ltr'><strong>coeperit,</strong></span> <span class='ocrx_word' id='word_1_96' title='bbox 1550 1206 1773 1266; x_wconf 82' lang='lat' dir='ltr'><strong>surgant</strong></span> <span class='ocrx_word' id='word_1_97' title='bbox 1811 1197 1862 1249; x_wconf 91' lang='lat' dir='ltr'><strong>in</strong></span> <span class='ocrx_word' id='word_1_98' title='bbox 1889 1212 1950 1250; x_wconf 90' lang='lat' dir='ltr'><strong>ea</strong></span> 
     </span>
    </p>
   </div>
   <div class='ocr_carea' id='block_1_13' title="bbox 363 1287 1954 1359">
    <p class='ocr_par' dir='ltr' id='par_1_13' title="bbox 363 1287 1954 1359">
     <span class='ocr_line' id='line_1_13' title="bbox 363 1287 1954 1359; baseline 0 -18"><span class='ocrx_word' id='word_1_99' title='bbox 363 1289 531 1352; x_wconf 73' lang='lat' dir='ltr'><strong>~rami,</strong></span> <span class='ocrx_word' id='word_1_100' title='bbox 556 1289 645 1357; x_wconf 93' lang='lat' dir='ltr'><strong>qui</strong></span> <span class='ocrx_word' id='word_1_101' title='bbox 688 1288 897 1343; x_wconf 83' lang='lat' dir='ltr'><strong>fructus</strong></span> <span class='ocrx_word' id='word_1_102' title='bbox 922 1304 1145 1359; x_wconf 91' lang='lat' dir='ltr'><strong>operum</strong></span> <span class='ocrx_word' id='word_1_103' title='bbox 1186 1290 1382 1344; x_wconf 90' lang='lat' dir='ltr'><strong>ferant.</strong></span> <span class='ocrx_word' id='word_1_104' title='bbox 1434 1309 1455 1343; x_wconf 78' lang='grc' dir='ltr'><strong>ι</strong></span> <span class='ocrx_word' id='word_1_105' title='bbox 1506 1288 1796 1358; x_wconf 89' lang='lat' dir='ltr'><strong>Subjungit</strong></span> <span class='ocrx_word' id='word_1_106' title='bbox 1823 1287 1954 1342; x_wconf 86' lang='lat' dir='ltr'><strong>Jan-</strong></span> 
     </span>
    </p>
   </div>
   <div class='ocr_carea' id='block_1_14' title="bbox 359 1381 1951 1457">
    <p class='ocr_par' dir='ltr' id='par_1_14' title="bbox 359 1381 1951 1457">
     <span class='ocr_line' id='line_1_14' title="bbox 359 1381 1951 1457; baseline 0.005 -23"><span class='ocrx_word' id='word_1_107' title='bbox 359 1382 551 1435; x_wconf 86' lang='lat' dir='ltr'><strong>senius</strong></span> <span class='ocrx_word' id='word_1_108' title='bbox 580 1398 647 1435; x_wconf 57' lang='grc' dir='ltr'><strong>ενι</strong></span> <span class='ocrx_word' id='word_1_109' title='bbox 674 1381 817 1436; x_wconf 82' lang='lat' dir='ltr'><strong>Ecce</strong></span> <span class='ocrx_word' id='word_1_110' title='bbox 838 1382 1034 1452; x_wconf 80' lang='lat' dir='ltr'><strong>dogma</strong></span> <span class='ocrx_word' id='word_1_111' title='bbox 1056 1381 1257 1452; x_wconf 83' lang='lat' dir='ltr'><strong>Pelagii</strong></span> <span class='ocrx_word' id='word_1_112' title='bbox 1281 1383 1346 1437; x_wconf 89' lang='lat' dir='ltr'><strong>de</strong></span> <span class='ocrx_word' id='word_1_113' title='bbox 1366 1388 1637 1451; x_wconf 89' lang='lat' dir='ltr'><strong>operanda</strong></span> <span class='ocrx_word' id='word_1_114' title='bbox 1666 1402 1763 1455; x_wconf 89' lang='lat' dir='ltr'><strong>per</strong></span> <span class='ocrx_word' id='word_1_115' title='bbox 1780 1387 1951 1457; x_wconf 87' lang='lat' dir='ltr'><strong>legem</strong></span> 
     </span>
    </p>
   </div>
   <div class='ocr_carea' id='block_1_15' title="bbox 358 1472 1949 1549">
    <p class='ocr_par' dir='ltr' id='par_1_15' title="bbox 358 1472 1949 1549">
     <span class='ocr_line' id='line_1_15' title="bbox 358 1472 1949 1549; baseline 0.006 -23"><span class='ocrx_word' id='word_1_116' title='bbox 358 1474 596 1541; x_wconf 70' lang='lat' dir='ltr'><strong>iustitia,</strong></span> <span class='ocrx_word' id='word_1_117' title='bbox 634 1474 927 1530; x_wconf 90' lang='lat' dir='ltr'><strong>dummodo</strong></span> <span class='ocrx_word' id='word_1_118' title='bbox 976 1475 1225 1531; x_wconf 86' lang='lat' dir='ltr'><strong>remissio</strong></span> <span class='ocrx_word' id='word_1_119' title='bbox 1276 1488 1623 1546; x_wconf 88' lang='lat' dir='ltr'><strong>peccatorum</strong></span> <span class='ocrx_word' id='word_1_120' title='bbox 1660 1472 1756 1549; x_wconf 80' lang='lat' dir='ltr'><strong>per</strong></span> <span class='ocrx_word' id='word_1_121' title='bbox 1792 1481 1949 1535; x_wconf 89' lang='lat' dir='ltr'><strong>ﬁdem</strong></span> 
     </span>
    </p>
   </div>
   <div class='ocr_carea' id='block_1_16' title="bbox 369 1564 1952 1639">
    <p class='ocr_par' dir='ltr' id='par_1_16' title="bbox 369 1564 1952 1639">
     <span class='ocr_line' id='line_1_16' title="bbox 369 1564 1952 1639; baseline 0.005 -22"><span class='ocrx_word' id='word_1_122' title='bbox 369 1566 491 1618; x_wconf 62' lang='lat' dir='ltr'><strong>sata</strong></span> <span class='ocrx_word' id='word_1_123' title='bbox 520 1565 876 1634; x_wconf 85' lang='lat' dir='ltr'><strong>praecesserit.</strong></span> <span class='ocrx_word' id='word_1_124' title='bbox 910 1584 929 1617; x_wconf 79' lang='grc' dir='ltr'><strong>ι</strong></span> <span class='ocrx_word' id='word_1_125' title='bbox 963 1564 1034 1619; x_wconf 90' lang='lat' dir='ltr'><strong>At</strong></span> <span class='ocrx_word' id='word_1_126' title='bbox 1060 1581 1164 1619; x_wconf 90' lang='lat' dir='ltr'><strong>non</strong></span> <span class='ocrx_word' id='word_1_127' title='bbox 1216 1567 1333 1622; x_wconf 88' lang='lat' dir='ltr'><strong>haec</strong></span> <span class='ocrx_word' id='word_1_128' title='bbox 1356 1567 1421 1621; x_wconf 92' lang='lat' dir='ltr'><strong>ad</strong></span> <span class='ocrx_word' id='word_1_129' title='bbox 1462 1568 1631 1639; x_wconf 89' lang='lat' dir='ltr'><strong>legem</strong></span> <span class='ocrx_word' id='word_1_130' title='bbox 1664 1569 1829 1624; x_wconf 82' lang='lat' dir='ltr'><strong>Mosis</strong></span> <span class='ocrx_word' id='word_1_131' title='bbox 1862 1585 1952 1638; x_wconf 90' lang='lat' dir='ltr'><strong>pe-</strong></span> 
     </span>
    </p>
   </div>
   <div class='ocr_carea' id='block_1_17' title="bbox 359 1654 1953 1726">
    <p class='ocr_par' dir='ltr' id='par_1_17' title="bbox 359 1654 1953 1726">
     <span class='ocr_line' id='line_1_17' title="bbox 359 1654 1953 1726; baseline 0.003 -18"><span class='ocrx_word' id='word_1_132' title='bbox 359 1654 650 1709; x_wconf 81' lang='lat' dir='ltr'><strong>culiariter</strong></span> <span class='ocrx_word' id='word_1_133' title='bbox 679 1656 971 1723; x_wconf 89' lang='lat' dir='ltr'><strong>pertinent,</strong></span> <span class='ocrx_word' id='word_1_134' title='bbox 1011 1656 1103 1710; x_wconf 90' lang='lat' dir='ltr'><strong>sed</strong></span> <span class='ocrx_word' id='word_1_135' title='bbox 1134 1656 1204 1711; x_wconf 90' lang='lat' dir='ltr'><strong>ad</strong></span> <span class='ocrx_word' id='word_1_136' title='bbox 1232 1671 1394 1726; x_wconf 90' lang='lat' dir='ltr'><strong>opera</strong></span> <span class='ocrx_word' id='word_1_137' title='bbox 1433 1666 1643 1711; x_wconf 91' lang='lat' dir='ltr'><strong>tantum</strong></span> <span class='ocrx_word' id='word_1_138' title='bbox 1668 1658 1807 1712; x_wconf 86' lang='lat' dir='ltr'><strong>bona</strong></span> <span class='ocrx_word' id='word_1_139' title='bbox 1839 1660 1953 1713; x_wconf 86' lang='lat' dir='ltr'><strong>sive</strong></span> 
     </span>
    </p>
   </div>
   <div class='ocr_carea' id='block_1_18' title="bbox 366 1742 1949 1814">
    <p class='ocr_par' dir='ltr' id='par_1_18' title="bbox 366 1742 1949 1814">
     <span class='ocr_line' id='line_1_18' title="bbox 366 1742 1949 1814; baseline 0.002 -17"><span class='ocrx_word' id='word_1_140' title='bbox 366 1742 698 1807; x_wconf 70' lang='lat' dir='ltr'><strong>Judaeorum,</strong></span> <span class='ocrx_word' id='word_1_141' title='bbox 751 1746 867 1800; x_wconf 83' lang='lat' dir='ltr'><strong>sive</strong></span> <span class='ocrx_word' id='word_1_142' title='bbox 896 1746 1268 1812; x_wconf 82' lang='lat' dir='ltr'><strong>ethnicorum,</strong></span> <span class='ocrx_word' id='word_1_143' title='bbox 1323 1762 1441 1814; x_wconf 78' lang='lat' dir='ltr'><strong>quae</strong></span> <span class='ocrx_word' id='word_1_144' title='bbox 1473 1748 1592 1802; x_wconf 90' lang='lat' dir='ltr'><strong>sine</strong></span> <span class='ocrx_word' id='word_1_145' title='bbox 1622 1746 1727 1803; x_wconf 87' lang='lat' dir='ltr'><strong>ﬁde</strong></span> <span class='ocrx_word' id='word_1_146' title='bbox 1773 1748 1949 1802; x_wconf 89' lang='lat' dir='ltr'><strong>inania</strong></span> 
     </span>
    </p>
   </div>
   <div class='ocr_carea' id='block_1_19' title="bbox 368 1836 1951 1908">
    <p class='ocr_par' dir='ltr' id='par_1_19' title="bbox 368 1836 1951 1908">
     <span class='ocr_line' id='line_1_19' title="bbox 368 1836 1951 1908; baseline 0.002 -18"><span class='ocrx_word' id='word_1_147' title='bbox 368 1846 514 1891; x_wconf 86' lang='lat' dir='ltr'><strong>sunt.</strong></span> <span class='ocrx_word' id='word_1_148' title='bbox 542 1836 631 1890; x_wconf 85' lang='lat' dir='ltr'><strong>Ait</strong></span> <span class='ocrx_word' id='word_1_149' title='bbox 661 1852 789 1906; x_wconf 84' lang='lat' dir='ltr'><strong>ergo</strong></span> <span class='ocrx_word' id='word_1_150' title='bbox 819 1837 1028 1891; x_wconf 90' lang='lat' dir='ltr'><strong>initium</strong></span> <span class='ocrx_word' id='word_1_151' title='bbox 1054 1836 1455 1906; x_wconf 89' lang='lat' dir='ltr'><strong>justiﬁcationis</strong></span> <span class='ocrx_word' id='word_1_152' title='bbox 1487 1839 1646 1892; x_wconf 92' lang='lat' dir='ltr'><strong>lidem</strong></span> <span class='ocrx_word' id='word_1_153' title='bbox 1676 1854 1795 1894; x_wconf 90' lang='lat' dir='ltr'><strong>esse</strong></span> <span class='ocrx_word' id='word_1_154' title='bbox 1832 1855 1951 1908; x_wconf 80' lang='lat' dir='ltr'><strong>quae</strong></span> 
     </span>
    </p>
   </div>
   <div class='ocr_carea' id='block_1_20' title="bbox 368 1928 1949 1999">
    <p class='ocr_par' dir='ltr' id='par_1_20' title="bbox 368 1928 1949 1999">
     <span class='ocr_line' id='line_1_20' title="bbox 368 1928 1949 1999; baseline 0.001 -17"><span class='ocrx_word' id='word_1_155' title='bbox 368 1928 545 1983; x_wconf 87' lang='lat' dir='ltr'><strong>credit</strong></span> <span class='ocrx_word' id='word_1_156' title='bbox 583 1929 654 1991; x_wconf 68' lang='lat' dir='ltr'><strong>ini,</strong></span> <span class='ocrx_word' id='word_1_157' title='bbox 680 1929 891 1996; x_wconf 87' lang='lat' dir='ltr'><strong>Deum;</strong></span> <span class='ocrx_word' id='word_1_158' title='bbox 940 1944 1058 1997; x_wconf 64' lang='lat' dir='ltr'><strong>quae</strong></span> <span class='ocrx_word' id='word_1_159' title='bbox 1097 1928 1250 1992; x_wconf 91' lang='lat' dir='ltr'><strong>ﬁdes,</strong></span> <span class='ocrx_word' id='word_1_160' title='bbox 1311 1931 1466 1999; x_wconf 82' lang='lat' dir='ltr'><strong>quasi</strong></span> <span class='ocrx_word' id='word_1_161' title='bbox 1539 1930 1829 1994; x_wconf 87' lang='lat' dir='ltr'><strong>dispositio</strong></span> <span class='ocrx_word' id='word_1_162' title='bbox 1885 1932 1949 1985; x_wconf 92' lang='lat' dir='ltr'><strong>ad</strong></span> 
     </span>
    </p>
   </div>
   <div class='ocr_carea' id='block_1_21' title="bbox 364 2022 1953 2092">
    <p class='ocr_par' dir='ltr' id='par_1_21' title="bbox 364 2022 1953 2092">
     <span class='ocr_line' id='line_1_21' title="bbox 364 2022 1953 2092; baseline 0.002 -18"><span class='ocrx_word' id='word_1_163' title='bbox 364 2022 811 2090; x_wconf 88' lang='lat' dir='ltr'><strong>justiﬁcationem</strong></span> <span class='ocrx_word' id='word_1_164' title='bbox 866 2023 1278 2091; x_wconf 87' lang='lat' dir='ltr'><strong>acquirendam,</strong></span> <span class='ocrx_word' id='word_1_165' title='bbox 1321 2039 1440 2077; x_wconf 88' lang='lat' dir='ltr'><strong>cum</strong></span> <span class='ocrx_word' id='word_1_166' title='bbox 1470 2022 1734 2091; x_wconf 85' lang='lat' dir='ltr'><strong>justitiam</strong></span> <span class='ocrx_word' id='word_1_167' title='bbox 1765 2039 1953 2092; x_wconf 88' lang='lat' dir='ltr'><strong>appre-</strong></span> 
     </span>
    </p>
   </div>
   <div class='ocr_carea' id='block_1_22' title="bbox 368 2112 1951 2181">
    <p class='ocr_par' dir='ltr' id='par_1_22' title="bbox 368 2112 1951 2181">
     <span class='ocr_line' id='line_1_22' title="bbox 368 2112 1951 2181; baseline 0.001 -17"><span class='ocrx_word' id='word_1_168' title='bbox 368 2112 641 2175; x_wconf 86' lang='lat' dir='ltr'><strong>henderit,</strong></span> <span class='ocrx_word' id='word_1_169' title='bbox 673 2122 729 2165; x_wconf 93' lang='lat' dir='ltr'><strong>ut</strong></span> <span class='ocrx_word' id='word_1_170' title='bbox 759 2112 1072 2181; x_wconf 81' lang='lat' dir='ltr'><strong>loquuntur,</strong></span> <span class='ocrx_word' id='word_1_171' title='bbox 1119 2123 1281 2180; x_wconf 90' lang='lat' dir='ltr'><strong>atque</strong></span> <span class='ocrx_word' id='word_1_172' title='bbox 1318 2113 1387 2166; x_wconf 92' lang='lat' dir='ltr'><strong>ita</strong></span> <span class='ocrx_word' id='word_1_173' title='bbox 1410 2112 1701 2180; x_wconf 88' lang='lat' dir='ltr'><strong>justiticata</strong></span> <span class='ocrx_word' id='word_1_174' title='bbox 1737 2112 1951 2167; x_wconf 91' lang='lat' dir='ltr'><strong>fuerita</strong></span> 
     </span>
    </p>
   </div>
   <div class='ocr_carea' id='block_1_23' title="bbox 371 2202 1953 2274">
    <p class='ocr_par' dir='ltr' id='par_1_23' title="bbox 371 2202 1953 2274">
     <span class='ocr_line' id='line_1_23' title="bbox 371 2202 1953 2274; baseline 0.001 -19"><span class='ocrx_word' id='word_1_175' title='bbox 371 2202 480 2257; x_wconf 88' lang='lat' dir='ltr'><strong>Deo</strong></span> <span class='ocrx_word' id='word_1_176' title='bbox 506 2222 520 2269; x_wconf 88' lang='lat'><strong>;</strong></span> <span class='ocrx_word' id='word_1_177' title='bbox 557 2220 788 2274; x_wconf 90' lang='lat' dir='ltr'><strong>cumque</strong></span> <span class='ocrx_word' id='word_1_178' title='bbox 808 2206 1033 2272; x_wconf 66' lang='lat' dir='ltr'><strong>iustitiae</strong></span> <span class='ocrx_word' id='word_1_179' title='bbox 1059 2205 1256 2268; x_wconf 89' lang='lat' dir='ltr'><strong>imbre,</strong></span> <span class='ocrx_word' id='word_1_180' title='bbox 1281 2206 1358 2259; x_wconf 87' lang='lat' dir='ltr'><strong>sic</strong></span> <span class='ocrx_word' id='word_1_181' title='bbox 1392 2215 1646 2274; x_wconf 87' lang='lat' dir='ltr'><strong>tanquam</strong></span> <span class='ocrx_word' id='word_1_182' title='bbox 1675 2204 1826 2258; x_wconf 81' lang='lat' dir='ltr'><strong>radix</strong></span> <span class='ocrx_word' id='word_1_183' title='bbox 1855 2204 1953 2258; x_wconf 92' lang='lat' dir='ltr'><strong>ali-</strong></span> 
     </span>
    </p>
   </div>
   <div class='ocr_carea' id='block_1_24' title="bbox 360 2295 1955 2366">
    <p class='ocr_par' dir='ltr' id='par_1_24' title="bbox 360 2295 1955 2366">
     <span class='ocr_line' id='line_1_24' title="bbox 360 2295 1955 2366; baseline 0.001 -20"><span class='ocrx_word' id='word_1_184' title='bbox 360 2308 495 2361; x_wconf 81' lang='lat' dir='ltr'><strong>qua,</strong></span> <span class='ocrx_word' id='word_1_185' title='bbox 530 2295 773 2364; x_wconf 87' lang='lat' dir='ltr'><strong>perpluta</strong></span> <span class='ocrx_word' id='word_1_186' title='bbox 799 2295 980 2363; x_wconf 90' lang='lat' dir='ltr'><strong>fuerit,</strong></span> <span class='ocrx_word' id='word_1_187' title='bbox 1009 2308 1136 2353; x_wconf 91' lang='lat' dir='ltr'><strong>tunc</strong></span> <span class='ocrx_word' id='word_1_188' title='bbox 1164 2298 1276 2365; x_wconf 89' lang='lat' dir='ltr'><strong>ipsa</strong></span> <span class='ocrx_word' id='word_1_189' title='bbox 1312 2298 1445 2350; x_wconf 80' lang='lat' dir='ltr'><strong>fides</strong></span> <span class='ocrx_word' id='word_1_190' title='bbox 1465 2306 1626 2366; x_wconf 90' lang='lat' dir='ltr'><strong>atque</strong></span> <span class='ocrx_word' id='word_1_191' title='bbox 1648 2296 1762 2364; x_wconf 88' lang='lat' dir='ltr'><strong>ipsa</strong></span> <span class='ocrx_word' id='word_1_192' title='bbox 1793 2296 1955 2365; x_wconf 87' lang='lat' dir='ltr'><strong>justi-</strong></span> 
     </span>
    </p>
   </div>
   <div class='ocr_carea' id='block_1_25' title="bbox 372 2385 1952 2457">
    <p class='ocr_par' dir='ltr' id='par_1_25' title="bbox 372 2385 1952 2457">
     <span class='ocr_line' id='line_1_25' title="bbox 372 2385 1952 2457; baseline 0.002 -18"><span class='ocrx_word' id='word_1_193' title='bbox 372 2385 447 2439; x_wconf 90' lang='lat' dir='ltr'><strong>tia</strong></span> <span class='ocrx_word' id='word_1_194' title='bbox 474 2388 668 2441; x_wconf 89' lang='lat' dir='ltr'><strong>animae</strong></span> <span class='ocrx_word' id='word_1_195' title='bbox 686 2386 801 2442; x_wconf 89' lang='lat' dir='ltr'><strong>solo</strong></span> <span class='ocrx_word' id='word_1_196' title='bbox 838 2387 1142 2453; x_wconf 68' lang='lat' dir='ltr'><strong>inhaerent;</strong></span> <span class='ocrx_word' id='word_1_197' title='bbox 1196 2388 1276 2442; x_wconf 92' lang='lat' dir='ltr'><strong>sic</strong></span> <span class='ocrx_word' id='word_1_198' title='bbox 1309 2398 1483 2441; x_wconf 89' lang='lat' dir='ltr'><strong>tamen</strong></span> <span class='ocrx_word' id='word_1_199' title='bbox 1514 2397 1571 2440; x_wconf 90' lang='lat' dir='ltr'><strong>ut</strong></span> <span class='ocrx_word' id='word_1_200' title='bbox 1602 2389 1798 2442; x_wconf 69' lang='lat' dir='ltr'><strong>divina:</strong></span> <span class='ocrx_word' id='word_1_201' title='bbox 1823 2388 1952 2457; x_wconf 84' lang='lat' dir='ltr'><strong>legis</strong></span> 
     </span>
    </p>
   </div>
   <div class='ocr_carea' id='block_1_26' title="bbox 362 2478 1953 2534">
    <p class='ocr_par' dir='ltr' id='par_1_26' title="bbox 362 2478 1953 2534">
     <span class='ocr_line' id='line_1_26' title="bbox 362 2478 1953 2534; baseline 0.001 -3"><span class='ocrx_word' id='word_1_202' title='bbox 362 2478 752 2533; x_wconf 82' lang='lat' dir='ltr'><strong>observatione</strong></span> <span class='ocrx_word' id='word_1_203' title='bbox 789 2478 958 2533; x_wconf 84' lang='lat' dir='ltr'><strong>foveri</strong></span> <span class='ocrx_word' id='word_1_204' title='bbox 1012 2479 1161 2532; x_wconf 93' lang='lat' dir='ltr'><strong>illam</strong></span> <span class='ocrx_word' id='word_1_205' title='bbox 1208 2488 1261 2532; x_wconf 85' lang='lat' dir='ltr'><strong>et</strong></span> <span class='ocrx_word' id='word_1_206' title='bbox 1309 2479 1479 2534; x_wconf 79' lang='lat' dir='ltr'><strong>excoli</strong></span> <span class='ocrx_word' id='word_1_207' title='bbox 1530 2494 1750 2533; x_wconf 88' lang='lat' dir='ltr'><strong>necesse</strong></span> <span class='ocrx_word' id='word_1_208' title='bbox 1781 2479 1851 2533; x_wconf 92' lang='lat' dir='ltr'><strong>sit</strong></span> <span class='ocrx_word' id='word_1_209' title='bbox 1886 2481 1953 2533; x_wconf 89' lang='lat' dir='ltr'><strong>ad</strong></span> 
     </span>
    </p>
   </div>
   <div class='ocr_carea' id='block_1_27' title="bbox 371 2567 1954 2638">
    <p class='ocr_par' dir='ltr' id='par_1_27' title="bbox 371 2567 1954 2638">
     <span class='ocr_line' id='line_1_27' title="bbox 371 2567 1954 2638; baseline 0.001 -16"><span class='ocrx_word' id='word_1_210' title='bbox 371 2568 626 2624; x_wconf 81' lang='lat' dir='ltr'><strong>ferendos</strong></span> <span class='ocrx_word' id='word_1_211' title='bbox 671 2583 894 2638; x_wconf 91' lang='lat' dir='ltr'><strong>operum</strong></span> <span class='ocrx_word' id='word_1_212' title='bbox 954 2567 1186 2634; x_wconf 88' lang='lat' dir='ltr'><strong>fructus,</strong></span> <span class='ocrx_word' id='word_1_213' title='bbox 1240 2568 1328 2636; x_wconf 91' lang='lat' dir='ltr'><strong>qui</strong></span> <span class='ocrx_word' id='word_1_214' title='bbox 1387 2569 1532 2623; x_wconf 89' lang='lat' dir='ltr'><strong>velut</strong></span> <span class='ocrx_word' id='word_1_215' title='bbox 1570 2570 1766 2624; x_wconf 85' lang='lat' dir='ltr'><strong>radicis</strong></span> <span class='ocrx_word' id='word_1_216' title='bbox 1796 2570 1954 2637; x_wconf 86' lang='lat' dir='ltr'><strong>hujus</strong></span> 
     </span>
    </p>
   </div>
   <div class='ocr_carea' id='block_1_28' title="bbox 368 2659 1953 2726">
    <p class='ocr_par' dir='ltr' id='par_1_28' title="bbox 368 2659 1953 2726">
     <span class='ocr_line' id='line_1_28' title="bbox 368 2659 1953 2726; baseline -0.001 -11"><span class='ocrx_word' id='word_1_217' title='bbox 368 2661 572 2716; x_wconf 88' lang='lat' dir='ltr'><strong>surculi</strong></span> <span class='ocrx_word' id='word_1_218' title='bbox 623 2660 981 2723; x_wconf 82' lang='lat' dir='ltr'><strong>efﬂorescaut.</strong></span> <span class='ocrx_word' id='word_1_219' title='bbox 1026 2659 1156 2726; x_wconf 68' lang='lat' dir='ltr'><strong>Quae</strong></span> <span class='ocrx_word' id='word_1_220' title='bbox 1202 2660 1325 2715; x_wconf 87' lang='lat' dir='ltr'><strong>ﬁdei</strong></span> <span class='ocrx_word' id='word_1_221' title='bbox 1383 2661 1665 2716; x_wconf 64' lang='lat' dir='ltr'><strong>catholicae</strong></span> <span class='ocrx_word' id='word_1_222' title='bbox 1719 2662 1953 2716; x_wconf 87' lang='lat' dir='ltr'><strong>decretis</strong></span> 
     </span>
    </p>
   </div>
   <div class='ocr_carea' id='block_1_29' title="bbox 364 2751 1954 2823">
    <p class='ocr_par' dir='ltr' id='par_1_29' title="bbox 364 2751 1954 2823">
     <span class='ocr_line' id='line_1_29' title="bbox 364 2751 1954 2823; baseline 0 -16"><span class='ocrx_word' id='word_1_223' title='bbox 364 2767 760 2822; x_wconf 80' lang='lat' dir='ltr'><strong>usquequaque</strong></span> <span class='ocrx_word' id='word_1_224' title='bbox 814 2760 1133 2817; x_wconf 86' lang='lat' dir='ltr'><strong>consonant,</strong></span> <span class='ocrx_word' id='word_1_225' title='bbox 1186 2751 1232 2807; x_wconf 90' lang='lat' dir='ltr'><strong>si</strong></span> <span class='ocrx_word' id='word_1_226' title='bbox 1274 2752 1432 2806; x_wconf 91' lang='lat' dir='ltr'><strong>modo</strong></span> <span class='ocrx_word' id='word_1_227' title='bbox 1470 2753 1727 2822; x_wconf 84' lang='lat' dir='ltr'><strong>praevium</strong></span> <span class='ocrx_word' id='word_1_228' title='bbox 1764 2754 1954 2823; x_wconf 82' lang='lat' dir='ltr'><strong>gratiae</strong></span> 
     </span>
    </p>
   </div>
   <div class='ocr_carea' id='block_1_30' title="bbox 371 2842 1951 2913">
    <p class='ocr_par' dir='ltr' id='par_1_30' title="bbox 371 2842 1951 2913">
     <span class='ocr_line' id='line_1_30' title="bbox 371 2842 1951 2913; baseline 0.001 -15"><span class='ocrx_word' id='word_1_229' title='bbox 371 2845 664 2899; x_wconf 87' lang='lat' dir='ltr'><strong>excltantis</strong></span> <span class='ocrx_word' id='word_1_230' title='bbox 690 2854 745 2898; x_wconf 91' lang='lat' dir='ltr'><strong>et</strong></span> <span class='ocrx_word' id='word_1_231' title='bbox 778 2842 1018 2913; x_wconf 88' lang='lat' dir='ltr'><strong>juvantis</strong></span> <span class='ocrx_word' id='word_1_232' title='bbox 1044 2843 1341 2897; x_wconf 90' lang='lat' dir='ltr'><strong>subsidium</strong></span> <span class='ocrx_word' id='word_1_233' title='bbox 1372 2854 1719 2913; x_wconf 87' lang='lat' dir='ltr'><strong>agnoscatur.</strong></span> <span class='ocrx_word' id='word_1_234' title='bbox 1754 2843 1951 2899; x_wconf 85' lang='lat' dir='ltr'><strong>Verum</strong></span> 
     </span>
    </p>
   </div>
   <div class='ocr_carea' id='block_1_31' title="bbox 365 2936 1953 3005">
    <p class='ocr_par' dir='ltr' id='par_1_31' title="bbox 365 2936 1953 3005">
     <span class='ocr_line' id='line_1_31' title="bbox 365 2936 1953 3005; baseline -0.001 -14"><span class='ocrx_word' id='word_1_235' title='bbox 365 2954 476 2992; x_wconf 81' lang='lat' dir='ltr'><strong>non</strong></span> <span class='ocrx_word' id='word_1_236' title='bbox 506 2937 557 2992; x_wconf 87' lang='lat' dir='ltr'><strong>id</strong></span> <span class='ocrx_word' id='word_1_237' title='bbox 608 2937 853 3005; x_wconf 91' lang='lat' dir='ltr'><strong>queritur</strong></span> <span class='ocrx_word' id='word_1_238' title='bbox 896 2936 1183 2992; x_wconf 86' lang='lat' dir='ltr'><strong>Jausenius</strong></span> <span class='ocrx_word' id='word_1_239' title='bbox 1218 2952 1234 2991; x_wconf 85' lang='lat'><strong>:</strong></span> <span class='ocrx_word' id='word_1_240' title='bbox 1269 2948 1323 2991; x_wconf 92' lang='lat' dir='ltr'><strong>at</strong></span> <span class='ocrx_word' id='word_1_241' title='bbox 1352 2937 1520 2991; x_wconf 88' lang='lat' dir='ltr'><strong>latere</strong></span> <span class='ocrx_word' id='word_1_242' title='bbox 1568 2937 1659 2992; x_wconf 91' lang='lat' dir='ltr'><strong>hic</strong></span> <span class='ocrx_word' id='word_1_243' title='bbox 1690 2947 1953 2991; x_wconf 88' lang='lat' dir='ltr'><strong>causatur</strong></span> 
     </span>
    </p>
   </div>
   <div class='ocr_carea' id='block_1_32' title="bbox 375 3027 1957 3099">
    <p class='ocr_par' dir='ltr' id='par_1_32' title="bbox 375 3027 1957 3099">
     <span class='ocr_line' id='line_1_32' title="bbox 375 3027 1957 3099; baseline 0.001 -16"><span class='ocrx_word' id='word_1_244' title='bbox 375 3030 571 3099; x_wconf 88' lang='lat' dir='ltr'><strong>dogma</strong></span> <span class='ocrx_word' id='word_1_245' title='bbox 606 3028 803 3098; x_wconf 83' lang='lat' dir='ltr'><strong>Pelagii</strong></span> <span class='ocrx_word' id='word_1_246' title='bbox 831 3028 896 3083; x_wconf 93' lang='lat' dir='ltr'><strong>de</strong></span> <span class='ocrx_word' id='word_1_247' title='bbox 932 3031 1201 3098; x_wconf 90' lang='lat' dir='ltr'><strong>operanda</strong></span> <span class='ocrx_word' id='word_1_248' title='bbox 1228 3044 1323 3098; x_wconf 91' lang='lat' dir='ltr'><strong>per</strong></span> <span class='ocrx_word' id='word_1_249' title='bbox 1350 3028 1517 3099; x_wconf 90' lang='lat' dir='ltr'><strong>legem</strong></span> <span class='ocrx_word' id='word_1_250' title='bbox 1542 3027 1776 3097; x_wconf 79' lang='lat' dir='ltr'><strong>iustitia,</strong></span> <span class='ocrx_word' id='word_1_251' title='bbox 1802 3029 1957 3084; x_wconf 81' lang='lat' dir='ltr'><strong>dum-</strong></span> 
     </span>
    </p>
   </div>
   <div class='ocr_carea' id='block_1_33' title="bbox 372 3122 1952 3193">
    <p class='ocr_par' dir='ltr' id='par_1_33' title="bbox 372 3122 1952 3193">
     <span class='ocr_line' id='line_1_33' title="bbox 372 3122 1952 3193; baseline 0 -17"><span class='ocrx_word' id='word_1_252' title='bbox 372 3124 534 3179; x_wconf 89' lang='lat' dir='ltr'><strong>modo</strong></span> <span class='ocrx_word' id='word_1_253' title='bbox 570 3123 818 3177; x_wconf 88' lang='lat' dir='ltr'><strong>remissio</strong></span> <span class='ocrx_word' id='word_1_254' title='bbox 848 3131 1194 3191; x_wconf 88' lang='lat' dir='ltr'><strong>peccatorum</strong></span> <span class='ocrx_word' id='word_1_255' title='bbox 1224 3137 1320 3193; x_wconf 91' lang='lat' dir='ltr'><strong>per</strong></span> <span class='ocrx_word' id='word_1_256' title='bbox 1353 3122 1512 3177; x_wconf 90' lang='lat' dir='ltr'><strong>ﬁdem</strong></span> <span class='ocrx_word' id='word_1_257' title='bbox 1547 3122 1671 3175; x_wconf 88' lang='lat' dir='ltr'><strong>data</strong></span> <span class='ocrx_word' id='word_1_258' title='bbox 1719 3137 1952 3191; x_wconf 67' lang='lat' dir='ltr'><strong>praeces-</strong></span> 
     </span>
    </p>
   </div>
   <div class='ocr_carea' id='block_1_34' title="bbox 370 3212 1951 3284">
    <p class='ocr_par' dir='ltr' id='par_1_34' title="bbox 370 3212 1951 3284">
     <span class='ocr_line' id='line_1_34' title="bbox 370 3212 1951 3284; baseline 0.001 -16"><span class='ocrx_word' id='word_1_259' title='bbox 370 3220 528 3269; x_wconf 89' lang='lat' dir='ltr'><strong>serit.</strong></span> <span class='ocrx_word' id='word_1_260' title='bbox 562 3214 766 3271; x_wconf 88' lang='lat' dir='ltr'><strong>Debere</strong></span> <span class='ocrx_word' id='word_1_261' title='bbox 800 3215 1013 3283; x_wconf 89' lang='lat' dir='ltr'><strong>quidem</strong></span> <span class='ocrx_word' id='word_1_262' title='bbox 1054 3228 1084 3268; x_wconf 89' lang='lat' dir='ltr'><strong>a</strong></span> <span class='ocrx_word' id='word_1_263' title='bbox 1121 3213 1227 3268; x_wconf 90' lang='lat' dir='ltr'><strong>ﬁde</strong></span> <span class='ocrx_word' id='word_1_264' title='bbox 1270 3212 1711 3284; x_wconf 20' lang='lat' dir='ltr'><strong>justiﬁcalironem</strong></span> <span class='ocrx_word' id='word_1_265' title='bbox 1752 3214 1951 3269; x_wconf 90' lang='lat' dir='ltr'><strong>ducere</strong></span> 
     </span>
    </p>
   </div>
   <div class='ocr_carea' id='block_1_35' title="bbox 366 3305 1953 3375">
    <p class='ocr_par' dir='ltr' id='par_1_35' title="bbox 366 3305 1953 3375">
     <span class='ocr_line' id='line_1_35' title="bbox 366 3305 1953 3375; baseline -0.001 -14"><span class='ocrx_word' id='word_1_266' title='bbox 366 3307 684 3372; x_wconf 82' lang='lat' dir='ltr'><strong>exordium;</strong></span> <span class='ocrx_word' id='word_1_267' title='bbox 726 3305 1082 3375; x_wconf 88' lang='lat' dir='ltr'><strong>eamdemque</strong></span> <span class='ocrx_word' id='word_1_268' title='bbox 1114 3315 1334 3375; x_wconf 89' lang='lat' dir='ltr'><strong>peccata</strong></span> <span class='ocrx_word' id='word_1_269' title='bbox 1388 3305 1587 3371; x_wconf 90' lang='lat' dir='ltr'><strong>delere,</strong></span> <span class='ocrx_word' id='word_1_270' title='bbox 1656 3314 1709 3360; x_wconf 94' lang='lat' dir='ltr'><strong>et</strong></span> <span class='ocrx_word' id='word_1_271' title='bbox 1750 3305 1838 3361; x_wconf 90' lang='lat' dir='ltr'><strong>hic</strong></span> <span class='ocrx_word' id='word_1_272' title='bbox 1871 3306 1953 3360; x_wconf 84' lang='lat' dir='ltr'><strong>di-</strong></span> 
     </span>
    </p>
   </div>
   <div class='ocr_carea' id='block_1_36' title="bbox 373 3397 1952 3468">
    <p class='ocr_par' dir='ltr' id='par_1_36' title="bbox 373 3397 1952 3468">
     <span class='ocr_line' id='line_1_36' title="bbox 373 3397 1952 3468; baseline -0.001 -16"><span class='ocrx_word' id='word_1_273' title='bbox 373 3399 520 3453; x_wconf 85' lang='lat' dir='ltr'><strong>xisse</strong></span> <span class='ocrx_word' id='word_1_274' title='bbox 546 3399 776 3453; x_wconf 83' lang='lat' dir='ltr'><strong>fatemur</strong></span> <span class='ocrx_word' id='word_1_275' title='bbox 801 3397 1111 3466; x_wconf 91' lang='lat' dir='ltr'><strong>Origenem,</strong></span> <span class='ocrx_word' id='word_1_276' title='bbox 1163 3407 1220 3450; x_wconf 90' lang='lat' dir='ltr'><strong>et</strong></span> <span class='ocrx_word' id='word_1_277' title='bbox 1259 3404 1405 3451; x_wconf 90' lang='lat' dir='ltr'><strong>recte</strong></span> <span class='ocrx_word' id='word_1_278' title='bbox 1436 3397 1642 3453; x_wconf 82' lang='lat' dir='ltr'><strong>dixisse</strong></span> <span class='ocrx_word' id='word_1_279' title='bbox 1675 3397 1952 3468; x_wconf 89' lang='lat' dir='ltr'><strong>pertendi-</strong></span> 
     </span>
    </p>
   </div>
   <div class='ocr_carea' id='block_1_37' title="bbox 375 3487 1949 3557">
    <p class='ocr_par' dir='ltr' id='par_1_37' title="bbox 375 3487 1949 3557">
     <span class='ocr_line' id='line_1_37' title="bbox 375 3487 1949 3557; baseline 0.001 -16"><span class='ocrx_word' id='word_1_280' title='bbox 375 3504 535 3543; x_wconf 89' lang='lat' dir='ltr'><strong>mus:</strong></span> <span class='ocrx_word' id='word_1_281' title='bbox 568 3504 670 3543; x_wconf 92' lang='lat' dir='ltr'><strong>nec</strong></span> <span class='ocrx_word' id='word_1_282' title='bbox 704 3489 757 3542; x_wconf 93' lang='lat' dir='ltr'><strong>in</strong></span> <span class='ocrx_word' id='word_1_283' title='bbox 798 3504 863 3542; x_wconf 91' lang='lat' dir='ltr'><strong>eo</strong></span> <span class='ocrx_word' id='word_1_284' title='bbox 906 3490 1099 3557; x_wconf 83' lang='lat' dir='ltr'><strong>Opinor</strong></span> <span class='ocrx_word' id='word_1_285' title='bbox 1134 3487 1484 3557; x_wconf 89' lang='lat' dir='ltr'><strong>Pelagiauum</strong></span> <span class='ocrx_word' id='word_1_286' title='bbox 1517 3488 1646 3541; x_wconf 90' lang='lat' dir='ltr'><strong>illud</strong></span> <span class='ocrx_word' id='word_1_287' title='bbox 1694 3489 1949 3557; x_wconf 91' lang='lat' dir='ltr'><strong>placitum</strong></span> 
     </span>
    </p>
   </div>
   <div class='ocr_carea' id='block_1_38' title="bbox 371 3575 1953 3647">
    <p class='ocr_par' dir='ltr' id='par_1_38' title="bbox 371 3575 1953 3647">
     <span class='ocr_line' id='line_1_38' title="bbox 371 3575 1953 3647; baseline 0.001 -16"><span class='ocrx_word' id='word_1_288' title='bbox 371 3575 659 3633; x_wconf 81' lang='lat' dir='ltr'><strong>Jausenius</strong></span> <span class='ocrx_word' id='word_1_289' title='bbox 713 3579 947 3647; x_wconf 86' lang='lat' dir='ltr'><strong>positum</strong></span> <span class='ocrx_word' id='word_1_290' title='bbox 975 3592 1094 3631; x_wconf 88' lang='lat' dir='ltr'><strong>esse</strong></span> <span class='ocrx_word' id='word_1_291' title='bbox 1128 3576 1317 3640; x_wconf 88' lang='lat' dir='ltr'><strong>voluit,</strong></span> <span class='ocrx_word' id='word_1_292' title='bbox 1373 3576 1465 3630; x_wconf 91' lang='lat' dir='ltr'><strong>sed</strong></span> <span class='ocrx_word' id='word_1_293' title='bbox 1526 3577 1577 3630; x_wconf 93' lang='lat' dir='ltr'><strong>in</strong></span> <span class='ocrx_word' id='word_1_294' title='bbox 1614 3578 1865 3645; x_wconf 82' lang='lat' dir='ltr'><strong>dogmate</strong></span> <span class='ocrx_word' id='word_1_295' title='bbox 1887 3578 1953 3633; x_wconf 92' lang='lat' dir='ltr'><strong>de</strong></span> 
     </span>
    </p>
   </div>
   <div class='ocr_carea' id='block_1_39' title="bbox 373 3668 1953 3741">
    <p class='ocr_par' dir='ltr' id='par_1_39' title="bbox 373 3668 1953 3741">
     <span class='ocr_line' id='line_1_39' title="bbox 373 3668 1953 3741; baseline 0 -15"><span class='ocrx_word' id='word_1_296' title='bbox 373 3674 644 3740; x_wconf 87' lang='lat' dir='ltr'><strong>operanda</strong></span> <span class='ocrx_word' id='word_1_297' title='bbox 681 3687 778 3741; x_wconf 90' lang='lat' dir='ltr'><strong>per</strong></span> <span class='ocrx_word' id='word_1_298' title='bbox 805 3671 973 3739; x_wconf 88' lang='lat' dir='ltr'><strong>legem</strong></span> <span class='ocrx_word' id='word_1_299' title='bbox 999 3671 1231 3740; x_wconf 86' lang='lat' dir='ltr'><strong>justitia,</strong></span> <span class='ocrx_word' id='word_1_300' title='bbox 1274 3670 1415 3737; x_wconf 90' lang='lat' dir='ltr'><strong>quod</strong></span> <span class='ocrx_word' id='word_1_301' title='bbox 1450 3668 1794 3739; x_wconf 84' lang='lat' dir='ltr'><strong>Pelagianum</strong></span> <span class='ocrx_word' id='word_1_302' title='bbox 1833 3684 1953 3726; x_wconf 90' lang='lat' dir='ltr'><strong>esse</strong></span> 
     </span>
    </p>
   </div>
   <div class='ocr_carea' id='block_1_40' title="bbox 375 3761 1951 3832">
    <p class='ocr_par' dir='ltr' id='par_1_40' title="bbox 375 3761 1951 3832">
     <span class='ocr_line' id='line_1_40' title="bbox 375 3761 1951 3832; baseline 0.001 -19"><span class='ocrx_word' id='word_1_303' title='bbox 375 3763 744 3832; x_wconf 86' lang='lat' dir='ltr'><strong>agnoscimus,</strong></span> <span class='ocrx_word' id='word_1_304' title='bbox 776 3763 868 3817; x_wconf 88' lang='lat' dir='ltr'><strong>sed</strong></span> <span class='ocrx_word' id='word_1_305' title='bbox 904 3764 971 3817; x_wconf 86' lang='lat' dir='ltr'><strong>ab</strong></span> <span class='ocrx_word' id='word_1_306' title='bbox 1011 3764 1113 3816; x_wconf 88' lang='lat' dir='ltr'><strong>hoc</strong></span> <span class='ocrx_word' id='word_1_307' title='bbox 1144 3761 1392 3831; x_wconf 90' lang='lat' dir='ltr'><strong>Origenis</strong></span> <span class='ocrx_word' id='word_1_308' title='bbox 1427 3761 1546 3816; x_wconf 83' lang='lat' dir='ltr'><strong>loco</strong></span> <span class='ocrx_word' id='word_1_309' title='bbox 1576 3761 1732 3830; x_wconf 88' lang='lat' dir='ltr'><strong>longe</strong></span> <span class='ocrx_word' id='word_1_310' title='bbox 1767 3761 1951 3830; x_wconf 88' lang='lat' dir='ltr'><strong>procul</strong></span> 
     </span>
    </p>
   </div>
   <div class='ocr_carea' id='block_1_41' title="bbox 374 3852 1954 3924">
    <p class='ocr_par' dir='ltr' id='par_1_41' title="bbox 374 3852 1954 3924">
     <span class='ocr_line' id='line_1_41' title="bbox 374 3852 1954 3924; baseline 0.001 -18"><span class='ocrx_word' id='word_1_311' title='bbox 374 3855 563 3907; x_wconf 85' lang='lat' dir='ltr'><strong>abesse</strong></span> <span class='ocrx_word' id='word_1_312' title='bbox 594 3869 913 3924; x_wconf 83' lang='lat' dir='ltr'><strong>pugnamus.</strong></span> <span class='ocrx_word' id='word_1_313' title='bbox 934 3854 1218 3920; x_wconf 85' lang='lat' dir='ltr'><strong>Quomodo</strong></span> <span class='ocrx_word' id='word_1_314' title='bbox 1247 3853 1389 3906; x_wconf 90' lang='lat' dir='ltr'><strong>enim</strong></span> <span class='ocrx_word' id='word_1_315' title='bbox 1410 3852 1739 3922; x_wconf 88' lang='lat' dir='ltr'><strong>operandam</strong></span> <span class='ocrx_word' id='word_1_316' title='bbox 1780 3853 1954 3908; x_wconf 90' lang='lat' dir='ltr'><strong>sensit</strong></span> 
     </span>
    </p>
   </div>
   <div class='ocr_carea' id='block_1_42' title="bbox 375 3944 1953 4018">
    <p class='ocr_par' dir='ltr' id='par_1_42' title="bbox 375 3944 1953 4018">
     <span class='ocr_line' id='line_1_42' title="bbox 375 3944 1953 4018; baseline 0.001 -19"><span class='ocrx_word' id='word_1_317' title='bbox 375 3962 470 4016; x_wconf 92' lang='lat' dir='ltr'><strong>per</strong></span> <span class='ocrx_word' id='word_1_318' title='bbox 505 3946 677 4018; x_wconf 83' lang='lat' dir='ltr'><strong>legem</strong></span> <span class='ocrx_word' id='word_1_319' title='bbox 706 3947 994 4017; x_wconf 87' lang='lat' dir='ltr'><strong>justitiam,</strong></span> <span class='ocrx_word' id='word_1_320' title='bbox 1026 3947 1113 4015; x_wconf 88' lang='lat' dir='ltr'><strong>qui</strong></span> <span class='ocrx_word' id='word_1_321' title='bbox 1135 3944 1578 4013; x_wconf 90' lang='lat' dir='ltr'><strong>justiﬁcationem</strong></span> <span class='ocrx_word' id='word_1_322' title='bbox 1601 3946 1735 4014; x_wconf 86' lang='lat' dir='ltr'><strong>legis</strong></span> <span class='ocrx_word' id='word_1_323' title='bbox 1762 3948 1953 4001; x_wconf 84' lang='lat' dir='ltr'><strong>obser-</strong></span> 
     </span>
    </p>
   </div>
   <div class='ocr_carea' id='block_1_43' title="bbox 374 4036 1948 4110">
    <p class='ocr_par' dir='ltr' id='par_1_43' title="bbox 374 4036 1948 4110">
     <span class='ocr_line' id='line_1_43' title="bbox 374 4036 1948 4110; baseline -0.002 -17"><span class='ocrx_word' id='word_1_324' title='bbox 374 4041 575 4095; x_wconf 86' lang='lat' dir='ltr'><strong>vationi</strong></span> <span class='ocrx_word' id='word_1_325' title='bbox 612 4048 939 4110; x_wconf 66' lang='lat' dir='ltr'><strong>praevertere</strong></span> <span class='ocrx_word' id='word_1_326' title='bbox 984 4039 1182 4094; x_wconf 89' lang='lat' dir='ltr'><strong>debere</strong></span> <span class='ocrx_word' id='word_1_327' title='bbox 1234 4038 1410 4092; x_wconf 81' lang='lat' dir='ltr'><strong>dixit?</strong></span> <span class='ocrx_word' id='word_1_328' title='bbox 1469 4036 1572 4093; x_wconf 85' lang='lat' dir='ltr'><strong>Per</strong></span> <span class='ocrx_word' id='word_1_329' title='bbox 1619 4037 1789 4107; x_wconf 87' lang='lat' dir='ltr'><strong>legem</strong></span> <span class='ocrx_word' id='word_1_330' title='bbox 1833 4036 1948 4101; x_wconf 88' lang='lat' dir='ltr'><strong>Dei,</strong></span> 
     </span>
    </p>
   </div>
   <div class='ocr_carea' id='block_1_44' title="bbox 380 4126 1948 4199">
    <p class='ocr_par' dir='ltr' id='par_1_44' title="bbox 380 4126 1948 4199">
     <span class='ocr_line' id='line_1_44' title="bbox 380 4126 1948 4199; baseline -0.003 -16"><span class='ocrx_word' id='word_1_331' title='bbox 380 4130 481 4185; x_wconf 91' lang='lat' dir='ltr'><strong>hoc</strong></span> <span class='ocrx_word' id='word_1_332' title='bbox 525 4139 608 4182; x_wconf 89' lang='lat' dir='ltr'><strong>est</strong></span> <span class='ocrx_word' id='word_1_333' title='bbox 638 4130 778 4184; x_wconf 90' lang='lat' dir='ltr'><strong>bona</strong></span> <span class='ocrx_word' id='word_1_334' title='bbox 809 4143 993 4199; x_wconf 89' lang='lat' dir='ltr'><strong>opera,</strong></span> <span class='ocrx_word' id='word_1_335' title='bbox 1032 4126 1301 4195; x_wconf 86' lang='lat' dir='ltr'><strong>justitiam</strong></span> <span class='ocrx_word' id='word_1_336' title='bbox 1340 4127 1556 4196; x_wconf 90' lang='lat' dir='ltr'><strong>quidem</strong></span> <span class='ocrx_word' id='word_1_337' title='bbox 1601 4126 1948 4182; x_wconf 82' lang='lat' dir='ltr'><strong>excolendam</strong></span> 
     </span>
    </p>
   </div>
   <div class='ocr_carea' id='block_1_45' title="bbox 376 4218 1952 4291">
    <p class='ocr_par' dir='ltr' id='par_1_45' title="bbox 376 4218 1952 4291">
     <span class='ocr_line' id='line_1_45' title="bbox 376 4218 1952 4291; baseline -0.004 -12"><span class='ocrx_word' id='word_1_338' title='bbox 376 4224 578 4290; x_wconf 81' lang='lat' dir='ltr'><strong>sanxit,</strong></span> <span class='ocrx_word' id='word_1_339' title='bbox 606 4223 920 4291; x_wconf 86' lang='lat' dir='ltr'><strong>neutiquam</strong></span> <span class='ocrx_word' id='word_1_340' title='bbox 955 4234 1087 4273; x_wconf 89' lang='lat' dir='ltr'><strong>vero</strong></span> <span class='ocrx_word' id='word_1_341' title='bbox 1145 4234 1239 4287; x_wconf 91' lang='lat' dir='ltr'><strong>per</strong></span> <span class='ocrx_word' id='word_1_342' title='bbox 1275 4218 1448 4289; x_wconf 81' lang='lat' dir='ltr'><strong>legem</strong></span> <span class='ocrx_word' id='word_1_343' title='bbox 1505 4218 1770 4286; x_wconf 81' lang='lat' dir='ltr'><strong>justitiam</strong></span> <span class='ocrx_word' id='word_1_344' title='bbox 1805 4232 1952 4272; x_wconf 90' lang='lat' dir='ltr'><strong>com-</strong></span> 
     </span>
    </p>
   </div>
   <div class='ocr_carea' id='block_1_46' title="bbox 378 4310 1949 4383">
    <p class='ocr_par' dir='ltr' id='par_1_46' title="bbox 378 4310 1949 4383">
     <span class='ocr_line' id='line_1_46' title="bbox 378 4310 1949 4383; baseline -0.003 -14"><span class='ocrx_word' id='word_1_345' title='bbox 378 4316 560 4383; x_wconf 88' lang='lat' dir='ltr'><strong>parari</strong></span> <span class='ocrx_word' id='word_1_346' title='bbox 608 4316 858 4370; x_wconf 88' lang='lat' dir='ltr'><strong>credidit.</strong></span> <span class='ocrx_word' id='word_1_347' title='bbox 903 4312 1029 4367; x_wconf 67' lang='lat' dir='ltr'><strong>Harc</strong></span> <span class='ocrx_word' id='word_1_348' title='bbox 1082 4311 1211 4366; x_wconf 89' lang='lat' dir='ltr'><strong>licet</strong></span> <span class='ocrx_word' id='word_1_349' title='bbox 1264 4310 1565 4379; x_wconf 90' lang='lat' dir='ltr'><strong>perspicua,</strong></span> <span class='ocrx_word' id='word_1_350' title='bbox 1614 4310 1733 4364; x_wconf 90' lang='lat' dir='ltr'><strong>aliis</strong></span> <span class='ocrx_word' id='word_1_351' title='bbox 1774 4318 1949 4364; x_wconf 92' lang='lat' dir='ltr'><strong>tamen</strong></span> 
     </span>
    </p>
   </div>
   <div class='ocr_carea' id='block_1_47' title="bbox 374 4401 1949 4477">
    <p class='ocr_par' dir='ltr' id='par_1_47' title="bbox 374 4401 1949 4477">
     <span class='ocr_line' id='line_1_47' title="bbox 374 4401 1949 4477; baseline -0.006 -14"><span class='ocrx_word' id='word_1_352' title='bbox 374 4405 628 4477; x_wconf 87' lang='lat' dir='ltr'><strong>Origenis</strong></span> <span class='ocrx_word' id='word_1_353' title='bbox 655 4407 898 4475; x_wconf 89' lang='lat' dir='ltr'><strong>ejusdem</strong></span> <span class='ocrx_word' id='word_1_354' title='bbox 941 4404 1264 4461; x_wconf 90' lang='lat' dir='ltr'><strong>testimoniis</strong></span> <span class='ocrx_word' id='word_1_355' title='bbox 1305 4403 1506 4457; x_wconf 90' lang='lat' dir='ltr'><strong>ﬁrmari</strong></span> <span class='ocrx_word' id='word_1_356' title='bbox 1536 4410 1778 4471; x_wconf 89' lang='lat' dir='ltr'><strong>possunt.</strong></span> <span class='ocrx_word' id='word_1_357' title='bbox 1823 4419 1842 4453; x_wconf 75' lang='grc' dir='ltr'><strong>ι</strong></span> <span class='ocrx_word' id='word_1_358' title='bbox 1873 4401 1949 4455; x_wconf 83' lang='grc' dir='ltr'>Ειι</span> 
     </span>
    </p>
   </div>
   <div class='ocr_carea' id='block_1_48' title="bbox 2062 553 3632 629">
    <p class='ocr_par' dir='ltr' id='par_1_48' title="bbox 2062 553 3632 629">
     <span class='ocr_line' id='line_1_48' title="bbox 2062 553 3632 629; baseline 0.004 -22"><span class='ocrx_word' id='word_1_359' title='bbox 2062 553 2300 608; x_wconf 89' lang='lat' dir='ltr'><strong>stiﬁcare</strong></span> <span class='ocrx_word' id='word_1_360' title='bbox 2331 570 2434 607; x_wconf 91' lang='lat' dir='ltr'><strong>non</strong></span> <span class='ocrx_word' id='word_1_361' title='bbox 2476 565 2726 622; x_wconf 90' lang='lat' dir='ltr'><strong>possunt,</strong></span> <span class='ocrx_word' id='word_1_362' title='bbox 2752 555 2896 623; x_wconf 88' lang='lat' dir='ltr'><strong>quod</strong></span> <span class='ocrx_word' id='word_1_363' title='bbox 2933 556 3012 610; x_wconf 92' lang='lat' dir='ltr'><strong>eis</strong></span> <span class='ocrx_word' id='word_1_364' title='bbox 3046 557 3196 611; x_wconf 87' lang='lat' dir='ltr'><strong>deest</strong></span> <span class='ocrx_word' id='word_1_365' title='bbox 3219 557 3369 621; x_wconf 89' lang='lat' dir='ltr'><strong>ﬁdes,</strong></span> <span class='ocrx_word' id='word_1_366' title='bbox 3398 574 3517 629; x_wconf 77' lang='lat' dir='ltr'><strong>quze</strong></span> <span class='ocrx_word' id='word_1_367' title='bbox 3545 571 3632 614; x_wconf 88' lang='lat' dir='ltr'><strong>est</strong></span> 
     </span>
    </p>
   </div>
   <div class='ocr_carea' id='block_1_49' title="bbox 2062 645 3631 716">
    <p class='ocr_par' dir='ltr' id='par_1_49' title="bbox 2062 645 3631 716">
     <span class='ocr_line' id='line_1_49' title="bbox 2062 645 3631 716; baseline 0.003 -17"><span class='ocrx_word' id='word_1_368' title='bbox 2062 645 2396 713; x_wconf 73' lang='lat' dir='ltr'><strong>signaculum</strong></span> <span class='ocrx_word' id='word_1_369' title='bbox 2432 660 2618 701; x_wconf 90' lang='lat' dir='ltr'><strong>eorum</strong></span> <span class='ocrx_word' id='word_1_370' title='bbox 2677 647 2770 714; x_wconf 91' lang='lat' dir='ltr'><strong>qui</strong></span> <span class='ocrx_word' id='word_1_371' title='bbox 2819 646 3186 713; x_wconf 88' lang='lat' dir='ltr'><strong>justiﬁcantur</strong></span> <span class='ocrx_word' id='word_1_372' title='bbox 3235 666 3264 702; x_wconf 91' lang='lat' dir='ltr'><strong>a</strong></span> <span class='ocrx_word' id='word_1_373' title='bbox 3322 649 3461 716; x_wconf 89' lang='lat' dir='ltr'><strong>Deo;</strong></span> <span class='ocrx_word' id='word_1_374' title='bbox 3513 669 3534 702; x_wconf 71' lang='grc' dir='ltr'><strong>ι</strong></span> <span class='ocrx_word' id='word_1_375' title='bbox 3575 661 3631 706; x_wconf 88' lang='lat' dir='ltr'><strong>et</strong></span> 
     </span>
    </p>
   </div>
   <div class='ocr_carea' id='block_1_50' title="bbox 2054 740 3629 813">
    <p class='ocr_par' dir='ltr' id='par_1_50' title="bbox 2054 740 3629 813">
     <span class='ocr_line' id='line_1_50' title="bbox 2054 740 3629 813; baseline 0.004 -21"><span class='ocrx_word' id='word_1_376' title='bbox 2054 741 2193 807; x_wconf 90' lang='lat' dir='ltr'><strong>quod</strong></span> <span class='ocrx_word' id='word_1_377' title='bbox 2221 740 2358 794; x_wconf 86' lang='lat' dir='ltr'><strong>libro</strong></span> <span class='ocrx_word' id='word_1_378' title='bbox 2380 748 2662 808; x_wconf 88' lang='lat' dir='ltr'><strong>sequente,</strong></span> <span class='ocrx_word' id='word_1_379' title='bbox 2689 755 2838 793; x_wconf 87' lang='lat' dir='ltr'><strong>num.</strong></span> <span class='ocrx_word' id='word_1_380' title='bbox 2869 741 2924 803; x_wconf 80' lang='lat' dir='ltr'><strong>l,</strong></span> <span class='ocrx_word' id='word_1_381' title='bbox 2956 756 3075 809; x_wconf 91' lang='lat' dir='ltr'><strong>pag.</strong></span> <span class='ocrx_word' id='word_1_382' title='bbox 3100 741 3196 796; x_wconf 77' lang='grc'><strong>521</strong></span> <span class='ocrx_word' id='word_1_383' title='bbox 3234 760 3247 797; x_wconf 87' lang='lat'><strong>:</strong></span> <span class='ocrx_word' id='word_1_384' title='bbox 3281 760 3301 793; x_wconf 75' lang='grc' dir='ltr'><strong>ι</strong></span> <span class='ocrx_word' id='word_1_385' title='bbox 3339 745 3629 813; x_wconf 79' lang='lat' dir='ltr'><strong>Propterea</strong></span> 
     </span>
    </p>
   </div>
   <div class='ocr_carea' id='block_1_51' title="bbox 2052 832 3631 903">
    <p class='ocr_par' dir='ltr' id='par_1_51' title="bbox 2052 832 3631 903">
     <span class='ocr_line' id='line_1_51' title="bbox 2052 832 3631 903; baseline 0.001 -16"><span class='ocrx_word' id='word_1_386' title='bbox 2052 848 2182 903; x_wconf 87' lang='lat' dir='ltr'><strong>ergo</strong></span> <span class='ocrx_word' id='word_1_387' title='bbox 2214 843 2267 887; x_wconf 90' lang='lat' dir='ltr'><strong>et</strong></span> <span class='ocrx_word' id='word_1_388' title='bbox 2300 833 2351 886; x_wconf 93' lang='lat' dir='ltr'><strong>iu</strong></span> <span class='ocrx_word' id='word_1_389' title='bbox 2399 832 2505 887; x_wconf 91' lang='lat' dir='ltr'><strong>alio</strong></span> <span class='ocrx_word' id='word_1_390' title='bbox 2546 832 2841 902; x_wconf 73' lang='lat' dir='ltr'><strong>Scriptura:</strong></span> <span class='ocrx_word' id='word_1_391' title='bbox 2893 834 3011 887; x_wconf 84' lang='lat' dir='ltr'><strong>loco</strong></span> <span class='ocrx_word' id='word_1_392' title='bbox 3043 835 3088 865; x_wconf 85' lang='lat'><strong>&quot;°</strong></span> <span class='ocrx_word' id='word_1_393' title='bbox 3116 834 3315 887; x_wconf 88' lang='lat' dir='ltr'><strong>dicitur</strong></span> <span class='ocrx_word' id='word_1_394' title='bbox 3364 836 3431 889; x_wconf 92' lang='lat' dir='ltr'><strong>de</strong></span> <span class='ocrx_word' id='word_1_395' title='bbox 3459 836 3631 889; x_wconf 85' lang='lat' dir='ltr'><strong>Abra-</strong></span> 
     </span>
    </p>
   </div>
   <div class='ocr_carea' id='block_1_52' title="bbox 2053 921 3629 992">
    <p class='ocr_par' dir='ltr' id='par_1_52' title="bbox 2053 921 3629 992">
     <span class='ocr_line' id='line_1_52' title="bbox 2053 921 3629 992; baseline -0.001 -14"><span class='ocrx_word' id='word_1_396' title='bbox 2053 924 2200 989; x_wconf 91' lang='lat' dir='ltr'><strong>ham,</strong></span> <span class='ocrx_word' id='word_1_397' title='bbox 2240 923 2379 991; x_wconf 89' lang='lat' dir='ltr'><strong>quod</strong></span> <span class='ocrx_word' id='word_1_398' title='bbox 2414 939 2479 977; x_wconf 86' lang='lat' dir='ltr'><strong>ex</strong></span> <span class='ocrx_word' id='word_1_399' title='bbox 2521 924 2774 992; x_wconf 86' lang='lat' dir='ltr'><strong>operibus</strong></span> <span class='ocrx_word' id='word_1_400' title='bbox 2816 922 2937 976; x_wconf 87' lang='lat' dir='ltr'><strong>ﬁdei</strong></span> <span class='ocrx_word' id='word_1_401' title='bbox 2984 921 3313 990; x_wconf 90' lang='lat' dir='ltr'><strong>justiﬁcatus</strong></span> <span class='ocrx_word' id='word_1_402' title='bbox 3356 922 3467 988; x_wconf 92' lang='lat' dir='ltr'><strong>sit;</strong></span> <span class='ocrx_word' id='word_1_403' title='bbox 3501 924 3629 990; x_wconf 87' lang='lat' dir='ltr'><strong>quia</strong></span> 
     </span>
    </p>
   </div>
   <div class='ocr_carea' id='block_1_53' title="bbox 2054 1015 3627 1085">
    <p class='ocr_par' dir='ltr' id='par_1_53' title="bbox 2054 1015 3627 1085">
     <span class='ocr_line' id='line_1_53' title="bbox 2054 1015 3627 1085; baseline -0.001 -14"><span class='ocrx_word' id='word_1_404' title='bbox 2054 1027 2259 1071; x_wconf 91' lang='lat' dir='ltr'><strong>certum</strong></span> <span class='ocrx_word' id='word_1_405' title='bbox 2284 1026 2369 1071; x_wconf 91' lang='lat' dir='ltr'><strong>est</strong></span> <span class='ocrx_word' id='word_1_406' title='bbox 2393 1032 2513 1070; x_wconf 91' lang='lat' dir='ltr'><strong>eum</strong></span> <span class='ocrx_word' id='word_1_407' title='bbox 2539 1017 2627 1085; x_wconf 91' lang='lat' dir='ltr'><strong>qui</strong></span> <span class='ocrx_word' id='word_1_408' title='bbox 2658 1032 2782 1071; x_wconf 91' lang='lat' dir='ltr'><strong>vere</strong></span> <span class='ocrx_word' id='word_1_409' title='bbox 2806 1016 3147 1082; x_wconf 89' lang='lat' dir='ltr'><strong>credit,opus</strong></span> <span class='ocrx_word' id='word_1_410' title='bbox 3172 1016 3290 1069; x_wconf 90' lang='lat' dir='ltr'><strong>ﬁdei</strong></span> <span class='ocrx_word' id='word_1_411' title='bbox 3313 1015 3627 1081; x_wconf 71' lang='lat' dir='ltr'><strong>etjustitize,</strong></span> 
     </span>
    </p>
   </div>
   <div class='ocr_carea' id='block_1_54' title="bbox 2052 1106 3629 1175">
    <p class='ocr_par' dir='ltr' id='par_1_54' title="bbox 2052 1106 3629 1175">
     <span class='ocr_line' id='line_1_54' title="bbox 2052 1106 3629 1175; baseline -0.001 -13"><span class='ocrx_word' id='word_1_412' title='bbox 2052 1118 2107 1162; x_wconf 89' lang='lat' dir='ltr'><strong>et</strong></span> <span class='ocrx_word' id='word_1_413' title='bbox 2157 1108 2326 1163; x_wconf 89' lang='lat' dir='ltr'><strong>totius</strong></span> <span class='ocrx_word' id='word_1_414' title='bbox 2378 1107 2637 1163; x_wconf 83' lang='lat' dir='ltr'><strong>bonitatis</strong></span> <span class='ocrx_word' id='word_1_415' title='bbox 2681 1107 2927 1175; x_wconf 81' lang='lat' dir='ltr'><strong>operari.</strong></span> <span class='ocrx_word' id='word_1_416' title='bbox 2958 1126 2975 1158; x_wconf 76' lang='grc' dir='ltr'><strong><em>ο</em></strong></span> <span class='ocrx_word' id='word_1_417' title='bbox 3040 1107 3213 1162; x_wconf 88' lang='lat' dir='ltr'><strong>Caute</strong></span> <span class='ocrx_word' id='word_1_418' title='bbox 3254 1122 3380 1159; x_wconf 89' lang='lat' dir='ltr'><strong>vero</strong></span> <span class='ocrx_word' id='word_1_419' title='bbox 3413 1107 3512 1160; x_wconf 89' lang='lat' dir='ltr'><strong>ista</strong></span> <span class='ocrx_word' id='word_1_420' title='bbox 3549 1106 3629 1161; x_wconf 88' lang='lat' dir='ltr'><strong>le-</strong></span> 
     </span>
    </p>
   </div>
   <div class='ocr_carea' id='block_1_55' title="bbox 2053 1200 3626 1272">
    <p class='ocr_par' dir='ltr' id='par_1_55' title="bbox 2053 1200 3626 1272">
     <span class='ocr_line' id='line_1_55' title="bbox 2053 1200 3626 1272; baseline 0.001 -19"><span class='ocrx_word' id='word_1_421' title='bbox 2053 1203 2222 1268; x_wconf 88' lang='lat' dir='ltr'><strong>genda</strong></span> <span class='ocrx_word' id='word_1_422' title='bbox 2259 1209 2406 1264; x_wconf 92' lang='lat' dir='ltr'><strong>sunt,</strong></span> <span class='ocrx_word' id='word_1_423' title='bbox 2438 1214 2558 1269; x_wconf 83' lang='lat' dir='ltr'><strong>quae</strong></span> <span class='ocrx_word' id='word_1_424' title='bbox 2590 1200 2807 1254; x_wconf 87' lang='lat' dir='ltr'><strong>disserit</strong></span> <span class='ocrx_word' id='word_1_425' title='bbox 2843 1200 2895 1253; x_wconf 95' lang='lat' dir='ltr'><strong>in</strong></span> <span class='ocrx_word' id='word_1_426' title='bbox 2927 1200 3019 1253; x_wconf 90' lang='lat' dir='ltr'><strong>lib.</strong></span> <span class='ocrx_word' id='word_1_427' title='bbox 3048 1215 3131 1267; x_wconf 82' lang='lat' dir='ltr'><strong>tu,</strong></span> <span class='ocrx_word' id='word_1_428' title='bbox 3178 1216 3326 1254; x_wconf 87' lang='lat' dir='ltr'><strong>ntun.</strong></span> <span class='ocrx_word' id='word_1_429' title='bbox 3368 1201 3454 1262; x_wconf 75' lang='grc'>10,</span> <span class='ocrx_word' id='word_1_430' title='bbox 3503 1216 3626 1272; x_wconf 88' lang='lat' dir='ltr'><strong>pag.</strong></span> 
     </span>
    </p>
   </div>
   <div class='ocr_carea' id='block_1_56' title="bbox 2054 1290 3629 1362">
    <p class='ocr_par' dir='ltr' id='par_1_56' title="bbox 2054 1290 3629 1362">
     <span class='ocr_line' id='line_1_56' title="bbox 2054 1290 3629 1362; baseline 0.002 -18"><span class='ocrx_word' id='word_1_431' title='bbox 2054 1290 2186 1345; x_wconf 70' lang='lat'><strong>519:</strong></span> <span class='ocrx_word' id='word_1_432' title='bbox 2230 1308 2249 1340; x_wconf 71' lang='grc' dir='ltr'><strong>ι</strong></span> <span class='ocrx_word' id='word_1_433' title='bbox 2284 1291 2435 1356; x_wconf 87' lang='lat' dir='ltr'><strong>Quod</strong></span> <span class='ocrx_word' id='word_1_434' title='bbox 2469 1292 2514 1345; x_wconf 89' lang='lat' dir='ltr'><strong>si</strong></span> <span class='ocrx_word' id='word_1_435' title='bbox 2543 1290 2791 1359; x_wconf 87' lang='lat' dir='ltr'><strong>requirat</strong></span> <span class='ocrx_word' id='word_1_436' title='bbox 2826 1291 3024 1358; x_wconf 91' lang='lat' dir='ltr'><strong>aliquis</strong></span> <span class='ocrx_word' id='word_1_437' title='bbox 3049 1292 3336 1355; x_wconf 88' lang='lat' dir='ltr'><strong>curiosius,</strong></span> <span class='ocrx_word' id='word_1_438' title='bbox 3377 1292 3411 1346; x_wconf 93' lang='lat' dir='ltr'><strong>ii</strong></span> <span class='ocrx_word' id='word_1_439' title='bbox 3444 1293 3533 1362; x_wconf 91' lang='lat' dir='ltr'><strong>qui</strong></span> <span class='ocrx_word' id='word_1_440' title='bbox 3562 1308 3629 1347; x_wconf 85' lang='lat' dir='ltr'><strong>ex</strong></span> 
     </span>
    </p>
   </div>
   <div class='ocr_carea' id='block_1_57' title="bbox 2054 1383 3629 1454">
    <p class='ocr_par' dir='ltr' id='par_1_57' title="bbox 2054 1383 3629 1454">
     <span class='ocr_line' id='line_1_57' title="bbox 2054 1383 3629 1454; baseline 0.002 -17"><span class='ocrx_word' id='word_1_441' title='bbox 2054 1385 2157 1439; x_wconf 89' lang='lat' dir='ltr'><strong>ﬁde</strong></span> <span class='ocrx_word' id='word_1_442' title='bbox 2180 1384 2572 1451; x_wconf 86' lang='lat' dir='ltr'><strong>justiﬁcautur,</strong></span> <span class='ocrx_word' id='word_1_443' title='bbox 2599 1400 2696 1453; x_wconf 91' lang='lat' dir='ltr'><strong>per</strong></span> <span class='ocrx_word' id='word_1_444' title='bbox 2727 1400 2885 1454; x_wconf 88' lang='lat' dir='ltr'><strong>quem</strong></span> <span class='ocrx_word' id='word_1_445' title='bbox 2915 1383 3381 1450; x_wconf 84' lang='lat' dir='ltr'><strong>justiﬁcentur;et</strong></span> <span class='ocrx_word' id='word_1_446' title='bbox 3412 1400 3629 1440; x_wconf 87' lang='lat' dir='ltr'><strong>rursum</strong></span> 
     </span>
    </p>
   </div>
   <div class='ocr_carea' id='block_1_58' title="bbox 2054 1475 3628 1545">
    <p class='ocr_par' dir='ltr' id='par_1_58' title="bbox 2054 1475 3628 1545">
     <span class='ocr_line' id='line_1_58' title="bbox 2054 1475 3628 1545; baseline 0.001 -16"><span class='ocrx_word' id='word_1_447' title='bbox 2054 1476 2088 1529; x_wconf 90' lang='lat' dir='ltr'><strong>ii</strong></span> <span class='ocrx_word' id='word_1_448' title='bbox 2115 1476 2204 1545; x_wconf 88' lang='lat' dir='ltr'><strong>qui</strong></span> <span class='ocrx_word' id='word_1_449' title='bbox 2240 1491 2336 1545; x_wconf 90' lang='lat' dir='ltr'><strong>per</strong></span> <span class='ocrx_word' id='word_1_450' title='bbox 2380 1476 2539 1530; x_wconf 88' lang='lat' dir='ltr'><strong>ﬁdem</strong></span> <span class='ocrx_word' id='word_1_451' title='bbox 2570 1475 2959 1543; x_wconf 89' lang='lat' dir='ltr'><strong>justilicantur,</strong></span> <span class='ocrx_word' id='word_1_452' title='bbox 2989 1491 3055 1529; x_wconf 92' lang='lat' dir='ltr'><strong>ex</strong></span> <span class='ocrx_word' id='word_1_453' title='bbox 3086 1490 3192 1544; x_wconf 92' lang='lat' dir='ltr'><strong>quo</strong></span> <span class='ocrx_word' id='word_1_454' title='bbox 3218 1475 3628 1545; x_wconf 87' lang='lat' dir='ltr'><strong>justiﬁcentur:</strong></span> 
     </span>
    </p>
   </div>
   <div class='ocr_carea' id='block_1_59' title="bbox 2053 1566 3630 1633">
    <p class='ocr_par' dir='ltr' id='par_1_59' title="bbox 2053 1566 3630 1633">
     <span class='ocr_line' id='line_1_59' title="bbox 2053 1566 3630 1633; baseline 0.001 -12"><span class='ocrx_word' id='word_1_455' title='bbox 2053 1568 2180 1621; x_wconf 86' lang='lat' dir='ltr'><strong>licet</strong></span> <span class='ocrx_word' id='word_1_456' title='bbox 2210 1566 2462 1623; x_wconf 83' lang='lat' dir='ltr'><strong>fortassis</strong></span> <span class='ocrx_word' id='word_1_457' title='bbox 2494 1568 2661 1621; x_wconf 90' lang='lat' dir='ltr'><strong>multa</strong></span> <span class='ocrx_word' id='word_1_458' title='bbox 2716 1568 2768 1621; x_wconf 93' lang='lat' dir='ltr'><strong>in</strong></span> <span class='ocrx_word' id='word_1_459' title='bbox 2798 1568 2899 1623; x_wconf 91' lang='lat' dir='ltr'><strong>hoc</strong></span> <span class='ocrx_word' id='word_1_460' title='bbox 2934 1569 3226 1623; x_wconf 84' lang='lat' dir='ltr'><strong>curiositas</strong></span> <span class='ocrx_word' id='word_1_461' title='bbox 3248 1568 3518 1633; x_wconf 83' lang='lat' dir='ltr'><strong>videatur,</strong></span> <span class='ocrx_word' id='word_1_462' title='bbox 3548 1578 3630 1623; x_wconf 85' lang='lat' dir='ltr'><strong>ta-</strong></span> 
     </span>
    </p>
   </div>
   <div class='ocr_carea' id='block_1_60' title="bbox 2053 1657 3631 1729">
    <p class='ocr_par' dir='ltr' id='par_1_60' title="bbox 2053 1657 3631 1729">
     <span class='ocr_line' id='line_1_60' title="bbox 2053 1657 3631 1729; baseline 0.002 -17"><span class='ocrx_word' id='word_1_463' title='bbox 2053 1673 2173 1712; x_wconf 88' lang='lat' dir='ltr'><strong>men</strong></span> <span class='ocrx_word' id='word_1_464' title='bbox 2196 1658 2579 1713; x_wconf 88' lang='lat' dir='ltr'><strong>convenienter</strong></span> <span class='ocrx_word' id='word_1_465' title='bbox 2604 1657 2786 1714; x_wconf 91' lang='lat' dir='ltr'><strong>dicere</strong></span> <span class='ocrx_word' id='word_1_466' title='bbox 2812 1675 3114 1729; x_wconf 88' lang='lat' dir='ltr'><strong>possumus,</strong></span> <span class='ocrx_word' id='word_1_467' title='bbox 3144 1659 3284 1729; x_wconf 89' lang='lat' dir='ltr'><strong>quod</strong></span> <span class='ocrx_word' id='word_1_468' title='bbox 3313 1660 3403 1728; x_wconf 85' lang='lat' dir='ltr'><strong>qui</strong></span> <span class='ocrx_word' id='word_1_469' title='bbox 3435 1675 3496 1715; x_wconf 87' lang='lat' dir='ltr'><strong>ex</strong></span> <span class='ocrx_word' id='word_1_470' title='bbox 3528 1660 3631 1715; x_wconf 85' lang='lat' dir='ltr'><strong>ﬁde</strong></span> 
     </span>
    </p>
   </div>
   <div class='ocr_carea' id='block_1_61' title="bbox 2048 1749 3633 1823">
    <p class='ocr_par' dir='ltr' id='par_1_61' title="bbox 2048 1749 3633 1823">
     <span class='ocr_line' id='line_1_61' title="bbox 2048 1749 3633 1823; baseline 0.003 -22"><span class='ocrx_word' id='word_1_471' title='bbox 2048 1749 2436 1817; x_wconf 90' lang='lat' dir='ltr'><strong>justiﬁcantur,</strong></span> <span class='ocrx_word' id='word_1_472' title='bbox 2486 1751 2645 1807; x_wconf 91' lang='lat' dir='ltr'><strong>initio</strong></span> <span class='ocrx_word' id='word_1_473' title='bbox 2678 1766 2747 1805; x_wconf 88' lang='lat' dir='ltr'><strong>ex</strong></span> <span class='ocrx_word' id='word_1_474' title='bbox 2781 1753 2884 1806; x_wconf 89' lang='lat' dir='ltr'><strong>ﬁde</strong></span> <span class='ocrx_word' id='word_1_475' title='bbox 2937 1764 3174 1820; x_wconf 86' lang='lat' dir='ltr'><strong>sumpto,</strong></span> <span class='ocrx_word' id='word_1_476' title='bbox 3243 1768 3338 1823; x_wconf 87' lang='lat' dir='ltr'><strong>per</strong></span> <span class='ocrx_word' id='word_1_477' title='bbox 3365 1752 3633 1820; x_wconf 88' lang='lat' dir='ltr'><strong>adimple-</strong></span> 
     </span>
    </p>
   </div>
   <div class='ocr_carea' id='block_1_62' title="bbox 2058 1843 3629 1911">
    <p class='ocr_par' dir='ltr' id='par_1_62' title="bbox 2058 1843 3629 1911">
     <span class='ocr_line' id='line_1_62' title="bbox 2058 1843 3629 1911; baseline 0.001 -15"><span class='ocrx_word' id='word_1_478' title='bbox 2058 1843 2255 1896; x_wconf 88' lang='lat' dir='ltr'><strong>tionem</strong></span> <span class='ocrx_word' id='word_1_479' title='bbox 2310 1843 2576 1896; x_wconf 90' lang='lat' dir='ltr'><strong>bonorum</strong></span> <span class='ocrx_word' id='word_1_480' title='bbox 2637 1858 2860 1909; x_wconf 90' lang='lat' dir='ltr'><strong>operum</strong></span> <span class='ocrx_word' id='word_1_481' title='bbox 2913 1855 3398 1907; x_wconf 89' lang='lat' dir='ltr'><strong>consummantur;</strong></span> <span class='ocrx_word' id='word_1_482' title='bbox 3454 1853 3506 1897; x_wconf 92' lang='lat' dir='ltr'><strong>et</strong></span> <span class='ocrx_word' id='word_1_483' title='bbox 3539 1843 3629 1911; x_wconf 90' lang='lat' dir='ltr'><strong>qui</strong></span> 
     </span>
    </p>
   </div>
   <div class='ocr_carea' id='block_1_63' title="bbox 2054 1931 3632 2002">
    <p class='ocr_par' dir='ltr' id='par_1_63' title="bbox 2054 1931 3632 2002">
     <span class='ocr_line' id='line_1_63' title="bbox 2054 1931 3632 2002; baseline 0.003 -19"><span class='ocrx_word' id='word_1_484' title='bbox 2054 1947 2147 2000; x_wconf 88' lang='lat' dir='ltr'><strong>per</strong></span> <span class='ocrx_word' id='word_1_485' title='bbox 2180 1931 2337 1987; x_wconf 91' lang='lat' dir='ltr'><strong>ﬁdem</strong></span> <span class='ocrx_word' id='word_1_486' title='bbox 2371 1931 2760 1999; x_wconf 87' lang='lat' dir='ltr'><strong>justilicantur,</strong></span> <span class='ocrx_word' id='word_1_487' title='bbox 2786 1948 2815 1986; x_wconf 92' lang='lat' dir='ltr'><strong>a</strong></span> <span class='ocrx_word' id='word_1_488' title='bbox 2843 1934 2997 1987; x_wconf 86' lang='lat' dir='ltr'><strong>bonis</strong></span> <span class='ocrx_word' id='word_1_489' title='bbox 3023 1934 3278 1999; x_wconf 81' lang='lat' dir='ltr'><strong>cperibus</strong></span> <span class='ocrx_word' id='word_1_490' title='bbox 3306 1934 3508 1998; x_wconf 88' lang='lat' dir='ltr'><strong>exorsi,</strong></span> <span class='ocrx_word' id='word_1_491' title='bbox 3528 1940 3632 2002; x_wconf 80' lang='lat' dir='ltr'><strong>per</strong></span> 
     </span>
    </p>
   </div>
   <div class='ocr_carea' id='block_1_64' title="bbox 2055 2023 3634 2092">
    <p class='ocr_par' dir='ltr' id='par_1_64' title="bbox 2055 2023 3634 2092">
     <span class='ocr_line' id='line_1_64' title="bbox 2055 2023 3634 2092; baseline 0 -15"><span class='ocrx_word' id='word_1_492' title='bbox 2055 2024 2214 2077; x_wconf 89' lang='lat' dir='ltr'><strong>ﬁdem</strong></span> <span class='ocrx_word' id='word_1_493' title='bbox 2249 2039 2517 2078; x_wconf 90' lang='lat' dir='ltr'><strong>summam</strong></span> <span class='ocrx_word' id='word_1_494' title='bbox 2574 2024 2927 2092; x_wconf 84' lang='lat' dir='ltr'><strong>perfectionis</strong></span> <span class='ocrx_word' id='word_1_495' title='bbox 2979 2025 3273 2092; x_wconf 89' lang='lat' dir='ltr'><strong>accipiunt.</strong></span> <span class='ocrx_word' id='word_1_496' title='bbox 3324 2044 3343 2076; x_wconf 77' lang='grc' dir='ltr'><strong>ι</strong></span> <span class='ocrx_word' id='word_1_497' title='bbox 3384 2023 3514 2089; x_wconf 74' lang='lat' dir='ltr'><strong>Qum</strong></span> <span class='ocrx_word' id='word_1_498' title='bbox 3549 2032 3634 2077; x_wconf 63' lang='lat' dir='ltr'><strong>tae</strong></span> 
     </span>
    </p>
   </div>
   <div class='ocr_carea' id='block_1_65' title="bbox 2054 2114 3630 2185">
    <p class='ocr_par' dir='ltr' id='par_1_65' title="bbox 2054 2114 3630 2185">
     <span class='ocr_line' id='line_1_65' title="bbox 2054 2114 3630 2185; baseline -0.001 -16"><span class='ocrx_word' id='word_1_499' title='bbox 2054 2131 2175 2169; x_wconf 91' lang='lat' dir='ltr'><strong>men</strong></span> <span class='ocrx_word' id='word_1_500' title='bbox 2216 2114 2343 2170; x_wconf 89' lang='lat' dir='ltr'><strong>ferri</strong></span> <span class='ocrx_word' id='word_1_501' title='bbox 2390 2123 2662 2185; x_wconf 91' lang='lat' dir='ltr'><strong>poterunt,</strong></span> <span class='ocrx_word' id='word_1_502' title='bbox 2724 2115 2769 2169; x_wconf 93' lang='lat' dir='ltr'><strong>si</strong></span> <span class='ocrx_word' id='word_1_503' title='bbox 2806 2115 2876 2169; x_wconf 83' lang='lat' dir='ltr'><strong>ita</strong></span> <span class='ocrx_word' id='word_1_504' title='bbox 2911 2116 3309 2182; x_wconf 81' lang='lat' dir='ltr'><strong>intelligantur,</strong></span> <span class='ocrx_word' id='word_1_505' title='bbox 3356 2115 3630 2181; x_wconf 86' lang='lat' dir='ltr'><strong>justiﬁca-</strong></span> 
     </span>
    </p>
   </div>
   <div class='ocr_carea' id='block_1_66' title="bbox 2056 2204 3633 2287">
    <p class='ocr_par' dir='ltr' id='par_1_66' title="bbox 2056 2204 3633 2287">
     <span class='ocr_line' id='line_1_66' title="bbox 2056 2204 3633 2287; baseline -0.001 -25"><span class='ocrx_word' id='word_1_506' title='bbox 2056 2209 2183 2262; x_wconf 89' lang='lat' dir='ltr'><strong>tioni</strong></span> <span class='ocrx_word' id='word_1_507' title='bbox 2212 2208 2403 2276; x_wconf 85' lang='lat' dir='ltr'><strong>praeire</strong></span> <span class='ocrx_word' id='word_1_508' title='bbox 2425 2208 2639 2278; x_wconf 91' lang='lat' dir='ltr'><strong>quidem</strong></span> <span class='ocrx_word' id='word_1_509' title='bbox 2673 2223 2832 2278; x_wconf 90' lang='lat' dir='ltr'><strong>posse</strong></span> <span class='ocrx_word' id='word_1_510' title='bbox 2857 2224 3022 2287; x_wconf 77' lang='lat' dir='ltr'><strong>opera</strong></span> <span class='ocrx_word' id='word_1_511' title='bbox 3049 2210 3212 2271; x_wconf 84' lang='lat' dir='ltr'><strong>bona,</strong></span> <span class='ocrx_word' id='word_1_512' title='bbox 3235 2209 3326 2262; x_wconf 88' lang='lat' dir='ltr'><strong>sed</strong></span> <span class='ocrx_word' id='word_1_513' title='bbox 3356 2224 3460 2261; x_wconf 91' lang='lat' dir='ltr'><strong>non</strong></span> <span class='ocrx_word' id='word_1_514' title='bbox 3486 2204 3633 2276; x_wconf 79' lang='lat' dir='ltr'><strong>ejus-</strong></span> 
     </span>
    </p>
   </div>
   <div class='ocr_carea' id='block_1_67' title="bbox 2055 2299 3634 2369">
    <p class='ocr_par' dir='ltr' id='par_1_67' title="bbox 2055 2299 3634 2369">
     <span class='ocr_line' id='line_1_67' title="bbox 2055 2299 3634 2369; baseline -0.002 -16"><span class='ocrx_word' id='word_1_515' title='bbox 2055 2301 2218 2364; x_wconf 91' lang='lat' dir='ltr'><strong>modi,</strong></span> <span class='ocrx_word' id='word_1_516' title='bbox 2277 2316 2399 2369; x_wconf 65' lang='lat' dir='ltr'><strong>quaa</strong></span> <span class='ocrx_word' id='word_1_517' title='bbox 2447 2300 2513 2352; x_wconf 90' lang='lat' dir='ltr'><strong>ad</strong></span> <span class='ocrx_word' id='word_1_518' title='bbox 2570 2301 2713 2354; x_wconf 91' lang='lat' dir='ltr'><strong>hanc</strong></span> <span class='ocrx_word' id='word_1_519' title='bbox 2769 2300 3275 2369; x_wconf 89' lang='lat' dir='ltr'><strong>apprehendendam</strong></span> <span class='ocrx_word' id='word_1_520' title='bbox 3349 2299 3634 2353; x_wconf 84' lang='lat' dir='ltr'><strong>conferant</strong></span> 
     </span>
    </p>
   </div>
   <div class='ocr_carea' id='block_1_68' title="bbox 2054 2389 3630 2459">
    <p class='ocr_par' dir='ltr' id='par_1_68' title="bbox 2054 2389 3630 2459">
     <span class='ocr_line' id='line_1_68' title="bbox 2054 2389 3630 2459; baseline 0.003 -19"><span class='ocrx_word' id='word_1_521' title='bbox 2054 2390 2381 2457; x_wconf 87' lang='lat' dir='ltr'><strong>quidquam;</strong></span> <span class='ocrx_word' id='word_1_522' title='bbox 2412 2389 2587 2452; x_wconf 85' lang='lat' dir='ltr'><strong>qualia</strong></span> <span class='ocrx_word' id='word_1_523' title='bbox 2629 2399 2757 2442; x_wconf 88' lang='lat' dir='ltr'><strong>sunt</strong></span> <span class='ocrx_word' id='word_1_524' title='bbox 2790 2405 2956 2459; x_wconf 81' lang='lat' dir='ltr'><strong>opera</strong></span> <span class='ocrx_word' id='word_1_525' title='bbox 2986 2389 3072 2443; x_wconf 88' lang='lat' dir='ltr'><strong>illa</strong></span> <span class='ocrx_word' id='word_1_526' title='bbox 3103 2404 3221 2458; x_wconf 76' lang='lat' dir='ltr'><strong>qua:</strong></span> <span class='ocrx_word' id='word_1_527' title='bbox 3244 2389 3363 2459; x_wconf 89' lang='lat' dir='ltr'><strong>lege</strong></span> <span class='ocrx_word' id='word_1_528' title='bbox 3398 2389 3630 2444; x_wconf 88' lang='lat' dir='ltr'><strong>naturali</strong></span> 
     </span>
    </p>
   </div>
   <div class='ocr_carea' id='block_1_69' title="bbox 2055 2480 2728 2547">
    <p class='ocr_par' dir='ltr' id='par_1_69' title="bbox 2055 2480 2728 2547">
     <span class='ocr_line' id='line_1_69' title="bbox 2055 2480 2728 2547; baseline -0.001 -13"><span class='ocrx_word' id='word_1_529' title='bbox 2055 2481 2318 2534; x_wconf 87' lang='lat' dir='ltr'><strong>suadente</strong></span> <span class='ocrx_word' id='word_1_530' title='bbox 2352 2480 2728 2547; x_wconf 91' lang='lat' dir='ltr'><strong>perﬁciuntur.</strong></span> 
     </span>
    </p>
   </div>
   <div class='ocr_carea' id='block_1_70' title="bbox 2124 2571 3630 2641">
    <p class='ocr_par' dir='ltr' id='par_1_70' title="bbox 2124 2571 3630 2641">
     <span class='ocr_line' id='line_1_70' title="bbox 2124 2571 3630 2641; baseline 0 -16"><span class='ocrx_word' id='word_1_531' title='bbox 2124 2571 2307 2641; x_wconf 87' lang='lat' dir='ltr'><strong>Pergit</strong></span> <span class='ocrx_word' id='word_1_532' title='bbox 2337 2573 2628 2625; x_wconf 74' lang='lat' dir='ltr'><strong>ostendere</strong></span> <span class='ocrx_word' id='word_1_533' title='bbox 2648 2571 2936 2626; x_wconf 78' lang='lat' dir='ltr'><strong>Jansenius</strong></span> <span class='ocrx_word' id='word_1_534' title='bbox 2956 2579 3084 2625; x_wconf 88' lang='lat' dir='ltr'><strong>tom.</strong></span> <span class='ocrx_word' id='word_1_535' title='bbox 3102 2571 3141 2634; x_wconf 89' lang='grc'>1,</span> <span class='ocrx_word' id='word_1_536' title='bbox 3168 2571 3265 2625; x_wconf 88' lang='lat' dir='ltr'><strong>lib.</strong></span> <span class='ocrx_word' id='word_1_537' title='bbox 3290 2587 3367 2633; x_wconf 73' lang='lat' dir='ltr'><strong>v1,</strong></span> <span class='ocrx_word' id='word_1_538' title='bbox 3391 2587 3510 2640; x_wconf 86' lang='lat' dir='ltr'><strong>cap.</strong></span> <span class='ocrx_word' id='word_1_539' title='bbox 3538 2572 3630 2637; x_wconf 76' lang='grc' dir='ltr'>Η,</span> 
     </span>
    </p>
   </div>
   <div class='ocr_carea' id='block_1_71' title="bbox 2055 2662 3629 2735">
    <p class='ocr_par' dir='ltr' id='par_1_71' title="bbox 2055 2662 3629 2735">
     <span class='ocr_line' id='line_1_71' title="bbox 2055 2662 3629 2735; baseline 0.001 -19"><span class='ocrx_word' id='word_1_540' title='bbox 2055 2679 2244 2733; x_wconf 92' lang='lat' dir='ltr'><strong>parum</strong></span> <span class='ocrx_word' id='word_1_541' title='bbox 2277 2678 2409 2717; x_wconf 89' lang='lat' dir='ltr'><strong>sana</strong></span> <span class='ocrx_word' id='word_1_542' title='bbox 2443 2662 2610 2717; x_wconf 89' lang='lat' dir='ltr'><strong>fuisse</strong></span> <span class='ocrx_word' id='word_1_543' title='bbox 2637 2662 2890 2733; x_wconf 90' lang='lat' dir='ltr'><strong>Origenis</strong></span> <span class='ocrx_word' id='word_1_544' title='bbox 2922 2665 2989 2717; x_wconf 92' lang='lat' dir='ltr'><strong>de</strong></span> <span class='ocrx_word' id='word_1_545' title='bbox 3034 2663 3151 2732; x_wconf 82' lang='lat' dir='ltr'><strong>lege</strong></span> <span class='ocrx_word' id='word_1_546' title='bbox 3188 2663 3384 2735; x_wconf 78' lang='lat' dir='ltr'><strong>Moysis</strong></span> <span class='ocrx_word' id='word_1_547' title='bbox 3415 2663 3629 2732; x_wconf 84' lang='lat' dir='ltr'><strong>placita,</strong></span> 
     </span>
    </p>
   </div>
   <div class='ocr_carea' id='block_1_72' title="bbox 2055 2755 3635 2825">
    <p class='ocr_par' dir='ltr' id='par_1_72' title="bbox 2055 2755 3635 2825">
     <span class='ocr_line' id='line_1_72' title="bbox 2055 2755 3635 2825; baseline 0.001 -17"><span class='ocrx_word' id='word_1_548' title='bbox 2055 2765 2113 2809; x_wconf 92' lang='lat' dir='ltr'><strong>ut</strong></span> <span class='ocrx_word' id='word_1_549' title='bbox 2135 2756 2225 2824; x_wconf 90' lang='lat' dir='ltr'><strong>qui</strong></span> <span class='ocrx_word' id='word_1_550' title='bbox 2266 2770 2363 2824; x_wconf 92' lang='lat' dir='ltr'><strong>per</strong></span> <span class='ocrx_word' id='word_1_551' title='bbox 2389 2770 2507 2809; x_wconf 90' lang='lat' dir='ltr'><strong>eam</strong></span> <span class='ocrx_word' id='word_1_552' title='bbox 2560 2764 2836 2825; x_wconf 91' lang='lat' dir='ltr'><strong>peccatum</strong></span> <span class='ocrx_word' id='word_1_553' title='bbox 2870 2755 3038 2811; x_wconf 90' lang='lat' dir='ltr'><strong>fuisse</strong></span> <span class='ocrx_word' id='word_1_554' title='bbox 3082 2757 3423 2811; x_wconf 90' lang='lat' dir='ltr'><strong>imminutum</strong></span> <span class='ocrx_word' id='word_1_555' title='bbox 3454 2772 3517 2812; x_wconf 90' lang='lat' dir='ltr'><strong>ac</strong></span> <span class='ocrx_word' id='word_1_556' title='bbox 3550 2771 3635 2810; x_wconf 83' lang='lat' dir='ltr'><strong>re-</strong></span> 
     </span>
    </p>
   </div>
   <div class='ocr_carea' id='block_1_73' title="bbox 2054 2845 3635 2915">
    <p class='ocr_par' dir='ltr' id='par_1_73' title="bbox 2054 2845 3635 2915">
     <span class='ocr_line' id='line_1_73' title="bbox 2054 2845 3635 2915; baseline 0.001 -16"><span class='ocrx_word' id='word_1_557' title='bbox 2054 2846 2305 2900; x_wconf 87' lang='lat' dir='ltr'><strong>strictum</strong></span> <span class='ocrx_word' id='word_1_558' title='bbox 2353 2845 2671 2909; x_wconf 84' lang='lat' dir='ltr'><strong>crediderit,</strong></span> <span class='ocrx_word' id='word_1_559' title='bbox 2722 2855 2913 2900; x_wconf 91' lang='lat' dir='ltr'><strong>contra</strong></span> <span class='ocrx_word' id='word_1_560' title='bbox 2965 2847 3067 2900; x_wconf 91' lang='lat' dir='ltr'><strong>hoc</strong></span> <span class='ocrx_word' id='word_1_561' title='bbox 3100 2847 3342 2915; x_wconf 86' lang='lat' dir='ltr'><strong>Apostoli</strong></span> <span class='ocrx_word' id='word_1_562' title='bbox 3397 2864 3635 2914; x_wconf 86' lang='lat' dir='ltr'><strong>pronun-</strong></span> 
     </span>
    </p>
   </div>
   <div class='ocr_carea' id='block_1_74' title="bbox 2055 2934 3633 2998">
    <p class='ocr_par' dir='ltr' id='par_1_74' title="bbox 2055 2934 3633 2998">
     <span class='ocr_line' id='line_1_74' title="bbox 2055 2934 3633 2998; baseline 0.001 -9"><span class='ocrx_word' id='word_1_563' title='bbox 2055 2936 2240 2990; x_wconf 92' lang='lat' dir='ltr'><strong>tiatum</strong></span> <span class='ocrx_word' id='word_1_564' title='bbox 2275 2951 2288 2987; x_wconf 91' lang='lat'><strong>:</strong></span> <span class='ocrx_word' id='word_1_565' title='bbox 2333 2955 2351 2988; x_wconf 78' lang='grc' dir='ltr'><strong>ι</strong></span> <span class='ocrx_word' id='word_1_566' title='bbox 2381 2934 2493 2990; x_wconf 85' lang='lat' dir='ltr'><strong>Lex</strong></span> <span class='ocrx_word' id='word_1_567' title='bbox 2538 2943 2715 2989; x_wconf 83' lang='lat' dir='ltr'><strong>autem</strong></span> <span class='ocrx_word' id='word_1_568' title='bbox 2744 2935 3092 2998; x_wconf 86' lang='lat' dir='ltr'><strong>subintravit,</strong></span> <span class='ocrx_word' id='word_1_569' title='bbox 3114 2945 3171 2990; x_wconf 92' lang='lat' dir='ltr'><strong>ut</strong></span> <span class='ocrx_word' id='word_1_570' title='bbox 3205 2937 3502 2991; x_wconf 85' lang='lat' dir='ltr'><strong>abundaret</strong></span> <span class='ocrx_word' id='word_1_571' title='bbox 3535 2938 3633 2990; x_wconf 84' lang='lat' dir='ltr'><strong>de-</strong></span> 
     </span>
    </p>
   </div>
   <div class='ocr_carea' id='block_1_75' title="bbox 2055 3025 3634 3096">
    <p class='ocr_par' dir='ltr' id='par_1_75' title="bbox 2055 3025 3634 3096">
     <span class='ocr_line' id='line_1_75' title="bbox 2055 3025 3634 3096; baseline 0.001 -17"><span class='ocrx_word' id='word_1_572' title='bbox 2055 3025 2240 3080; x_wconf 90' lang='lat' dir='ltr'><strong>lictum</strong></span> <span class='ocrx_word' id='word_1_573' title='bbox 2268 3026 2345 3092; x_wconf 79' lang='lat'><strong>&quot;;</strong></span> <span class='ocrx_word' id='word_1_574' title='bbox 2393 3046 2412 3079; x_wconf 84' lang='grc'>›</span> <span class='ocrx_word' id='word_1_575' title='bbox 2439 3035 2602 3094; x_wconf 92' lang='lat' dir='ltr'><strong>atque</strong></span> <span class='ocrx_word' id='word_1_576' title='bbox 2632 3026 2745 3080; x_wconf 66' lang='lat' dir='ltr'><strong>haec</strong></span> <span class='ocrx_word' id='word_1_577' title='bbox 2776 3026 2971 3096; x_wconf 86' lang='lat' dir='ltr'><strong>placita</strong></span> <span class='ocrx_word' id='word_1_578' title='bbox 2995 3026 3194 3095; x_wconf 86' lang='lat' dir='ltr'><strong>Pelagii</strong></span> <span class='ocrx_word' id='word_1_579' title='bbox 3224 3038 3280 3081; x_wconf 90' lang='lat' dir='ltr'><strong>et</strong></span> <span class='ocrx_word' id='word_1_580' title='bbox 3304 3027 3500 3081; x_wconf 85' lang='lat' dir='ltr'><strong>Juliani</strong></span> <span class='ocrx_word' id='word_1_581' title='bbox 3537 3029 3634 3082; x_wconf 81' lang='lat' dir='ltr'><strong>do-</strong></span> 
     </span>
    </p>
   </div>
   <div class='ocr_carea' id='block_1_76' title="bbox 2055 3117 3633 3186">
    <p class='ocr_par' dir='ltr' id='par_1_76' title="bbox 2055 3117 3633 3186">
     <span class='ocr_line' id='line_1_76' title="bbox 2055 3117 3633 3186; baseline 0.001 -15"><span class='ocrx_word' id='word_1_582' title='bbox 2055 3118 2241 3173; x_wconf 69' lang='lat' dir='ltr'><strong>ctrinae</strong></span> <span class='ocrx_word' id='word_1_583' title='bbox 2274 3117 2461 3173; x_wconf 89' lang='lat' dir='ltr'><strong>scribit</strong></span> <span class='ocrx_word' id='word_1_584' title='bbox 2483 3133 2603 3173; x_wconf 91' lang='lat' dir='ltr'><strong>esse</strong></span> <span class='ocrx_word' id='word_1_585' title='bbox 2638 3128 3028 3185; x_wconf 89' lang='lat' dir='ltr'><strong>consentanea,</strong></span> <span class='ocrx_word' id='word_1_586' title='bbox 3071 3120 3121 3173; x_wconf 92' lang='lat' dir='ltr'><strong>in</strong></span> <span class='ocrx_word' id='word_1_587' title='bbox 3152 3120 3325 3186; x_wconf 89' lang='lat' dir='ltr'><strong>iisque</strong></span> <span class='ocrx_word' id='word_1_588' title='bbox 3354 3120 3522 3174; x_wconf 87' lang='lat' dir='ltr'><strong>fuisse</strong></span> <span class='ocrx_word' id='word_1_589' title='bbox 3565 3122 3633 3174; x_wconf 89' lang='lat' dir='ltr'><strong>ab</strong></span> 
     </span>
    </p>
   </div>
   <div class='ocr_carea' id='block_1_77' title="bbox 2052 3208 3634 3280">
    <p class='ocr_par' dir='ltr' id='par_1_77' title="bbox 2052 3208 3634 3280">
     <span class='ocr_line' id='line_1_77' title="bbox 2052 3208 3634 3280; baseline 0.001 -18"><span class='ocrx_word' id='word_1_590' title='bbox 2052 3208 2354 3278; x_wconf 84' lang='lat' dir='ltr'><strong>Augustino</strong></span> <span class='ocrx_word' id='word_1_591' title='bbox 2406 3208 2693 3279; x_wconf 85' lang='lat' dir='ltr'><strong>proﬂigata</strong></span> <span class='ocrx_word' id='word_1_592' title='bbox 2740 3218 2794 3263; x_wconf 94' lang='lat' dir='ltr'><strong>et</strong></span> <span class='ocrx_word' id='word_1_593' title='bbox 2845 3209 3118 3264; x_wconf 89' lang='lat' dir='ltr'><strong>confossa.</strong></span> <span class='ocrx_word' id='word_1_594' title='bbox 3178 3209 3295 3264; x_wconf 82' lang='lat' dir='ltr'><strong>Non</strong></span> <span class='ocrx_word' id='word_1_595' title='bbox 3346 3226 3447 3280; x_wconf 88' lang='lat' dir='ltr'><strong>ego</strong></span> <span class='ocrx_word' id='word_1_596' title='bbox 3501 3225 3634 3264; x_wconf 89' lang='lat' dir='ltr'><strong>sane</strong></span> 
     </span>
    </p>
   </div>
   <div class='ocr_carea' id='block_1_78' title="bbox 2053 3297 3635 3369">
    <p class='ocr_par' dir='ltr' id='par_1_78' title="bbox 2053 3297 3635 3369">
     <span class='ocr_line' id='line_1_78' title="bbox 2053 3297 3635 3369; baseline 0 -16"><span class='ocrx_word' id='word_1_597' title='bbox 2053 3314 2225 3367; x_wconf 88' lang='lat' dir='ltr'><strong>usque</strong></span> <span class='ocrx_word' id='word_1_598' title='bbox 2252 3299 2385 3353; x_wconf 89' lang='lat' dir='ltr'><strong>adeo</strong></span> <span class='ocrx_word' id='word_1_599' title='bbox 2407 3297 2659 3368; x_wconf 85' lang='lat' dir='ltr'><strong>Origenis</strong></span> <span class='ocrx_word' id='word_1_600' title='bbox 2691 3313 2870 3354; x_wconf 61' lang='lat' dir='ltr'><strong>causa</strong></span> <span class='ocrx_word' id='word_1_601' title='bbox 2896 3299 3071 3364; x_wconf 89' lang='lat' dir='ltr'><strong>faveo,</strong></span> <span class='ocrx_word' id='word_1_602' title='bbox 3105 3311 3159 3353; x_wconf 91' lang='lat' dir='ltr'><strong>ut</strong></span> <span class='ocrx_word' id='word_1_603' title='bbox 3209 3300 3473 3354; x_wconf 90' lang='lat' dir='ltr'><strong>naturalis</strong></span> <span class='ocrx_word' id='word_1_604' title='bbox 3503 3300 3635 3369; x_wconf 85' lang='lat' dir='ltr'><strong>legis</strong></span> 
     </span>
    </p>
   </div>
   <div class='ocr_carea' id='block_1_79' title="bbox 2051 3388 3631 3460">
    <p class='ocr_par' dir='ltr' id='par_1_79' title="bbox 2051 3388 3631 3460">
     <span class='ocr_line' id='line_1_79' title="bbox 2051 3388 3631 3460; baseline 0 -18"><span class='ocrx_word' id='word_1_605' title='bbox 2051 3388 2197 3442; x_wconf 89' lang='lat' dir='ltr'><strong>vires</strong></span> <span class='ocrx_word' id='word_1_606' title='bbox 2220 3397 2647 3458; x_wconf 66' lang='lat' dir='ltr'><strong>prmterasquum</strong></span> <span class='ocrx_word' id='word_1_607' title='bbox 2674 3389 2996 3458; x_wconf 87' lang='lat' dir='ltr'><strong>praedicatas</strong></span> <span class='ocrx_word' id='word_1_608' title='bbox 3025 3390 3092 3443; x_wconf 87' lang='lat' dir='ltr'><strong>ab</strong></span> <span class='ocrx_word' id='word_1_609' title='bbox 3122 3404 3187 3444; x_wconf 90' lang='lat' dir='ltr'><strong>eo</strong></span> <span class='ocrx_word' id='word_1_610' title='bbox 3213 3389 3379 3444; x_wconf 91' lang='lat' dir='ltr'><strong>fuisse</strong></span> <span class='ocrx_word' id='word_1_611' title='bbox 3416 3404 3631 3460; x_wconf 86' lang='lat' dir='ltr'><strong>negem;</strong></span> 
     </span>
    </p>
   </div>
   <div class='ocr_carea' id='block_1_80' title="bbox 2053 3480 3634 3551">
    <p class='ocr_par' dir='ltr' id='par_1_80' title="bbox 2053 3480 3634 3551">
     <span class='ocr_line' id='line_1_80' title="bbox 2053 3480 3634 3551; baseline -0.001 -15"><span class='ocrx_word' id='word_1_612' title='bbox 2053 3496 2118 3537; x_wconf 84' lang='lat' dir='ltr'><strong>ac</strong></span> <span class='ocrx_word' id='word_1_613' title='bbox 2148 3482 2266 3536; x_wconf 88' lang='lat' dir='ltr'><strong>illas</strong></span> <span class='ocrx_word' id='word_1_614' title='bbox 2311 3481 2496 3537; x_wconf 87' lang='lat' dir='ltr'><strong>itidem</strong></span> <span class='ocrx_word' id='word_1_615' title='bbox 2530 3480 2780 3537; x_wconf 66' lang='lat' dir='ltr'><strong>Mosaicae</strong></span> <span class='ocrx_word' id='word_1_616' title='bbox 2830 3481 2989 3551; x_wconf 91' lang='lat' dir='ltr'><strong>legis,</strong></span> <span class='ocrx_word' id='word_1_617' title='bbox 3052 3496 3187 3550; x_wconf 90' lang='lat' dir='ltr'><strong>quas</strong></span> <span class='ocrx_word' id='word_1_618' title='bbox 3222 3482 3295 3535; x_wconf 88' lang='lat' dir='ltr'><strong>ita</strong></span> <span class='ocrx_word' id='word_1_619' title='bbox 3322 3480 3532 3546; x_wconf 80' lang='lat' dir='ltr'><strong>extulit,</strong></span> <span class='ocrx_word' id='word_1_620' title='bbox 3568 3494 3634 3534; x_wconf 91' lang='lat' dir='ltr'><strong>ac</strong></span> 
     </span>
    </p>
   </div>
   <div class='ocr_carea' id='block_1_81' title="bbox 2053 3572 3631 3642">
    <p class='ocr_par' dir='ltr' id='par_1_81' title="bbox 2053 3572 3631 3642">
     <span class='ocr_line' id='line_1_81' title="bbox 2053 3572 3631 3642; baseline -0.002 -14"><span class='ocrx_word' id='word_1_621' title='bbox 2053 3572 2099 3628; x_wconf 93' lang='lat' dir='ltr'><strong>si</strong></span> <span class='ocrx_word' id='word_1_622' title='bbox 2136 3588 2239 3628; x_wconf 92' lang='lat' dir='ltr'><strong>non</strong></span> <span class='ocrx_word' id='word_1_623' title='bbox 2272 3581 2553 3642; x_wconf 89' lang='lat' dir='ltr'><strong>peccatum</strong></span> <span class='ocrx_word' id='word_1_624' title='bbox 2600 3573 2861 3627; x_wconf 87' lang='lat' dir='ltr'><strong>duntaxat</strong></span> <span class='ocrx_word' id='word_1_625' title='bbox 2896 3572 3239 3642; x_wconf 90' lang='lat' dir='ltr'><strong>prohibuerit</strong></span> <span class='ocrx_word' id='word_1_626' title='bbox 3270 3589 3333 3627; x_wconf 90' lang='lat' dir='ltr'><strong>ea</strong></span> <span class='ocrx_word' id='word_1_627' title='bbox 3372 3572 3485 3640; x_wconf 91' lang='lat' dir='ltr'><strong>lex,</strong></span> <span class='ocrx_word' id='word_1_628' title='bbox 3536 3572 3631 3625; x_wconf 88' lang='lat' dir='ltr'><strong>sed</strong></span> 
     </span>
    </p>
   </div>
   <div class='ocr_carea' id='block_1_82' title="bbox 2052 3664 3636 3735">
    <p class='ocr_par' dir='ltr' id='par_1_82' title="bbox 2052 3664 3636 3735">
     <span class='ocr_line' id='line_1_82' title="bbox 2052 3664 3636 3735; baseline -0.001 -17"><span class='ocrx_word' id='word_1_629' title='bbox 2052 3667 2284 3735; x_wconf 86' lang='lat' dir='ltr'><strong>gratiam</strong></span> <span class='ocrx_word' id='word_1_630' title='bbox 2303 3665 2467 3719; x_wconf 86' lang='lat' dir='ltr'><strong>etiam</strong></span> <span class='ocrx_word' id='word_1_631' title='bbox 2504 3664 2814 3719; x_wconf 88' lang='lat' dir='ltr'><strong>hominibus</strong></span> <span class='ocrx_word' id='word_1_632' title='bbox 2844 3668 2909 3718; x_wconf 86' lang='lat' dir='ltr'><strong>ad</strong></span> <span class='ocrx_word' id='word_1_633' title='bbox 2939 3667 3259 3720; x_wconf 91' lang='lat' dir='ltr'><strong>vincendum</strong></span> <span class='ocrx_word' id='word_1_634' title='bbox 3298 3664 3424 3719; x_wconf 91' lang='lat' dir='ltr'><strong>illud</strong></span> <span class='ocrx_word' id='word_1_635' title='bbox 3447 3673 3636 3719; x_wconf 88' lang='lat' dir='ltr'><strong>contu-</strong></span> 
     </span>
    </p>
   </div>
   <div class='ocr_carea' id='block_1_83' title="bbox 2052 3756 3632 3831">
    <p class='ocr_par' dir='ltr' id='par_1_83' title="bbox 2052 3756 3632 3831">
     <span class='ocr_line' id='line_1_83' title="bbox 2052 3756 3632 3831; baseline -0.001 -20"><span class='ocrx_word' id='word_1_636' title='bbox 2052 3758 2207 3824; x_wconf 89' lang='lat' dir='ltr'><strong>lerit,</strong></span> <span class='ocrx_word' id='word_1_637' title='bbox 2253 3775 2317 3814; x_wconf 88' lang='lat' dir='ltr'><strong>ac</strong></span> <span class='ocrx_word' id='word_1_638' title='bbox 2344 3761 2388 3815; x_wconf 90' lang='lat' dir='ltr'><strong>si</strong></span> <span class='ocrx_word' id='word_1_639' title='bbox 2425 3776 2521 3831; x_wconf 91' lang='lat' dir='ltr'><strong>per</strong></span> <span class='ocrx_word' id='word_1_640' title='bbox 2566 3761 2711 3815; x_wconf 90' lang='lat' dir='ltr'><strong>illam</strong></span> <span class='ocrx_word' id='word_1_641' title='bbox 2747 3776 2853 3814; x_wconf 91' lang='lat' dir='ltr'><strong>non</strong></span> <span class='ocrx_word' id='word_1_642' title='bbox 2892 3760 3130 3829; x_wconf 89' lang='lat' dir='ltr'><strong>cognitio</strong></span> <span class='ocrx_word' id='word_1_643' title='bbox 3179 3758 3351 3813; x_wconf 81' lang='lat' dir='ltr'><strong>solum</strong></span> <span class='ocrx_word' id='word_1_644' title='bbox 3397 3756 3632 3827; x_wconf 90' lang='lat' dir='ltr'><strong>peccati,</strong></span> 
     </span>
    </p>
   </div>
   <div class='ocr_carea' id='block_1_84' title="bbox 2053 3848 3631 3919">
    <p class='ocr_par' dir='ltr' id='par_1_84' title="bbox 2053 3848 3631 3919">
     <span class='ocr_line' id='line_1_84' title="bbox 2053 3848 3631 3919; baseline -0.002 -15"><span class='ocrx_word' id='word_1_645' title='bbox 2053 3849 2146 3904; x_wconf 86' lang='lat' dir='ltr'><strong>sed</strong></span> <span class='ocrx_word' id='word_1_646' title='bbox 2171 3851 2333 3905; x_wconf 92' lang='lat' dir='ltr'><strong>etiam</strong></span> <span class='ocrx_word' id='word_1_647' title='bbox 2367 3851 2583 3906; x_wconf 88' lang='lat' dir='ltr'><strong>sanatio</strong></span> <span class='ocrx_word' id='word_1_648' title='bbox 2628 3850 2950 3919; x_wconf 87' lang='lat' dir='ltr'><strong>contigerit;</strong></span> <span class='ocrx_word' id='word_1_649' title='bbox 3002 3864 3067 3903; x_wconf 88' lang='lat' dir='ltr'><strong>ac</strong></span> <span class='ocrx_word' id='word_1_650' title='bbox 3115 3848 3158 3902; x_wconf 88' lang='lat' dir='ltr'><strong>si</strong></span> <span class='ocrx_word' id='word_1_651' title='bbox 3209 3863 3314 3901; x_wconf 90' lang='lat' dir='ltr'><strong>non</strong></span> <span class='ocrx_word' id='word_1_652' title='bbox 3349 3849 3415 3901; x_wconf 90' lang='lat' dir='ltr'><strong>ad</strong></span> <span class='ocrx_word' id='word_1_653' title='bbox 3448 3849 3631 3917; x_wconf 88' lang='lat' dir='ltr'><strong>priora</strong></span> 
     </span>
    </p>
   </div>
   <div class='ocr_carea' id='block_1_85' title="bbox 2052 3938 3634 4011">
    <p class='ocr_par' dir='ltr' id='par_1_85' title="bbox 2052 3938 3634 4011">
     <span class='ocr_line' id='line_1_85' title="bbox 2052 3938 3634 4011; baseline -0.002 -18"><span class='ocrx_word' id='word_1_654' title='bbox 2052 3949 2397 4009; x_wconf 89' lang='lat' dir='ltr'><strong>peccatorum</strong></span> <span class='ocrx_word' id='word_1_655' title='bbox 2437 3956 2659 4011; x_wconf 89' lang='lat' dir='ltr'><strong>genera,</strong></span> <span class='ocrx_word' id='word_1_656' title='bbox 2689 3956 2811 4010; x_wconf 63' lang='lat' dir='ltr'><strong>quae</strong></span> <span class='ocrx_word' id='word_1_657' title='bbox 2841 3946 3235 4007; x_wconf 57' lang='lat' dir='ltr'><strong>praecesserant</strong></span> <span class='ocrx_word' id='word_1_658' title='bbox 3274 3938 3462 4006; x_wconf 89' lang='lat' dir='ltr'><strong>legem,</strong></span> <span class='ocrx_word' id='word_1_659' title='bbox 3495 3952 3634 4006; x_wconf 74' lang='lat' dir='ltr'><strong>pra:-</strong></span> 
     </span>
    </p>
   </div>
   <div class='ocr_carea' id='block_1_86' title="bbox 2051 4028 3629 4101">
    <p class='ocr_par' dir='ltr' id='par_1_86' title="bbox 2051 4028 3629 4101">
     <span class='ocr_line' id='line_1_86' title="bbox 2051 4028 3629 4101; baseline -0.002 -16"><span class='ocrx_word' id='word_1_660' title='bbox 2051 4032 2317 4088; x_wconf 83' lang='lat' dir='ltr'><strong>varicatio</strong></span> <span class='ocrx_word' id='word_1_661' title='bbox 2350 4042 2610 4101; x_wconf 86' lang='lat' dir='ltr'><strong>praeterea</strong></span> <span class='ocrx_word' id='word_1_662' title='bbox 2636 4031 2955 4094; x_wconf 80' lang='lat' dir='ltr'><strong>accesserit,</strong></span> <span class='ocrx_word' id='word_1_663' title='bbox 2975 4044 3095 4099; x_wconf 71' lang='lat' dir='ltr'><strong>quae</strong></span> <span class='ocrx_word' id='word_1_664' title='bbox 3119 4029 3499 4097; x_wconf 71' lang='lat' dir='ltr'><strong>praevaricatio</strong></span> <span class='ocrx_word' id='word_1_665' title='bbox 3523 4028 3629 4082; x_wconf 89' lang='lat' dir='ltr'><strong>nisi</strong></span> 
     </span>
    </p>
   </div>
   <div class='ocr_carea' id='block_1_87' title="bbox 2053 4118 3629 4193">
    <p class='ocr_par' dir='ltr' id='par_1_87' title="bbox 2053 4118 3629 4193">
     <span class='ocr_line' id='line_1_87' title="bbox 2053 4118 3629 4193; baseline -0.001 -19"><span class='ocrx_word' id='word_1_666' title='bbox 2053 4121 2172 4193; x_wconf 89' lang='lat' dir='ltr'><strong>lege</strong></span> <span class='ocrx_word' id='word_1_667' title='bbox 2219 4122 2327 4177; x_wconf 88' lang='lat' dir='ltr'><strong>lata</strong></span> <span class='ocrx_word' id='word_1_668' title='bbox 2357 4137 2482 4177; x_wconf 91' lang='lat' dir='ltr'><strong>esse</strong></span> <span class='ocrx_word' id='word_1_669' title='bbox 2523 4138 2628 4177; x_wconf 93' lang='lat' dir='ltr'><strong>non</strong></span> <span class='ocrx_word' id='word_1_670' title='bbox 2657 4131 2872 4191; x_wconf 87' lang='lat' dir='ltr'><strong>potest;</strong></span> <span class='ocrx_word' id='word_1_671' title='bbox 2919 4135 2983 4175; x_wconf 92' lang='lat' dir='ltr'><strong>ac</strong></span> <span class='ocrx_word' id='word_1_672' title='bbox 3010 4121 3054 4174; x_wconf 92' lang='lat' dir='ltr'><strong>si</strong></span> <span class='ocrx_word' id='word_1_673' title='bbox 3108 4134 3212 4172; x_wconf 89' lang='lat' dir='ltr'><strong>non</strong></span> <span class='ocrx_word' id='word_1_674' title='bbox 3251 4118 3542 4172; x_wconf 88' lang='lat' dir='ltr'><strong>nitentibus</strong></span> <span class='ocrx_word' id='word_1_675' title='bbox 3574 4119 3629 4173; x_wconf 90' lang='lat' dir='ltr'><strong>iu</strong></span> 
     </span>
    </p>
   </div>
   <div class='ocr_carea' id='block_1_88' title="bbox 2051 4210 3633 4281">
    <p class='ocr_par' dir='ltr' id='par_1_88' title="bbox 2051 4210 3633 4281">
     <span class='ocr_line' id='line_1_88' title="bbox 2051 4210 3633 4281; baseline -0.003 -12"><span class='ocrx_word' id='word_1_676' title='bbox 2051 4216 2277 4269; x_wconf 86' lang='lat' dir='ltr'><strong>vetitum</strong></span> <span class='ocrx_word' id='word_1_677' title='bbox 2312 4214 2642 4278; x_wconf 88' lang='lat' dir='ltr'><strong>hominibus,</strong></span> <span class='ocrx_word' id='word_1_678' title='bbox 2666 4213 3103 4281; x_wconf 84' lang='lat' dir='ltr'><strong>concupiscentia</strong></span> <span class='ocrx_word' id='word_1_679' title='bbox 3130 4210 3245 4281; x_wconf 83' lang='lat' dir='ltr'><strong>lege</strong></span> <span class='ocrx_word' id='word_1_680' title='bbox 3274 4210 3479 4264; x_wconf 90' lang='lat' dir='ltr'><strong>frenata</strong></span> <span class='ocrx_word' id='word_1_681' title='bbox 3511 4224 3633 4264; x_wconf 84' lang='lat' dir='ltr'><strong>cre-</strong></span> 
     </span>
    </p>
   </div>
   <div class='ocr_carea' id='block_1_89' title="bbox 2050 4304 3632 4376">
    <p class='ocr_par' dir='ltr' id='par_1_89' title="bbox 2050 4304 3632 4376">
     <span class='ocr_line' id='line_1_89' title="bbox 2050 4304 3632 4376; baseline -0.001 -17"><span class='ocrx_word' id='word_1_682' title='bbox 2050 4307 2221 4362; x_wconf 86' lang='lat' dir='ltr'><strong>verit:</strong></span> <span class='ocrx_word' id='word_1_683' title='bbox 2255 4321 2319 4361; x_wconf 90' lang='lat' dir='ltr'><strong>ac</strong></span> <span class='ocrx_word' id='word_1_684' title='bbox 2351 4306 2397 4361; x_wconf 91' lang='lat' dir='ltr'><strong>si</strong></span> <span class='ocrx_word' id='word_1_685' title='bbox 2431 4321 2534 4361; x_wconf 87' lang='lat' dir='ltr'><strong>non</strong></span> <span class='ocrx_word' id='word_1_686' title='bbox 2565 4321 2826 4376; x_wconf 88' lang='lat' dir='ltr'><strong>apparere</strong></span> <span class='ocrx_word' id='word_1_687' title='bbox 2858 4315 3067 4360; x_wconf 91' lang='lat' dir='ltr'><strong>tantum</strong></span> <span class='ocrx_word' id='word_1_688' title='bbox 3108 4305 3354 4373; x_wconf 73' lang='lat' dir='ltr'><strong>cmperit,</strong></span> <span class='ocrx_word' id='word_1_689' title='bbox 3386 4314 3440 4357; x_wconf 80' lang='lat' dir='ltr'><strong>et</strong></span> <span class='ocrx_word' id='word_1_690' title='bbox 3465 4304 3632 4373; x_wconf 89' lang='lat' dir='ltr'><strong>depu-</strong></span> 
     </span>
    </p>
   </div>
   <div class='ocr_carea' id='block_1_90' title="bbox 2055 4395 3629 4468">
    <p class='ocr_par' dir='ltr' id='par_1_90' title="bbox 2055 4395 3629 4468">
     <span class='ocr_line' id='line_1_90' title="bbox 2055 4395 3629 4468; baseline -0.002 -17"><span class='ocrx_word' id='word_1_691' title='bbox 2055 4398 2158 4452; x_wconf 88' lang='lat' dir='ltr'><strong>tari</strong></span> <span class='ocrx_word' id='word_1_692' title='bbox 2186 4407 2488 4468; x_wconf 88' lang='lat' dir='ltr'><strong>peccatum,</strong></span> <span class='ocrx_word' id='word_1_693' title='bbox 2521 4398 2615 4453; x_wconf 89' lang='lat' dir='ltr'><strong>sed</strong></span> <span class='ocrx_word' id='word_1_694' title='bbox 2646 4398 2807 4452; x_wconf 90' lang='lat' dir='ltr'><strong>etiam</strong></span> <span class='ocrx_word' id='word_1_695' title='bbox 2835 4397 3072 4453; x_wconf 88' lang='lat' dir='ltr'><strong>ablatum</strong></span> <span class='ocrx_word' id='word_1_696' title='bbox 3102 4396 3282 4451; x_wconf 86' lang='lat' dir='ltr'><strong>fuerit.</strong></span> <span class='ocrx_word' id='word_1_697' title='bbox 3303 4395 3410 4450; x_wconf 91' lang='lat' dir='ltr'><strong>Dici</strong></span> <span class='ocrx_word' id='word_1_698' title='bbox 3450 4404 3629 4449; x_wconf 87' lang='lat' dir='ltr'><strong>tamen</strong></span> 
     </span>
    </p>
   </div>
   <div class='ocr_carea' id='block_1_91' title="bbox 375 4486 3630 4569">
    <p class='ocr_par' dir='ltr' id='par_1_91' title="bbox 375 4486 3630 4569">
     <span class='ocr_line' id='line_1_91' title="bbox 375 4486 3630 4569; baseline -0.005 -16"><span class='ocrx_word' id='word_1_699' title='bbox 375 4499 572 4569; x_wconf 88' lang='lat' dir='ltr'><strong>quibus</strong></span> <span class='ocrx_word' id='word_1_700' title='bbox 597 4498 869 4561; x_wconf 91' lang='lat' dir='ltr'><strong>omnibus,</strong></span> <span class='ocrx_word' id='word_1_701' title='bbox 912 4514 932 4549; x_wconf 73' lang='grc' dir='ltr'><strong>ι</strong></span> <span class='ocrx_word' id='word_1_702' title='bbox 972 4497 1147 4566; x_wconf 89' lang='lat' dir='ltr'><strong>inquit</strong></span> <span class='ocrx_word' id='word_1_703' title='bbox 1178 4495 1270 4550; x_wconf 93' lang='lat' dir='ltr'><strong>lib.</strong></span> <span class='ocrx_word' id='word_1_704' title='bbox 1296 4510 1351 4548; x_wconf 86' lang='grc' dir='ltr'>ιιι</span> <span class='ocrx_word' id='word_1_705' title='bbox 1377 4495 1432 4547; x_wconf 85' lang='lat' dir='ltr'><strong>in</strong></span> <span class='ocrx_word' id='word_1_706' title='bbox 1466 4491 1641 4561; x_wconf 73' lang='lat' dir='ltr'><strong>Epist.</strong></span> <span class='ocrx_word' id='word_1_707' title='bbox 1666 4492 1735 4545; x_wconf 84' lang='lat' dir='ltr'><strong>ad</strong></span> <span class='ocrx_word' id='word_1_708' title='bbox 1766 4490 1949 4558; x_wconf 87' lang='lat' dir='ltr'><strong>Rom.,</strong></span> <span class='ocrx_word' id='word_1_709' title='bbox 1980 4504 2029 4565; x_wconf 77' lang='grc' dir='ltr'>ι)</span> <span class='ocrx_word' id='word_1_710' title='bbox 2054 4500 2230 4560; x_wconf 88' lang='lat' dir='ltr'><strong>potest</strong></span> <span class='ocrx_word' id='word_1_711' title='bbox 2262 4491 2315 4545; x_wconf 92' lang='lat' dir='ltr'><strong>in</strong></span> <span class='ocrx_word' id='word_1_712' title='bbox 2350 4491 2579 4558; x_wconf 90' lang='lat' dir='ltr'><strong>gratiam</strong></span> <span class='ocrx_word' id='word_1_713' title='bbox 2612 4488 2885 4560; x_wconf 79' lang='lat' dir='ltr'><strong>Origenis,</strong></span> <span class='ocrx_word' id='word_1_714' title='bbox 2947 4503 3051 4543; x_wconf 93' lang='lat' dir='ltr'><strong>non</strong></span> <span class='ocrx_word' id='word_1_715' title='bbox 3081 4497 3304 4557; x_wconf 86' lang='lat' dir='ltr'><strong>peccata</strong></span> <span class='ocrx_word' id='word_1_716' title='bbox 3336 4502 3431 4558; x_wconf 91' lang='lat' dir='ltr'><strong>per</strong></span> <span class='ocrx_word' id='word_1_717' title='bbox 3459 4486 3630 4556; x_wconf 90' lang='lat' dir='ltr'><strong>legem</strong></span> 
     </span>
    </p>
   </div>
   <div class='ocr_carea' id='block_1_92' title="bbox 377 4581 1955 4656">
    <p class='ocr_par' dir='ltr' id='par_1_92' title="bbox 377 4581 1955 4656">
     <span class='ocr_line' id='line_1_92' title="bbox 377 4581 1955 4656; baseline -0.004 -15"><span class='ocrx_word' id='word_1_718' title='bbox 377 4604 525 4641; x_wconf 90' lang='lat' dir='ltr'><strong>num.</strong></span> <span class='ocrx_word' id='word_1_719' title='bbox 559 4587 615 4650; x_wconf 91' lang='lat'><strong>9,</strong></span> <span class='ocrx_word' id='word_1_720' title='bbox 648 4602 770 4656; x_wconf 86' lang='lat' dir='ltr'><strong>pag.</strong></span> <span class='ocrx_word' id='word_1_721' title='bbox 802 4585 926 4651; x_wconf 83' lang='grc'><strong>517,</strong></span> <span class='ocrx_word' id='word_1_722' title='bbox 986 4604 1005 4636; x_wconf 72' lang='grc' dir='ltr'><strong>ι</strong></span> <span class='ocrx_word' id='word_1_723' title='bbox 1050 4585 1220 4640; x_wconf 88' lang='lat' dir='ltr'><strong>claret</strong></span> <span class='ocrx_word' id='word_1_724' title='bbox 1274 4584 1420 4654; x_wconf 92' lang='lat' dir='ltr'><strong>quod</strong></span> <span class='ocrx_word' id='word_1_725' title='bbox 1471 4591 1620 4636; x_wconf 91' lang='lat' dir='ltr'><strong>recte</strong></span> <span class='ocrx_word' id='word_1_726' title='bbox 1658 4581 1955 4635; x_wconf 90' lang='lat' dir='ltr'><strong>arbitratur</strong></span> 
     </span>
    </p>
   </div>
   <div class='ocr_carea' id='block_1_93' title="bbox 375 4672 1955 4748">
    <p class='ocr_par' dir='ltr' id='par_1_93' title="bbox 375 4672 1955 4748">
     <span class='ocr_line' id='line_1_93' title="bbox 375 4672 1955 4748; baseline -0.005 -15"><span class='ocrx_word' id='word_1_727' title='bbox 375 4679 667 4748; x_wconf 83' lang='lat' dir='ltr'><strong>Apostolus</strong></span> <span class='ocrx_word' id='word_1_728' title='bbox 710 4679 754 4710; x_wconf 84' lang='grc'><strong>⁶⁹</strong></span> <span class='ocrx_word' id='word_1_729' title='bbox 797 4677 1083 4747; x_wconf 88' lang='lat' dir='ltr'><strong>justiﬁcari</strong></span> <span class='ocrx_word' id='word_1_730' title='bbox 1134 4677 1407 4731; x_wconf 87' lang='lat' dir='ltr'><strong>hominem</strong></span> <span class='ocrx_word' id='word_1_731' title='bbox 1461 4689 1558 4744; x_wconf 88' lang='lat' dir='ltr'><strong>per</strong></span> <span class='ocrx_word' id='word_1_732' title='bbox 1615 4672 1776 4727; x_wconf 87' lang='lat' dir='ltr'><strong>ﬁdem</strong></span> <span class='ocrx_word' id='word_1_733' title='bbox 1836 4673 1955 4727; x_wconf 90' lang='lat' dir='ltr'><strong>sine</strong></span> 
     </span>
    </p>
   </div>
   <div class='ocr_carea' id='block_1_94' title="bbox 377 4766 1953 4847">
    <p class='ocr_par' dir='ltr' id='par_1_94' title="bbox 377 4766 1953 4847">
     <span class='ocr_line' id='line_1_94' title="bbox 377 4766 1953 4847; baseline -0.003 -22"><span class='ocrx_word' id='word_1_734' title='bbox 377 4772 632 4840; x_wconf 88' lang='lat' dir='ltr'><strong>operibus</strong></span> <span class='ocrx_word' id='word_1_735' title='bbox 665 4770 823 4841; x_wconf 89' lang='lat' dir='ltr'><strong>legis.</strong></span> <span class='ocrx_word' id='word_1_736' title='bbox 892 4770 998 4825; x_wconf 83' lang='lat' dir='ltr'><strong>Sed</strong></span> <span class='ocrx_word' id='word_1_737' title='bbox 1025 4769 1272 4824; x_wconf 88' lang='lat' dir='ltr'><strong>fortassis</strong></span> <span class='ocrx_word' id='word_1_738' title='bbox 1322 4766 1438 4821; x_wconf 68' lang='lat' dir='ltr'><strong>haec</strong></span> <span class='ocrx_word' id='word_1_739' title='bbox 1484 4766 1682 4836; x_wconf 89' lang='lat' dir='ltr'><strong>aliquis</strong></span> <span class='ocrx_word' id='word_1_740' title='bbox 1726 4766 1953 4847; x_wconf 90' lang='lat' dir='ltr'><strong>audiens</strong></span> 
     </span>
    </p>
   </div>
   <div class='ocr_carea' id='block_1_95' title="bbox 378 4858 1955 4932">
    <p class='ocr_par' dir='ltr' id='par_1_95' title="bbox 378 4858 1955 4932">
     <span class='ocr_line' id='line_1_95' title="bbox 378 4858 1955 4932; baseline -0.005 -13"><span class='ocrx_word' id='word_1_741' title='bbox 378 4865 701 4932; x_wconf 86' lang='lat' dir='ltr'><strong>resolvatur,</strong></span> <span class='ocrx_word' id='word_1_742' title='bbox 739 4874 795 4919; x_wconf 90' lang='lat' dir='ltr'><strong>et</strong></span> <span class='ocrx_word' id='word_1_743' title='bbox 829 4867 967 4920; x_wconf 91' lang='lat' dir='ltr'><strong>bene</strong></span> <span class='ocrx_word' id='word_1_744' title='bbox 1016 4861 1206 4930; x_wconf 87' lang='lat' dir='ltr'><strong>agendi</strong></span> <span class='ocrx_word' id='word_1_745' title='bbox 1238 4859 1616 4929; x_wconf 81' lang='lat' dir='ltr'><strong>negligentiam</strong></span> <span class='ocrx_word' id='word_1_746' title='bbox 1650 4858 1848 4929; x_wconf 89' lang='lat' dir='ltr'><strong>capiat,</strong></span> <span class='ocrx_word' id='word_1_747' title='bbox 1880 4858 1955 4911; x_wconf 87' lang='lat' dir='ltr'><strong>si-</strong></span> 
     </span>
    </p>
   </div>
   <div class='ocr_carea' id='block_1_96' title="bbox 382 4949 1953 5026">
    <p class='ocr_par' dir='ltr' id='par_1_96' title="bbox 382 4949 1953 5026">
     <span class='ocr_line' id='line_1_96' title="bbox 382 4949 1953 5026; baseline -0.006 -14"><span class='ocrx_word' id='word_1_748' title='bbox 382 4958 601 5025; x_wconf 84' lang='lat' dir='ltr'><strong>quidem</strong></span> <span class='ocrx_word' id='word_1_749' title='bbox 656 4958 722 5012; x_wconf 89' lang='lat' dir='ltr'><strong>ad</strong></span> <span class='ocrx_word' id='word_1_750' title='bbox 775 4955 1179 5026; x_wconf 88' lang='lat' dir='ltr'><strong>justiﬁcandum</strong></span> <span class='ocrx_word' id='word_1_751' title='bbox 1230 4952 1362 5007; x_wconf 88' lang='lat' dir='ltr'><strong>ﬁdes</strong></span> <span class='ocrx_word' id='word_1_752' title='bbox 1406 4950 1519 5006; x_wconf 91' lang='lat' dir='ltr'><strong>sola</strong></span> <span class='ocrx_word' id='word_1_753' title='bbox 1565 4949 1811 5005; x_wconf 78' lang='lat' dir='ltr'><strong>sufﬁciat.</strong></span> <span class='ocrx_word' id='word_1_754' title='bbox 1869 4950 1953 5003; x_wconf 81' lang='lat' dir='ltr'><strong>Ad</strong></span> 
     </span>
    </p>
   </div>
   <div class='ocr_carea' id='block_1_97' title="bbox 381 5043 1955 5119">
    <p class='ocr_par' dir='ltr' id='par_1_97' title="bbox 381 5043 1955 5119">
     <span class='ocr_line' id='line_1_97' title="bbox 381 5043 1955 5119; baseline -0.004 -16"><span class='ocrx_word' id='word_1_755' title='bbox 381 5064 538 5118; x_wconf 86' lang='lat' dir='ltr'><strong>quem</strong></span> <span class='ocrx_word' id='word_1_756' title='bbox 578 5050 819 5105; x_wconf 86' lang='lat' dir='ltr'><strong>dicemus</strong></span> <span class='ocrx_word' id='word_1_757' title='bbox 851 5051 975 5119; x_wconf 86' lang='lat' dir='ltr'><strong>quia</strong></span> <span class='ocrx_word' id='word_1_758' title='bbox 1011 5053 1137 5117; x_wconf 82' lang='lat' dir='ltr'><strong>post</strong></span> <span class='ocrx_word' id='word_1_759' title='bbox 1180 5044 1621 5118; x_wconf 87' lang='lat' dir='ltr'><strong>justiﬁcationetn</strong></span> <span class='ocrx_word' id='word_1_760' title='bbox 1664 5044 1709 5097; x_wconf 91' lang='lat' dir='ltr'><strong>si</strong></span> <span class='ocrx_word' id='word_1_761' title='bbox 1756 5043 1955 5110; x_wconf 86' lang='lat' dir='ltr'><strong>injuste</strong></span> 
     </span>
    </p>
   </div>
   <div class='ocr_carea' id='block_1_98' title="bbox 382 5135 1954 5212">
    <p class='ocr_par' dir='ltr' id='par_1_98' title="bbox 382 5135 1954 5212">
     <span class='ocr_line' id='line_1_98' title="bbox 382 5135 1954 5212; baseline -0.006 -17"><span class='ocrx_word' id='word_1_762' title='bbox 382 5144 505 5210; x_wconf 91' lang='lat' dir='ltr'><strong>quis</strong></span> <span class='ocrx_word' id='word_1_763' title='bbox 545 5152 690 5212; x_wconf 87' lang='lat' dir='ltr'><strong>agat,</strong></span> <span class='ocrx_word' id='word_1_764' title='bbox 736 5143 857 5198; x_wconf 90' lang='lat' dir='ltr'><strong>sine</strong></span> <span class='ocrx_word' id='word_1_765' title='bbox 900 5142 1065 5196; x_wconf 88' lang='lat' dir='ltr'><strong>dubio</strong></span> <span class='ocrx_word' id='word_1_766' title='bbox 1095 5138 1500 5212; x_wconf 84' lang='lat' dir='ltr'><strong>justiﬁcationis</strong></span> <span class='ocrx_word' id='word_1_767' title='bbox 1546 5135 1772 5206; x_wconf 88' lang='lat' dir='ltr'><strong>gratiam</strong></span> <span class='ocrx_word' id='word_1_768' title='bbox 1799 5149 1954 5203; x_wconf 88' lang='lat' dir='ltr'><strong>spre-</strong></span> 
     </span>
    </p>
   </div>
   <div class='ocr_carea' id='block_1_99' title="bbox 379 5225 1957 5303">
    <p class='ocr_par' dir='ltr' id='par_1_99' title="bbox 379 5225 1957 5303">
     <span class='ocr_line' id='line_1_99' title="bbox 379 5225 1957 5303; baseline -0.003 -18"><span class='ocrx_word' id='word_1_769' title='bbox 379 5234 479 5287; x_wconf 82' lang='lat' dir='ltr'><strong>vit.</strong></span> <span class='ocrx_word' id='word_1_770' title='bbox 512 5252 531 5285; x_wconf 74' lang='grc' dir='ltr'><strong>ι</strong></span> <span class='ocrx_word' id='word_1_771' title='bbox 554 5233 668 5288; x_wconf 85' lang='grc' dir='ltr'>Νοιι</span> <span class='ocrx_word' id='word_1_772' title='bbox 691 5247 854 5303; x_wconf 89' lang='lat' dir='ltr'><strong>opera</strong></span> <span class='ocrx_word' id='word_1_773' title='bbox 890 5232 990 5301; x_wconf 90' lang='lat' dir='ltr'><strong>ipsi</strong></span> <span class='ocrx_word' id='word_1_774' title='bbox 1030 5232 1274 5301; x_wconf 70' lang='lat' dir='ltr'><strong>justititn,</strong></span> <span class='ocrx_word' id='word_1_775' title='bbox 1306 5230 1399 5285; x_wconf 81' lang='lat' dir='ltr'><strong>sed</strong></span> <span class='ocrx_word' id='word_1_776' title='bbox 1424 5227 1684 5299; x_wconf 87' lang='lat' dir='ltr'><strong>justitiam</strong></span> <span class='ocrx_word' id='word_1_777' title='bbox 1705 5225 1957 5294; x_wconf 89' lang='lat' dir='ltr'><strong>operibus</strong></span> 
     </span>
    </p>
   </div>
   <div class='ocr_carea' id='block_1_100' title="bbox 382 5318 1946 5395">
    <p class='ocr_par' dir='ltr' id='par_1_100' title="bbox 382 5318 1946 5395">
     <span class='ocr_line' id='line_1_100' title="bbox 382 5318 1946 5395; baseline -0.004 -16"><span class='ocrx_word' id='word_1_778' title='bbox 382 5326 690 5395; x_wconf 66' lang='lat' dir='ltr'><strong>praeposuit.</strong></span> <span class='ocrx_word' id='word_1_779' title='bbox 725 5325 936 5379; x_wconf 88' lang='lat' dir='ltr'><strong>Clarius</strong></span> <span class='ocrx_word' id='word_1_780' title='bbox 961 5324 1123 5378; x_wconf 86' lang='lat' dir='ltr'><strong>etiam</strong></span> <span class='ocrx_word' id='word_1_781' title='bbox 1166 5323 1308 5393; x_wconf 91' lang='lat' dir='ltr'><strong>quod</strong></span> <span class='ocrx_word' id='word_1_782' title='bbox 1332 5321 1477 5393; x_wconf 88' lang='lat' dir='ltr'><strong>jacet</strong></span> <span class='ocrx_word' id='word_1_783' title='bbox 1506 5319 1666 5391; x_wconf 89' lang='lat' dir='ltr'><strong>paulo</strong></span> <span class='ocrx_word' id='word_1_784' title='bbox 1690 5318 1946 5373; x_wconf 86' lang='lat' dir='ltr'><strong>inferius:</strong></span> 
     </span>
    </p>
   </div>
   <div class='ocr_carea' id='block_1_101' title="bbox 388 5412 1948 5486">
    <p class='ocr_par' dir='ltr' id='par_1_101' title="bbox 388 5412 1948 5486">
     <span class='ocr_line' id='line_1_101' title="bbox 388 5412 1948 5486; baseline -0.004 -17"><span class='ocrx_word' id='word_1_785' title='bbox 388 5438 408 5469; x_wconf 74' lang='grc' dir='ltr'><strong>ι</strong></span> <span class='ocrx_word' id='word_1_786' title='bbox 447 5417 548 5474; x_wconf 80' lang='lat' dir='ltr'><strong>Ubi</strong></span> <span class='ocrx_word' id='word_1_787' title='bbox 587 5434 720 5474; x_wconf 91' lang='lat' dir='ltr'><strong>vero</strong></span> <span class='ocrx_word' id='word_1_788' title='bbox 759 5418 893 5473; x_wconf 91' lang='lat' dir='ltr'><strong>ﬁdes</strong></span> <span class='ocrx_word' id='word_1_789' title='bbox 923 5433 1030 5473; x_wconf 92' lang='lat' dir='ltr'><strong>non</strong></span> <span class='ocrx_word' id='word_1_790' title='bbox 1059 5426 1143 5472; x_wconf 89' lang='lat' dir='ltr'><strong>est</strong></span> <span class='ocrx_word' id='word_1_791' title='bbox 1168 5431 1289 5486; x_wconf 69' lang='lat' dir='ltr'><strong>quae</strong></span> <span class='ocrx_word' id='word_1_792' title='bbox 1326 5418 1638 5471; x_wconf 90' lang='lat' dir='ltr'><strong>credentem</strong></span> <span class='ocrx_word' id='word_1_793' title='bbox 1664 5412 1948 5481; x_wconf 85' lang='lat' dir='ltr'><strong>justiﬁeet,</strong></span> 
     </span>
    </p>
   </div>
   <div class='ocr_carea' id='block_1_102' title="bbox 380 5504 1949 5580">
    <p class='ocr_par' dir='ltr' id='par_1_102' title="bbox 380 5504 1949 5580">
     <span class='ocr_line' id='line_1_102' title="bbox 380 5504 1949 5580; baseline -0.006 -15"><span class='ocrx_word' id='word_1_794' title='bbox 380 5511 542 5566; x_wconf 86' lang='lat' dir='ltr'><strong>etiam</strong></span> <span class='ocrx_word' id='word_1_795' title='bbox 573 5510 619 5565; x_wconf 91' lang='lat' dir='ltr'><strong>si</strong></span> <span class='ocrx_word' id='word_1_796' title='bbox 647 5525 809 5578; x_wconf 90' lang='lat' dir='ltr'><strong>opera</strong></span> <span class='ocrx_word' id='word_1_797' title='bbox 844 5510 967 5580; x_wconf 92' lang='lat' dir='ltr'><strong>quis</strong></span> <span class='ocrx_word' id='word_1_798' title='bbox 997 5509 1191 5563; x_wconf 89' lang='lat' dir='ltr'><strong>habeat</strong></span> <span class='ocrx_word' id='word_1_799' title='bbox 1218 5523 1285 5561; x_wconf 90' lang='lat' dir='ltr'><strong>ex</strong></span> <span class='ocrx_word' id='word_1_800' title='bbox 1310 5506 1448 5577; x_wconf 89' lang='lat' dir='ltr'><strong>lege,</strong></span> <span class='ocrx_word' id='word_1_801' title='bbox 1480 5514 1657 5560; x_wconf 85' lang='lat' dir='ltr'><strong>tamen</strong></span> <span class='ocrx_word' id='word_1_802' title='bbox 1686 5504 1814 5575; x_wconf 88' lang='lat' dir='ltr'><strong>quia</strong></span> <span class='ocrx_word' id='word_1_803' title='bbox 1842 5517 1949 5556; x_wconf 93' lang='lat' dir='ltr'><strong>non</strong></span> 
     </span>
    </p>
   </div>
   <div class='ocr_carea' id='block_1_103' title="bbox 384 5592 1949 5670">
    <p class='ocr_par' dir='ltr' id='par_1_103' title="bbox 384 5592 1949 5670">
     <span class='ocr_line' id='line_1_103' title="bbox 384 5592 1949 5670; baseline -0.008 -12"><span class='ocrx_word' id='word_1_804' title='bbox 384 5610 511 5658; x_wconf 88' lang='lat' dir='ltr'><strong>sunt</strong></span> <span class='ocrx_word' id='word_1_805' title='bbox 549 5600 817 5657; x_wconf 65' lang='lat' dir='ltr'><strong>aediﬁcata</strong></span> <span class='ocrx_word' id='word_1_806' title='bbox 863 5615 1025 5670; x_wconf 90' lang='lat' dir='ltr'><strong>supra</strong></span> <span class='ocrx_word' id='word_1_807' title='bbox 1066 5599 1474 5653; x_wconf 83' lang='lat' dir='ltr'><strong>fundamentum</strong></span> <span class='ocrx_word' id='word_1_808' title='bbox 1520 5595 1666 5659; x_wconf 88' lang='lat' dir='ltr'><strong>tidei,</strong></span> <span class='ocrx_word' id='word_1_809' title='bbox 1700 5592 1949 5664; x_wconf 87' lang='lat' dir='ltr'><strong>quamvis</strong></span> 
     </span>
    </p>
   </div>
   <div class='ocr_carea' id='block_1_104' title="bbox 2060 4579 3632 4652">
    <p class='ocr_par' dir='ltr' id='par_1_104' title="bbox 2060 4579 3632 4652">
     <span class='ocr_line' id='line_1_104' title="bbox 2060 4579 3632 4652; baseline -0.004 -14"><span class='ocrx_word' id='word_1_810' title='bbox 2060 4582 2303 4639; x_wconf 86' lang='lat' dir='ltr'><strong>absolute</strong></span> <span class='ocrx_word' id='word_1_811' title='bbox 2328 4583 2548 4638; x_wconf 88' lang='lat' dir='ltr'><strong>dimissa</strong></span> <span class='ocrx_word' id='word_1_812' title='bbox 2577 4584 2748 4652; x_wconf 89' lang='lat' dir='ltr'><strong>ipsum</strong></span> <span class='ocrx_word' id='word_1_813' title='bbox 2777 4582 3176 4652; x_wconf 87' lang='lat' dir='ltr'><strong>pronuntiasse,</strong></span> <span class='ocrx_word' id='word_1_814' title='bbox 3207 4579 3301 4636; x_wconf 92' lang='lat' dir='ltr'><strong>sed</strong></span> <span class='ocrx_word' id='word_1_815' title='bbox 3336 4598 3354 4631; x_wconf 73' lang='grc' dir='ltr'><strong>ι</strong></span> <span class='ocrx_word' id='word_1_816' title='bbox 3389 4594 3453 4633; x_wconf 88' lang='lat' dir='ltr'><strong>ex</strong></span> <span class='ocrx_word' id='word_1_817' title='bbox 3481 4589 3632 4647; x_wconf 87' lang='lat' dir='ltr'><strong>parte</strong></span> 
     </span>
    </p>
   </div>
   <div class='ocr_carea' id='block_1_105' title="bbox 2060 4668 3630 4744">
    <p class='ocr_par' dir='ltr' id='par_1_105' title="bbox 2060 4668 3630 4744">
     <span class='ocr_line' id='line_1_105' title="bbox 2060 4668 3630 4744; baseline -0.004 -16"><span class='ocrx_word' id='word_1_818' title='bbox 2060 4674 2285 4744; x_wconf 86' lang='lat' dir='ltr'><strong>aliqua;</strong></span> <span class='ocrx_word' id='word_1_819' title='bbox 2324 4693 2343 4726; x_wconf 79' lang='grc' dir='ltr'><strong>ι</strong></span> <span class='ocrx_word' id='word_1_820' title='bbox 2389 4675 2517 4744; x_wconf 90' lang='lat' dir='ltr'><strong>quia</strong></span> <span class='ocrx_word' id='word_1_821' title='bbox 2550 4673 2758 4744; x_wconf 88' lang='lat' dir='ltr'><strong>Moyses</strong></span> <span class='ocrx_word' id='word_1_822' title='bbox 2802 4692 2821 4724; x_wconf 72' lang='grc' dir='ltr'><strong>ε</strong></span> <span class='ocrx_word' id='word_1_823' title='bbox 2873 4688 2939 4728; x_wconf 89' lang='lat' dir='ltr'><strong>ex</strong></span> <span class='ocrx_word' id='word_1_824' title='bbox 2991 4679 3261 4743; x_wconf 71' lang='lat' dir='ltr'><strong>prmcepto</strong></span> <span class='ocrx_word' id='word_1_825' title='bbox 3296 4670 3435 4740; x_wconf 88' lang='lat' dir='ltr'><strong>regis</strong></span> <span class='ocrx_word' id='word_1_826' title='bbox 3470 4668 3630 4737; x_wconf 90' lang='lat' dir='ltr'><strong>primi</strong></span> 
     </span>
    </p>
   </div>
   <div class='ocr_carea' id='block_1_106' title="bbox 2059 4758 3633 4834">
    <p class='ocr_par' dir='ltr' id='par_1_106' title="bbox 2059 4758 3633 4834">
     <span class='ocr_line' id='line_1_106' title="bbox 2059 4758 3633 4834; baseline -0.006 -13"><span class='ocrx_word' id='word_1_827' title='bbox 2059 4766 2323 4821; x_wconf 85' lang='lat' dir='ltr'><strong>sacriﬁcia</strong></span> <span class='ocrx_word' id='word_1_828' title='bbox 2371 4765 2623 4830; x_wconf 90' lang='lat' dir='ltr'><strong>instituit,</strong></span> <span class='ocrx_word' id='word_1_829' title='bbox 2651 4765 2848 4834; x_wconf 90' lang='lat' dir='ltr'><strong>quibus</strong></span> <span class='ocrx_word' id='word_1_830' title='bbox 2869 4758 3016 4819; x_wconf 79' lang='lat' dir='ltr'><strong>certa</strong></span> <span class='ocrx_word' id='word_1_831' title='bbox 3061 4760 3403 4817; x_wconf 84' lang='lat' dir='ltr'><strong>solemnitate</strong></span> <span class='ocrx_word' id='word_1_832' title='bbox 3432 4758 3633 4813; x_wconf 90' lang='lat' dir='ltr'><strong>oblatis</strong></span> 
     </span>
    </p>
   </div>
   <div class='ocr_carea' id='block_1_107' title="bbox 2060 4849 3629 4922">
    <p class='ocr_par' dir='ltr' id='par_1_107' title="bbox 2060 4849 3629 4922">
     <span class='ocr_line' id='line_1_107' title="bbox 2060 4849 3629 4922; baseline -0.006 -11"><span class='ocrx_word' id='word_1_833' title='bbox 2060 4857 2199 4912; x_wconf 91' lang='lat' dir='ltr'><strong>sicut</strong></span> <span class='ocrx_word' id='word_1_834' title='bbox 2222 4857 2458 4921; x_wconf 89' lang='lat' dir='ltr'><strong>deceret,</strong></span> <span class='ocrx_word' id='word_1_835' title='bbox 2515 4855 2888 4911; x_wconf 85' lang='lat' dir='ltr'><strong>remitteretur</strong></span> <span class='ocrx_word' id='word_1_836' title='bbox 2916 4853 2997 4909; x_wconf 91' lang='lat' dir='ltr'><strong>eis</strong></span> <span class='ocrx_word' id='word_1_837' title='bbox 3041 4862 3347 4922; x_wconf 89' lang='lat' dir='ltr'><strong>peccatum.</strong></span> <span class='ocrx_word' id='word_1_838' title='bbox 3384 4868 3404 4902; x_wconf 75' lang='grc' dir='ltr'><strong>ι</strong></span> <span class='ocrx_word' id='word_1_839' title='bbox 3458 4849 3629 4904; x_wconf 84' lang='lat' dir='ltr'><strong>Verba</strong></span> 
     </span>
    </p>
   </div>
   <div class='ocr_carea' id='block_1_108' title="bbox 2058 4941 3627 5018">
    <p class='ocr_par' dir='ltr' id='par_1_108' title="bbox 2058 4941 3627 5018">
     <span class='ocr_line' id='line_1_108' title="bbox 2058 4941 3627 5018; baseline -0.007 -15"><span class='ocrx_word' id='word_1_840' title='bbox 2058 4958 2185 5003; x_wconf 88' lang='lat' dir='ltr'><strong>sunt</strong></span> <span class='ocrx_word' id='word_1_841' title='bbox 2216 4948 2468 5018; x_wconf 90' lang='lat' dir='ltr'><strong>Origenis</strong></span> <span class='ocrx_word' id='word_1_842' title='bbox 2501 4948 2597 5003; x_wconf 93' lang='lat' dir='ltr'><strong>lib.</strong></span> <span class='ocrx_word' id='word_1_843' title='bbox 2626 4961 2661 5002; x_wconf 88' lang='lat' dir='ltr'><strong>v</strong></span> <span class='ocrx_word' id='word_1_844' title='bbox 2705 4948 2760 5001; x_wconf 81' lang='lat' dir='ltr'><strong>in</strong></span> <span class='ocrx_word' id='word_1_845' title='bbox 2825 4945 2995 5012; x_wconf 80' lang='lat' dir='ltr'><strong>Epist.</strong></span> <span class='ocrx_word' id='word_1_846' title='bbox 3041 4945 3111 4998; x_wconf 88' lang='lat' dir='ltr'><strong>ad</strong></span> <span class='ocrx_word' id='word_1_847' title='bbox 3155 4944 3334 5007; x_wconf 87' lang='lat' dir='ltr'><strong>Rom.,</strong></span> <span class='ocrx_word' id='word_1_848' title='bbox 3390 4957 3539 4996; x_wconf 92' lang='lat' dir='ltr'><strong>num.</strong></span> <span class='ocrx_word' id='word_1_849' title='bbox 3571 4941 3627 5006; x_wconf 79' lang='grc'><strong>1,</strong></span> 
     </span>
    </p>
   </div>
   <div class='ocr_carea' id='block_1_109' title="bbox 2058 5034 3627 5111">
    <p class='ocr_par' dir='ltr' id='par_1_109' title="bbox 2058 5034 3627 5111">
     <span class='ocr_line' id='line_1_109' title="bbox 2058 5034 3627 5111; baseline -0.004 -15"><span class='ocrx_word' id='word_1_850' title='bbox 2058 5056 2179 5111; x_wconf 86' lang='lat' dir='ltr'><strong>pag.</strong></span> <span class='ocrx_word' id='word_1_851' title='bbox 2213 5041 2340 5104; x_wconf 85' lang='lat'><strong>550,</strong></span> <span class='ocrx_word' id='word_1_852' title='bbox 2372 5055 2438 5096; x_wconf 90' lang='lat' dir='ltr'><strong>ex</strong></span> <span class='ocrx_word' id='word_1_853' title='bbox 2461 5056 2526 5096; x_wconf 92' lang='lat' dir='ltr'><strong>eo</strong></span> <span class='ocrx_word' id='word_1_854' title='bbox 2556 5041 2671 5109; x_wconf 92' lang='lat' dir='ltr'><strong>ipso</strong></span> <span class='ocrx_word' id='word_1_855' title='bbox 2710 5039 2826 5095; x_wconf 90' lang='lat' dir='ltr'><strong>loco</strong></span> <span class='ocrx_word' id='word_1_856' title='bbox 2855 5055 3015 5108; x_wconf 89' lang='lat' dir='ltr'><strong>quem</strong></span> <span class='ocrx_word' id='word_1_857' title='bbox 3073 5037 3282 5108; x_wconf 90' lang='lat' dir='ltr'><strong>profert</strong></span> <span class='ocrx_word' id='word_1_858' title='bbox 3318 5034 3627 5093; x_wconf 78' lang='lat' dir='ltr'><strong>Jansenius.</strong></span> 
     </span>
    </p>
   </div>
   <div class='ocr_carea' id='block_1_110' title="bbox 2061 5128 3633 5201">
    <p class='ocr_par' dir='ltr' id='par_1_110' title="bbox 2061 5128 3633 5201">
     <span class='ocr_line' id='line_1_110' title="bbox 2061 5128 3633 5201; baseline -0.004 -16"><span class='ocrx_word' id='word_1_859' title='bbox 2061 5131 2184 5186; x_wconf 76' lang='lat' dir='ltr'><strong>Haec</strong></span> <span class='ocrx_word' id='word_1_860' title='bbox 2226 5142 2405 5187; x_wconf 88' lang='lat' dir='ltr'><strong>autem</strong></span> <span class='ocrx_word' id='word_1_861' title='bbox 2454 5131 2703 5187; x_wconf 86' lang='lat' dir='ltr'><strong>remissio</strong></span> <span class='ocrx_word' id='word_1_862' title='bbox 2742 5140 3089 5201; x_wconf 88' lang='lat' dir='ltr'><strong>peccatorum</strong></span> <span class='ocrx_word' id='word_1_863' title='bbox 3137 5130 3393 5200; x_wconf 91' lang='lat' dir='ltr'><strong>quoniam</strong></span> <span class='ocrx_word' id='word_1_864' title='bbox 3432 5128 3633 5197; x_wconf 86' lang='lat' dir='ltr'><strong>imper-</strong></span> 
     </span>
    </p>
   </div>
   <div class='ocr_carea' id='block_1_111' title="bbox 2060 5217 3631 5291">
    <p class='ocr_par' dir='ltr' id='par_1_111' title="bbox 2060 5217 3631 5291">
     <span class='ocr_line' id='line_1_111' title="bbox 2060 5217 3631 5291; baseline -0.004 -14"><span class='ocrx_word' id='word_1_865' title='bbox 2060 5225 2198 5279; x_wconf 88' lang='lat' dir='ltr'><strong>fecta</strong></span> <span class='ocrx_word' id='word_1_866' title='bbox 2222 5232 2360 5288; x_wconf 84' lang='lat' dir='ltr'><strong>erat,</strong></span> <span class='ocrx_word' id='word_1_867' title='bbox 2404 5234 2460 5278; x_wconf 82' lang='lat' dir='ltr'><strong>et</strong></span> <span class='ocrx_word' id='word_1_868' title='bbox 2513 5221 2657 5277; x_wconf 90' lang='lat' dir='ltr'><strong>illius</strong></span> <span class='ocrx_word' id='word_1_869' title='bbox 2703 5220 2891 5276; x_wconf 91' lang='lat' dir='ltr'><strong>umbra</strong></span> <span class='ocrx_word' id='word_1_870' title='bbox 2940 5236 3061 5291; x_wconf 59' lang='lat' dir='ltr'><strong>quas</strong></span> <span class='ocrx_word' id='word_1_871' title='bbox 3116 5221 3310 5275; x_wconf 90' lang='lat' dir='ltr'><strong>merito</strong></span> <span class='ocrx_word' id='word_1_872' title='bbox 3352 5217 3631 5286; x_wconf 83' lang='lat' dir='ltr'><strong>sanguinis</strong></span> 
     </span>
    </p>
   </div>
   <div class='ocr_carea' id='block_1_112' title="bbox 2060 5310 3628 5384">
    <p class='ocr_par' dir='ltr' id='par_1_112' title="bbox 2060 5310 3628 5384">
     <span class='ocr_line' id='line_1_112' title="bbox 2060 5310 3628 5384; baseline -0.005 -14"><span class='ocrx_word' id='word_1_873' title='bbox 2060 5315 2261 5370; x_wconf 90' lang='lat' dir='ltr'><strong>Christi</strong></span> <span class='ocrx_word' id='word_1_874' title='bbox 2304 5315 2646 5384; x_wconf 89' lang='lat' dir='ltr'><strong>impetratur,</strong></span> <span class='ocrx_word' id='word_1_875' title='bbox 2676 5313 2878 5368; x_wconf 90' lang='lat' dir='ltr'><strong>idcirco</strong></span> <span class='ocrx_word' id='word_1_876' title='bbox 2918 5328 3024 5366; x_wconf 92' lang='lat' dir='ltr'><strong>non</strong></span> <span class='ocrx_word' id='word_1_877' title='bbox 3073 5312 3232 5382; x_wconf 88' lang='lat' dir='ltr'><strong>plene</strong></span> <span class='ocrx_word' id='word_1_878' title='bbox 3258 5310 3314 5365; x_wconf 88' lang='lat' dir='ltr'><strong>et</strong></span> <span class='ocrx_word' id='word_1_879' title='bbox 3368 5310 3628 5379; x_wconf 77' lang='lat' dir='ltr'><strong>perfecte,</strong></span> 
     </span>
    </p>
   </div>
   <div class='ocr_carea' id='block_1_113' title="bbox 2058 5399 3633 5475">
    <p class='ocr_par' dir='ltr' id='par_1_113' title="bbox 2058 5399 3633 5475">
     <span class='ocr_line' id='line_1_113' title="bbox 2058 5399 3633 5475; baseline -0.008 -13"><span class='ocrx_word' id='word_1_880' title='bbox 2058 5408 2152 5462; x_wconf 91' lang='lat' dir='ltr'><strong>sed</strong></span> <span class='ocrx_word' id='word_1_881' title='bbox 2179 5422 2243 5462; x_wconf 84' lang='lat' dir='ltr'><strong>ex</strong></span> <span class='ocrx_word' id='word_1_882' title='bbox 2280 5416 2435 5475; x_wconf 89' lang='lat' dir='ltr'><strong>parte</strong></span> <span class='ocrx_word' id='word_1_883' title='bbox 2460 5405 2639 5473; x_wconf 86' lang='lat' dir='ltr'><strong>aliqua</strong></span> <span class='ocrx_word' id='word_1_884' title='bbox 2668 5404 2939 5475; x_wconf 86' lang='lat' dir='ltr'><strong>tyrannidi</strong></span> <span class='ocrx_word' id='word_1_885' title='bbox 2976 5403 3169 5457; x_wconf 91' lang='lat' dir='ltr'><strong>mortis</strong></span> <span class='ocrx_word' id='word_1_886' title='bbox 3209 5416 3272 5456; x_wconf 86' lang='lat' dir='ltr'><strong>ac</strong></span> <span class='ocrx_word' id='word_1_887' title='bbox 3293 5399 3496 5471; x_wconf 86' lang='lat' dir='ltr'><strong>peccati</strong></span> <span class='ocrx_word' id='word_1_888' title='bbox 3534 5413 3633 5466; x_wconf 87' lang='lat' dir='ltr'><strong>per</strong></span> 
     </span>
    </p>
   </div>
   <div class='ocr_carea' id='block_1_114' title="bbox 2058 5490 3629 5568">
    <p class='ocr_par' dir='ltr' id='par_1_114' title="bbox 2058 5490 3629 5568">
     <span class='ocr_line' id='line_1_114' title="bbox 2058 5490 3629 5568; baseline -0.007 -16"><span class='ocrx_word' id='word_1_889' title='bbox 2058 5497 2230 5568; x_wconf 87' lang='lat' dir='ltr'><strong>legem</strong></span> <span class='ocrx_word' id='word_1_890' title='bbox 2271 5496 2464 5552; x_wconf 84' lang='lat' dir='ltr'><strong>obsisti</strong></span> <span class='ocrx_word' id='word_1_891' title='bbox 2516 5495 2672 5551; x_wconf 90' lang='lat' dir='ltr'><strong>dixit.</strong></span> <span class='ocrx_word' id='word_1_892' title='bbox 2740 5495 2795 5550; x_wconf 91' lang='lat' dir='ltr'><strong>ld</strong></span> <span class='ocrx_word' id='word_1_893' title='bbox 2838 5496 2950 5563; x_wconf 91' lang='lat' dir='ltr'><strong>ipse</strong></span> <span class='ocrx_word' id='word_1_894' title='bbox 2996 5494 3279 5563; x_wconf 84' lang='lat' dir='ltr'><strong>perspicue</strong></span> <span class='ocrx_word' id='word_1_895' title='bbox 3337 5490 3629 5562; x_wconf 79' lang='lat' dir='ltr'><strong>significat,</strong></span> 
     </span>
    </p>
   </div>
   <div class='ocr_carea' id='block_1_115' title="bbox 2057 5583 3631 5659">
    <p class='ocr_par' dir='ltr' id='par_1_115' title="bbox 2057 5583 3631 5659">
     <span class='ocr_line' id='line_1_115' title="bbox 2057 5583 3631 5659; baseline -0.006 -11"><span class='ocrx_word' id='word_1_896' title='bbox 2057 5607 2179 5648; x_wconf 91' lang='lat' dir='ltr'><strong>eum</strong></span> <span class='ocrx_word' id='word_1_897' title='bbox 2209 5589 2358 5646; x_wconf 89' lang='lat' dir='ltr'><strong>addit</strong></span> <span class='ocrx_word' id='word_1_898' title='bbox 2392 5588 2696 5647; x_wconf 89' lang='lat' dir='ltr'><strong>obsistente</strong></span> <span class='ocrx_word' id='word_1_899' title='bbox 2719 5587 3125 5659; x_wconf 80' lang='lat' dir='ltr'><strong>quantumlibet</strong></span> <span class='ocrx_word' id='word_1_900' title='bbox 3147 5586 3263 5658; x_wconf 81' lang='lat' dir='ltr'><strong>lege</strong></span> <span class='ocrx_word' id='word_1_901' title='bbox 3284 5583 3631 5656; x_wconf 65' lang='lat' dir='ltr'><strong>praet-aluisse</strong></span> 
     </span>
    </p>
   </div>
   <div class='ocr_carea' id='block_1_116' title="bbox 456 5772 2059 5847">
    <p class='ocr_par' dir='ltr' id='par_1_116' title="bbox 456 5772 2059 5847">
     <span class='ocr_line' id='line_1_116' title="bbox 456 5772 2059 5847; baseline -0.008 -7"><span class='ocrx_word' id='word_1_902' title='bbox 456 5785 499 5816; x_wconf 69' lang='grc' dir='ltr'><strong>θ’</strong></span> <span class='ocrx_word' id='word_1_903' title='bbox 527 5782 679 5840; x_wconf 84' lang='lat' dir='ltr'><strong>Rom.</strong></span> <span class='ocrx_word' id='word_1_904' title='bbox 708 5795 791 5847; x_wconf 85' lang='grc' dir='ltr'>ιιι,</span> <span class='ocrx_word' id='word_1_905' title='bbox 821 5779 911 5835; x_wconf 74' lang='lat'><strong>28.</strong></span> <span class='ocrx_word' id='word_1_906' title='bbox 988 5779 1031 5811; x_wconf 76' lang='grc'><strong>⁷⁸</strong></span> <span class='ocrx_word' id='word_1_907' title='bbox 1053 5776 1233 5833; x_wconf 79' lang='lat' dir='ltr'><strong>Jacob.</strong></span> <span class='ocrx_word' id='word_1_908' title='bbox 1273 5790 1330 5841; x_wconf 82' lang='grc' dir='ltr'>ιι,</span> <span class='ocrx_word' id='word_1_909' title='bbox 1352 5773 1444 5839; x_wconf 74' lang='lat'><strong>2|,</strong></span> <span class='ocrx_word' id='word_1_910' title='bbox 1472 5774 1563 5830; x_wconf 71' lang='lat'><strong>2‘2.</strong></span> <span class='ocrx_word' id='word_1_911' title='bbox 1629 5775 1678 5835; x_wconf 73' lang='grc' dir='ltr'><strong>,τι</strong></span> <span class='ocrx_word' id='word_1_912' title='bbox 1711 5774 1861 5829; x_wconf 80' lang='lat' dir='ltr'><strong>Rom.</strong></span> <span class='ocrx_word' id='word_1_913' title='bbox 1887 5787 1937 5839; x_wconf 91' lang='lat' dir='ltr'><strong>v,</strong></span> <span class='ocrx_word' id='word_1_914' title='bbox 1967 5772 2059 5831; x_wconf 76' lang='lat'><strong>20.</strong></span> 
     </span>
    </p>
   </div>
  </div>
