4160 6398
510 342 615 396 933%

1756 336 1816 392 P.
1859 331 2180 389 D.\.\'lEl.lS
2221 331 2314 387 [Ill
2327 330 2463 386 ETll

3689 318 3797 370 930

507 464 815 528 peccatum,
869 467 970 508 nec
1012 453 1116 522 legi
1169 451 1603 508 succenturintos
1654 451 1952 521 prophetas
1990 447 2100 499 vim
2131 445 2372 508 Aeliam
2423 441 2878 514 praevaricatione
2949 453 3200 511 peccare.
3255 455 3276 491 ι
3349 433 3410 491 S.
3450 433 3689 489 Thomas
3741 437 3800 492 its

509 547 720 618 peccati
781 545 1040 600 cohibere
1099 545 1368 614 potuisse,
1412 545 1508 600 sed
1571 543 1815 599 adfuisse
1880 542 2098 596 tandem

508 640 816 703 Christum,
871 653 936 692 ac
994 638 1061 690 de
1111 647 1286 691 morte
1324 645 1381 691 et
1442 646 1665 706 peccato
1712 635 2099 704 triumphasse.

511 731 780 786 Praeterea
833 727 953 796 lege
1003 725 1110 779 lata
1157 725 1344 795 aliquo
1372 740 1534 781 sensu
1569 739 1884 794 compressa
1936 723 2105 779 fuisse

511 824 616 877 tliei
663 829 840 891 potest
883 817 1094 888 peccati
1134 818 1250 882 vis;
1287 836 1392 873 non
1425 819 1568 888 quod
1617 819 1759 874 hanc
1797 818 1978 886 reipsa
2017 818 2103 872 lex

511 915 924 987 compresserit,
957 915 1050 968 sed
1075 914 1216 982 quod
1247 912 1311 964 atl
1351 927 1469 966 eam
1499 912 1964 980 comprimendam
1995 911 2104 966 lata

511 1013 616 1073 sit;
659 1016 902 1078 spectato
931 1005 1187 1068 consilio,
1215 1020 1322 1057 non
1351 1013 1587 1068 eventu;
1617 1018 1764 1066 nam,
1803 1005 2104 1056 secundum

511 1101 882 1162 Ambrosium,
940 1116 964 1149 ‹
1018 1097 1306 1167 Apostolus
1345 1093 1586 1149 ostendit
1621 1092 1753 1164 quid
1786 1093 2107 1161 provenerit

513 1195 641 1249 data
687 1193 826 1261 lege,
869 1206 972 1245 non
999 1190 1126 1260 quid
1160 1189 1243 1242 lex
1273 1187 1520 1242 fecerit.»
1559 1211 1635 1227 -—-
1663 1204 1681 1238 t
1724 1184 1841 1239 Non
1885 1185 2054 1249 enim,
2081 1203 2100 1237 ι

513 1296 574 1338 ιιι
618 1285 784 1340 habet
818 1283 877 1337 S.
910 1283 1148 1337 Thomas
1181 1282 1235 1334 in
1271 1277 1423 1332 Rom.
1454 1293 1506 1341 v,
1545 1277 1637 1342 ρο,
1679 1296 1698 1328 t
1733 1278 1800 1332 ad
1856 1277 1960 1331 hoc
2007 1275 2109 1330 fttit

515 1379 643 1430 tlata
677 1377 781 1437 lex,
823 1383 882 1428 ut
923 1383 1209 1443 peccatum
1257 1371 1594 1436 abundaret;
1635 1370 1765 1438 quin
1796 1371 1976 1440 potius
1999 1369 2107 1432 lex,

513 1477 778 1537 quantum
822 1467 874 1520 in
900 1481 959 1519 se
990 1463 1113 1529 fuit,
1151 1472 1438 1531 peccatum
1473 1460 1772 1532 prohibuit,
1808 1464 2106 1515 secundmu

517 1561 644 1614 illttd
681 1559 817 1628 psal.
847 1574 1036 1622 cxvttt,
1071 1557 1157 1620 ll,
1182 1554 1248 1609 Ιιι
1280 1555 1436 1608 corde
1466 1569 1577 1607 meo
1603 1553 1861 1607 abscondi
1892 1553 2100 1622 eloquia

514 1663 628 1716 tua,
662 1663 716 1704 ut
749 1667 852 1703 non
888 1665 1089 1718 peccent
1121 1649 1238 1703 tibi.
1275 1666 1294 1699 ι
1355 1646 1459 1700 Sed
1493 1660 1592 1699 nec
1619 1647 1780 1699 aliter
1806 1659 1902 1715 per
1939 1645 2108 1715 legem

517 1745 915 1798 incrementum
976 1741 1256 1809 accepisse
1302 1747 1588 1808 peccatum
1646 1738 1868 1792 tradunt
1917 1734 2111 1790 Patres

515 1835 786 1898 nonnulli,
819 1849 980 1902 quam
1012 1832 1141 1902 quia
1175 1847 1271 1900 per
1310 1831 1446 1900 legis
1484 1829 1980 1900 promulgationem
2015 1843 2108 1881 co-

516 1929 728 1998 gnitutn
782 1937 868 1982 est
919 1927 974 1980 id
1026 1940 1151 1981 esse
1197 1934 1508 1995 peccatum,
1576 1924 1720 1991 quod
1751 1931 1909 1976 antea
1948 1922 2109 1992 vulgo

519 2020 920 2091 ignorabatur;
975 2019 1117 2070 unde
1177 2013 1556 2084 prarvaricatio
1615 2022 1673 2067 et
1724 2014 2108 2081 transgressio,

514 2111 668 2181 juxta
707 2109 834 2164 illtttl
865 2109 1024 2163 Rom.
1056 2122 1139 2167 ιιι,
1164 2106 1268 2160 2οι
1305 2124 1324 2157 t
1361 2104 1462 2159 Per
1491 2104 1663 2174 legem
1691 2105 1834 2159 enim
1875 2102 2112 2171 cognitio

519 2202 749 2270 peccati.
773 2219 792 2251 ι
821 2199 1241 2267 Chrysostomus
1265 2196 1455 2250 homil.
1478 2195 1613 2249 10in
1630 2193 1806 2261 Epist.
1834 2197 1904 2249 ad
1933 2195 2108 2249 Rom.:

530 2289 748 2360 Ἐπειδὴ
783 2288 892 2360 γὰρ
927 2288 1185 2359 βάναυσοί
1215 2304 1358 2350 τινες
1389 2283 1530 2357 ἦσαν
1563 2287 1802 2340 Ἰουδαῖοι
1832 2287 1927 2340 καὶ
1953 2287 2109 2340 ἐκλε-

515 2383 762 2453 λυμένοι,
822 2383 1088 2454 καὶπρὸς
1138 2382 1311 2446 αὐτὰς
1369 2381 1469 2445 τὰς
1519 2381 1730 2451 δωρεὰς
1785 2381 2113 2434 ἀναπεπτω-

517 2475 676 2536 κότες
718 2489 732 2503 ·
778 2473 970 2527 τούτου
1026 2475 1186 2545 χάριν
1236 2475 1264 2526 ὁ
1311 2473 1476 2544 νόμος
1535 2472 1713 2543 ἐδόθη,
1785 2473 1870 2526 ἵνα
1913 2474 2112 2537 αὐτοὺς

517 2566 715 2641 ἐλέγξῃ
751 2565 1033 2637 μειζόνως,
1074 2568 1168 2620 καὶ
1199 2565 1386 2639 διδάξῃ
1421 2566 1608 2636 σαφῶς
1647 2569 1705 2619 ὲν
1747 2561 1828 2630 οἷς
1862 2568 1990 2632 εισι,
2017 2569 2112 2622 καὶ

515 2663 618 2731 τὴν
648 2659 988 2731 κατηγορίαν
1023 2659 1286 2730 αὐξήσας,
1313 2658 1611 2730 ὲπισφίγξῃ
1640 2658 1841 2729 μᾶλλον
1869 2658 2066 2723 αὐτούς
2093 2699 2108 2713 .

524 2768 547 2804 ι
581 2751 850 2819 Quoniam
870 2751 1015 2806 enim
1044 2750 1340 2805 illiberales
1364 2749 1732 2815 erantJudati,
1755 2761 1810 2804 et
1836 2751 2109 2815 diSSUluli,

515 2853 576 2899 et
605 2843 670 2896 ad
703 2843 819 2909 ipsa
852 2842 990 2896 dona
1022 2842 1228 2910 supini,
1267 2843 1472 2897 idcirco
1508 2841 1594 2897 lex
1622 2842 1746 2896 data
1775 2853 1879 2907 est,
1903 2853 1963 2897 ιιι
1990 2843 2113 2898 illos

520 2933 778 2986 videlicet
814 2933 1193 2987 vehementius
1225 2941 1573 3004 coargueret,
1624 2944 1918 3004 aperteque
1949 2935 2107 2990 doce-

521 3037 605 3080 ret
631 3041 740 3095 quo
772 3027 824 3079 in
856 3035 1000 3080 statu
1031 3035 1240 3088 essent,
1283 3036 1449 3096 atque
1479 3027 1882 3081 accusationem
1907 3042 2112 3095 augens

519 3117 672 3186 ipsos
700 3117 871 3186 magis
899 3117 1320 3184 constringeret.
1361 3133 1381 3166 ι
1447 3115 1812 3186 llicronymus
1844 3117 1898 3170 in
1937 3117 2108 3184 Epist.

520 3209 592 3261 ad
627 3207 808 3262 Galat.
841 3223 924 3270 Ill,
959 3209 1054 3271 -Μ,
1084 3208 1155 3260 2'2
1177 3225 1189 3259 :
1210 3225 1229 3258 t
1264 3206 1374 3261 Nec
1407 3222 1534 3261 vero
1561 3210 1933 3263 :estimandum
1963 3208 2112 3264 Scri-

519 3311 740 3370 ptttratn
779 3310 1054 3354 auctorem
1083 3314 1205 3353 esse
1244 3301 1474 3368 peccati,
1500 3301 1627 3369 quia
1655 3301 1838 3354 omnia
1858 3302 1956 3353 sub
1985 3317 2112 3370 pec-

519 3399 649 3444 cato
683 3388 1020 3443 conclusisse
1061 3389 1275 3442 dicatur
1314 3401 1329 3441 :
1359 3401 1484 3441 cum
1519 3390 1833 3443 tnandatum
1869 3391 2011 3460 quod
2043 3406 2111 3446 ex

517 3479 644 3549 jure
683 3481 1022 3550 praecipitur,
1050 3480 1309 3534 ostendat
1355 3483 1557 3550 potius,
1585 3491 1890 3551 arguatqtte
1922 3497 2114 3553 pecca-

527 3580 658 3630 tum,
719 3585 881 3640 quam
915 3570 986 3623 sit
1025 3584 1189 3623 causa
1242 3571 1471 3640 peccati.
1515 3589 1534 3622 ι
1569 3570 1904 3642 Augustinus
1949 3572 2042 3630 lib.
2072 3589 2111 3628 tt

524 3671 711 3716 contra
763 3661 1064 3728 lulianum,
1099 3676 1220 3728 cap.
1280 3662 1386 3728 22,
1439 3679 1458 3713 t
1497 3660 1777 3732 Originale
1830 3675 2112 3732 peccatum

525 3767 634 3807 non
670 3751 887 3820 quidem
909 3760 1030 3821 post
1061 3749 1233 3820 legem
1268 3750 1462 3816 crevit,
1495 3755 1590 3806 sed
1630 3761 1810 3808 tamen
1839 3754 1925 3810 lex
1947 3758 2112 3810 etiam

526 3845 744 3913 ipsum,
805 3845 964 3914 cujus
1020 3842 1373 3898 abolitionem
1436 3844 1850 3900 circumcisione
1895 3846 2116 3901 infantis

525 3937 888 4006 significaret,
925 3936 1164 4002 invenit;
1217 3939 1360 3992 sicut
1424 3937 1635 3992 invenit
1680 3939 1846 3992 etiam
1893 3951 2115 4009 peccata

528 4029 873 4097 ignorantia},
929 4043 1050 4098 qua:
1107 4043 1209 4083 nec
1267 4029 1383 4098 ipsa
1431 4029 1554 4082 data
1609 4030 1726 4099 lege
1778 4039 2112 4084 creverunt:

526 4123 970 4190 quandoquidem
1015 4123 1201 4192 potius
1233 4123 1346 4191 ipsa
1380 4123 1689 4193 ignorantia
1717 4124 1980 4180 diminuta
2011 4135 2115 4189 est,

528 4216 654 4282 quia
679 4215 906 4269 scientia
941 4214 1077 4286 legis
1109 4217 1341 4270 accessit
1377 4232 1392 4269 :
1426 4216 1520 4271 sed
1553 4225 1833 4286 peceatum
1864 4216 1982 4270 sine
2009 4232 2119 4286 quo

531 4321 692 4359 nemo
726 4308 998 4372 nascitur,
1031 4308 1209 4362 crevit
1253 4307 1551 4362 voluntatis
1576 4323 1833 4375 accessu,
1859 4307 2118 4376 originali

528 4399 978 4467 concupiscentia
1015 4401 1268 4456 trahente
1323 4411 1612 4471 peccantes
1642 4415 1892 4455 assensu.
1927 4401 2117 4454 Abun-

2203 535 2356 590 Rom.
2381 552 2435 599 v,
2459 535 2530 590 20
2560 553 2574 590 :
2612 553 2630 586 t
2656 535 2913 589 Secundo
2940 543 3119 588 autem
3157 538 3335 600 pmest
3364 528 3708 597 responderi,
3742 539 3803 582 ιιι

2204 628 2422 682 dicatur
2455 627 2600 697 quod
2649 626 2724 697 ly,
2752 637 2812 678 ιιι
2863 634 3115 679 teneatur
3138 620 3458 683 causaliter,
3509 619 3582 672 ita
3621 627 3804 671 tamen

2203 719 2351 790 quod
2399 719 2654 788 loquatur
2684 715 2976 786 Apostolus
3003 715 3070 770 de
3096 711 3431 768 abundantia
3473 707 3684 772 delicti,
3718 723 3806 763 se-

2206 811 2442 864 cundutn
2471 809 2614 879 quod
2642 818 2727 863 est
2773 810 2830 863 in
2865 816 3052 863 nostra
3079 803 3423 874 cognitione;
3478 810 3540 855 ut
3575 799 3650 855 sit
3682 813 3808 854 sen-

2208 917 2322 968 sus,
2357 901 2439 956 lex
2476 901 2830 964 subintravit,
2867 910 2926 954 ut
2957 897 3260 953 abundaret
3305 893 3587 958 delictum,
3618 891 3672 946 id
3696 900 3803 955 est,

2209 1002 2270 1046 nt
2303 990 2678 1047 abundantius
2719 989 2979 1045 delictum
3009 991 3459 1056 cognosceretur,
3503 979 3808 1038 secundum

2212 1086 2434 1140 modum
2485 1083 2747 1152 loquendi
2785 1097 2894 1149 quo
2919 1080 3122 1135 dicitur
3147 1077 3356 1147 aliquid
3385 1075 3527 1141 ﬁeri,
3561 1089 3684 1127 cum
3719 1073 3803 1127 in-

2210 1177 2462 1232 notescit.
2523 1175 2675 1230 Unde
2712 1189 2876 1244 supra
2912 1173 3116 1226 dictum
3149 1180 3256 1234 est,
3315 1169 3460 1238 quod
3507 1181 3604 1236 per
3631 1165 3807 1235 legem

2209 1280 2293 1326 est
2321 1269 2567 1340 cognitio
2594 1268 2826 1336 peccati.
2864 1284 2884 1316 ι
2914 1261 3075 1318 Juvat
3098 1275 3313 1331 quoque
3346 1260 3637 1329 Origenem
3661 1257 3806 1328 quod

2213 1365 2379 1419 habet
2408 1362 2608 1417 ibidem
2635 1359 2693 1414 S.
2711 1357 2972 1421 Thomas,
3005 1366 3126 1426 post
3151 1354 3288 1426 legis
3311 1351 3804 1422 promulgationem

2216 1455 2501 1511 ruentibus
2550 1450 2828 1508 nonnullis
2864 1450 2917 1502 in
2967 1449 3194 1503 vetitum
3245 1445 3418 1512 nefas,
3449 1443 3710 1513 quosdam
3739 1441 3808 1496 ad

2213 1531 2496 1602 meliorem
2556 1543 2768 1614 frugem
2813 1540 3082 1606 evasisse,
3151 1539 3205 1593 in
3261 1539 3438 1608 iisque
3493 1551 3804 1606 repressum

2215 1641 2388 1694 fuisse
2425 1646 2734 1706 peccatum.
2769 1652 2793 1686 ι
2838 1633 3131 1689 Sciendum
3167 1641 3372 1695 tamen,
3415 1630 3618 1700 inquit,
3639 1630 3807 1700 quod,

2215 1732 2354 1785 sicut
2384 1727 2747 1796 Philosophus
2783 1724 2914 1778 dicit
2945 1723 2998 1778 in
3024 1740 3054 1777 x
3091 1723 3290 1791 Ethic.,
3322 1721 3628 1792 prohibitio
3653 1720 3805 1790 legis,

2219 1825 2344 1877 licet
2384 1822 2504 1877 illos
2534 1821 2627 1890 qui
2660 1827 2785 1874 sunt
2815 1819 2954 1872 male
2978 1817 3224 1886 dispositi
3274 1815 3532 1872 cohibeat
3561 1815 3630 1870 ab
3653 1827 3809 1870 exte-

2218 1913 2454 1970 rioribus
2487 1913 2726 1984 peccatis
2750 1911 2868 1967 solo
2891 1924 3063 1979 paena:
3092 1910 3304 1976 timore,
3330 1912 3593 1980 quosdam
3627 1917 3810 1962 tamen

2218 2005 2357 2060 bene
2396 2004 2691 2074 dispositos
2743 2001 2955 2056 inducit
3003 2015 3102 2070 per
3138 2016 3381 2056 amorem
3419 2000 3669 2066 virtutis;
3714 1999 3810 2054 sed

2224 2101 2326 2154 ista
2371 2099 2512 2151 bona
2539 2095 2831 2166 dispositio
2869 2105 3129 2165 quantum
3161 2096 3228 2149 ad
3257 2094 3460 2164 aliquid
3490 2103 3666 2165 potest
3690 2108 3813 2151 esse

2219 2206 2247 2244 a
2291 2199 2510 2252 natura,
2559 2189 2655 2243 sed
2685 2187 2804 2255 ejus
2851 2188 3118 2257 perfectio
3154 2202 3258 2242 non
3291 2197 3376 2241 est
3427 2187 3532 2241 nisi
3563 2201 3658 2255 per
3681 2203 3812 2258 gra-

2221 2279 2375 2342 tiam,
2404 2295 2472 2334 ex
2507 2293 2613 2348 qua
2638 2279 2909 2350 contingit
2940 2280 3085 2349 quod
3114 2279 3274 2333 etiam
3303 2278 3614 2347 lege‘veteri
3654 2280 3806 2344 data,

2221 2389 2326 2426 non
2357 2374 2410 2428 itt
2437 2371 2696 2428 omnibus
2728 2383 3010 2444 peccatum
3039 2371 3300 2436 abundat,
3321 2371 3412 2426 sed
3446 2371 3497 2426 in
3535 2371 3808 2442 pluribus.

2219 2462 2454 2528 Quidam
2491 2477 2620 2517 vero
2650 2461 2770 2532 lege
2801 2462 3142 2530 prohibente,
3174 2471 3230 2516 et
3255 2462 3427 2532 gratia
3455 2461 3683 2518 ulterius
3713 2464 3813 2517 ad-

2211 2553 2458 2621 juvante,
2510 2555 2576 2609 ad
2624 2554 3013 2624 perfectionem
3058 2556 3320 2609 virtutum
3353 2556 3566 2610 tandem
3616 2571 3814 2624 perve-

2221 2655 2439 2709 nerunt,
2477 2647 2772 2700 secundum
2819 2646 2946 2702 illud
2983 2647 3191 2704 Eccles.
3227 2662 3372 2711 thv,
3409 2647 3476 2701 l:
3512 2646 3814 2700 Laudemus

2218 2741 2356 2792 viros
2397 2737 2676 2807 gloriosos,
2717 2745 2848 2803 etc.,
2897 2749 2952 2793 et
3006 2737 3167 2803 infra,
3218 2739 3273 2805 5,
3314 2737 3548 2792 homines
3597 2753 3817 2808 magnos

2218 2836 2428 2888 virtute.
2470 2852 2488 2885 ι
2531 2831 2871 2903 Sutfragatur
2907 2845 2962 2886 et
2992 2833 3120 2886 illud
3152 2831 3396 2893 'l‘bomte.
3443 2842 3629 2888 nostro
3664 2831 3817 2885 Ada-

2220 2926 2448 2990 mantio,
2473 2941 2539 2980 ex
2583 2924 2704 2988 1-9,
2737 2937 2926 2994 quaest.
2963 2925 3053 2989 98,
3105 2939 3159 2990 a,
3197 2923 3223 2976 1
3273 2941 3288 2978 :
3334 2941 3355 2976 ι
3399 2923 3510 2978 Lex
3545 2932 3699 2979 vetus
3732 2937 3822 2977 ra-

2221 3018 2351 3073 tioni
2387 3016 2743 3082 consonabat,
2777 3017 2903 3086 quia
2931 3015 3431 3086 concupiscentiam
3461 3015 3818 3085 reprimebat,

2218 3123 2340 3176 qua:
2363 3108 2554 3163 rationi
2583 3109 2922 3174 adversatur,
2979 3116 3037 3160 ut
3097 3116 3245 3178 patet
3283 3107 3336 3162 itt
3395 3106 3486 3161 illo
3512 3107 3768 3162 mandato
3801 3124 3820 3160 :

2217 3198 2342 3253 Non
2385 3201 2724 3268 concupisces
2783 3213 2890 3252 rem
2939 3199 3166 3267 proximi
3225 3200 3338 3266 tui,
3408 3199 3551 3269 quod
3602 3201 3823 3269 ponitur

2215 3289 2387 3344 Exod.
2413 3307 2502 3355 xx,
2542 3291 2630 3346 17.
2667 3289 2785 3361 Ipsa
2817 3292 2982 3347 etiam
3015 3291 3198 3346 omnia
3223 3302 3439 3360 peccata
3469 3291 3815 3372 prohibebat,

2213 3397 2337 3451 qua:
2377 3392 2724 3440 suntcontra
2767 3385 3052 3438 rationem.
3097 3401 3117 3434 ι
3170 3382 3235 3438 Et
3285 3381 3516 3438 articulo
3558 3393 3824 3453 sequente

2216 3477 2374 3529 docet
2446 3475 2621 3544 legem
2683 3486 2922 3531 veterem
2972 3483 3019 3542 is
3075 3473 3324 3528 homines
3397 3474 3683 3529 ordinasse
3753 3474 3824 3528 ad

2215 3567 2498 3622 Christum
2549 3582 2647 3636 per
2686 3570 2907 3624 modum
2940 3565 3219 3636 cujusdam
3264 3568 3664 3636 dispositionis,
3689 3567 3823 3620 dum

2217 3661 2502 3716 retrahens
2545 3661 2792 3716 homines
2823 3677 2853 3715 a
2898 3661 3045 3717 cultu
3085 3660 3423 3726 idololatriae,
3463 3658 3825 3715 concludebat

2212 3765 2310 3806 eos
2340 3755 2440 3807 sub
2463 3751 2612 3808 cultu
2647 3754 2806 3807 unius
2839 3752 2955 3820 Dei,
2997 3768 3025 3807 a
3059 3768 3168 3822 quo
3212 3751 3529 3808 salvaudum
3563 3765 3684 3806 erat
3718 3750 3827 3805 bu-

2220 3859 2443 3898 manum
2471 3859 2646 3915 genus
2685 3858 2780 3914 per
2819 3845 3122 3900 Christum.
3155 3863 3175 3897 ι

2291 3937 2404 3992 XII.
2495 3941 2672 4005 Atque
2737 3937 2949 3991 utinam
3011 3937 3315 3993 commodis
3378 3950 3532 4008 atque
3607 3938 3826 4008 exposi-

2221 4031 2460 4088 tionibus
2511 4028 2848 4101 Origeniana
2926 4031 2992 4084 de
3076 4033 3265 4100 gratiae
3342 4032 3541 4086 divina:
3606 4029 3828 4085 auxiliis

2220 4124 2472 4194 dogmata
2509 4122 2681 4178 lenire
2725 4101 3009 4193 possemus
3041 4122 3156 4194 (42)
3189 4140 3203 4176 :
3241 4137 3427 4178 verum
3487 4132 3593 4178 tam
3633 4131 3830 4191 aperte

2223 4215 2485 4270 adversus
2520 4229 2640 4269 eam
2694 4222 2975 4284 grassatus
3025 4223 3130 4279 est,
3168 4213 3372 4270 frustra
3405 4225 3464 4270 ut
3515 4215 3694 4270 omnis
3723 4230 3829 4270 co-

2221 4308 2304 4362 lor
2333 4307 2578 4362 adhiberi
2621 4319 2787 4376 posse
2836 4304 3109 4361 videatur.
3179 4305 3470 4363 Manifesta
3518 4307 3718 4377 quippe
3751 4309 3825 4362 ab

2225 4401 2462 4454 humana
2497 4399 2797 4461 voluntate,
2832 4396 3061 4468 ejusque
3101 4398 3333 4455 arbitrio
3378 4399 3548 4454 divini
3603 4400 3829 4453 modum

530 4494 680 4547 tlavit
707 4504 887 4548 autem
919 4504 1227 4562 peccatum,
1264 4493 1315 4548 id
1347 4502 1451 4557 est,
1484 4493 1648 4547 nimis
1672 4493 1867 4557 crevit,
1905 4502 2121 4563 postea-
2149 4516 2197 4575 ο
2227 4504 2646 4559 mensuramque
2670 4488 2858 4543 auxilii
2892 4490 3130 4557 pendere
3160 4491 3346 4556 voluit,
3386 4490 3512 4546 licet
3551 4495 3619 4546 ad
3642 4494 3831 4562 aperis

527 4598 690 4654 quam
721 4599 816 4653 per
838 4584 1014 4654 legem
1053 4583 1197 4638 facta
1231 4593 1318 4638 est
1343 4585 1581 4653 cognitio
1611 4585 1842 4652 peccati,
1868 4595 1919 4639 et
1946 4586 2114 4654 coepit

599 4761 716 4831 (42)
761 4758 953 4815 Verum
1006 4770 1114 4814 tam
1168 4771 1346 4828 aperte
1401 4762 1650 4814 adversus
1690 4777 1806 4815 eam
1847 4774 2121 4832 grassatus

527 4844 628 4894 est,
653 4845 759 4885 etc.
797 4834 928 4884 Cum
968 4834 1259 4885 accusandi
1299 4833 1549 4901 Origenis
1583 4834 1813 4887 materia
1866 4844 1919 4885 et
1953 4851 2015 4888 ex
2057 4835 2122 4887 li-

533 4905 647 4955 ltris
675 4918 702 4956 a
731 4902 925 4955 Rulino
957 4903 1352 4970 interpretatis,
1389 4903 1502 4970 qui,
1528 4913 1586 4956 ut
1618 4903 1732 4972 ipse
1759 4903 1836 4956 ait
1865 4902 2116 4965 lluetius,

531 4989 722 5041 parum
754 4972 972 5042 Origeni
1003 4974 1357 5039 prmjutlicare
1388 4974 1606 5032 debent,
1640 4984 1696 5026 et
1725 4989 1790 5026 ex
1822 4975 2121 5028 Catholicis

530 5043 796 5096 delibero
838 5043 1065 5096 arbitrio
1117 5045 1402 5096 sententiis
1437 5043 1719 5111 desumpta
1779 5044 1870 5107 sit,
1933 5044 2118 5098 mirari

530 5115 665 5166 satis
709 5128 812 5166 non
849 5127 1070 5182 possum
1100 5127 1190 5165 cur
1236 5111 1434 5168 eruditi
1463 5113 1564 5166 viri
1607 5115 1658 5166 itt
1685 5114 1770 5168 Itis
1813 5113 1990 5168 Rufini
2035 5117 2119 5168 itt-

535 5183 1016 5251 terpretationibus
1090 5183 1428 5244 inhaeserint,
1493 5193 1806 5238 contextum
1865 5185 2122 5254 Origeuis

531 5253 719 5306 (ἑταῖρε
756 5262 1060 5306 exstantem
1094 5254 1452 5321 neglexerint,
1500 5264 1550 5308 et
1583 5269 1702 5322 quae
1733 5256 1801 5306 ad
1838 5253 1992 5309 liberi
2033 5271 2122 5308 ar-

533 5321 681 5375 bitrii
727 5323 1096 5378 defensionem
1133 5333 1319 5377 contra
1367 5321 1711 5380 detestandas
1746 5326 1981 5380 haereses
2022 5341 2121 5379 ca-

533 5393 730 5466 tholice
757 5394 1019 5466 disputat,
1051 5409 1114 5448 ea
1176 5396 1242 5446 ad
1295 5397 1545 5450 heresim
1596 5393 1968 5466 Pelagianam,
2025 5403 2121 5448 aut

535 5462 727 5536 saltem
748 5465 1246 5536 _Semipelagianam
1278 5466 1636 5536 detorserittt;
1669 5462 1792 5536 qua:
1829 5482 1962 5521 vero
1989 5480 2118 5520 sex-

531 5534 708 5608 centis
747 5532 982 5608 locisit‘te
1018 5532 1266 5608 gratuitae
1305 5547 1362 5592 ct
1405 5534 1642 5608 efﬁcacis
1687 5532 1885 5608 gratia:
1931 5551 2120 5590 neces-

535 5604 695 5676 sitate
727 5603 1328 5676 ntztgniﬁce'prwdicat,
1372 5620 1448 5676 ne
1511 5603 1721 5674 legisse'
1755 5608 1973 5676 quidem
2027 5617 2122 5658 aut

535 5673 986 5728 animadvertisse
1015 5678 1323 5730 videantur.
1370 5673 1668 5729 Fatendum
1699 5673 1832 5730 sane
1861 5685 1945 5730 est
1977 5676 2120 5744 quod

530 5745 800 5814 Origenes
837 5757 902 5795 ex
926 5743 1230 5798 animarum
1259 5747 1688 5813 praeexsistentia
1732 5743 2115 5814 opinatttsest,

534 5813 592 5866 id
621 5814 665 5869 si
702 5813 1082 5868 vehementius
1143 5823 1421 5882 urgeatur,
1460 5813 1876 5874 consecutio’ttes
1917 5816 2117 5872 trahere

2221 4581 2612 4652 perfeCtiouem
2653 4581 2860 4638 coalein
2914 4582 3187 4637 hominem
3249 4598 3442 4638 carere
3494 4599 3601 4640 non
3657 4601 3827 4654 posse

2233 4778 2374 4831 cum.
2390 4759 2660 4816 catholico
2693 4763 2942 4830 dogmate
2967 4772 3287 4832 pugnantes.
3313 4759 3425 4816 Sed
3456 4779 3616 4818 nemo
3650 4765 3832 4819 nescit

2224 4835 2462 4904 optimos
2488 4833 2638 4885 viros
2666 4848 2812 4902 saepe
2845 4835 2897 4886 in
2931 4847 3112 4888 errato
3153 4833 3334 4901 aliquo
3382 4834 3454 4904 ita
3490 4836 3720 4895 versari,
3767 4845 3831 4888 ut

2225 4903 2346 4975 qua:
2373 4919 2437 4956 ex
2468 4919 2533 4956 eo
2561 4917 2994 4975 consequuntur,
3049 4905 3269 4958 minime
3311 4903 3627 4975 defendant.
3665 4907 3825 4972 Quod

2226 4973 2268 5030 si
2303 4988 2533 5041 usquam
2578 4973 2713 5027 alias
2739 4989 2927 5026 verum
2975 4974 3096 5038 fuit,
3131 4983 3280 5029 certe
3315 4973 3368 5027 in
3403 4974 3639 5044 Origene
3665 4992 3824 5030 com-

2227 5046 2487 5115 probatur
2513 5045 2604 5111 qui
2637 5058 2790 5096 suam
2829 5045 2975 5096 illaut
3005 5046 3071 5098 de
3096 5044 3401 5098 animarqu
3434 5046 3827 5113 prmcxsisten-

2230 5114 2300 5170 tia
2339 5114 2673 5182 opinionem,
2712 5125 2768 5167 ιιι
2821 5116 3157 5182 probabilem
3199 5115 3594 5182 conjecturam,
3619 5133 3677 5170 re
3711 5133 3822 5171 non

2226 5186 2432 5248 decisa,
2467 5185 2749 5250 proponit;
2772 5195 2829 5236 at
2855 5185 3000 5238 nulla
3024 5187 3207 5239 habita
3240 5186 3452 5239 ratione
3477 5186 3636 5252 hujus
3664 5201 3822 5240 com-

2227 5257 2416 5314 menti,
2443 5254 2644 5327 Christi
2676 5255 2929 5327 gratiam,
2979 5272 3234 5327 magnum
3265 5255 3392 5310 illttd
3425 5257 3517 5327 Dei
3548 5257 3825 5313 incantati

2223 5336 2281 5379 et
2328 5323 2574 5377 crucifixi
2619 5323 2818 5378 munus
2858 5326 2938 5380 sic
2966 5323 3208 5395 exponit,
3261 5327 3341 5379 sic
3375 5326 3638 5392 defendit,
3667 5336 3724 5380 ut
3751 5329 3824 5382 ab

2222 5411 2288 5448 eo
2311 5396 2424 5468 fieri
2459 5409 2557 5468 par
2575 5403 2692 5448 erat
2719 5395 2890 5468 quiin
2935 5396 3035 5450 hoc
3062 5396 3458 5468 lucarnationis
3482 5398 3747 5468 mysterio
3767 5407 3827 5452 et

2226 5465 2560 5528 meditando,
2591 5474 2646 5518 et
2669 5466 3029 5534 praedicando,
3065 5476 3118 5522 et
3145 5477 3330 5520 contra
3363 5465 3602 5531 Judteos,
3629 5469 3824 5523 ethni-

2228 5552 2346 5599 cos,
2365 5548 2416 5607 et
2447 5535 2730 5607 hereticos
2751 5536 3090 5607 defendendo
3122 5537 3286 5590 vitam
3315 5539 3674 5607 consumpsit.

2301 5608 2352 5659 1.
2387 5606 2461 5658 Ita
2495 5605 2770 5673 explorata
2811 5615 2928 5676 erat
2962 5605 3180 5676 Origeni
3235 5609 3468 5660 humana
3528 5605 3819 5665 imbecilli-

2231 5687 2337 5758 tas,
2370 5686 2427 5728 ut
2453 5676 2548 5728 lib.
2589 5674 3122 5758 vtt.co_ntra'Celsutit,
3169 5693 3321 5732 num.
3354 5678 3446 5758 ζῆ,
3483 5677 3582 5733 Dei
3624 5686 3820 5758 cogitis

2228 5749 2428 5823 tionem
2473 5747 2978 5823 assequi__l_t0tttittes
3023 5763 3135 5823 non
3191 5763 3354 5823 posse
3397 5751 3657 5805 decernat
3697 5747 3822 5823 sine

2225 5821 2411 5873 divino
2437 5814 2661 5872 auxilio.
2696 5814 2830 5871 Hinc
2877 5833 2976 5872 nec
3021 5814 3256 5886 Platoni,
3291 5819 3357 5874 ad
3403 5835 3563 5890 quem
3609 5814 3816 5891 provo—
