4160 6404
524 411 628 466 939

1803 410 1863 470 P.
1905 408 2227 465 DANIELIS
2267 407 2503 465 llUETil

3701 409 3806 465 θιιι

523 526 656 584 stris
684 527 1059 582 absconditum
1099 527 1375 592 dilexerit.
1408 528 1546 584 Esau
1574 543 1702 585 vero
1733 530 1932 586 ibidem
1985 529 2098 585 deli-

2218 542 2278 583 se
2301 536 2530 592 natum,
2555 529 2649 582 sed
2687 526 2823 583 alios
2847 540 2966 584 esse
2986 529 3392 599 πνευματικῶς
3408 569 3422 593 ,
3459 527 3595 585 alios
3644 529 3806 600 ψυχι-

525 628 820 675 tescentem
848 603 972 676 odio
997 620 1275 685 habuerit;
1305 621 1628 690 praeclarum
1657 622 1800 678 istud
1835 622 2110 676 invexisse

523 712 795 778 delirium,
829 713 1074 768 homines
1104 731 1206 768 non
1231 715 1393 771 unius
1414 729 1535 770 esse
1570 715 1921 786 ejusdemque
1967 716 2112 772 inter

522 887 725 963 inferos
757 889 1018 963 descensu
1055 889 1351 963 aithomil.
1373 889 1411 963 2
1449 891 1503 963 in
1532 889 1624 944 lib.
1653 889 1684 944 I
1718 889 1942 963 Regum,
1974 907 2095 963 pag.

521 960 669 1015 494:
706 979 724 1011 ι
751 958 890 1027 Quid
930 960 1147 1015 absurdi
1184 962 1612 1030 estiprincipcm
1651 958 1989 1015 medicorum
2029 958 2102 1016 ad

522 1041 853 1098 aegrotantes
881 1030 1245 1085 descendere?
1289 1029 1367 1084 llli
1406 1031 1598 1084 medici
1647 1031 1865 1100 quidem
1915 1043 2096 1097 erant,

521 1113 576 1155 et
608 1117 741 1156 sane
785 1101 935 1155 multi
963 1119 976 1155 :
1015 1114 1072 1154 at
1103 1101 1361 1155 Dominus
1397 1115 1552 1154 meus
1577 1111 1632 1155 et
1665 1101 1919 1156 Salvator
1949 1105 2100 1170 prin-

521 1186 651 1239 ceps
682 1185 869 1226 eorum
898 1182 1001 1225 est.
1047 1171 1258 1225 Etenim
1294 1173 1561 1242 internam
1591 1172 1940 1240 cupiditatem
1978 1189 2099 1242 quae

523 1258 630 1296 non
663 1249 845 1311 potest
871 1243 940 1295 ab
973 1241 1093 1295 aliis
1127 1241 1327 1303 curari,
1361 1250 1516 1295 curat
1548 1241 1662 1309 ipse
1701 1261 1713 1296 :
1762 1243 1904 1311 quod
1941 1258 1968 1295 a
1998 1241 2099 1297 ne-

523 1318 672 1366 mine
702 1313 878 1380 potuit
911 1313 1240 1366 medicorqu
1286 1311 1492 1373 sanari,
1538 1321 1761 1366 sanatur
1805 1329 1833 1366 a
1877 1312 2099 1368 Christo

521 1382 670 1438 Jesu.
699 1401 721 1452 ι
759 1381 1010 1436 Declarat
1044 1382 1230 1436 homil.
1258 1383 1283 1437 1
1330 1384 1385 1435 in
1414 1381 1636 1445 Jerem.,
1669 1398 1820 1435 num.
1852 1382 1938 1446 16,
1972 1398 2095 1452 pag.

524 1453 649 1517 156,
702 1451 900 1506 frustra
936 1453 1182 1506 homines
1223 1453 1500 1506 adhortari
1531 1460 1585 1504 et
1630 1454 1944 1520 praedicare,
1993 1451 2096 1508 nisi

523 1525 666 1580 Deus
703 1523 850 1578 intus
891 1533 1124 1578 moveat.
1164 1541 1183 1573 ι
1216 1523 1526 1591 Sermones,
1575 1521 1769 1591 inquit,
1816 1524 2097 1577 eradicant

523 1595 788 1657 nationes,
837 1607 1116 1648 sermones
1154 1608 1315 1664 regna
1352 1590 1660 1647 suffodiunt
1684 1595 1866 1647 carnis
1899 1603 1952 1647 et
1998 1609 2100 1647 sae-

521 1665 652 1728 culi;
699 1665 792 1718 sed
825 1665 910 1718 his
951 1679 1070 1731 quae
1101 1665 1349 1718 dicuntur
1387 1664 1559 1716 virtus
1606 1677 1715 1717 non
1762 1665 1935 1725 adest.
1991 1665 2094 1719 nisi

524 1738 666 1789 Deus
705 1735 932 1794 dederit.
964 1733 1261 1788 secundum
1298 1734 1424 1787 illud
1453 1751 1467 1787 :
1501 1736 1758 1786 UOlntllllS
1789 1735 1938 1787 dabit
1983 1749 2096 1787 ver-

523 1806 649 1858 bum
703 1804 1197 1874 evangelizantibus
1247 1805 1446 1859 virtute
1501 1805 1664 1856 multa
1711 1801 1884 1873 (Psal.
1913 1820 2093 1874 vait,

524 1875 632 1946 ἰδὲ).
661 1894 679 1928 ι
721 1875 787 1930 Ει
839 1872 1022 1946 ﬁniit“.
1050 1875 1105 1937 5,
1140 1891 1286 1930 num.
1332 1875 1365 1927 6
1405 1890 1420 1926 :
1455 1892 1473 1924 ι
1503 1872 1729 1946 Quando
1779 1876 1922 1928 enim
1971 1872 2093 1928 Sal-

521 1943 676 1999 vator
714 1955 788 2000 ait
829 1963 842 1999 :
881 1943 994 2014 Ego
1046 1961 1161 1998 sum
1211 1955 1392 2013 pastor
1438 1947 1619 2014 bonus,
1649 1943 1842 2013 (Joan.
1874 1961 1928 2009 x,
1966 1946 2091 2013 ll),

523 2030 630 2070 non
684 2025 891 2070 tantum
936 2013 998 2068 ut
1030 2017 1251 2079 caeteri,
1298 2018 1551 2072 universe
1594 2013 1797 2070 dictum
1831 2015 2091 2085 intelligo,

521 2100 646 2140 eum
677 2101 871 2154 nempe
893 2099 1014 2140 esse
1041 2095 1313 2155 pastorem
1346 2086 1706 2152 credentium,
1733 2095 1789 2140 et
1819 2085 1920 2140 hoc
1947 2091 2092 2141 enim

521 2172 718 2212 Sanum
757 2166 920 2210 estet
952 2169 1167 2222 verum;
1213 2157 1305 2210 sed
1349 2167 1404 2210 et
1445 2157 1496 2210 in
1538 2160 1718 2210 anima
1757 2171 1875 2210 mea
1921 2159 2094 2212 debeo

521 2228 796 2282 Christum
833 2228 976 2280 intus
1013 2214 1230 2294 habere,
1268 2227 1463 2281 bonum
1496 2238 1766 2296 pastorem
1800 2228 1891 2296 qui
1927 2229 1979 2281 in
2010 2243 2096 2283 me
2125 2214 2168 2270 Β

523 2306 676 2366 regat
708 2306 886 2351 motus
921 2297 1285 2361 irrationales,
1337 2311 1436 2350 nec
1465 2296 1696 2366 amplius
1744 2297 1812 2350 ad
1858 2312 2092 2366 pascua,

523 2379 583 2422 nt
615 2383 774 2422 casus
805 2367 1009 2430 tulerit,
1036 2376 1252 2431 exeant,
1289 2367 1381 2421 sed
1413 2381 1444 2420 a
1474 2377 1692 2436 pastore
1722 2367 1891 2433 ducti,
1925 2368 2094 2436 ipsius

523 2438 726 2507 proprii
777 2437 909 2507 ﬁant
947 2439 1046 2507 qui
1094 2438 1162 2490 ab
1201 2452 1268 2491 eo
1307 2437 1469 2490 alieni
1526 2437 1816 2506 aliquando
1860 2447 2036 2492 erant.
2068 2457 2088 2490 ι

523 2505 723 2563 llomil.
767 2506 801 2561 8
843 2508 898 2559 in
927 2505 1162 2568 Jerem.,
1199 2522 1348 2561 num.
1396 2508 1445 2568 1,
1482 2505 1763 2577 ρειεζΠΟ,
1811 2507 2093 2574 explicans

523 2579 652 2633 illud
699 2578 974 2646 prephetai
1007 2593 1021 2629 :
1059 2596 1077 2628 ι
1110 2577 1209 2645 Qui
1263 2578 1390 2631 fecit
1433 2586 1632 2632 terram
1680 2579 1732 2630 in
1776 2579 2095 2634 fortitudine

523 2593 652 2633 Illutl
738 2593 974 2646 ropueue
1007 2593 1021 2629 :
1059 2596 1077 2628 ι
1110 2593 1209 2645 unt
1263 2593 1390 2631 teett
1433 2593 1632 2632 terram
1680 2593 1732 2630 tn
1776 2593 2094 2634 tortttuttine

522 2663 618 2719 sua
653 2593 871 2719 (ferent.
918 2662 979 2719 ι,
1009 2647 1171 2719 ω.)
1215 2649 1292 2702 sic
1343 2648 1615 2719 loquitur:
1652 2647 1856 2719 Χρείαν
1898 2648 2094 2719 ἔχομεν

521 2716 848 2806 ξῇςαίσχύος
889 2717 984 2806 *ξρῦ
1029 2717 1195 2806 εξερῆ·
1228 2716 1427 2806 νχωρὶξ
1451 2718 1642 2806 deici];
1677 2716 1959 2806 δῖδὶιάμειρξ
1998 2716 2094 2806 ἓτοῇ

521 2784 658 2843 Θέοὗ
701 2784 800 2858 όῦχ
866 2784 979 2840 οἷόν
1017 2787 1074 2840 τέ
1109 2784 1274 2858 sape»)
1321 2784 1626 2842 ἓπιτελέσοίι
1658 2784 1829 2844 ταῦτά
1879 2790 1981 2843 ὅσα.
2032 2791 2092 2842 οὐ

521 2860 664 2914 κατὰ
706 2859 1122 2932 φρόνημῲὲστι
1171 2860 1269 2930 τῆς
1325 2860 1546 2930 σαρκός.
1599 2862 1850 2932 Libenter
1900 2859 2096 2932 ﬂuettu

523 2929 839 2994 assentirer,
865 2929 909 2984 si
943 2929 993 2982 id
1038 2929 1248 2984 tantum
1281 2929 1434 2984 vellet
1471 2933 1720 2985 mandata
1753 2931 1847 2985 Dei
1876 2930 1945 2984 ab
1972 2929 2096 2985 Ori-

521 3019 658 3071 gene
715 2998 1078 3071 impossibilia
1123 3001 1327 3062 asseri,
1381 3001 1484 3054 nisi
1537 3003 1679 3056 adsit
1731 3003 1946 3071 gratia;
1997 3001 2095 3055 sed

522 3070 706 3127 nescio
735 3074 1001 3140 quomodo
1035 3070 1118 3140 vir
1147 3071 1492 3125 doctissimus
1525 3073 1668 3126 hunc
1711 3070 2092 3126 stultissimum

521 3138 764 3197 errorem
786 3139 1004 3210 Origeni
1037 3138 1307 3195 alliuxerit
1340 3141 1481 3194 infra
1513 3157 1661 3194 num.
1687 3141 1780 3204 2i,
1808 3142 2095 3210 prameptis

522 3214 721 3266 divinis
753 3227 956 3266 morem
993 3213 1105 3280 geri
1140 3227 1243 3264 non
1274 3226 1450 3280 posse.
1495 3211 1640 3266 Nihil
1681 3213 1790 3277 agit
1835 3213 1987 3266 locus
2027 3211 2096 3266 ab

522 3298 590 3337 eo
622 3284 971 3349 depromptus
1008 3295 1077 3334 ex
1121 3281 1214 3334 lib.
1245 3296 1282 3334 Il
1311 3281 1562 3351 Origenis
1597 3283 1651 3336 in
1696 3281 1991 3348 Epistulam
2025 3283 2094 3334 ad

423 3357 441 3377 '
522 3351 814 3414 Romanos,
846 3351 935 3404 ubi
970 3351 1123 3404 docet
1156 3352 1324 3420 legem
1368 3353 1661 3406 secundum
1703 3352 1940 3405 litteram
1989 3366 2092 3404 non

522 3436 685 3491 posse
725 3423 920 3475 habere
979 3420 1272 3484 factorem;
1321 3434 1374 3475 et
1408 3424 1686 3475 veritatem
1733 3422 1787 3476 in
1841 3421 2094 3475 omnibus

524 3505 744 3546 servare
801 3493 1046 3543 humana:
1098 3501 1304 3544 natura:
1357 3507 1494 3558 pene
1551 3491 1880 3559 impossibile
1925 3506 2089 3556 esse;

2219 621 2372 683 κοὺς,
2409 620 2709 691 σαρκικοὺς
2761 621 2897 674 alios
2925 635 3020 674 seu
3044 623 3286 690 χοῖκοὺς,
3316 633 3479 690 atque
3523 622 3596 676 ita
3621 623 3686 675 ad
3727 623 3807 675 vi-

2220 720 2332 767 tam
2361 712 2660 768 destinatos
2696 715 3124 784 πνευματικοὺς.
3154 713 3226 767 ita
3259 713 3327 768 ad
3358 713 3636 770 interitum
3673 729 3806 786 σαρ-

2201 889 2315 946 lum
2344 891 2738 947 exercitatione
2759 892 3216 962 comparandum,
3240 891 3332 946 sed
3360 889 3612 962 precibus
3637 893 3801 946 etiam

2204 976 2234 1016 a
2268 963 2377 1016 Deo
2404 962 2829 1031 impetrandum,
2857 958 2922 1014 ad
2955 961 3008 1016 id
3045 962 3158 1015 haec
3193 958 3416 1016 retulit:
3451 958 3576 1014 Non
3613 978 3792 1016 omnes

2201 1033 2419 1098 capiunt
2449 1033 2659 1085 verbum
2690 1033 2852 1097 istud,
2887 1033 2977 1084 sed
3007 1033 3198 1099 quibus
3232 1034 3415 1084 datum
3445 1042 3541 1085 est.
3574 1031 3795 1102 (Matth.

2203 1117 2316 1159 ιιι.
2351 1103 2462 1169 Η).
2493 1120 2512 1154 ι
2555 1102 2691 1156 Cum
2728 1111 2909 1154 autem
2940 1103 3158 1169 quidam
3197 1102 3310 1156 haec
3352 1102 3555 1156 Christi
3611 1102 3798 1168 verba,

2199 1174 2388 1238 quibus
2421 1176 2604 1225 datum
2635 1182 2734 1236 est,
2765 1172 3030 1225 auderent
3068 1172 3401 1238 vituperare,
3434 1182 3491 1225 et
3533 1173 3598 1226 ad
3631 1187 3801 1225 excu-

2201 1243 2468 1296 sationem
2504 1257 2692 1296 eorum
2738 1244 3057 1311 pertrahere
3099 1243 3190 1312 qui
3241 1252 3496 1310 suscepto
3543 1241 3799 1296 caalihatn

2201 1313 2591 1382 cupiditatibus
2628 1313 2941 1374 vincuntur,
2971 1311 3264 1382 respondet
3297 1312 3562 1382 Origenes
3590 1311 3797 1366 nullam

2207 1382 2516 1450 huiusmodi
2542 1381 2853 1436 hominibus
2895 1381 3303 1438 excusationem
3355 1381 3635 1445 relictam,
3669 1383 3799 1450 quia

2199 1452 2398 1505 donum
2436 1451 2563 1504 illud
2595 1453 2852 1520 precibus
2885 1452 3232 1516 impetratur,
3264 1453 3485 1507 Christo
3528 1453 3748 1506 dicente
3779 1472 3793 1506 :

2204 1539 2222 1571 ι
2257 1523 2460 1584 Petite,
2494 1530 2549 1576 et
2591 1523 2869 1586 accipietis
2909 1522 3132 1588 (Matth.
3160 1539 3271 1586 vu,
3321 1525 3453 1592 7).»
3510 1521 3614 1576 Sed
3652 1523 3799 1587 ipsas

2199 1607 2388 1674 prec-es
2442 1592 2644 1674 donum
2676 1593 2782 1672 .Dei
2830 1607 2953 1647 esse
3003 1595 3280 1674 cqnceptis
3317 1593 3798 1674 _vAerbisAi_le.clarat

2198 1661 2252 1733 in
2301 1663 2393 1717 lib.
2439 1662 2513 1715 De
2547 1663 3012 1733 oratioue,_nutn.
3041 1662 3104 1726 ‘2,
3149 1661 3278 1733 pag.
3311 1664 3413 1718 199
3457 1681 3471 1717 :
3509 1662 3642 1716 Οὐδὲ
3687 1661 3760 1730 τὰ

2195 1731 2654 1817 διξναζεαι“ἰ]ιὲ-ι”ιῖ›ν⁸
2685 1735 2713 1786 ὁ
2757 1731 2883 1796 νοῦς
2930 1731 3393 1817 πρρσεύξασθᾳιη
3420 1734 3515 1817 sap
3565 1733 3640 1817 psi;
3687 1749 3729 1786 π

2195 1803 2359 1856 αὑτοῦ
2403 1802 3189 1902 ἰδ’Πνεῦμαλπρὲσεύξητ-ρι,
3239 1806 3404 1902 οἱρνεὶ
3458 1807 3515 1856 ὲν
3554 1805 3718 1902 ὶὺτξηκ

2197 1873 2392 1902 ...ἱ-λδ.
2431 1873 2619 1902 ,Ἤρ-ρ..
2660 1873 2751 1902 AA}
2825 1891 2864 1902 ιΔ
2939 1891 2988 1902 ..-
3028 1891 3096 1902 υ..
3158 1875 3287 1902 -.'....'.
3334 1893 3448 1902 η..-
3482 1893 3549 1902 υ..
3656 1892 3710 1902 ...

2195 1873 2392 1945 ᾳὺτοῦ·
2430 1873 2620 1945 ὥσπερ
2659 1872 2780 1926 οὐδὲ
2825 1872 2992 1943 ψάλαι
3028 1872 3124 1945 ita}.
3157 1875 3448 1945 εὐρύθμως
3482 1874 3578 1927 καὶ
3621 1872 3794 1945 ἐμμεὲ

2195 1891 2392 1926 αυτου·
2430 1891 2620 1944 ωσπερ
2659 1891 2780 1926 cuos
2825 1891 2992 1943 ψαλαι
3028 1891 3124 1927 και
3157 1891 3448 1945 ευρυυμως
3482 1891 3578 1927 και
3621 1891 3791 1997 splia-

2194 1943 2302 2016 λῷς
2341 1945 2434 1997 καὶ
2474 1944 2764 2016 ὲμμέςρως
2794 1947 2890 2016 καὶ
2930 1943 3235 2016 συμφώνως
3278 1947 3516 2016 ὑμνῆσαι
3551 1945 3643 1997 τὸν
3726 1964 3791 2016 ᾳ.-

2196 1981 2271 1996 ..υυ
2342 1981 2434 1997 η...
2475 1981 2499 1996 ς.
2595 1981 2650 1996 ς...
2690 1981 2734 1996 υ,
2796 1981 2890 1998 σω...
2930 1981 2993 1998 ..υ
3083 1981 3206 1998 mw
3281 1981 3308 1998 υ
3363 1981 3516 1999 νη...
3562 1981 3641 1997 ,υν
3678 1981 3791 1997 ...ι-

2193 1981 2329 2086 τέρα
2355 1981 2686 2086 ὲνίΧρῗξτῷῗ
2713 1981 2903 2086 simi,
2928 2015 2991 2086 τὸ
3002 1981 3240 2086 Ἠδεῦμᾶ
3259 1981 3528 2070 τὸμπᾶντα
3557 2015 3795 2086 ἐρευνῶν

2195 2083 2290 2156 καῇ
2315 2087 2385 2156 τὰ
2408 2083 2550 2156 βάθη
2575 2083 2669 2156 {toi
2699 2083 2856 2156 Θεοῦ,
2890 2083 3391 2156 ἐτρότερονάξνέσει
3431 2086 3526 2139 καὶ
3561 2083 3792 2156 ὑμνήσει

2197 2125 2290 2138 η...
2325 2125 2383 2140 ...
2442 2125 2526 2138 ..π
2585 2125 2668 2138 ,η
2702 2125 2856 2146 νην,
2897 2125 2929 2138 ..
2970 2125 3056 2136 υ.-
3098 2125 3152 2138 ν.
3189 2125 3391 2138 ωηο...
3433 2125 3526 2139 η...
3565 2125 3590 2138 ..
3649 2125 3790 2140 η-..

2193 2155 2289 2209 τοῦ
2311 2125 2500 2229 νσῦΓτὰ
2531 2125 2667 2227 bson
2699 2125 2993 2227 ἡρεύνηκέ,
3025 2125 3120 2208 κᾶὶ
3151 2157 3503 2229 ὠςιὲξξσχυσε
3536 2125 3790 2229 inaliq-

2197 2243 2312 2295 φεν.
2344 2226 2469 2280 Cum
2499 2242 2625 2294 ergo
2651 2226 2705 2279 et
2739 2226 2893 2279 ﬁdem
2925 2236 2978 2279 et
3007 2233 3199 2293 preces
3228 2226 3323 2279 Dei
3357 2233 3494 2281 dona
3526 2242 3649 2282 esse
3674 2226 3784 2282 tam

2197 2298 2472 2368 conceptis
2505 2297 2697 2368 verbis
2745 2296 2993 2368 declaret
3025 2295 3320 2364 Origenes,
3365 2299 3490 2368 quis
3537 2296 3676 2350 ferat
3716 2299 3784 2352 ad

2197 2365 2805 2436 Semipelagianismuur
2853 2366 2995 2419 trahi
3055 2368 3199 2435 quod
3261 2369 3338 2421 ait
3382 2365 3526 2421 'tom.
3584 2382 3682 2420 xm
3733 2370 3789 2421 in

2196 2435 2385 2496 Joan..
2433 2434 2577 2489 num.
2615 2436 2632 2488 t
2667 2453 2680 2489 :
2719 2452 2738 2485 ι
2768 2434 3020 2490 Fortasse
3050 2434 3242 2506 dogma
3279 2452 3398 2492 esse
3429 2445 3488 2490 ut
3517 2452 3679 2492 nemo
3710 2439 3792 2491 di-

2195 2507 2380 2576 vinum
2434 2507 2631 2576 donum
2696 2506 2954 2573 accipiat,
3002 2507 3103 2560 nisi
3152 2508 3242 2576 qui
3292 2507 3422 2561 illtid
3467 2508 3784 2576 petierint.»

2195 2575 2311 2648 Non
2360 2575 2532 2646 majus
2574 2576 2757 2648 vitium
2809 2578 2860 2628 in
2904 2577 2985 2648 his
3024 2591 3145 2645 qua:
3170 2575 3590 2648 ’Ieguntur’lib.
3629 2593 3669 2631 ιι
3708 2576 3788 2634 De

2195 2645 2455 2715 princip.,
2481 2661 2600 2714 cap.
2631 2645 2684 2707 9,
2720 2661 2866 2698 num.
2895 2646 2949 2698 2.

2271 2719 2322 2768 6.
2364 2717 2498 2771 Cum
2533 2715 2793 2785 Origenes
2831 2716 2896 2769 de
2926 2718 3160 2784 gratuita
3193 2717 3394 2771 Christi
3447 2718 3622 2788 gratia
3673 2729 3788 2773 tam

2197 2789 2413 2856 egregie
2452 2788 2671 2849 sentiat,
2709 2802 2812 2839 non
2849 2802 3044 2840 mirum
3088 2789 3131 2842 si
3179 2798 3233 2842 et
3265 2789 3457 2841 merita
3510 2799 3694 2842 nostra
3730 2797 3787 2843 et

2199 2855 2500 2912 mercedem
2560 2855 2769 2910 meritis
2831 2857 3067 2926 debitam
3121 2860 3262 2911 dona
3320 2856 3413 2912 Dei
3466 2872 3587 2911 esse
3654 2873 3785 2926 pro-

2196 2928 2409 2980 nuntiat
2444 2926 2629 2980 homil.
2664 2927 2729 2979 l6
2765 2928 2818 2978 in
2864 2924 3086 2992 Jerem.,
3126 2943 3274 2980 num.
3306 2927 3338 2980 5
3371 2949 3381 2981 :
3426 2947 3444 2978 ι
3479 2927 3558 2981 Ne
3603 2924 3787 2998 itaque

2196 3000 2559 3065 suspicentur,
2608 2998 2802 3064 inquit.
2835 2997 2959 3063 quia
2996 3013 3098 3050 non
3133 3012 3199 3050 ex
3235 2998 3642 3062 misericordia,
3687 2997 3786 3054 sed

2195 3082 2261 3120 ex
2293 3069 2508 3134 proprio
2543 3068 2758 3125 merito.
2787 3067 2868 3118 ὅτι
2907 3067 2971 3119 ἐκ
3005 3066 3356 3136 δικαιοσύνης
3390 3069 3573 3132 αὐτοῖς
3609 3068 3787 3125 ταῦτα

2194 3137 2517 3208 γεγένηται,
2553 3155 2570 3188 ι
2613 3147 2735 3208 etc.
2769 3136 2992 3189 Matrem
3032 3137 3261 3191 ﬁliorum
3298 3138 3539 3208 Zeliedtei
3593 3141 3788 3196 merito

2196 3207 2511 3277 castigatam
2543 3224 2571 3259 a
2611 3207 2831 3260 Christo
2882 3208 3126 3277 aittOIn.
3153 3221 3240 3260 xVI
3283 3209 3339 3261 in
3379 3207 3594 3274 Matth.,
3630 3225 3784 3263 num.

2196 3276 2410 3351 5,_pag_.
2435 3278 2536 3351 7|]
2567 3294 2628 3351 τ’
2649 3277 2771 3351 "Qu
2821 3277 2854 3347 ἡ
2902 3276 3204 3351 τηλικαύτη
3224 3348 3233 3351 _
3256 3277 3435 3350 δωρεὰ
3475 3279 3636 3351 χᾴρις
3666 3281 3787 3336 ἐστὶ

2194 3345 2411 3421 eodem.
2436 3348 2568 3421 πᾶσι
2595 3345 2740 3421 Θεοῦ-
2761 3345 3127 3421 συμπνέοντσς
3152 3345 3247 3421 arat
3269 3345 3660 3421 σνὶψεργόὖὺῖος
3689 3351 3787 3406 καὶ

2200 3417 2470 3492 ζᾷρύοντος
2510 3420 2567 3492 ξιξ
2594 3416 3220 3492 τοιαύψ-ίὺπεροχῇ-οὒς
3249 3416 3781 3492 οἷδενξὲπιτηδείους.

2201 3487 2491 3559 Nonbelle
2525 3487 2750 3541 lluetius
2777 3487 2858 3541 liis
2891 3493 2941 3541 in
2966 3487 3150 3559 verbis
3181 3487 3781 3559 Semipelagianismum

525 3575 758 3632 quorum
786 3562 1013 3613 alterum
1040 3559 1108 3614 de
1135 3560 1227 3614 illo
1246 3562 1376 3630 jugo
1402 3558 1804 3631 intelligendum
1833 3561 1975 3629 quod
1999 3577 2097 3616 nec
2123 3563 2166 3622 C
2198 3558 2543 3632 suspicatur._
2581 3559 3021 3632 Accuratissime
3049 3558 3312 3630 Origenes
3338 3558 3560 3632 dogma?
3589 3561 3784 3632 catho-

523 3630 789 3702 apostoli,
833 3643 934 3702 nec
983 3644 1168 3702 eorum
1207 3641 1388 3702 patres
1431 3630 1648 3699 portare
1695 3641 1999 3701 potuerant,
2040 3640 2098 3684 ut

525 3709 608 3773 ait
630 3701 817 3773 Petrus
844 3701 963 3773 Act.
989 3715 1080 3767 xv,
1106 3701 1192 3768 10,
1216 3701 1443 3754 alterum
1472 3715 1599 3773 vero
1625 3703 1695 3755 ab
1721 3704 1840 3771 ipso
1866 3702 2100 3773 Origene

524 3771 766 3826 adhibita
804 3772 1034 3840 quadam
1073 3773 1454 3826 emendatione
1487 3772 1703 3836 lenitur,
1735 3773 1815 3827 vel
1843 3771 2006 3826 etiam
2035 3775 2102 3827 de

525 3853 720 3896 natura
750 3839 917 3912 quam
948 3839 1165 3912 adjuvat
1197 3844 1368 3909 gratia
1404 3843 1575 3912 accipi
1607 3859 1712 3896 non
1747 3844 1926 3898 debet.
1958 3842 2102 3897 Con-

524 3923 677 3967 stans
707 3923 860 3967 certe
885 3910 1134 3980 Origenis
1166 3913 1407 3967 doctrina
1437 3910 1540 3976 est,
1579 3915 1829 3967 mandata
1868 3928 1898 3966 a
1947 3916 2102 3968 nobis

524 3983 808 4052 adimpleri
842 3995 1018 4051 posse,
1045 3983 1088 4036 si
1120 3983 1263 4036 adsit
1290 3984 1485 4052 gratia.
1512 3983 1564 4036 Id
1594 3983 1882 4037 conﬁrmat
1907 3983 2098 4038 homil.

523 4052 590 4104 17
617 4051 937 4124 inflarent”
987 4069 1133 4124 nutu.
1168 4055 1237 4124 4,
1279 4051 1399 4121 pag.
1441 4054 1544 4124 238
1585 4073 1596 4106 :
1631 4055 1840 4124 Ὥσπερ
1887 4054 2102 4106 αὐτοδι-

523 4121 785 4195 κᾳιοσύνη
801 4125 966 4195 -ὲστὶν
985 4122 1014 4173 ὁ
1042 4123 1250 4194 Σωτὴρ,
1275 4123 1652 4195 ᾳύτοαλήθεια,
1677 4121 2099 4195 αὑτοὰγιασμὸς,

520 4191 696 4256 οὕτως
753 4191 1154 4265 ἁὺτοῦπομογή.
1183 4191 1298 4265 Καὶ
1331 4196 1431 4247 οὐκ
1463 4191 1610 4248 ἔστιν
1637 4194 1760 4248 οὔτε
1790 4191 1996 4248 δίκαιού
2025 4193 2104 4250 εῖ-

522 4280 614 4337 ναι
659 4265 826 4335 χωρὶς
863 4264 1140 4337 Χριστοῦ,
1170 4264 1292 4337 οὔτε
1340 4267 1492 4333 ἅγιον
1538 4267 1707 4337 χωρὶς
1749 4265 1934 4333 αὑτοῦ,
1977 4266 2100 4320 οὔτε

524 4335 816 4406 ὑπρμένειν
848 4335 921 4404 μὴ
955 4335 1188 4404 Χριστὸν
1219 4335 1429 4406 ἔχοντα.

594 4405 648 4459 5.
691 4405 770 4458 Ex
808 4406 892 4460 his
949 4408 1171 4475 intelligi
1228 4405 1403 4476 putest
1443 4407 1586 4476 quod
1643 4410 1718 4460 ait
1773 4417 1903 4462 tom.
1960 4423 1996 4460 ι
2046 4408 2102 4462 in

525 4473 744 4540 Matth.,
794 4491 942 4530 num.
982 4477 1069 4540 l9,
1119 4473 1242 4546 pag.
1275 4477 1376 4531 467
1415 4473 1638 4531 ξᾶΝιιιη
1685 4480 1785 4532 etsi
1833 4479 1954 4547 quis
1998 4481 2102 4532 erit

525 4557 932 4618 consummatus
963 4547 1012 4599 in
1049 4548 1152 4599 title
1183 4557 1323 4601 inter
1354 4548 1492 4602 ﬁlios
1523 4548 1800 4602 hominum
1831 4548 1988 4618 (Sap.
2017 4563 2095 4613 ιι,

525 4614 604 4684 6),
650 4617 694 4670 si
739 4616 807 4670 ab
851 4615 938 4670 illo
977 4618 1211 4670 abfuerit
1239 4629 1411 4671 Virtus
1450 4628 1568 4682 tua,
1611 4620 1664 4670 in
1700 4614 2101 4673 nihilum'com-

525 4688 805 4753 putabilur
838 4703 850 4739 :
884 4697 978 4740 aut
1005 4701 1414 4741 consummatus
1443 4689 1493 4740 in
1525 4689 1900 4755 temperantia,
1929 4703 2092 4758 quan-

527 4767 639 4810 tum
675 4761 796 4826 quis
847 4758 987 4811 inter
1031 4759 1168 4810 tilios
1199 4759 1476 4812 hominum
1518 4773 1638 4812 esse
1675 4768 1872 4827 potest,
1916 4775 1961 4812 si
2005 4761 2100 4813 ab-

523 4829 689 4881 fuerit
723 4831 1078 4896 temperantia
1124 4841 1236 4890 tua,
1283 4830 1334 4880 in
1387 4829 1612 4889 ninilum
1649 4831 2096 4898 computabitur:

525 4906 622 4951 aut
663 4907 1066 4952 consummatus
1103 4899 1153 4950 in
1189 4900 1394 4966 justitia
1431 4908 1486 4953 et
1518 4899 1740 4968 reliquis
1785 4901 2096 4965 virtutibus,

2203 3629 2362 3684 licum
2393 3627 2672 3696 exprimit,
2710 3644 2830 3680 cum
2881 3627 3196 3682 felicitatem
3229 3627 3486 3682 :etcrna'm
3520 3629 3682 3684 simul
3724 3641 3783 3685 et

2204 3700 2518 3780 meritorum
2547 3699 2850 3768 praemium,
2876 3708 2931 3752 et
2959 3699 3052 3755 Dei
3082 3700 3282 3754 donum
3307 3709 3363 3754 et
3393 3701 3625 3768 gratiam
3657 3715 3784 3756 esse

2204 3778 2412 3824 statuit.

2272 3861 2324 3912 7.
2363 3859 2526 3913 Multa
2553 3858 2656 3913 alia
2688 3859 2740 3914 in
2766 3858 2998 3930 Origene
3026 3861 3513 3931 reprehenduntur,
3541 3863 3635 3918 sed
3660 3878 3783 3931 quae

2201 3933 2398 3999 partim
2434 3945 2529 3984 sua
2561 3941 2752 3998 sponte
2786 3945 2922 3983 sana
2956 3940 3100 3993 sunt,
3131 3933 3279 3986 velut
3319 3948 3441 3985 cum
3473 3934 3632 3988 docet
3682 3933 3778 3990 lib.

2204 3998 2256 4054 ix
2289 4003 2345 4053 in
2375 3998 2550 4068 Epist.
2576 4001 2644 4052 ad
2685 3999 3043 4070 llom.,num.
3074 4000 3128 4064 5,
3174 4002 3322 4055 varia
3363 4001 3597 4070 Spiritus
3639 4005 3781 4060 dona

2203 4071 2309 4124 ﬁde
2355 4070 2693 4138 comparari,
2751 4069 2946 4140 partim
2988 4068 3147 4124 facile
3197 4068 3535 4140 explicantur
3584 4075 3629 4130 si
3681 4077 3784 4130 ob-

2203 4156 2387 4196 serves
2426 4141 2598 4192 nullos
2639 4141 2920 4194 haereticos
2958 4142 3025 4194 ab
3058 4140 3294 4210 Origene
3333 4144 3528 4210 saepius
3569 4144 3778 4210 refelli,

2201 4227 2364 4280 quam
2405 4213 2496 4278 qui
2544 4211 2789 4265 homines
2825 4221 3016 4263 natura
3069 4223 3164 4263 aut
3204 4213 3476 4280 spiritales
3516 4227 3610 4268 aut
3654 4232 3784 4270 car-

2204 4281 2385 4342 nales,
2429 4290 2618 4334 natura
2667 4290 2760 4332 aut
2803 4281 2999 4333 salvari
3047 4290 3138 4333 aut
3185 4282 3435 4336 damnari
3489 4284 3778 4340 docebant.

2201 4351 2563 4424 Quamobrem
2616 4364 2738 4402 cum
2791 4351 2924 4424 nihil
2983 4353 3208 4424 merito,
3242 4347 3395 4424 nihil
3441 4353 3598 4408 bonis
3651 4371 3785 4424 ope-

2204 4422 2374 4493 ribus!
2404 4420 2770 4486 relinquerent
2818 4421 2956 4486 loci,
3006 4421 3134 4487 quid
3183 4421 3375 4476 mirum
3421 4426 3466 4478 si
3519 4420 3783 4493 Origenes

2203 4491 2468 4564 interdum
2525 4493 2660 4564 bona
2711 4503 2875 4558 Opera
2915 4501 3112 4564 nostra
3171 4506 3324 4559 esse,
3377 4493 3420 4547 si
3470 4491 3782 4564 justitiam,

2201 4563 2508 4614 castitatem
2563 4561 2807 4625 aliasque
2864 4561 3107 4629 _virttttes
3161 4577 3297 4629 Opus
3349 4561 3592 4620 nostrum
3656 4582 3782 4622 esse

2200 4632 2438 4686 declarat
2489 4630 2672 4682 homil.
2703 4630 2726 4683 1
2762 4631 2817 4681 in
2852 4627 3070 4690 Ezrch.,
3115 4627 3262 4685 ιιιιιιι.
3287 4633 3350 4696 3,
3393 4644 3448 4688 et
3496 4636 3680 4690 homil.
3709 4638 3782 4691 55

2199 4699 2518 4772 inALucam;
2563 4703 2612 4751 si
2657 4701 2759 4772 lib.
2793 4714 2810 4752 ι
2847 4699 2990 4767 Περὶ
3033 4699 3256 4769 ἀρχῶν,
3299 4719 3418 4772 cap.
3447 4706 3501 4770 5,
3548 4721 3696 4761 num.
3720 4708 3778 4772 5,

2207 4789 2224 4820 ι
2254 4770 2313 4824 1η
2352 4771 2508 4823 nobis
2547 4785 2668 4824 esse
2715 4771 2824 4831 ait,
2871 4781 2924 4823 et
2965 4772 3017 4823 in
3056 4773 3258 4826 nostris
3296 4770 3548 4838 motibus,
3598 4787 3655 4830 ut
3695 4770 3782 4832 vel

2200 4841 2344 4895 beati
2383 4841 2463 4894 vel
2501 4840 2671 4894 sancti
2705 4840 2893 4916 simus,
2921 4840 3001 4892 vel
3044 4841 3099 4916 in
3133 4843 3396 4916 malitiam
3426 4859 3482 4900 et
3519 4849 3784 4916 perditio-

2203 4928 2324 4965 nem
2356 4925 2673 4980 vergamus;
2704 4927 2726 4980 ι
2751 4911 2794 4963 si
2823 4910 2914 4963 lib.
2939 4926 3012 4964 vn
3037 4913 3086 4964 in
3119 4911 3288 4980 Epist.
3318 4916 3387 4967 ad
3423 4910 3596 4980 Ιέοὴιη
3626 4934 3777 4974 num.

526 4967 1080 5046 si__abfueritjustit_ia
1133 4959 1320 5046 tua__et
1371 4971 1589 5046 I'EIIQItiB
1619 4959 1970 5046 Δἰίιιίιιιιεεζίῃ
2009 4959 2093 5024 ni.’

2205 4982 2291 5046 16,
2329 4999 2348 5032 ι
2385 4959 2606 5035 Utoboni
2649 4959 2729 5032 vel
2766 4981 2888 5032 mali
2923 4983 3093 5034 simus
3132 4959 3329 5037 nostra:
3367 4959 3783 5042 esse

525 5038 696 5110 hilum
727 5039 1150 5108 computabitur.
1171 5059 1190 5091 ι
1228 5041 1351 5094 Ilaec
1383 5056 1488 5093 non
1522 5042 1726 5094 idcirco
1768 5043 1834 5093 ab
1862 5041 2097 5110 Origene

527 5109 671 5164 dicta
700 5111 1056 5176 crediderim,
1097 5113 1241 5180 quod
1291 5113 1483 5176 tidem,
1537 5109 1982 5180 temperantiam,
2010 5114 2090 5182 ju-

528 5182 737 5233 stitiam
769 5196 834 5235 ac
864 5182 1095 5248 reliquas
1152 5183 1377 5235 virtutes
1423 5184 1540 5235 sine
1575 5183 1746 5250 gratia
1795 5182 2096 5250 comparari

527 5264 686 5317 posse
714 5252 1040 5318 crediderit;
1075 5254 1168 5306 sed
1211 5257 1353 5320 quod
1393 5256 1605 5305 etiamst
1649 5267 1771 5320 quis
1803 5256 1913 5306 haec
1948 5268 2097 5307 asse-

525 5333 685 5375 cutus
708 5323 811 5376 sibi
842 5324 1108 5385 videatur,
1136 5323 1314 5376 inania
1344 5333 1398 5377 et
1419 5323 1591 5376 iutilia
1620 5335 1730 5377 sint
1753 5335 2096 5389 ornamenta,

528 5392 632 5444 nisi
663 5408 695 5446 a
740 5392 848 5446 Deo
894 5395 1090 5446 donata
1138 5395 1266 5446 sitit.
1315 5392 1438 5449 Haec
1490 5395 1862 5462 interpretatio
1903 5395 2106 5446 contir-

530 5471 711 5535 rtiatur
739 5477 808 5535 ex
841 5465 939 5535 his
979 5479 1099 5532 quae
1139 5475 1438 5535 sequuntur
1470 5485 1483 5517 ;
1529 5464 1602 5516 Τὸ
1641 5465 1750 5534 γὰρ
1785 5466 2105 5535 καυχήσεως

527 5532 802 5606 ἄξιονλούχ
826 5533 1114 5605 ἡμέτερον,
1150 5532 1286 5588 ἀλλὰ
1316 5534 1489 5606 δῶρόν
1515 5537 1630 5587 ἐστι
1658 5532 1750 5587 τοῦ
1777 5532 1923 5588 θεοῦ
2012 5538 2107 5588 ἀπ’

528 5603 693 5676 ςιιὺτοῦ
738 5603 919 5672 σοφία,
952 5603 1046 5658 κὰ).
1087 5609 1120 5676 ἡ
1161 5609 1256 5658 ἀπ’
1295 5603 1458 5659 at.sz
1508 5609 1688 5676 ἰσχὺς,
1736 5607 1832 5658 καὶ
1863 5603 2006 5659 οὒτὼ
2039 5607 2107 5660 τὰ

528 5672 710 5727 λοιπὰ.
763 5675 876 5729 Sub
928 5672 1263 5731 ﬁnem'tom.
1312 5693 1403 5731 xiv
1442 5681 1498 5730 in
1549 5672 1763 5739 ΜαιιΙι,
1811 5695 1954 5731 ιιιιιιι.
2004 5679 2095 5741 ‘25,

527 5759 650 5815 pag.
681 5745 806 5808 649,
853 5749 1158 5801 castitatem
1195 5748 1392 5800 donum
1434 5750 1525 5801 Dei
1558 5763 1677 5802 esse
1705 5749 1881 5802 docet.
1921 5765 1941 5799 ι
1973 5749 2098 5802 Ser-

532 5829 687 5868 vatur
717 5831 863 5882 vero,
898 5819 1089 5883 inquit,
1120 5818 1369 5872 omnibus
1398 5818 1697 5872 absolutam
1731 5823 1973 5874 numeris
2005 5835 2095 5874 ca-

528 5886 769 5940 s:itatem
802 5891 1002 5940 donum
1036 5887 1129 5940 Dei
1158 5901 1280 5942 esse
1311 5903 1408 5942 nos
1436 5891 1688 5953 edocens,
1734 5905 1838 5944 non
1869 5892 1980 5958 ipsa
2008 5905 2094 5946 so-

2206 5054 2306 5117 tis;
2328 5071 2346 5102 ι
2376 5053 2418 5104 si
2446 5051 2680 5119 denique
2705 5051 2890 5122 homil.
2911 5050 2969 5104 H
2996 5053 3050 5102 in
3079 5050 3268 5118 Num.,
3293 5070 3444 5110 num.
3468 5058 3521 5122 4,
3547 5077 3563 5108 ι
3585 5057 3782 5114 Omnia

2203 5124 2343 5196 apud
2377 5125 2541 5175 Deum
2573 5122 2780 5196 ratione
2804 5120 3082 5196 etjudicio
3108 5125 3220 5196 ﬁeri
3243 5162 3259 5187 ,
3293 5140 3393 5179 nec
3421 5128 3488 5182 ad
3510 5120 3778 5196 gratiam,

2203 5194 2300 5267 sed
2346 5206 2442 5261 pro
2493 5193 2751 5267 merito,»
2802 5191 2975 5267 docet.
3018 5191 3077 5267 In
3109 5195 3212 5267 _his_
3241 5197 3460 5267 Aetgaliis
3513 5191 3780 5267 Ejusmodi

2205 5261 2480 5338 locisque:
2529 5261 2664 5313 infra
2707 5277 2854 5314 num.
2882 5261 2948 5314 15
2974 5270 3028 5338 et
3063 5263 3335 5338 μηδενί
3385 5261 3608 5336 possunt
3638 5273 3780 5338 apud

2207 5331 2492 5407 Noctium,
2543 5347 2647 5407 non
2694 5347 2757 5385 ea
2821 5334 3013 5385 retexit
3059 5332 3321 5402 Origenes
3369 5331 3486 5407 qua:
3533 5331 3781 5396 alibi-de

2206 5404 2378 5483 gratia
2434 5401 2685 5482 disserit,
2735 5417 2834 5455 nec
2875 5418 3062 5456 secum
3119 5418 3319 5483 pugnat
3359 5401 3633 5477 absurde;
3679 5414 3779 5466 sed

2205 5473 2359 5548 bona'
2387 5485 2581 5548 opera,
2631 5473 2856 5548 virtutes
2904 5484 2958 5526 et
3025 5475 3216 5548 merita
3280 5491 3464 5532 nustra
3528 5473 3780 5548 quamvis

2205 5544 2390 5611 gratiae
2422 5543 2562 5595 dona
2618 5543 2757 5605 sint,
2807 5544 2927 5610 jure
2981 5554 3160 5598 tamen
3207 5546 3259 5598 in
3302 5548 3457 5602 nobis
3507 5543 3608 5604 sita
3657 5567 3780 5605 esse

2205 5612 2464 5686 defendit,
2493 5612 2617 5680 quia
2653 5627 2758 5665 non
2802 5629 2829 5686 a
2872 5623 3086 5678 natura,
3131 5625 3191 5668 ut
3224 5618 3476 5672 volebant
3509 5621 3777 5686 haeretici,

2204 5685 2641 5751 proticiscuutur,
2673 5700 2770 5736 nec
2807 5685 2858 5736 in
2894 5687 3046 5737 nobis
3078 5689 3212 5738 tiuut
3241 5701 3272 5739 a
3305 5689 3411 5743 Deo
3440 5692 3558 5744 sine
3598 5685 3776 5746 nobis.

2207 5772 2228 5806 ι
2261 5754 2368 5809 Nos
2392 5756 2457 5828 in
2491 5768 2911 5828 causaAsumus,
2941 5771 2961 5806 ι
3007 5755 3174 5828 inquit
3210 5767 3337 5810 tom.
3389 5776 3420 5814 ι
3453 5763 3507 5813 in
3556 5759 3776 5828 Matth.,

2204 5841 2352 5878 num.
2385 5823 2470 5889 Η,
2506 5839 2626 5892 pag.
2656 5823 2785 5887 454,
2825 5842 2852 5898 r
2873 5837 2929 5878 ut
2957 5826 3038 5877 vel
3065 5823 3284 5895 pulchra
3319 5830 3488 5885 simus
3521 5843 3576 5884 et
3615 5823 3780 5898 digna

2203 5911 2453 5950 vasorum
2504 5910 2726 5964 genera,
2774 5896 2855 5949 vel
2900 5900 3114 5966 pntrida
3145 5907 3201 5952 et
3251 5899 3411 5970 digna
3465 5917 3584 5971 quae
3633 5896 3782 5958 foras
