4160 6392
536 429 641 485 945

1806 430 1866 486 Ρ.
1909 429 2227 486 DANIELIS
2264 430 2498 491 HUETII

3702 435 3806 491 9M

531 548 972 612 exhorresceret,
1022 546 1225 601 fumum
1280 546 1511 617 fugiens,
1552 550 1697 618 quod
1732 550 1837 605 dici
1863 550 2023 616 solet,
2057 552 2111 607 lu
2142 559 2187 617 Α
2215 568 2321 623 que
2348 568 2507 623 supra
2545 554 2961 624 eragitavimus.
2991 552 3217 608 Animas
3246 553 3431 622 itaque
3451 552 3667 609 censuit
3691 553 3805 609 lon—

537 637 715 705 iguem
752 637 969 702 incidit;
1003 638 1491 708 absurdioremque
1523 642 1848 698 sententiam
1899 643 2110 714 ample-

532 741 637 780 xus
660 734 763 791 est,
787 741 906 792 quae
931 729 1237 784 animarum
1268 731 1459 787 statuit
1496 733 1865 805 προῦπαρξιν,
1922 751 2113 806 quam-

533 916 678 980 sent,
716 915 773 980 ut
806 915 1048 980 testatur
1073 906 1309 980 Joannes
1328 915 1415 971 'tv,
1444 911 1536 975 45,
1566 926 1686 980 quae
1716 913 1941 968 fecisset
1961 913 2118 969 Jesus

530 975 883 1053 Jerosolymis
913 978 967 1031 in
1000 979 1090 1034 die
1138 978 1307 1053 festo:
1332 1000 1350 1032 ι
1382 982 1519 1047 Quid
1571 975 1704 1053 ergo
1752 984 1805 1036 in
1845 984 1930 1037 his
1981 985 2118 1039 tanti

532 1056 633 1108 est.
660 1066 679 1098 ι
710 1048 885 1114 inquit
936 1059 1067 1103 tom.
1093 1065 1169 1103 ιιι
1198 1051 1252 1103 in
1273 1049 1461 1115 Jonn.,
1488 1048 1757 1117 nttmf55,
1792 1072 1810 1103 ι
1836 1064 1893 1107 ut
1923 1054 2115 1108 horum

532 1120 704 1193 gratia
735 1117 1101 1193 motiGalilaei
1135 1120 1416 1174 Dominum
1447 1122 1768 1193 reciperent,
1798 1138 1953 1192 quos.
1981 1127 2107 1193 quia

533 1189 680 1242 hunc
721 1190 1019 1265 recipiant,
1068 1200 1296 1265 testatur
1342 1189 1673 1265 evangelista
1720 1189 2116 1265 ierosolyniam

533 1273 657 1312 cum
691 1260 1000 1322 venissent,
1052 1260 1255 1315 vidisse
1304 1264 1489 1315 omnia
1539 1279 1660 1330 qua:
1696 1264 1807 1317 illic
1838 1260 1998 1318 Iesus
2030 1264 2115 1319 fe—

533 1330 727 1383 cerati
772 1330 852 1383 Ad
902 1330 1045 1395 quod
1102 1332 1534 1399 respondendum
1589 1344 1704 1397 est,
1752 1334 1798 1386 si
1850 1350 2117 1390 memores

534 1414 722 1475 sumus
759 1416 957 1475 eorum
998 1417 1129 1475 quae
1149 1403 1388 1455 diximus
1436 1405 1487 1456 in
1542 1405 1707 1475 hunc_
1731 1405 1907 1457 locum
1934 1444 1949 1469 ,
1996 1420 2116 1475 quae

534 1470 885 1543 declarabant
915 1485 1020 1543 non
1060 1472 1323 1543 minorem
1351 1474 1645 1542 potentiam
1676 1473 1987 1530 Servatoris
2016 1470 2115 1543 ap—

534 1540 782 1614 paruisse
806 1542 856 1593 in
890 1541 1172 1614 ejiciendis
1196 1542 1322 1607 illis,
1351 1540 1510 1610 quam
1538 1559 1660 1597 cum
1688 1548 2021 1614 operabatur
2054 1540 2113 1601 ut

529 1611 667 1665 caeci
700 1612 872 1664 visum
908 1613 1236 1680 reciperent,
1265 1614 1413 1667 surdi
1445 1611 1737 1679 audirent,
1774 1614 1947 1669 claudi
1992 1630 2111 1669 am-

533 1680 816 1745 bularent,
863 1680 1116 1755 Galilfeos
1183 1682 1412 1737 fortasse
1462 1699 1582 1755 cum
1657 1685 1921 1738 vidissent
1954 1687 2111 1755 quod

534 1766 809 1820 nunquam
843 1753 939 1822 rati
995 1752 1257 1817 fuissent,
1294 1754 1572 1822 perculsos
1613 1755 1899 1809 divinitate
1942 1752 2108 1819 Jesu,

535 1822 712 1890 ipsum
762 1822 815 1875 in
844 1820 1118 1894 Galilaratn
1151 1820 1531 1878 adventantem
1584 1828 1898 1894 excepisse,
1947 1828 2111 1881 nimi-

534 1906 656 1974 rum
699 1908 821 1947 cum
874 1893 1058 1947 omnia
1110 1895 1408 1958 vidissent,
1454 1910 1575 1965 qua!
1624 1893 1982 1967 ierosolymis
2029 1897 2109 1951 fe-

534 1973 716 2018 ctsset.
745 1981 764 2013 ι

608 2033 696 2105 l0.
730 2032 822 2090 Sic
842 2033 1125 2099 explorata
1155 2043 1274 2105 erat
1298 2033 1522 2105 Origeni
1546 2034 1886 2105 omnipotens
1907 2034 2107 2091 Christi

533 2103 810 2170 voluntas,
859 2105 1083 2175 ejusque
1134 2103 1419 2175 mirabilis
1449 2103 1712 2169 effectus,
1740 2107 2001 2175 quidquid
2055 2109 2106 2162 in

535 2175 693 2229 nobis
726 2187 985 2243 operatur
1014 2174 1288 2239 Christus,
1318 2176 1369 2229 id
1402 2176 1576 2229 creari
1620 2176 1673 2228 in
1718 2174 2109 2232 nobis’existi-

537 2254 731 2299 maret.
779 2245 871 2300 Sic
910 2245 1004 2301 lib.
1032 2260 1086 2298 vt
1132 2256 1315 2299 contra
1359 2243 1522 2310 Cels.,
1552 2260 1702 2300 num.
1728 2247 1817 2305 67.
1864 2248 2110 2302 hortatur

534 2322 595 2367 ut
624 2315 715 2383 qui
747 2324 931 2370 mente
962 2315 1216 2369 excazcati
1246 2325 1391 2375 sunt,
1426 2316 1688 2370 accedant
1714 2316 1779 2370 ad
1813 2315 2019 2379 Jesnm,
2051 2326 2108 2371 ut

534 2385 605 2456 ab
636 2399 701 2439 eo
735 2398 904 2441 novos
949 2393 1005 2439 et
1052 2386 1224 2456 honos
1266 2386 1453 2441 oculos
1501 2385 1804 2456 accipiant,
1843 2388 2033 2456 quales
2076 2405 2105 2442 a

537 2455 717 2510 Verbo
765 2456 877 2511 Deo
945 2454 1121 2510 creari
1186 2457 1359 2511 decet.
1424 2455 1727 2523 Quinetiam
1790 2454 2107 2523 persuasum

535 2524 609 2580 illi
637 2536 755 2580 erat
780 2526 884 2581 hac
905 2524 1109 2597 Christi
1139 2531 1309 2595 gratia
1343 2526 1615 2597 hominem
1644 2527 1859 2595 penitus
1888 2530 2102 2597 relingi,

534 2606 592 2650 et
618 2597 1016 2665 quodammodo
1050 2596 1244 2650 iterum
1276 2599 1474 2653 creari.
1514 2595 1703 2652 Citans
1749 2598 1935 2652 ltomil.
1979 2595 2109 2653 [in

534 2665 757 2731 Jerem.,
793 2682 941 2720 num.
965 2667 1019 2732 5,
1052 2668 1167 2719 haec
1193 2666 1350 2721 Lucae
1379 2683 1464 2727 ιιι.
1500 2666 1555 2727 8,
1588 2669 1748 2721 verba
1782 2685 1798 2720 :
1832 2666 1973 2732 Quia
2015 2685 2110 2736 po—

535 2744 649 2789 tens
693 2747 768 2791 est
805 2736 1165 2807 Dominusiex
1210 2738 1473 2806 lapidibus
1522 2737 1640 2790 istis
1676 2739 1929 2792 suscitare
1970 2738 2110 2807 ﬁlios

534 2809 796 2879 Abrahae;
850 2808 925 2879 ait
960 2828 972 2860 :
1017 2826 1034 2859 ι
1066 2806 1296 2875 Lapides
1345 2823 1461 2879 nos,
1489 2821 1610 2861 esse
1651 2808 1944 2879 significat,
1971 2806 2107 2877 quia

536 2881 602 2930 ad
634 2877 1045 2932 similitudinem
1094 2879 1330 2947 lapidum
1362 2877 1891 2933 obduratttescorda
1924 2890 2109 2933 nostra

538 2948 817 3003 reuuimus
870 2950 1180 3013 veritatem,
1207 2966 1225 3000 ι
1277 2956 1382 3003 etc.
1432 2947 1498 3002 Et
1545 2947 1693 3002 hom.
1720 2949 1811 3013 16,
1853 2964 2003 3004 num.
2032 2949 2107 3002 l:

543 3035 564 3068 ι
593 3016 708 3071 Νοιι
749 3027 877 3074 tunc
916 3017 1427 3089 tantumSalvator,
1455 3019 1547 3089 sed
1575 3028 1632 3073 et
1664 3033 1836 3089 usque
1874 3021 1939 3072 ad
1972 3033 2111 3087 prte-

538 3089 1115 3170 sentem_diem_mittit
1139 3088 1416 3170 hominum
1442 3088 1770 3170 piscatores,
1812 3088 2111 3170 instituens

534 3174 630 3214 eos
672 3160 882 3214 animas
928 3158 1166 3214 liberare
1209 3160 1277 3213 de
1321 3158 1494 3224 mari,
1536 3167 1592 3213 et
1630 3174 1695 3212 ex
1743 3160 2113 3215 acerbissimis

538 3229 790 3285 ﬂuctibus
828 3229 895 3284 ad
947 3244 1136 3283 auram
1187 3231 1486 3299 producere
1534 3228 1861 3285 liberiorem.
1908 3229 2110 3284 Verum

537 3299 614 3353 illi
664 3302 842 3366 pisces
884 3300 1300 3369 cum_sagenis,
1346 3300 1550 3353 retibus
1596 3309 1757 3369 atque
1791 3301 1967 3355 hamis
2009 3315 2112 3353 ex-

538 3370 695 3424 tracti
730 3370 799 3423 de
842 3384 984 3438 aqua
1022 3367 1240 3437 fuerint,
1281 3369 1623 3424 moriuntur:
1654 3367 1793 3438 apud
1841 3384 1941 3424 nos
1980 3384 2111 3424 vero

536 3454 661 3493 cum
701 3439 899 3507 aliquis
928 3438 1090 3493 fuerit
1132 3441 1400 3494 sermonis
1442 3450 1553 3495 rete
1590 3440 2018 3507 comprehensus
2055 3449 2112 3493 et

535 3510 761 3591 eductus
789 3510 859 3591 de
901 3510 1302 3591 mari_saeculi_,
1349 3510 1577 3591 moritur
1620 3511 1836 3578 quidem
1872 3520 1941 3591 et
1976 3510 2108 3591 ipse,
2138 3534 2181 3591 ο

535 3580 631 3633 sed
678 3589 934 3650 peccato,
973 3579 1064 3633 sed
1120 3581 1341 3641 mundo,
1386 3590 1443 3633 ut
1488 3594 1823 3649 consurgens
1866 3578 2107 3643 Christo,

535 3649 684 3703 vivat
712 3650 844 3704 Deo.
878 3651 935 3704 Si
963 3664 1092 3722 ergo
1124 3649 1321 3718 possis,
1352 3652 1418 3703 ad
1450 3651 1854 3721 inteHigendum
1883 3665 2111 3722 sensum

535 3735 695 3789 quem
724 3736 991 3775 conamur
1019 3735 1312 3790 exponere,
1342 3723 1522 3777 animo
1552 3722 1808 3776 inducere
1841 3721 2016 3788 pisces
2046 3723 2113 3775 de

539 3793 671 3845 mari
725 3801 997 3848 extractos
1046 3792 1207 3847 aliam
1250 3807 1446 3848 rursus
1487 3794 1649 3846 vitam
1702 3805 2005 3856 assumere,
2054 3801 2113 3845 et

535 3863 676 3916 aliud
710 3878 908 3933 corpus
938 3865 1189 3925 induere,
1218 3872 1347 3918 tunc
1390 3864 1532 3917 scies
1580 3874 1690 3932 quo
1725 3862 1881 3916 nobis
1930 3862 2111 3933 profe-

535 3934 674 3987 cerit
703 3932 1029 4003 exemplum.
1058 3935 1228 3988 Nemo
1259 3935 1617 4003 hlasphemet,
1660 3945 1816 4003 nemo
1849 3933 1989 3984 male
2030 3932 2111 3985 la—

534 4014 719 4070 ceret,
759 4002 873 4060 non
907 4014 1126 4060 vocetur
1158 4002 1548 4070 crimen’quod
1578 4006 1646 4057 ah
1679 4002 1903 4057 alterius
1940 4003 2110 4057 abdu-

534 4082 682 4145 ctum
712 4086 796 4131 est
825 4075 1201 4145 intelligentia.
1230 4076 1297 4129 Et
1331 4085 1387 4129 tu
1435 4073 1603 4145 igitur
1642 4087 1763 4145 cum
1813 4072 1878 4145 de
1923 4073 2109 4127 διεωιί

535 4143 695 4202 istius
732 4145 982 4202 fluctibus
998 4141 1121 4216 'per
1145 4144 1440 4216 discipulos
1461 4141 1679 4200 Domini
1723 4141 1892 4197 fueris
1922 4155 2109 4197 extra-

532 4226 672 4283 ctus,
721 4229 871 4271 muta
926 4218 1171 4286 corporis
1222 4218 1372 4282 vitia,
1405 4224 1550 4270 mnta
1601 4227 1838 4286 sensum
1875 4216 2105 4286 aninue;

532 4282 748 4342 nonsis
792 4289 881 4344 ille
925 4282 1091 4357 piscis
1137 4289 1226 4355 qui
1273 4288 1328 4347 in
1380 4286 1529 4341 falsis
1563 4282 1873 4357 versabaris
1922 4285 2104 4347 undis,

533 4360 627 4412 sed
666 4360 732 4413 de
767 4354 1029 4430 profundo
1055 4354 1263 4432 gurgite
1291 4366 1478 4413 erutus
1509 4357 1577 4412 ad
1616 4354 1840 4408 meliora
1880 4368 2109 4408 conver-

535 4436 671 4492 tere,
691 4450 711 4482 ι
745 4441 853 4486 etc.

605 4501 693 4555 ll.
725 4501 850 4572 AVim
886 4503 1069 4572 gratia:
1095 4502 1428 4557 demonstrat
1474 4497 1615 4567 quod
1643 4510 1750 4550 non
1774 4507 1880 4572 uno
1900 4493 1952 4548 in
1988 4492 2107 4572 loco

532 4564 971 4643 docetOrigenes
1001 4588 1118 4629 eam
1148 4572 1424 4627 fortiorem
1470 4564 1618 4643 esse
1638 4564 2104 4643 concupiscentia,

531 4656 634 4697 nec
668 4633 1120 4719 d_:£ttt5nuni_tel_is
1177 4656 1333 4719 posse
1377 4638 1645 4719 superari.
1698 4655 1716 4688 ι
1754 4633 1858 4719 Ipsi
1898 4633 1979 4719 illi
2010 4637 2103 4719 qui

532 4714 708 4768 sanati
759 4724 887 4769 sunt
931 4715 1130 4780 claudi,
1177 4704 1200 4765 ἱ
1262 4704 1569 4780 ἰιιιιιιὶῐῚὶΙ).
1615 4722 1651 4762 ιι
1723 4704 2103 4780 contra_Cels.,

532 4798 684 4837 num.
715 4784 806 4849 48,
847 4804 865 4837 ι
902 4775 1175 4853 accipiunt
1207 4798 1237 4837 a
1301 4775 1427 4835 Jcsu
1475 4786 1793 4847 potestatem
1851 4775 2104 4829 calcandi

532 4853 597 4907 iis
628 4855 874 4923 pedibus,
896 4857 1102 4927 quibus
1135 4864 1292 4927 antea
1325 4854 1400 4905 uti
1440 4864 1545 4904 non
1582 4856 1853 4927 poterant,
1880 4859 2104 4927 set-pen?

532 4918 701 4981 tes'et
729 4918 1043 4996 scorpiones
1070 4925 1512 4997 malitiae,‘atque
1536 4923 1668 4997 adeo
1697 4927 1865 4997 totam
1892 4918 2099 4997 inimici

530 4997 827 5067 petentiam
848 4988 869 5062 ξ
888 4998 1049 5067 idque
1073 4996 1218 5050 nullo
1251 4988 1488 5067 vulneris
1516 4988 1774 5067 periculo,
1813 4993 1996 5067 utpote
2026 4988 2101 5041 ita

532 5059 702 5121 fortes
732 5059 884 5132 lacti,
922 5059 981 5121 ut
1014 5068 1156 5121 nulla
1209 5065 1445 5134 polentia
1470 5102 1485 5125 ,
1517 5059 1751 5134 'nullum
1796 5059 2101 5134 delationum

530 5138 681 5193 virus
718 5127 911 5193 laedere
932 5138 1053 5194 illos
1075 5127 1382 5209 quea't.i_Et
1406 5143 1535 5209 tom.
1564 5145 1594 5182 κ
1620 5131 1675 5181 in
1698 5127 1885 5209 10am,
1912 5143 1964 5179 n.
1986 5128 2054 5209 ιδ
2083 5144 2097 5179 :

536 5224 556 5279 ε
590 5209 845 5278 Quisquis
871 5201 1227 5279 igituripsum
1264 5201 1490 5279 (lesum)
1534 5201 1821 5279 receperit,
1846 5212 1953 5279 non
1986 5201 2101 5278 jam

532 5272 1094 5335 forinidabitd'iversai
1122 5272 1284 5333 sectis
1321 5275 1566 5330 homines
1604 5272 1925 5339 eloquentia:
1972 5272 2103 5321 viri-

532 5347 633 5403 bus
699 5360 956 5417 armatos,
1008 5350 1099 5420 qui
1150 5363 1341 5403 currus
1372 5342 1625 5420 Ephraim
1676 5342 2034 5420 dicuntur,_et
2068 5354 2100 5393 a

535 5420 760 5475 Detnino
791 5408 1210 5486 exscindniitnr;
1238 5432 1335 5473 nec
1388 5408 1638 5486 fallacem
1666 5425 1868 5486 equum
1911 5408 1977 5462 ad
2012 5423 2103 5486 sa_-

532 5487 718 5555 intem,
751 5492 853 5547 hoc
900 5502 1004 5554 est,
1040 5478 1369 5545 desiderium
1417 5485 1664 5555 insanum
1712 5478 1765 5535 et
1794 5479 1957 5555 rebus
1999 5478 2102 5532 sub

531 5552 747 5615 sensum
779 5552 1095 5617 cadentibus
1118 5570 1426 5631 cognatum.
1466 5574 1486 5631 ι
1541 5552 1614 5607 Ita
1667 5553 1950 5631 magnifice
1978 5565 2101 5603 sen-

534 5632 701 5684 tiebat
731 5634 796 5686 de
825 5632 907 5687 his
932 5631 1132 5687 Christi
1163 5627 1340 5692 donis,
1376 5628 1582 5700 ut_dum
1605 5638 1691 5700 ca_
1716 5627 1921 5700 diserte
1949 5635 2101 5700 com-

532 5704 770 5765 mendat,
797 5703 847 5755 in
888 5704 1106 5758 stultam
1139 5701 1283 5753 illam
1330 5691 1639 5771 Stoicorum
1668 5691 1961 5771 audeatay,
1987 5691 2105 5771 sive

533 5762 986 5840 impatibilitatem
1012 5783 1064 5828 et
1098 5768 1611 5840 impeccabilitatcm
1633 5779 1795 5840 quam
1826 5762 2101 5840 Pelagiani

536 5831 884 5905 renovarunt,
917 5843 1154 5897 incidere
1176 5831 1523 5910 'Hiet'onytno
1554 5831 1713 5910 _V_Iistts
1742 5834 1833 5887 sit.
2016 5831 2104 5910 _ab

535 5914 805 5970 haereticis
854 5903 902 5967 et
955 5909 1285 5980 philosophis
1335 5903 1493 5974 longe
1537 5905 1842 5973 discrepat;
1902 5903 2102 5957 Christi

2141 2191 2183 2246 Β
2213 2182 2311 2245 ris,
2341 2199 2360 2233 ι
2391 2190 2497 2235 etc.
2528 2178 2645 2234 Non
2678 2180 2724 2235 is
2753 2193 2885 2249 ergo
2911 2188 3031 2233 erat
3058 2176 3320 2246 Origenes

2218 646 2302 715 gis
2331 661 2597 700 annorum
2638 646 2925 701 curriculis
2961 656 3109 702 recte
3137 646 3220 700 vel
3258 646 3400 701 male
3434 646 3663 702 traditas
3703 646 3805 702 sibi

2222 753 2251 792 a
2290 737 2400 793 Deo
2424 739 2729 809 provincias
2748 738 3182 803 administrasse,
3219 739 3452 809 acjuxta
3479 740 3803 796 meritorum

2226 916 2371 968 enim
2405 914 2595 983 gratiae
2625 914 2874 969 attribuit
2908 923 3021 967 tum
3051 915 3265 983 firmum
3296 912 3443 967 illum
3492 912 3657 967 animi
3688 922 3801 983 sta-

2228 994 2361 1047 tum,
2410 982 2523 1039 Sive
2576 984 2900 1039 charitatem
2929 1000 3052 1054 qua:
3102 982 3418 1054 diffunditur
3455 983 3507 1037 in
3543 982 3801 1039 cordibus

2222 1056 2422 1109 nostris
2448 1069 2544 1124 per
2566 1055 2826 1125 Spiritum
2863 1053 3133 1115 sanctum,
3162 1064 3287 1125 _tnm
3340 1053 3502 1125 etiam
3529 1054 3797 1122 quidquid

2222 1123 2481 1195 pmclare
2508 1123 2719 1195 agimus
2749 1126 2803 1178 in
2839 1125 2941 1179 hoc
2968 1134 3114 1178 statu
3150 1123 3371 1195 linnati.
3404 1123 3552 1195 lianc
3577 1135 3800 1195 senten-

2222 1193 2349 1250 tiam
2383 1193 2584 1251 diserte
2616 1196 2874 1263 exprimit
2907 1204 3038 1249 tom.
3067 1210 3141 1248 xn
3176 1196 3230 1247 in
3258 1193 3475 1259 Matth,
3509 1210 3659 1248 num.
3701 1194 3795 1259 25,

2219 1280 2345 1335 pag.
2369 1266 2496 1330 5M,
2525 1265 2614 1335 ubi
2669 1267 2748 1319 sic
2786 1265 3063 1328 loquitur:
3117 1283 3136 1314 ι
3172 1264 3304 1316 Nam
3359 1265 3469 1335 sivo
3502 1280 3617 1334 ego,
3671 1264 3794 1332 jam

2220 1334 2323 1390 non
2377 1353 2470 1406 ego
2499 1334 2701 1405 (Calai.
2740 1351 2800 1398 ll,
2826 1336 2945 1398 20),
2971 1350 3071 1388 vos
3103 1345 3221 1406 erat
3252 1350 3310 1388 se
3338 1334 3604 1401 ejurantis
3624 1375 3639 1395 .
3676 1346 3796 1388 tan-

2219 1421 2380 1470 quam
2409 1405 2504 1475 qui
2536 1406 2808 1476 propriam
2834 1408 3002 1459 vitam
3057 1405 3351 1467 amisisset,
3386 1406 3438 1458 in
3492 1420 3555 1459 se
3610 1414 3792 1459 autem

2216 1477 2492 1532 Christum
2521 1478 2873 1545 suscepisset,
2906 1485 2964 1529 ut
2991 1477 3104 1543 ipse
3147 1476 3199 1529 in
3251 1491 3318 1530 eo
3364 1476 3591 1539 viveret,
3673 1484 3795 1528 tan-

2215 1562 2377 1617 quam
2423 1544 2759 1616 justitia,’et
2824 1556 3077 1615 tanquam
3132 1544 3416 1614 sapientia,
3440 1554 3495 1599 et
3537 1556 3791 1615 tanquam

2216 1617 2601 1681 sanctificatio,
2630 1626 2685 1671 et
2731 1626 2987 1683 tanquam
3018 1631 3120 1685 pax
3168 1628 3386 1674 nostra.
3434 1624 3488 1668 et
3538 1624 3792 1686 tanquam

2215 1690 2449 1755 potentia
2490 1688 2581 1741 Dei
2615 1687 2795 1740 omnia
2832 1687 2883 1740 in
2914 1684 3030 1755 ipso
3053 1686 3311 1748 elllciens,
3341 1686 3521 1739 πάντα
3556 1687 3613 1738 ἐν
3644 1684 3793 1756 ὰὺτῷ

2212 1758 2473 1829 ἐνεργῶν.
2506 1778 2525 1810 ι
2576 1758 2633 1811 In
2678 1757 2770 1811 lib.
2832 1756 2923 1829 De,
2961 1756 3199 1829 oratione
3258 1757 3547 1829 explicans
3588 1758 3792 1829 primas

2214 1825 2374 1883 voces
2407 1829 2686 1883 Orationis
2722 1828 3031 1889 Dominicae,
3071 1826 3234 1880 Pater
3265 1837 3439 1879 noster
3470 1825 3688 1894 (.llatth.
3710 1842 3787 1890 νι,

2212 1899 2289 1970 9).
2316 1900 2392 1954 sic
2417 1901 2482 1954 de
2514 1898 2636 1953 filiis
2656 1897 2961 1965 adoptionis
2992 1897 3233 1966 loquitur
3256 1912 3406 1950 num.
3437 1896 3600 1970 2‘2,p.
3638 1896 3786 1970 252A:

2218 1967 2456 2035 (Itaque
2494 1983 2655 2022 omne
2683 1984 2869 2022 eorum
2895 1983 3031 2037 opus
3058 1978 3111 2020 et
3148 1981 3330 2020 sermo
3360 1976 3412 2020 et
3435 1967 3695 2036 cogitatio
3716 1968 3788 2022 ab

2212 2038 2501 2111 Uuigenito
2534 2038 2837 2111 V_erb0_ipsi
2888 2038 3226 2111 conformata
3248 2076 3263 2099 ,
3290 2037 3792 2111 imitanturjmagi-

2213 2107 2346 2165 ueni
2372 2108 2653 2165 invisibilis
2696 2108 2888 2172 Dei,et
2918 2111 3050 2161 linnt
3098 2109 3164 2161 ad
3212 2108 3500 2176 imaginem
3560 2107 3788 2163 Creato-

3409 2177 3460 2230 ui
3517 2178 3791 2245 perfectos

2209 2250 2445 2321 propriis
2474 2249 2681 2304 viribus
2703 2248 2923 2321 stareet
2964 2250 3019 2302 in
3052 2248 3585 2321 virtuteconlirmari
3631 2260 3790 2318 puta-

2212 2318 2489 2376 retillanc
2514 2334 2701 2374 eorum
2727 2319 3083 2373 stabilitatem
3113 2332 3181 2375 ex
3210 2318 3411 2373 Christi
3441 2318 3615 2385 gratia
3645 2334 3789 2374 sem-

2209 2406 2309 2461 per
2335 2390 2531 2459 repetit
2572 2408 2586 2443 :
2612 2389 2905 2461 velut‘cum
2932 2389 3008 2442 ait
3040 2399 3169 2461 tom.
3209 2403 3252 2461 ιι
3283 2389 3337 2441 in
3363 2385 3554 2451 Joan.,
3593 2386 3789 2461 n.__‘29,

2217 2456 2236 2512 ι
2268 2456 2427 2517 Jesus
2456 2462 2506 2514 in
2543 2461 2714 2529 ipsum
2748 2456 3075 2529 (Simonem)
3119 2458 3350 2513 intuitus
3379 2466 3481 2520 est,
3515 2472 3612 2527 per
3637 2458 3787 2512 illum

2211 2531 2467 2586 intuitum
2492 2530 2773 2585 declarans
2800 2544 2858 2583 se
2881 2529 3119 2583 Simonis
3151 2543 3336 2581 curam
3359 2541 3565 2597 gerere,
3594 2529 3791 2583 anima

2211 2602 2354 2656 illius
2401 2600 2850 2670 praestantissima
2899 2610 3060 2668 parte
3095 2598 3389 2670 illustrata
3444 2614 3460 2670 ξ
3506 2599 3791 2667 potuitque

2212 2667 2425 2738 Simon,
2474 2686 2540 2726 eo
2578 2672 2722 2739 quod
2774 2667 2934 2724 Jesus
2990 2670 3044 2725 in
3093 2667 3557 2739 ipsum_intuitus
3578 2679 3683 2735 est,
3718 2683 3788 2723 eo

2210 2758 2384 2812 usque
2408 2737 2661 2805 stabiliri,
2690 2749 2750 2794 ut
2774 2740 2842 2794 ab
2875 2754 3040 2808 upere
3059 2739 3242 2812 stabili
3281 2737 3549 2812 tinuoque
3578 2752 3787 2812 cogno-

2212 2807 2334 2868 men
2378 2814 2621 2866 traheret
2654 2821 2710 2865 et
2767 2807 3053 2865 vocaretur
3108 2809 3318 2863 Petrus.
3354 2826 3371 2859 ι
3419 2807 3478 2861 In
3542 2809 3789 2862 eamdem

2212 2884 2539 2939 sententiam
2567 2881 2736 2950 accipi
2763 2880 2923 2936 debet
2945 2879 3088 2949 quod
3113 2880 3190 2932 ait
3209 2888 3341 2932 tom.
3361 2892 3449 2932 xvi
3483 2880 3539 2932 in
3566 2877 3788 2950 illatua,

2213 2969 2365 3007 num.
2414 2952 2471 3017 8,
2530 2967 2652 3023 pag.
2686 2948 2806 3004 ’726
2827 2991 2843 3017 ,
2875 2968 2895 3002 ι
2932 2948 3253 3023 Quicunque
3282 2957 3369 3005 est
3392 2964 3537 3023 cum
3572 2948 3724 3023 ipsa,
3757 2966 3791 3005 a

2213 3031 2387 3077 morte
2445 3019 2620 3076 invadi
2684 3038 2788 3077 non
2862 3034 3041 3088 posse.
3099 3038 3119 3072 ι
3180 3020 3539 3085 Quamobrem
3587 3019 3789 3073 frustra

2210 3094 2485 3147 existimat
2513 3092 2737 3145 lluetius
2765 3092 3171 3145 excusationem
3242 3106 3346 3143 non
3409 3088 3605 3143 mereri
3644 3089 3791 3158 quod

2212 3162 2568 3232 aitOrigeues
2613 3171 2744 3216 tum.
2786 3176 2865 3215 xu
2909 3161 2964 3214 in
3002 3159 3411 3232 Manlianum.
3437 3159 3531 3232 2'5,
3584 3176 3607 3210 ι
3633 3174 3793 3213 scan~

2213 3234 2339 3288 italo
2371 3230 2665 3288 obnoxium
2709 3247 2813 3285 non
2837 3244 2961 3285 esse
2984 3246 3107 3286 eum
3149 3230 3239 3299 qui
3275 3230 3331 3282 in
3367 3230 3637 3285 charitate
3661 3244 3787 3299 per-

2213 3304 2500 3358 lectionem
2534 3302 2761 3372 adeptus
2786 3307 2892 3372 est,
2924 3320 2944 3352 ι
2979 3311 3046 3372 et
3068 3298 3202 3372 tom=
3223 3315 3315 3372 xv,
3341 3315 3487 3354 num.
3516 3300 3570 3366 6,
3592 3298 3787 3369 p.659.

2213 3389 2408 3442 pueros
2436 3388 2501 3429 eo
2527 3368 2755 3428 consilio
2784 3371 2993 3427 oblatos
3020 3368 3149 3442 Jesu
3177 3369 3366 3437 fuisse,
3401 3386 3421 3421 ‹
3463 3380 3519 3423 ιιι
3547 3385 3672 3442 cum
3692 3385 3791 3442 eos

2216 3440 2479 3513 tetigisset
2507 3452 2561 3497 et
2584 3457 2739 3513 suam
2767 3443 3025 3496 virtutem
3069 3441 3121 3494 in
3163 3456 3257 3495 eos
3289 3442 3555 3513 tangendo
3605 3440 3788 3513 immi-

2215 3511 2376 3569 sisset
2426 3512 2607 3579 Jesus,
2635 3512 2814 3568 nullus
2852 3527 2949 3567 eos
2992 3525 3169 3574 casus,
3211 3511 3788 3579 nullumdannonittm,

2214 3584 2605 3653 sutquidpiatn
2629 3582 2774 3637 aliud
2806 3592 2990 3652 posset
3015 3594 3306 3650 attingere.
3343 3598 3362 3631 ι
3398 3578 3536 3653 Tum
3590 3581 3787 3653 his_i_n

2215 3649 2373 3717 locis,
2400 3649 2513 3707 tuin
2552 3653 2605 3708 in
2634 3653 2745 3707 alio
2762 3649 2833 3708 ei
2859 3654 3050 3707 eodem
3092 3649 3511 3715 commentario,
3570 3665 3623 3721 p.
3656 3649 3785 3716 6'76,

2213 3727 2299 3779 ubi
2327 3723 2599 3788 ἀπαθείας
2627 3738 2823 3777 nomen
2865 3732 3110 3790 usurpat,
3149 3721 3279 3776 nihil
3329 3731 3593 3775 creatura:
3637 3730 3792 3773 attri-

2213 3796 2327 3849 buit
2352 3796 2499 3863 quod
2537 3810 2642 3849 non
2668 3795 3043 3863 proﬁciscatur
3068 3809 3097 3845 a
3146 3791 3373 3863 Christi,
3404 3791 3601 3863 gratia,
3652 3792 3789 3845 nihil

2210 3864 2355 3935 quod
2370 3859 2500 3919 sine
2527 3859 2701 3935 gratia
2732 3864 3048 3935 conservari
3105 3862 3301 3935 possit.
3336 3859 3660 3935 :Ameeiag._
3688 3876 3791 3935 nor-

2212 3930 2357 3992 mine
2394 3950 2507 3991 non
2531 3930 2783 4004 ineptam
2819 3933 2963 3987 illam
2994 3932 3063 3986 ab
3096 3932 3246 4004 omni
3278 3930 3525 4004 allecto,
3549 3930 3691 4004 _sed_
3719 3934 3790 3986 ab

2209 4005 2357 4075 omni
2411 4001 2653 4075 nequitia
2699 4003 3111 4075 immunitatem.
3159 4002 3409 4075 intelligit
3442 4041 3458 4067 ,
3491 4001 3787 4075 _siquid_em

2211 4074 2369 4147 paulo
2393 4070 2545 4147 ante,
2564 4088 2767 4147 pempe
2812 4088 2934 4144 pag.
2960 4071 3088 4134 675,
3122 4086 3270 4126 num.
3322 4070 3425 4133 l6,
3470 4071 3540 4125 de
3594 4072 3789 4125 eodem

2210 4142 2447 4215 perfecto
2497 4142 2774 4208 differens,
2811 4142 2953 4198 nunc
2995 4157 3119 4197 eum
3155 4152 3376 4215 uestra
3404 4155 3630 4215 omnem
3663 4156 3791 4196 esse

2209 4211 2580 4283 cupiditatem,
2610 4232 2629 4265 ι
2664 4229 2808 4269 nunc
2842 4212 3395 4283 tomnetnabjetnsse
3430 4211 3724 4283 nequitiam
3756 4229 3783 4283 ν»

2210 4280 2361 4342 dicit.
2410 4287 2563 4351 Quod
2607 4284 2653 4339 si
2713 4285 3054 4353 vituperatur
3100 4280 3361 4351 Origenes
3408 4282 3477 4335 ob
3522 4280 3790 4347 ejusmodi

2209 4355 2375 4420 dicta,
2399 4353 2740 4424 vituperandi
2762 4363 2923 4409 erunt
2953 4354 3129 4408 sancti
3159 4362 3426 4422 martyres
3456 4353 3564 4424 qui
3618 4353 3784 4405 tidem

2209 4441 2361 4481 suam
2391 4441 2491 4479 nec
2515 4421 2685 4487 vinci,
2719 4439 2819 4478 nec
2849 4426 3044 4477 mutari
3082 4421 3394 4493 possetnec
3418 4421 3619 4493 ullisse
3662 4432 3779 4477 ter-

2210 4497 2406 4549 montis
2426 4496 2673 4565 separari
2689 4510 2849 4564 posse
2878 4508 2908 4547 a
2939 4491 3207 4565 cliaritate
3244 4491 3453 4565 Christi
3506 4492 3783 4565 dicebant.

2207 4561 2705 4621 Eatndem'notani
2750 4565 3047 4618 merebitur
3097 4562 3401 4630 Cyprianus
3435 4561 3525 4629 qui
3580 4578 3601 4613 ι
3652 4561 3789 4615 nihil

2206 4652 2366 4706 posse
2393 4650 2649 4705 separare
2677 4636 3006 4706 credentes;
3063 4634 3221 4706 docet
3272 4638 3430 4701 epist.
3462 4632 3550 4706 il,
3592 4648 3613 4683 ι
3652 4632 3791 4706 nihil

2207 4702 2363 4775 posse
2394 4702 2630 4759 avellere
2688 4706 2907 4772 corpori
2952 4704 3157 4759 Christi
3206 4713 3263 4757 et
3312 4702 3562 4775 sanguini
3609 4704 3789 4775 colue-

2208 4773 2428 4831 rentes:
2464 4795 2484 4828 ι
2518 4787 2572 4831 et
2606 4791 2635 4828 a
2661 4775 2984 4844 proconsule
3023 4776 3384 4843 interrogatus
3422 4788 3491 4826 an
3522 4773 3573 4844 in
3600 4773 3791 4825 volun-

2135 4878 2179 4933 Β
2213 4856 2322 4902 tate
2355 4843 2767 4933 perseveraret,
2810 4845 3091 4933 respondit
3144 4861 3164 4895 ι
3198 4849 3394 4901 bonam
3452 4843 3791 4933 vooluntatem

2209 4933 2331 4989 qua
2356 4912 2533 4972 Deum
2562 4916 2728 4989 novit,
2755 4912 3040 4989 imi-intari
3071 4929 3195 4989 non,
3214 4928 3392 4982 posse.
3427 4932 3445 4964 ι
3502 4912 3593 4989 Sic
3623 4916 3792 4966 etiam

2212 4983 2418 5061 martyr
2448 4987 2682 5061 lguatius
2727 4986 2888 5055 epist.
2918 4987 2984 5039 ad
3002 4986 3285 5053 Ephesios,
3324 4999 3471 5037 nunt.
3504 4983 3538 5037 8
3568 4998 3792 5061 ειεξιτ-

2209 5054 2685 5127 nales'spiritualia
2706 5054 2966 5127 eiercere
2991 5063 3288 5123 nequeunt,
3325 5069 3501 5127 neque
3531 5054 3792 5127 spiritua-

2209 5130 2289 5184 les
2315 5125 2593 5192 carnalia;
2624 5130 2763 5181 sicut
2786 5141 2883 5180 nec
2908 5126 3041 5181 fides
3066 5141 3185 5195 qua:
3215 5125 3614 5180 incredulitatis
3635 5133 3787 5189 sunt,

2208 5215 2309 5254 nec
2333 5198 2684 5254 incredulitas
2708 5211 2829 5266 quae
2852 5197 2999 5251 fidei.
3037 5215 3057 5249 ι

2281 5271 2370 5325 12.
2413 5269 2520 5323 Sed
2550 5261 2791 5336 profecto
2830 5269 2896 5321 de
2930 5266 3180 5337 Origenis
3210 5263 3483 5337 sententia
3533 5278 3641 5317 non
3691 5261 3793 5337 du-

2211 5341 2406 5395 bitabit
2433 5332 2676 5407 quisquis
2697 5339 2875 5407 legere
2902 5332 3057 5394 volei
3080 5338 3256 5393 locum
3301 5352 3367 5391 ex
3399 5332 3792 5407 Commentario

2209 5412 2266 5465 in
2295 5405 2704 5478 Psalrnos,’pag.
2732 5405 2857 5473 5H,
2899 5410 2989 5465 ubi
3032 5409 3112 5463 sic
3150 5408 3444 5478 loquitura
3485 5423 3503 5455 ι
3544 5405 3660 5478 Non
3702 5417 3794 5478 so-

2215 5481 2324 5534 ium
2354 5482 2516 5551 igitur
2546 5474 2614 5532 ad
2642 5474 2694 5534 id
2722 5488 2779 5532 ut
2814 5482 3075 5535 honesms
3098 5488 3153 5533 et
3184 5481 3373 5551 bonus
3418 5474 3511 5530 ﬁat
3570 5475 3790 5551 aliquis,

2211 5567 2348 5620 opus
2373 5548 2457 5605 est
2484 5551 2763 5605 voluntate
2788 5560 2976 5603 nostra
3003 5559 3059 5604 et
3086 5548 3267 5603 divina
3284 5561 3390 5620 ope
3401 5548 3789 5620 conspirante,

2211 5617 2351 5689 quae,
2383 5632 2648 5689 quantum
2674 5622 2741 5674 ad
2775 5635 2873 5674 nos
2907 5621 3123 5683 attinet,
3148 5625 3303 5673 extra
3360 5617 3589 5671 liberum
3642 5617 3793 5669 arbi-

2216 5694 2375 5745 trium
2403 5702 2508 5755 est,
2535 5691 2668 5756 sive,
2698 5705 2765 5744 ex
2796 5691 2970 5745 libero
3014 5689 3241 5744 arbitrio
3280 5699 3465 5743 nostro
3490 5702 3598 5741 non
3658 5699 3789 5756 pen:

2211 5765 2300 5833 det
2339 5753 2746 5833 (ἥτιςὲστὶνὼς
2775 5760 2911 5831 πρὸς
2944 5762 3090 5831 ἡμᾶς
3115 5757 3525 5833 anpoatps'rov);
3567 5753 3670 5833 sed
3717 5753 3786 5811 ad

2212 5832 2264 5887 id
2294 5828 2480 5897 etiam,
2509 5840 2570 5887 ut
2599 5832 2691 5901 qui
2721 5828 2895 5887 bonus
2919 5828 3257 5888 et‘honestus
3284 5828 3556 5901 evasit,_in
3589 5828 3789 5883 virtute

2212 5913 2557 5973 perseveret;
2590 5899 2734 5973 quod
2782 5904 3038 5958 nimirum
3098 5903 3154 5958 in
3206 5901 3418 5957 ruinam
3468 5899 3789 5969 delapsurus
