4160 6462
470 399 577 460 945
1253 401 1422 458 ORIC
1431 399 1835 458 ΕΜΔΝοιῖυῇ
1876 401 2008 458 ιλιι.

2155 399 2308 457 CAP.
2349 401 2416 468 ll,
2449 399 2731 469 QUEST.
2778 395 2884 451 V‘ll.
3626 400 3734 457 94:3

466 534 688 578 suorum
719 535 1027 576 mensarum
1046 522 1232 578 varios
1261 522 1549 592 variosque
1579 538 1608 576 a
1637 521 1748 577 Deo
1777 522 2052 592 recepisse
2080 527 2122 584 Α
2160 522 2251 577 Dei
2277 522 2518 578 consilio
2544 505 3114 592 relinquaturiatque
3145 521 3215 577 ita
3243 522 3416 589 nobis,
3452 530 3511 577 ut
3545 523 3617 577 ita
3645 524 3732 575 di-

466 618 654 687 gratias
686 618 874 672 modos
905 633 922 681 ;
961 617 1194 686 hincque
1217 630 1433 672 minem
1458 616 1735 671 exstitisse
1755 615 2053 681 diversita-
2158 615 2620 683 cam-obnoxiam
2649 615 2740 668 Dei
2765 615 2998 684 gratiam
3030 613 3213 669 elicit.
3253 616 3437 686 Itaque
3463 615 3618 670 liberi
3640 630 3734 668 ar-

469 721 598 776 tem,
629 726 750 780 qua:
781 711 1050 774 homines,
1083 719 1140 765 ut
1167 708 1398 779 apostoli
1427 723 1578 764 more
1604 709 1828 780 loquar,
1851 710 2055 765 discer-
2155 705 2301 760 bitrii
2339 706 2480 761 vires
2543 708 2699 775 quasi
2759 707 2907 762 nullo
2930 716 3148 776 egentes
3176 707 3362 777 gratiae
3405 707 3734 762 adminiculo

469 801 570 864 nit,
623 810 923 869 antequam
979 799 1107 854 boni
1147 798 1448 868 quidquam
1507 797 1591 852 vel
1647 797 1778 854 ntali
1819 799 2048 869 egerint.
2157 797 2230 852 ita
2249 799 2589 868 deprzcdicat
2613 801 2759 855 hom.
2796 799 2831 855 9
2860 801 2915 854 in
2951 799 3138 866 Lm’n,
3190 801 3419 855 Imm.“
3464 817 3479 855 :
3545 818 3565 852 ι
3607 801 3733 855 Sive

468 892 740 948 Doctrina:
767 893 934 962 huius
989 892 1319 948 assertiones
1351 898 1408 945 et
1461 899 1784 960 argumenta
1837 898 2054 946 exstant
2153 904 2285 962 ergo
2336 891 2604 961 spiritalis
2665 889 2891 946 en‘ectus
2921 907 3062 947 unus
3090 907 3210 946 cum
3265 892 3491 947 Domino
3511 893 3734 962 spiritus

468 983 566 1038 lib.
594 999 612 1036 ι
639 983 776 1051 Περὶ
813 981 1038 1052 ἀρχῶν,
1063 997 1183 1052 cap.
1216 981 1270 1044 Ἰ,
1298 998 1450 1037 num.
1483 982 1541 1041 4.
1591 993 1643 1035 et
1678 981 1773 1035 lib.
1799 997 1884 1046 tn,
1918 996 1965 1036 c.
1997 982 2036 1036 f

2153 983 2282 1047 ﬁat;
2314 985 2434 1039 sive
2461 998 2556 1053 per
2594 985 3013 1040 resurrectionis
3045 984 3269 1056 gloriam
3331 985 3384 1039 in
3419 985 3731 1055 angelorum

468 1089 618 1129 ιιιιιιι.
651 1074 742 1138 20,
776 1073 871 1137 et,
905 1073 978 1126 22
1045 1072 1334 1144 (Philaeni.
1383 1087 1502 1142 cap.
1566 1071 1682 1142 21)).
1737 1071 1869 1126 Item
1927 1069 2054 1126 libri
2153 1074 2401 1129 ordinem
2446 1084 2714 1141 transeat,
2771 1086 2916 1131 recte
2954 1075 3065 1145 iam
3105 1093 3211 1132 non
3255 1079 3358 1133 erit
3387 1079 3549 1133 homo
3583 1094 3600 1134 :
3636 1079 3733 1134 sed

467 1167 706 1233 eiusdem
735 1165 884 1220 tertii
935 1180 1055 1233 cap.
1089 1166 1146 1230 '5,
1179 1181 1326 1220 num.
1373 1165 1428 1232 5,
1457 1177 1514 1221 et
1563 1163 1658 1221 lib.
1695 1180 1766 1218 vn
1792 1165 1852 1218 in
1880 1162 2051 1230 Epist.
2155 1165 2524 1235 unusqnisque
2552 1167 2666 1236 ipse
2686 1167 2786 1222 sibi
2823 1167 2925 1222 hoc
2953 1178 3207 1238 praestat,
3253 1179 3313 1223 ut
3368 1171 3447 1223 vel
3507 1171 3734 1224 excedat

467 1258 537 1310 ad
584 1255 763 1320 Rom.,
799 1273 950 1311 num.
1003 1256 1092 1321 l5,
1121 1256 1216 1323 ‘16,
1247 1257 1336 1319 l7,
1379 1267 1436 1312 et
1486 1256 1585 1311 lib.
1615 1271 1693 1319 Ix,
1743 1271 1890 1309 num.
1914 1256 1970 1319 2,
1993 1255 2049 1310 5.
2153 1254 2399 1310 hominis
2425 1255 2864 1326 appellationem,
2889 1259 2974 1312 vel
3010 1261 3151 1312 intra
3179 1259 3545 1313 conditionem
3576 1258 3732 1326 huius

466 1349 597 1418 Quae
622 1350 878 1420 quoniam
912 1348 1028 1404 fuse
1046 1349 1160 1419 iam
1189 1365 1353 1420 supra
1389 1348 1740 1419 exposuimus
1763 1355 1964 1417 quaest.
1993 1346 2050 1411 6,
2159 1345 2410 1399 vocabuli
2439 1357 2766 1415 censeatur;
2804 1368 2824 1400 ι
2857 1359 2912 1402 et
2965 1350 3154 1404 bomil.
3187 1351 3213 1404 l
3252 1351 3304 1403 in
3339 1349 3557 1412 Ezech..
3588 1367 3638 1402 ιι.
3675 1350 3729 1413 5,

467 1445 664 1497 iterum
719 1440 928 1497 referre
979 1441 1110 1496 nihil
1143 1444 1359 1497 attinet.
1386 1439 1596 1495 Nonum
1620 1439 1783 1494 modo
1819 1439 2049 1494 secundi
2156 1452 2284 1510 pag.
2317 1437 2422 1493 357
2451 1459 2465 1492 :
2506 1458 2525 1490 ι
2559 1439 2638 1494 Tu
2670 1455 2818 1505 vero,
2847 1441 3027 1504 homo,
3063 1455 3231 1510 quare
3253 1457 3357 1496 non
3391 1442 3474 1495 vis
3507 1441 3733 1497 arbitrio

465 1531 588 1586 libri
620 1530 698 1584 De
720 1531 994 1599 principiis
1029 1541 1193 1600 caput
1219 1531 1388 1602 relegi
1421 1530 1606 1594 velim,
1636 1531 1687 1584 in
1748 1530 1889 1599 quod
1944 1529 2053 1584 dis-
2155 1537 2210 1582 te
2235 1537 2330 1584 tuo
2379 1529 2699 1585 derelictum
2725 1532 2748 1585 ?
2770 1531 2954 1598 Quare
3001 1547 3143 1603 aegre
3174 1531 3282 1587 fers
3309 1533 3428 1596 uiti,
3463 1532 3730 1597 laborare,

464 1635 656 1691 persas
688 1620 813 1676 alibi
829 1619 1100 1675 doctrina:
1129 1620 1292 1691 hujus
1339 1619 1634 1690 particulas
1681 1618 1840 1688 plena
1885 1631 2050 1672 manu
2153 1621 2514 1684 contendere,
2537 1633 2588 1676 et
2617 1637 2714 1692 per
2732 1623 2873 1678 bona
2905 1637 3071 1694 opera
3105 1634 3156 1678 te
3174 1624 3350 1694 ipsum
3377 1639 3595 1678 causam
3623 1634 3733 1678 tum

463 1717 744 1786 congessit
783 1731 798 1768 :
827 1729 952 1769 nam
993 1723 1280 1784 postquam
1314 1715 1559 1768 diversas
1589 1711 1711 1768 illas
1735 1720 1959 1766 naturas
1983 1709 2053 1766 ab
2157 1714 2278 1769 ﬁeri
2311 1715 2544 1770 salutis?
2591 1718 2673 1769 An
2725 1719 2897 1786 magis
2940 1726 2992 1770 te
3031 1714 3318 1771 delectabit
3351 1716 3727 1778 dormientem,

466 1806 734 1862 itareticis
784 1822 953 1876 supra
1013 1806 1310 1863 nominatis
1382 1805 1642 1860 conﬁctas
1693 1803 2052 1873 collectasque
2155 1804 2292 1858 etin
2329 1803 2441 1858 otio
2475 1807 2824 1859 constitutum
2879 1815 3077 1860 :etern
3122 1805 3479 1875 prosperitate
3521 1806 3734 1874 requie-

461 1916 651 1957 corum
707 1903 944 1959 rationes
996 1902 1340 1967 confutavit,
1403 1911 1516 1956 tum
1573 1902 1764 1970 dogma
1809 1899 2046 1969 explicat
2080 1879 2122 1939 Β
2150 1896 2354 1950 scere?
2385 1896 2547 1951 Pater
2579 1911 2752 1961 meus,
2794 1898 3246 1966 inquitDominus
3272 1896 3429 1953 lesus
3459 1897 3730 1963 Christus,

460 1994 1155 2064 seum,diversitatemque
1187 1994 1492 2048 animarum
1529 1992 1739 2046 ratione
1792 1989 2045 2061 prtedita-
2151 2001 2319 2055 sque
2369 1987 2528 2042 modo
2577 1999 2857 2058 operatur,
2906 2001 2961 2044 et
2993 2004 3098 2060 ego
3141 2006 3336 2061 operor
3381 1992 3470 2039 τις
3523 2001 3580 2046 et
3634 1992 3730 2046 tibi

459 2099 580 2138 rum
607 2099 675 2138 ex
735 2083 949 2139 arbitrii
1006 2084 1258 2140 libertate
1288 2083 1562 2154 proﬁcisci
1609 2083 1792 2150 docet,
1820 2096 1886 2138 ett
1939 2095 2044 2150 qua
2149 2078 2398 2148 displicet
2417 2082 2655 2151 operari,
2687 2082 2778 2151 qui
2807 2083 2872 2135 ad
2923 2097 3088 2152 opera
3123 2095 3281 2139 natus
3333 2084 3436 2139 es?
3488 2084 3604 2140 Non
3649 2083 3730 2138 vis

460 2177 772 2232 diversitate
801 2178 998 2231 eximia
1024 2177 1115 2231 illa
1147 2178 1313 2232 totius
1346 2176 1538 2231 mundi
1578 2175 1934 2232 consonantia
1965 2174 2046 2228 di-
2148 2185 2287 2240 opus
2325 2179 2479 2228 tuum
2513 2172 2634 2228 fieri
2658 2172 2926 2242 justitiam
2947 2213 2964 2238 ,
2995 2173 3340 2244 sapientiam,
3369 2176 3676 2230 castitatem
3705 2177 3730 2229 'l

462 2268 635 2322 versis
664 2279 919 2329 constans
953 2269 1199 2338 partibus
1225 2278 1416 2325 exorta
1449 2269 1542 2324 sit.
1599 2265 1736 2322 llinc
1765 2266 2046 2335 iniustitiae
2155 2262 2272 2317 Non
2312 2263 2398 2319 ris
2420 2278 2560 2333 opus
2592 2274 2741 2318 tuum
2774 2278 2896 2320 esse
2923 2264 3322 2332 fortitudinem,
3356 2267 3598 2335 aliasque
3627 2267 3734 2322 vir-

461 2366 587 2410 nota
623 2357 906 2412 absolvere
950 2357 1116 2412 Deum
1158 2367 1334 2428 putat,
1360 2357 1638 2413 inhaesura
1664 2355 1906 2426 alioquin
1946 2356 2042 2421 illi,
2151 2353 2332 2410 uites?
2369 2373 2389 2406 ι
2427 2353 2709 2410 Manifesta
2743 2367 2960 2424 quoque
3001 2353 3092 2408 illa
3119 2365 3250 2408 sunt
3277 2353 3369 2408 lib.
3401 2371 3413 2408 I
3442 2355 3581 2423 Περὶ
3625 2354 3732 2424 ἀρ-

459 2447 642 2502 sinon
681 2463 778 2518 pro
827 2450 1042 2503 nteritis
1081 2463 1557 2518 unumquemque,
1587 2447 1682 2503 sed
1739 2463 1837 2517 pro
1888 2448 2043 2502 libitu
2148 2444 2294 2515 χῶν,
2323 2460 2442 2516 cap.
2473 2445 2529 2513 5,
2562 2461 2714 2502 num.
2739 2445 2799 2512 5,
2826 2461 2950 2516 pag.
2973 2445 3042 2502 68
3077 2462 3092 2499 :
3142 2464 3163 2499 ι
3223 2446 3326 2502 Per
3373 2447 3478 2501 hoc
3535 2461 3729 2501 conse-

460 2551 560 2591 δυο
583 2549 812 2593 exornet
839 2555 852 2601 ;
880 2554 1002 2608 qua:
1025 2540 1316 2594 confirmat
1345 2540 1540 2595 deinde
1576 2539 1833 2609 exemplo
1856 2537 2041 2594 Jacobi
2147 2553 2318 2607 quens
2333 2548 2420 2594 est
2442 2538 2496 2592 in
2525 2540 2682 2594 nobis
2701 2553 2846 2602 esse,
2882 2548 3047 2608 atque
3069 2539 3122 2593 in
3159 2538 3362 2595 nostris
3387 2539 3644 2600 motibus,
3669 2548 3732 2592 ut

457 2638 514 2682 et
538 2626 705 2692 Esau,
744 2628 958 2698 aliaque
987 2629 1040 2684 in
1069 2645 1192 2685 eam
1225 2629 1551 2686 sententiam
1589 2630 1812 2700 colligit.
2146 2629 2234 2684 vel
2261 2631 2405 2686 beati
2431 2640 2488 2686 et
2518 2631 2694 2686 sancti
2731 2632 2925 2695 simus,
2953 2631 3036 2686 vel
3060 2646 3160 2702 per
3198 2631 3461 2688 desidiam
3506 2645 3572 2686 ac
3629 2644 3728 2687 ne-

525 2719 829 2774 Adversum
886 2723 1000 2776 lucc
1069 2736 1282 2792 aspere,
1307 2737 1414 2792 pro
1438 2736 1508 2777 eo
1559 2737 1623 2777 ac
1681 2722 1890 2787 debuit,
1922 2735 2044 2777 sese
2145 2720 2462 2790 gligeutiam
2493 2737 2523 2775 ει
2548 2721 2885 2776 beatitudine
2917 2722 2968 2776 in
2995 2723 3256 2776 malitiam
3280 2730 3336 2777 et
3371 2721 3730 2792 perditionem

461 2812 756 2866 commovit
780 2811 1076 2870 lansenius
1108 2824 1239 2870 tom.
1275 2812 1317 2881 Ι,
1365 2814 1454 2869 lib.
1481 2830 1556 2880 vi,
1586 2829 1706 2885 cap.
1735 2814 1824 2876 15,
1875 2823 1932 2868 et
1985 2822 2045 2868 ut
2147 2826 2462 2882 vergamus;
2497 2830 2517 2864 ι
2568 2819 2733 2880 atque
2773 2811 2956 2867 itidem
3014 2813 3118 2867 ista
3159 2811 3346 2867 bomil.
3379 2812 3451 2867 55
3484 2812 3538 2865 in
3570 2811 3728 2877 Lua,

465 2901 661 2957 divinat
691 2904 881 2973 gratiae
905 2906 1121 2974 penitus
1159 2905 1428 2963 contraria
1456 2907 1651 2960 merito
1701 2905 1908 2974 reiecit.
1939 2905 2045 2960 Re-
2146 2920 2266 2976 pag.
2297 2903 2403 2960 974
2440 2919 2455 2953 τ
2513 2925 2532 2957 ι
2563 2905 2638 2960 Da
2669 2919 2804 2975 ergo
2833 2919 3053 2975 operam
3082 2915 3140 2959 ut
3165 2905 3411 2960 libereris
3434 2920 3464 2960 a
3485 2905 3730 2973 principe

452 2993 583 3064 iecit
601 3005 661 3050 et
689 2998 862 3052 multo
893 3008 1019 3052 ante
1048 2999 1108 3054 S.
1141 2999 1379 3054 Thomas
1403 2999 1494 3053 lib.
1537 3015 1576 3053 ιι
1610 2998 1809 3054 Contra
1833 2998 2038 3068 gentil.,

458 3101 578 3157 cap.
606 3088 698 3144 Η.
734 3088 1052 3160 Pamphilus
1078 3099 1258 3146 tamen
1287 3092 1340 3146 in
1384 3091 1643 3162 Apologia
1671 3107 1768 3160 pro
1793 3091 2041 3158 Origene,

2144 2997 2212 3050 ad
2249 3010 2408 3065 quem
2431 3008 2485 3050 te
2510 2995 2682 3050 trahit
2727 2994 3088 3052 adversarius.
3138 2994 3212 3049 Da
3257 3008 3480 3064 operam
3513 3003 3570 3047 ut
3617 2993 3728 3048 ba-

2143 3093 2274 3150 beas
2336 3092 2658 3164 sapientiam
2686 3131 2702 3158 ,
2767 3091 3034 3162 justitiam
3070 3131 3086 3156 ,
3143 3090 3514 3146 fortitudinem
3568 3099 3730 3160 atque

457 3175 511 3230 in
533 3179 725 3234 eadem
751 3177 870 3236 fere
889 3195 1059 3237 causa
1089 3191 1168 3238 est
1195 3198 1300 3252 qua
1336 3182 1617 3253 Origenes,
1651 3182 1696 3237 si
1729 3196 1828 3236 nos
1860 3180 2040 3235 Rulini
2068 3219 2112 3278 ο
2147 3188 2601 3257 temperantiam:
2632 3193 2688 3241 et
2727 3196 2856 3242 tunc
2888 3185 3253 3255 complebitur
3286 3203 3299 3237 :
3340 3183 3482 3239 Ecce
3543 3184 3728 3248 homo,

459 3270 939 3341 interpretamcnta
987 3289 1096 3328 non
1142 3275 1371 3339 fallunt;
1407 3289 1530 3328 nam
1568 3283 1627 3328 ut
1658 3273 2042 3344 Origenianam

455 3360 709 3418 defendat
741 3366 1047 3420 animarum
1078 3365 1447 3442 προΰπαρξιν,
1480 3366 1717 3437 reliquas
1746 3367 1826 3422 de
1849 3367 2044 3425 anima:

449 3455 670 3524 origine
708 3459 996 3526 opiniones
1024 3459 1381 3514 absurditatis
1439 3457 1784 3524 insimulans,
1816 3465 1872 3514 et
1923 3473 2043 3513 eam

455 3560 671 3616 quoque
712 3549 1118 3619 carpit,un
1179 3565 1324 3605 nunc
1389 3549 1632 3603 Ecclesia
1697 3561 2040 3620 propugnat,

459 3653 686 3708 qumque
715 3639 965 3695 formatis
987 3641 1042 3694 in
1068 3651 1222 3695 utero
1253 3643 1580 3711 corporibus
1607 3642 1821 3695 animas
1853 3656 2044 3696 recens

453 3740 667 3787 creatas
693 3731 857 3788 inseri
913 3733 1156 3788 decernit
1199 3751 1214 3790 :
1250 3733 1306 3788 id
1355 3734 1397 3790 si
1449 3734 1542 3801 sit,
1593 3733 1854 3800 iniustum
1917 3733 2036 3789 fore

458 3820 627 3876 Deum
675 3823 756 3878 ait
817 3823 1154 3893 Pamphilus,
1197 3823 1293 3893 qui
1341 3825 1536 3880 nullius
1583 3825 1757 3892 culpa:
1799 3825 2044 3880 insontes

457 3911 668 3968 animas
697 3913 783 3970 vel
801 3913 968 3971 caecis
995 3914 1080 3968 vel
1109 3913 1378 3970 debilibus
1406 3917 1730 3986 corporibus
1767 3915 2041 3981 infundat,

460 4004 546 4060 vel
583 4008 722 4074 apud
751 4007 1018 4063 barbaras
1046 4015 1236 4076 gentes
1264 4007 1432 4062 vitam
1459 4008 1662 4064 ducere
1705 4009 1912 4080 iubeat.
1953 4009 2044 4064 Vi-

458 4095 556 4152 des
603 4095 992 4154 labefactatum
1035 4114 1102 4156 ac
1161 4109 1500 4171 peremptum
1562 4101 1752 4172 gratiae
1805 4101 2043 4158 ccclesiis

461 4185 747 4244 auxilium.

527 4275 664 4336 Xlll.
690 4279 762 4334 At
781 4295 888 4334 non
921 4294 1023 4351 pro
1045 4280 1110 4338 iis
1143 4280 1430 4351 duntaxat,
1454 4298 1576 4352 qua:
1613 4294 1763 4341 recte
1786 4284 1874 4340 vel
1900 4285 2042 4342 male

452 4378 683 4436 egerunt
741 4371 992 4438 animae,
1058 4373 1375 4444 priusquam
1449 4377 1774 4444 corporibus
1840 4378 2040 4435 nostris

453 4459 826 4527 illaberentur,
879 4464 1095 4520 diversa
1150 4480 1246 4521 eas
1295 4480 1330 4521 a
1381 4465 1492 4522 Deo
1543 4467 1734 4538 gratia:
1777 4471 2038 4540 consequi

2147 3292 2309 3346 opera
2339 3275 2456 3346 eius
2483 3284 2611 3332 ante
2652 3275 2842 3332 faciem
2895 3290 3050 3330 suam
3067 3274 3151 3338 7’;
3184 3292 3203 3326 ι
3271 3283 3324 3328 et
3364 3275 3465 3329 hoc
3513 3285 3730 3342 quoque

2145 3367 2242 3426 lib.
2280 3383 2354 3424 vtt
2406 3369 2463 3422 in
2517 3365 2691 3438 Epist.
2724 3367 2794 3422 ad
2839 3365 3020 3432 Rom,
3074 3380 3226 3420 num.
3264 3363 3354 3430 16,
3422 3379 3546 3434 pag.
3573 3364 3724 3419 6l5:

2151 3479 2170 3514 ι
2209 3461 2278 3517 Ut
2323 3461 2445 3516 boni
2480 3461 2626 3516 enim
2659 3469 2752 3514 aut
2777 3457 2900 3514 mali
2959 3459 3155 3524 simus,
3189 3467 3388 3515 nostra:
3435 3456 3730 3511 voluntatis

2144 3565 2264 3610 est:
2317 3553 2487 3608 malus
2513 3561 2692 3608 autem
2740 3551 2807 3606 ad
2835 3549 3142 3620 cuiusmodi
3185 3549 3438 3613 verbera,
3471 3557 3524 3602 et
3554 3548 3729 3602 bonus

2145 3645 2541 3718 adcujusmodi
2595 3645 2821 3719 gloriare
2885 3643 3232 3708 destinetur,
3284 3641 3582 3698 voluntatis
3642 3647 3730 3697 est

2145 3740 2263 3794 Dei.
2303 3760 2323 3793 ι
2383 3739 2564 3795 Pieriis
2617 3751 2746 3792 vero
2795 3738 2985 3793 buccis
3033 3739 3222 3791 eadem
3262 3735 3362 3790 illa
3401 3734 3728 3800 deblaterat,

2145 3844 2265 3900 cap.
2289 3833 2340 3898 l,
2380 3831 2500 3886 libri
2531 3847 2592 3886 ιιι
2630 3829 2772 3899 Περὶ
2805 3827 3030 3900 ἀρκῶν,
3059 3843 3168 3896 quo
3189 3829 3370 3898 capite
3419 3825 3726 3880 libertatem

2145 3921 2356 3976 arbitrii
2375 3921 2730 3977 asserendam
2756 3928 2814 3975 et
2853 3918 3304 3990 propugnandam
3339 3905 3615 3986 suscepit:
3649 3913 3724 3970 ibi

2144 4015 2341 4082 quippe
2367 3997 2763 4066 'tcntationibus
2790 4011 3048 4079 obsequi,
3071 4009 3155 4064 vel
3193 4009 3495 4074 obsistere,
3529 4009 3581 4062 in
3629 4019 3726 4061 no-

2145 4112 2255 4158 stra
2290 4103 2529 4171 positum
2562 4116 2688 4157 esse
2709 4110 2983 4171 potestate
3019 4101 3175 4167 dicit,
3215 4113 3318 4154 nec
3359 4099 3725 4153 necessariam

2142 4192 2210 4246 ad
2238 4191 2290 4246 id
2313 4190 2502 4262 gratiae
2535 4189 2840 4245 subsidium
2871 4188 3118 4260 agnoscit
3152 4204 3170 4252 ;
3210 4189 3306 4242 sed
3341 4187 3576 4257 quadam
3608 4197 3727 4240 tan-

2145 4295 2256 4342 tum
2321 4282 2665 4344 eruditione,
2725 4297 2848 4350 quae
2919 4281 3160 4336 salubria
3243 4280 3401 4335 nobis
3473 4279 3723 4348 exempla

2141 4386 2196 4431 et
2249 4373 2545 4430 sanctioris
2618 4372 2886 4429 doctrinis
2953 4379 3224 4443 precepts
3304 4385 3404 4440 pro
3481 4378 3726 4439 tempore

2141 4473 2414 4536 suggerat.

454 4553 708 4644 opinatus
757 4564 843 4609 est
897 4555 1186 4628 Origenes,
1230 4558 1328 4613 sed
1391 4569 1555 4627 prout
1605 4561 1771 4616 etiam
1819 4576 1941 4616 sese
1983 4563 2035 4617 in
2071 4587 2114 4644 υ
2215 4554 2354 4610 XIV.
2379 4554 2534 4622 Quod
2577 4556 2622 4610 si
2656 4555 2843 4625 gratiae
2867 4569 2968 4610 nos
3000 4567 3160 4624 egere
3197 4553 3421 4609 auxiliis
3468 4560 3726 4644 agnoscat

456 4643 558 4700 hac
591 4646 697 4699 vita
729 4649 1024 4718 gesserint,
1073 4649 1229 4704 novis
1260 4650 1448 4719 gratia:
1478 4650 1825 4706 incrementis
1853 4668 2038 4708 cumu-

454 4731 559 4789 lari
603 4737 848 4804 censuit;
887 4738 1024 4794 adeo
1081 4747 1139 4793 ut
1177 4738 1440 4808 quidquid
1465 4741 1625 4803 nobis
1648 4743 1834 4812 gratia:
1863 4743 2031 4815 largi-

454 4831 545 4880 tur
600 4826 760 4893 Deus,
789 4829 840 4882 id
883 4828 1056 4884 libero
1109 4840 1314 4883 llOSll'a:
1344 4830 1636 4886 voluntatis
1674 4831 1903 4886 arbitrio
1935 4848 2030 4888 ac-

453 4926 670 4986 ceptum
730 4918 1075 4976 referendum
1127 4922 1221 4985 sit,
1257 4937 1355 4992 per
1413 4921 1557 4992 quod
1613 4922 1812 4979 talibus
1871 4924 2035 4984 donis

452 5007 601 5077 digni
646 5008 827 5066 dicati
874 5026 1099 5076 smnus;
1163 5011 1298 5066 nihil
1348 5022 1530 5068 autem
1565 5013 1666 5069 soli
1701 5022 1756 5068 et
1781 5013 2033 5070 absoluto

519 5145 570 5180 ν’
591 5145 749 5204 loco.
788 5163 840 5216 v,
866 5149 954 5203 l7.
1025 5148 1076 5181 ⁷³
1117 5147 1218 5204 lsa.
1258 5164 1392 5218 uti,
1435 5151 1523 5206 11.

451 5293 523 5346 sit
545 5289 714 5345 etiam
729 5289 1044 5363 perfectus.
1067 5293 1116 5348 si
1140 5292 1196 5346 in
1227 5292 1369 5347 bono
1393 5292 1569 5347 elatus
1597 5291 1778 5358 fuerit,
1805 5294 2030 5363 eiusque

450 5377 674 5434 causam
696 5359 799 5434 sibi
835 5372 1078 5434 arroget,
1113 5378 1213 5434 nec
1238 5364 1488 5434 debitum
1525 5364 1750 5434 gloriam
1783 5359 1845 5419 ei
1886 5359 2027 5420 refe-

455 5444 539 5502 rat
561 5429 651 5498 qui
686 5429 854 5502 multo
879 5429 1004 5502 plus
1028 5436 1094 5486 ad
1119 5431 1253 5486 illud
1283 5429 1669 5502 acquirerilum
1698 5443 1752 5487 et
1793 5435 2029 5489 retinen-

451 5500 580 5556 dum
608 5500 924 5555 contulit.)
963 5501 1110 5556 lianc
1149 5500 1399 5556 him-lanae
1445 5514 1650 5557 natura:
1683 5506 2027 5559 imbecillita-

455 5581 559 5624 tem
586 5571 665 5624 sic
689 5571 960 5642 ittlel'dum
989 5572 1246 5642 praedicat
1267 5573 1556 5641 Origenes,
1595 5585 1650 5627 ut
1709 5577 1914 5631 sentire
1953 5578 2032 5630 ri-

453 5657 548 5696 sus
573 5641 646 5695 sit
692 5640 883 5712 Huetio
909 5640 1199 5712 praeceptis
1251 5640 1452 5698 divinis
1495 5659 1699 5698 morem
1754 5647 1870 5712 geri
1921 5662 2029 5701 non

454 5727 632 5780 posse.
685 5711 816 5777 Quae
866 5711 1084 5782 quidem
1139 5713 1417 5768 acettsatio
1469 5729 1630 5782 quant
1670 5711 1906 5769 absurda
1957 5719 2030 5772 sit

455 5782 770 5853 existimare
797 5783 919 5853 licet
944 5785 1025 5837 vel
1053 5797 1116 5837 ex
1154 5784 1256 5838 huc
1297 5783 1549 5852 Origeuis
1577 5785 1838 5853 praeclare
1886 5789 2032 5841 dicto

456 5867 562 5918 quo
596 5851 818 5911 Iluctius
844 5852 912 5910 ad
934 5869 1054 5911 eam
1089 5851 1419 5910 firmandam
1437 5851 1621 5910 utitur.
1654 5873 1671 5908 t
1699 5854 1810 5914 Nos
1847 5872 2028 5925 vero,»

2144 4649 2462 4718 aliquando,
2487 4646 2717 4716 gratiam
2746 4644 2924 4700 solum
2957 4644 3255 4700 voluntatis
3293 4652 3492 4700 nostra:
3517 4643 3727 4713 pedise-

2143 4754 2328 4812 quam,
2360 4739 2428 4794 ad
2453 4739 2677 4809 eiusque
2709 4748 2917 4792 mutum
2943 4737 3326 4806 compositam,
3352 4745 3404 4790 et
3429 4751 3527 4806 pro
3558 4735 3726 4791 meri-

2145 4834 2214 4888 tis
2237 4848 2266 4886 a
2299 4831 2411 4887 Deo
2463 4832 2520 4886 in
2569 4832 2822 4886 homines
2872 4840 3150 4900 erogatam
3179 4849 3194 4899 ;
3226 4845 3331 4884 non
3371 4830 3722 4895 excitantem,

2143 4941 2248 4980 non
2284 4926 2454 4996 gratis
2481 4925 2668 4979 datam
2700 4925 2960 4980 admittit.
2994 4923 3147 4978 Velut
3187 4925 3239 4977 in
3270 4939 3390 4994 cap.
3413 4925 3466 4987 9,
3493 4919 3724 4982 num.2,

2142 5016 2236 5070 Ιώ.
2276 5033 2314 5072 ιι
2355 5015 2498 5084 Περὶ
2559 5013 2783 5083 ἀρχῶν,
2813 5016 2888 5069 ait
2948 5032 2969 5066 ι
3017 5015 3350 5071 voluntarios
3401 5026 3458 5071 et
3520 5013 3723 5068 liberos

2135 5293 2422 5363 inquitlib.
2453 5308 2488 5346 ll
2519 5293 2577 5344 in
2625 5291 2798 5360 Epist.
2833 5294 2901 5347 ad
2927 5291 3105 5357 Rom,
3137 5307 3286 5350 num.
3313 5293 3368 5355 6,
3403 5311 3426 5344 ι
3461 5291 3556 5362 qui
3603 5291 3722 5363 haec

2134 5362 2314 5421 ouinia
2339 5363 2657 5432 spiritaliter
2674 5363 3034 5433 intelligenda
3056 5379 3179 5418 esse
3209 5365 3494 5427 sentimus,
3518 5362 3722 5419 idcirco

2137 5451 2241 5490 non
2270 5434 2568 5495 auditores,
2593 5432 2686 5487 sed
2720 5432 2956 5489 factores
2991 5433 3130 5503 legis
3159 5433 3537 5501 justilicandos
3594 5449 3716 5486 cre-

2134 5507 2330 5564 dimus.
2375 5519 2479 5558 non
2542 5503 2674 5574 legis
2713 5505 3008 5558 secundum
3058 5506 3315 5571 litteram,
3371 5518 3492 5574 quae
3533 5504 3720 5571 utique

2134 5592 2233 5646 pro
2257 5576 2338 5628 sui
2372 5573 2810 5646 impossibilitate
2843 5589 2948 5628 non
2977 5585 3156 5643 potest
3196 5573 3401 5630 habere
3423 5574 3714 5646 faetorem,

2135 5645 2228 5700 Sed
2259 5647 2551 5699 secundum
2588 5645 2860 5715 spiritum,
2904 5661 3001 5713 per
3027 5661 3189 5715 quem
3238 5646 3412 5700 solum
3473 5645 3557 5698 lex
3613 5645 3717 5696 im-

2137 5716 2271 5784 pleri
2307 5716 2525 5784 poterit.
2562 5734 2581 5766 »
2622 5713 2751 5770 Vide
2795 5731 2958 5784 supra
3011 5713 3168 5787 huius
3199 5728 3402 5774 DOSll'iB
3458 5715 3718 5772 observa-

2142 5788 2303 5842 tionis
2346 5801 2631 5841 numerum
2663 5797 2931 5857 quartum.
