4160 6442
442 357 545 418 θιιῖ

1724 365 1781 422 Ρ.
1822 365 2137 423 DANIELIS
2169 367 2407 424 HUETII

3605 360 3710 422 948

447 488 629 534 motus
654 492 682 530 a
715 491 772 531 se
799 477 1034 531 conditis
1061 479 1334 533 mentibus
1359 478 1678 535 Creatorem
1712 481 2020 544 indulsisse.
2055 490 2100 546 Α
2130 483 2182 537 in
2223 485 2688 540 consummatione
2748 491 3017 537 servatam
3055 499 3069 535 :
3127 499 3146 532 σ
3189 481 3434 549 Scilicet,
3479 500 3501 534 ι
3537 482 3712 551 inquit

446 587 558 638 quo
586 569 800 623 scilicet
829 569 1030 623 bonum
1075 569 1130 623 in
1157 569 1237 624 eis
1273 572 1552 640 proprium
1597 572 1775 635 fieret,
1804 589 1925 627 cum
1972 575 2026 629 id

447 661 723 714 voluntate
780 661 992 728 propria
1034 671 1382 727 servaretur;
1437 679 1454 712 ι
1515 671 1571 717 et
1623 665 1803 731 capite
1849 665 2027 733 priore

448 757 540 810 lib.
578 773 638 811 ιη
684 755 968 811 Paulinum
1033 755 1161 808 illud
1217 771 1496 826 exponens
1554 776 1567 811 :
1622 777 1641 809 ι
1686 759 1826 828 Ergo
1877 759 2027 829 cujus

450 848 896 912 vultmiseretur,
931 857 987 902 et
1020 864 1179 916 quem
1217 849 1329 902 vult
1381 850 1594 903 indurat
1617 851 1690 914 ",
1730 869 1748 900 ι
1804 851 2028 906 minime

449 939 500 991 id
530 940 748 1007 quidem
797 941 906 994 Deo
941 941 1278 1008 pr0positum
1332 956 1451 995 esse
1501 944 1683 998 docet.
1744 952 1802 993 ut
1839 957 2026 1010 quem-

446 1047 608 1093 quam
645 1031 882 1096 induret,
913 1033 1007 1086 sed
1037 1047 1136 1101 per
1165 1031 1368 1086 bonum
1405 1034 1740 1100 pr0positum
1773 1033 2028 1088 indurare

445 1137 568 1174 eum
599 1122 704 1175 dici
749 1123 842 1191 qui
875 1122 1186 1182 induratur,
1215 1123 1340 1191 quia
1373 1137 1440 1176 ex
1477 1125 1578 1178 hoc
1611 1125 1780 1192 ipsius
1832 1141 2028 1195 propo-

447 1215 552 1267 sito
579 1215 846 1281 sequitur,
874 1226 928 1266 ut
955 1230 1050 1283 per
1077 1215 1427 1268 inltzereutem
1482 1216 1582 1268 sibi
1623 1217 1883 1268 malitiam
1937 1216 2028 1272 ille

449 1305 735 1359 iuduretur
771 1323 784 1358 :
823 1321 943 1372 qua:
991 1305 1068 1358 sic
1125 1320 1223 1372 pro
1270 1320 1365 1358 sua
1414 1307 1804 1360 consuetudine
1838 1306 2029 1359 dilata-

446 1397 527 1449 vit
551 1394 778 1449 Rufinus
807 1411 954 1449 num.
987 1395 1092 1448 l0:
1135 1415 1152 1445 ι
1188 1395 1304 1450 Uno
1343 1398 1642 1465 eodemque
1669 1412 1834 1465 opere
1887 1398 2030 1452 Deus

449 1487 677 1542 alterius
715 1489 934 1557 quidem
967 1489 1283 1552 miseretur,
1307 1497 1364 1543 et
1407 1490 1572 1543 alium
1627 1491 1866 1554 indurat,
1919 1504 2026 1544 non

448 1593 620 1648 agens
656 1594 832 1647 neque
863 1579 1053 1633 volens
1086 1587 1145 1632 ut
1196 1578 1484 1633 iuduretur
1516 1579 1604 1634 ille
1663 1580 1754 1649 qui
1807 1580 2031 1634 indura-

451 1683 542 1724 tur
575 1688 586 1722 :
631 1673 722 1725 sed
746 1672 873 1725 dum
913 1672 1000 1725 ille
1031 1671 1362 1740 benignitate
1401 1687 1498 1726 sua
1540 1680 1595 1727 et
1625 1672 1884 1741 patientia
1925 1671 2030 1725 uti-

450 1774 558 1828 tur,
588 1764 671 1817 his
695 1764 912 1832 quidem
949 1763 1041 1830 qui
1072 1763 1190 1830 ejus
1216 1763 1606 1832 benignitatem
1635 1771 1690 1817 et
1712 1763 2026 1832 patientiam

2131 591 2282 630 num.
2330 575 2382 641 l,
2418 590 2540 644 pag.
2572 574 2696 636 152,
2751 593 2770 626 ι
2813 585 2874 627 ut
2926 575 3042 644 ipse
3071 574 3171 630 sibi
3199 589 3320 628 eam
3367 575 3708 642 proprizeiu-

2128 667 2352 721 dustria:
2385 667 2578 721 studiis
2606 683 2672 721 ex
2706 665 2801 720 Dei
2827 665 3133 720 imitatione
3159 665 3553 728 conscisceret,
3583 680 3708 720 cum

2126 757 2485 827 possibilitate
2525 758 2627 811 sibi
2685 756 3042 825 perfectionis
3108 755 3162 810 in
3228 754 3401 810 initiis
3437 755 3564 810 data
3615 770 3712 824 per

2129 851 2379 920 imaginis
2404 850 2742 920 dignitatem,
2783 849 2837 902 in
2890 849 2999 904 fine
3054 848 3270 904 demum
3301 855 3434 920 tper
3485 862 3709 918 operum

2129 937 2495 1005 expletiouem
2529 935 2826 1012 perfectam
2856 935 2962 990 sibi
2990 935 3108 1004 ipse
3131 936 3545 991 similitudinem
3581 951 3712 990 cou-

2129 1038 2447 1083 summaret.
2487 1046 2507 1078 ι
2571 1027 2734 1082 Addit
2772 1029 3008 1094 deinde,
3080 1047 3099 1078 ι
3147 1029 3555 1083 similitudinem
3614 1027 3711 1082 Dei

2129 1117 2475 1184 sperandam,
2513 1131 2633 1183 quae
2678 1131 2782 1185 pro
2836 1117 3158 1171 meritorum
3187 1117 3526 1187 perfectione
3576 1131 3713 1186 pra-

2129 1208 2381 1261 stabitur.
2420 1225 2438 1258 t
2471 1205 2582 1261 Nec
2623 1209 2721 1261 ista
2750 1207 3136 1270 tolerabiliora,
3164 1223 3286 1277 qua:
3336 1208 3564 1277 legimus
3616 1209 3715 1263 ho-

2130 1300 2242 1351 tuil.
2276 1300 2336 1353 11
2375 1300 2434 1351 in
2471 1296 2638 1352 Num.
2682 1315 2832 1353 num.
2865 1301 2920 1364 4,
2952 1316 3074 1368 pag.
3110 1299 3215 1354 308
3251 1319 3266 1353 :
3307 1319 3326 1352 ‹
3358 1299 3712 1356 Omniaenim

2130 1391 2270 1460 apud
2288 1391 2456 1445 Deum
2488 1392 2700 1446 ratione
2729 1392 3004 1460 etjudicio
3029 1393 3199 1458 littnt;
3232 1406 3330 1448 nec
3361 1393 3428 1446 ad
3456 1393 3711 1462 gratiam,

2130 1481 2224 1536 sed
2255 1497 2352 1551 pro
2387 1485 2605 1548 merito,
2632 1502 2650 1535 ι
2683 1494 2812 1548 etc.,
2841 1484 3056 1552 peuitus
3092 1498 3286 1553 nempe
3329 1484 3516 1554 gratia:
3551 1484 3715 1538 bene-

2131 1572 2312 1626 ﬁcium
2369 1573 2484 1628 haec
2541 1575 2846 1642 perimunt;
2907 1575 3360 1642 quemadmodum
3427 1584 3484 1629 et
3539 1575 3628 1628 illa
3683 1593 3715 1628 e

2132 1673 2266 1718 tom.
2299 1680 2329 1718 ι
2366 1666 2422 1718 in
2445 1665 2666 1727 Matth”
2703 1681 2852 1719 num.
2881 1665 2968 1731 ll,
3009 1682 3131 1736 pag.
3158 1667 3265 1722 454
3308 1685 3320 1720 :
3362 1665 3631 1720 Ἐνταῦθα
3657 1666 3716 1720 δὲ

2132 1758 2295 1827 ἡμεῖς
2327 1759 2492 1828 ἐσμεν
2523 1759 2574 1810 οἱ
2626 1760 2789 1812 αἴτιοι
2824 1758 2920 1810 τοῦ
2971 1756 3106 1812 εἶναι
3135 1758 3276 1813 καλὰ
3315 1759 3409 1813 καὶ
3455 1759 3580 1823 ἄξια
3606 1759 3714 1812 τῶν

451 1857 517 1906 ad
549 1863 917 1922 contemptum
946 1865 1108 1922 atque
1148 1855 1494 1909 insolentiam
1531 1855 1758 1917 ducunt,
1807 1854 2028 1908 indura-

2137 1847 2436 1918 λεγομένων
2470 1848 2640 1917 ἁγίων
2668 1850 2821 1920 γένη,
2863 1849 2896 1920 ἢ
2949 1848 3134 1919 σαπρὰ
3190 1850 3285 1903 καὶ
3326 1849 3452 1916 ἄξια
3483 1849 3578 1903 τοῦ
3611 1850 3717 1916 ἔξω

452 1957 540 1998 ιιιι·
567 1961 679 2006 cor,
715 1947 841 1998 dum
871 1946 1158 1998 criminum
1184 1959 1344 2014 penna
1373 1945 1623 2000 differtur
1655 1964 1670 1999 :
1701 1947 1752 1999 bi
1783 1960 1916 1999 vero
1938 1947 2030 2015 qui

449 2037 842 2101 huuignitatem
903 2047 956 2091 et
1011 2039 1324 2105 patieutiam
1375 2039 1493 2106 ejus
1548 2039 1616 2092 ad
1687 2039 2030 2093 occasionem

451 2131 791 2198 pmnitenlim
810 2147 919 2184 sua:
948 2141 996 2182 et
1032 2130 1435 2184 emendationis
1483 2131 1781 2200 accipiunt,
1819 2132 2033 2185 miseri-

452 2223 1148 2290 cordiamconsequuntur.
1183 2240 1201 2272 ι
1251 2221 1482 2277 Gemino
1522 2223 1715 2276 deinde
1777 2223 2032 2292 exemplo

452 2312 782 2367 luculentius
807 2315 855 2366 id
897 2315 1269 2378 demonstrat;
1312 2314 1496 2382 priore
1527 2315 1743 2382 quidem
1770 2317 1938 2384 petito
1965 2331 2029 2368 ex

453 2405 618 2458 Hebr.
659 2421 736 2468 vt,
767 2404 820 2469 7,
851 2403 904 2467 8,
941 2406 1017 2457 ait
1052 2405 1198 2459 enim
1231 2405 1470 2459 divinam
1526 2405 1758 2475 gratiam
1799 2407 2029 2462 similem

451 2511 570 2550 esse
613 2497 772 2550 imbri
816 2508 990 2551 terras
1054 2497 1325 2567 irrigauti,
1377 2513 1607 2567 quarum
1675 2499 1794 2554 aliae
1848 2500 2034 2570 spinas

451 2588 584 2642 dant
627 2597 682 2640 et
715 2588 985 2653 tribulos;
1019 2598 1256 2658 segetem
1298 2588 1404 2643 illa:
1445 2598 1501 2642 et
1558 2588 1771 2643 fructus
1819 2589 2019 2654 ferunt;

453 2694 552 2745 pro
607 2679 756 2732 varia
801 2679 1010 2733 scilicet
1062 2679 1297 2743 cultura,
1335 2683 1584 2748 quamvis
1635 2681 1877 2749 ejusdem
1923 2684 2034 2735 sint

455 2778 684 2822 naturae.
717 2767 915 2823 Terras
953 2771 1157 2839 itaque,
1196 2771 1302 2825 hoc
1326 2782 1410 2826 est
1438 2775 1675 2836 animas,
1718 2774 1787 2829 ad
1837 2774 2032 2829 volun-

455 2861 583 2914 tatis
610 2861 895 2916 arbitrium
927 2862 1100 2916 excoli
1137 2873 1192 2916 et
1219 2864 1395 2932 parari
1431 2875 1620 2933 putat;
1646 2866 1871 2921 imbrem
1899 2881 2034 2922 vero

452 2954 798 3021 postmodum
837 2970 866 3007 a
919 2955 1029 3010 Deo
1077 2955 1308 3010 infundi.
1368 2956 1512 3012 Idem
1567 2959 2032 3030 probatexemplo

453 3042 605 3106 solis,
634 3045 727 3114 qui
765 3062 867 3100 uua
896 3047 1196 3116 eademque
1241 3049 1360 3101 luce
1385 3056 1442 3101 et
1471 3049 1654 3104 calore
1706 3050 1891 3104 limum
1947 3051 2036 3103 in-

453 3139 635 3198 durat,
661 3147 719 3190 et
740 3153 922 3192 ceram
957 3138 1234 3208 liquefacit
1261 3159 1274 3193 :
1311 3159 1330 3190 ι
1357 3157 1462 3196 non
1485 3143 1630 3210 quod
1665 3142 1835 3197 virtus
1858 3141 2026 3208 ejus,»

451 3229 604 3280 addit
659 3227 887 3284 Rufinus
931 3247 1081 3284 num.
1135 3233 1223 3294 Η,
1269 3251 1287 3282 ι
1325 3233 1481 3286 aliter
1521 3233 1572 3286 iu
1609 3233 1760 3298 limo,
1793 3244 1848 3288 et
1872 3233 2032 3288 aliter

455 3334 716 3391 operetur
745 3325 798 3377 in
829 3339 989 3388 cera;
1017 3325 1111 3379 sed
1166 3326 1309 3394 quod
1370 3325 1483 3379 limi
1519 3326 1651 3388 alia,
1683 3325 1785 3380 alia
1817 3340 2034 3396 quoque

453 3429 596 3469 certe
639 3415 712 3469 sit
757 3417 1015 3482 qualitas,
1045 3431 1168 3470 cum
1219 3417 1408 3486 utique
1451 3418 1749 3472 secundum
1778 3427 2030 3471 naturam

455 3523 627 3560 unum
671 3509 765 3573 sit,
803 3509 929 3576 quia
991 3519 1282 3577 utrumque
1312 3509 1380 3563 de
1431 3520 1576 3563 terra
1602 3520 1706 3564 est.
1745 3530 1766 3562 ι
1798 3511 2034 3580 Exponit

455 3599 652 3652 deinde
676 3599 949 3666 quomodo
975 3598 1188 3652 auferat
1211 3615 1242 3653 a
1269 3600 1424 3654 nobis
1453 3599 1597 3655 Deus
1624 3616 1717 3655 cor
1739 3601 2032 3670 lapideum,

455 3700 509 3742 et
540 3690 800 3745 immittat
827 3705 1088 3744 carneum
1118 3710 1131 3745 :
1165 3705 1358 3760 nempe
1383 3691 1701 3746 subversum
1733 3694 1799 3746 iri
1848 3699 2027 3747 censet

454 3781 760 3836 libertatem
803 3782 1035 3847 arbitrii,
1069 3783 1112 3836 si
1168 3784 1424 3852 potestati
1466 3784 1666 3838 divina:
1714 3785 1896 3840 cordis
1919 3800 2034 3838 mu-

454 3874 720 3927 tationem
743 3873 1082 3928 tribuamus:
1125 3884 1235 3929 tum
1266 3877 1553 3931 sententiae
1587 3891 1698 3930 suae
1734 3876 2035 3946 explanano

461 3966 544 4017 da:
575 3980 762 4027 causa,
790 3964 1071 4020 indoctum
1108 3966 1346 4034 aliquem
1402 3967 1568 4020 sumit
1616 3967 1670 4020 in
1701 3967 2032 4038 exemplum,

452 4056 544 4125 qui
583 4058 663 4110 vel
713 4055 944 4110 aliorum
974 4056 1468 4120 adhortationibus,
1490 4058 1574 4111 vel
1610 4057 1829 4113 aliunde
1864 4059 2033 4127 impe-

454 4150 637 4202 ritiam
663 4165 816 4203 suam
857 4149 1184 4220 intelligens,
1215 4152 1499 4206 erudiendi
1536 4167 1698 4206 causa
1728 4153 1938 4207 accedit
1970 4153 2034 4205 ad

458 4243 779 4308 doctorem;
827 4245 1016 4298 doctor
1035 4259 1192 4308 vero,
1249 4244 1532 4299 voluntate
1577 4243 1693 4312 ejus
1725 4255 2035 4313 perspecta,

455 4332 718 4385 doctrina:
773 4346 883 4386 suae
911 4343 1184 4400 praacepta
1213 4333 1538 4388 traditurum
1577 4349 1636 4388 se
1662 4333 1986 4403 polliceatur
2019 4353 2032 4388 :

454 4421 664 4489 Οὕτως,
702 4424 880 4492 inquit
909 4440 1058 4480 num.
1105 4424 1196 4490 15,
1228 4441 1352 4496 pag.
1412 4425 1541 4492 124,
1604 4427 1632 4478 ό
1688 4425 1829 4489 θεῖος
1882 4425 2039 4495 λόγος

2132 1937 2430 2007 βληθῆναιο
2468 1939 2528 1990 οὐ
2588 1938 2696 2010 γὰρ
2735 1939 2894 2008 φύσις
2941 1942 3154 2010 ὲνήμῖν
3191 1940 3340 1993 αἰτία
3386 1942 3488 2011 τῆς
3544 1959 3713 2011 πονη-

2135 2030 2273 2098 ρίας,
2303 2028 2440 2082 ἀλλὰ
2468 2031 2806 2100 προαίρεσις,
2840 2030 3086 2094 ἑκούσιος
3112 2027 3246 2084 οὖσα
3294 2036 3710 2106 κακοποιητική.

2131 2120 2316 2183 Οὕτως
2359 2121 2414 2173 δὲ
2446 2121 2567 2174 οὐδὲ
2609 2121 2771 2190 φύσις
2816 2123 2964 2175 αίτία
3008 2122 3384 2195 δικαιοσύνης,
3417 2124 3494 2188 ὼς
3522 2126 3715 2178 ἀνεπί-

2129 2214 2313 2277 δεκτος
2345 2214 2580 2278 ἀδικίας,
2609 2215 2742 2268 ἀλλὰ
2770 2214 2924 2284 λόγος
2953 2215 3012 2269 ὃν
3064 2216 3499 2288 παρεδεξάμεθα,
3539 2220 3568 2273 ὀ
3618 2236 3718 2272 xa-

2129 2307 2477 2372 τασκευάζων
2504 2308 2743 2372 δικαίους
2767 2325 2780 2337 ·
2817 2318 2872 2362 et
2905 2310 3002 2361 ista
3030 2318 3085 2361 et
3111 2317 3256 2364 tomo
3283 2325 3380 2371 xu,
3419 2324 3566 2364 num.
3602 2310 3701 2373 40,

2131 2417 2254 2468 pag.
2287 2399 2412 2458 561.
2462 2401 2554 2470 Μὴ
2587 2399 2836 2461 συνόντος
2893 2398 2972 2469 τῷ
3029 2399 3349 2470 ἀρνουμένῳ
3398 2400 3718 2469 Πνεύματος

2131 2491 2328 2562 ἐχθροῦ
2376 2490 2456 2561 τῷ
2487 2490 2748 2560 διδομένῳ
2799 2490 3075 2560 Πνεύματι
3111 2492 3206 2544 καὶ
3249 2492 3412 2562 σοφία
3435 2496 3548 2554 τοῖς
3580 2491 3715 2562 πρὸς

2129 2585 2190 2636 τὸ
2217 2583 2498 2654 ὁμολογεῖν
2531 2583 2671 2636 κατά
2695 2600 2818 2637 τινα
2847 2581 3002 2647 ἀξίαν
3033 2583 3212 2636 αὐτῶν
3261 2583 3367 2636 ὑπὸ
3393 2584 3529 2638 Θεοῦ
3592 2584 3718 2656 βοη-

2133 2678 2448 2748 θουμένοις⁸
2485 2686 2540 2730 et
2590 2677 2704 2730 hare
2740 2690 2958 2744 quoque
3002 2690 3033 2728 e
3096 2686 3227 2729 tum.
3269 2692 3392 2743 xw,
3448 2692 3596 2729 num.
3657 2676 3711 2739 5,

2133 2788 2254 2842 pag.
2285 2771 2413 2832 H7,
2444 2771 2499 2822 Ὁ
2528 2769 2583 2822 δὲ
2605 2769 2795 2840 Σωτὴρ
2832 2768 3121 2839 διελέγχων
3147 2769 3242 2821 καὶ
3256 2768 3354 2839 τὴν
3379 2767 3715 2839 τηλικαύκτφο

2137 2863 2514 2935 μεγαλόφωνον
2544 2863 2754 2933 μητέρα
2784 2861 2877 2916 τοῦ
2927 2860 3184 2914 Ἰακώϐου
3223 2860 3316 2913 καὶ
3359 2859 3717 2922 Ἰωάννου,ὼς

2133 2955 2431 3025 ὰγνοοῦσαν
2464 2955 2607 3016 τίνες
2631 2956 2679 3006 οἱ
2710 2954 3091 3026 ὑπερέχοντες,
3117 2955 3211 3008 καὶ
3241 2955 3323 3007 ὅτι
3351 2956 3384 3024 ἡ
3416 2953 3719 3024 τηλικαύτη

2133 3050 2310 3121 δωρεὰ
2333 3049 2495 3120 χάρις
2511 3049 2628 3102 ἐστὶ
2648 3048 2744 3101 τοῦ
2775 3048 2868 3100 ἐπὶ
2899 3049 3034 3100 πᾶσι
3069 3045 3206 3100 Θεοῦ
3225 3045 3592 3116 συμπνέοντος
3622 3047 3718 3098 καὶ

2139 3141 2524 3212 συνεργοῦντος
2552 3181 2566 3206 ,
2601 3142 2694 3194 καὶ
2730 3139 3000 3211 ἱδρύοντος
3023 3141 3081 3191 ἐν
3127 3141 3194 3210 τῇ
3227 3138 3450 3212 τοιαύτῃ
3471 3139 3712 3210 ὑπεροχῇ

2134 3231 2228 3296 οὓς
2259 3228 2398 3286 οἶδεν
2455 3233 2815 3302 ἐπιτηδείους,
2851 3243 2982 3294 etc.,
3018 3247 3224 3285 necnon
3249 3241 3303 3285 et
3353 3231 3440 3284 illa
3489 3245 3521 3284 e
3572 3240 3718 3285 touto

2135 3341 2229 3378 xm
2263 3326 2316 3378 in
2342 3323 2532 3388 Joan.,
2563 3341 2712 3377 num.
2749 3327 2799 3386 1,
2838 3325 2990 3394 Τάχα
3016 3325 3124 3395 γὰρ
3154 3324 3330 3394 δόγμα
3357 3323 3410 3376 τί
3436 3326 3571 3385 ἐστι,
3611 3340 3718 3394 μη-

2135 3417 2260 3470 δένα
2292 3416 2588 3487 λαμϐάνειν
2613 3416 2852 3488 δωρεὰν,
2910 3415 3021 3468 τῶν
3057 3415 3130 3487 μὴ
3184 3413 3476 3468 αἰτούντων
3526 3415 3716 3486 αὐτήν.

2138 3509 2420 3562 ilattifcste
2476 3524 2690 3578 quoque
2752 3511 2895 3564 hunc
2939 3508 3184 3578 Apostoli
3232 3509 3410 3563 locum
3465 3508 3520 3562 in
3565 3521 3720 3562 suam

2140 3602 2359 3656 trahens
2423 3601 2749 3656 sententiam
2816 3600 3078 3670 pervertit
3127 3600 3224 3655 lib.
3261 3616 3313 3654 Ix
3344 3601 3399 3652 in
3435 3599 3606 3667 Epist.
3651 3599 3722 3651 ad

2139 3690 2317 3756 Rom.,
2356 3708 2508 3748 num.
2545 3691 2599 3757 ⁸5,
2635 3707 2760 3762 pag.
2788 3692 2892 3747 648
2928 3708 2942 3744 :
2974 3710 2993 3743 ι
3031 3690 3308 3746 Habentes
3339 3701 3519 3745 autem
3557 3690 3726 3743 doua-

2142 3785 2317 3839 tiones
2342 3787 2644 3840 secundum
2678 3785 2908 3855 gratiam
2939 3799 3061 3853 quae
3089 3783 3215 3838 data
3241 3793 3328 3837 est
3381 3781 3536 3837 nobis
3567 3781 3724 3836 dilfe-

2141 3887 2341 3942 rentes,
2360 3878 2473 3932 sive
2493 3877 2832 3948 prophetiam
2859 3876 3154 3932 secundum
3183 3876 3447 3930 rationem
3477 3874 3720 3941 fidei",-

2139 3978 2271 4032 etc..;
2305 3969 2431 4022 hinc
2461 3970 2658 4039 quippe
2692 3967 2900 4038 colligit
2933 3969 3124 4022 donari
3157 3970 3386 4038 gratiam
3413 3983 3444 4022 a
3483 3967 3593 4022 Deo
3639 3982 3728 4022 seu

2141 4061 2372 4114 cundum
2413 4061 2683 4115 rationem
2717 4061 2841 4114 fidei
2881 4077 2896 4112 :
2936 4069 3048 4115 turn
3092 4075 3159 4114 ex
3193 4062 3383 4116 eodem
3420 4060 3541 4115 loco
3569 4069 3626 4113 et
3657 4075 3725 4114 ex

2142 4152 2251 4207 alio
2280 4152 2536 4222 Epistolas
2578 4152 2780 4222 prioris
2824 4152 2890 4206 ad
2929 4152 3244 4207 Corinthios
3274 4153 3354 4206 sic
3402 4151 3676 4206 concludit
3708 4169 3726 4206 :

2147 4262 2169 4295 ι
2209 4243 2366 4299 Unde
2396 4245 2526 4298 mihi
2588 4245 2808 4298 videtur
2863 4253 2970 4297 tam
3027 4244 3094 4298 ad
3157 4241 3432 4298 Romanos
3466 4257 3627 4313 quam
3657 4246 3726 4297 ad

2143 4335 2459 4391 Corinthios
2502 4336 2783 4400 scribens,
2836 4346 2946 4390 tres
2979 4337 3259 4406 capienda:
3311 4335 3505 4402 gratiae
3539 4336 3729 4391 modos

2144 4430 2360 4492 docere,
2395 4438 2453 4482 ut
2479 4443 2546 4482 ex
2571 4428 2729 4482 nobis
2757 4429 2810 4481 in
2833 4442 2899 4484 eo
2924 4429 3008 4497 agi
3048 4428 3252 4494 aliquid
3291 4430 3567 4492 ostendat,
3611 4429 3734 4499 plu-

454 4517 848 4586 ἐπαγγέλλεται
888 4517 996 4570 τῶν
1030 4519 1367 4590 προσιόντων
1407 4518 1505 4590 τὴν
1551 4519 1750 4573 κακίαν
1781 4519 2031 4591 ἐξαιρεῖν,

2150 4524 2342 4574 rimum
2396 4530 2574 4574 tamen
2625 4521 2680 4574 iu
2713 4520 2802 4574 Dei
2850 4521 3136 4592 largitione
3190 4521 3513 4576 consistere.
3574 4521 3734 4576 Ponit

453 4609 522 4678 ἢν
547 4607 797 4680 ὠνόμασε
825 4609 1047 4681 καρδίαν
1075 4609 1307 4682 λιθίνην,
1336 4611 1457 4682 οὐχὶ
1490 4613 1713 4666 ἐκείνων
1745 4613 1819 4685 μὴ
1857 4612 2039 4683 βουλο-

457 4699 655 4772 μένων,
690 4700 803 4754 ἀλλ’
839 4703 1064 4766 ἑαυτοὺς
1091 4703 1171 4773 τῷ
1201 4702 1371 4774 ἰατρῷ
1404 4703 1512 4757 τῶν
1538 4703 1857 4775 καμνόντων
1891 4721 2034 4776 τιαρ-

451 4791 786 4864 εσχηκότων.
817 4791 979 4859 Quasi
1017 4808 1121 4847 nou
1169 4809 1199 4848 a
1230 4793 1342 4850 Deo
1370 4797 1674 4850 habeamus
1697 4796 1802 4852 hoe
1831 4799 2031 4867 ipsum,

453 4892 516 4935 ut
546 4885 826 4946 accedere,
859 4892 935 4951 ut,
966 4885 1152 4938 sanari
1197 4885 1446 4941 velimus.
1508 4885 1715 4940 Similia
1747 4896 1876 4942 sunt
1913 4904 2034 4958 quae

454 4987 757 5045 sequuntur
791 4997 802 5032 :
854 4977 965 5032 Kal.
991 4978 1124 5043 ἔστι,
1157 4980 1278 5048 φέρ’
1309 4981 1504 5042 εἰπεῖν,
1535 4980 1597 5033 τὸ
1623 4981 1754 5044 τοὺς
1801 4979 2037 5050 τυφλοὺς

451 5067 774 5137 ἀναϐλέψαι,
815 5068 996 5140 ἔργον,
1023 5069 1165 5122 κατὰ
1196 5069 1294 5140 μὲν
1334 5071 1395 5124 τὸ
1432 5069 1744 5140 ἠξιωκέναι,
1785 5071 1892 5124 τῶν
1939 5089 2027 5124 πι-

455 5161 750 5215 στευόντων
779 5161 1038 5216 δύνασθαι
1065 5162 1493 5235 θεραπεύεσθαι·
1526 5161 1668 5217 κατὰ
1688 5163 1745 5216 δὲ
1780 5164 1878 5236 τὴν
1904 5165 2039 5217 ἀπο-

454 5257 787 5310 κατάστασιν
824 5258 923 5329 τῆς
969 5257 1246 5330 ὁράσεως,
1282 5258 1376 5314 τοῦ
1419 5258 1674 5330 Σωτῆρος
1723 5257 1900 5330 ἡμῶν.
1934 5257 2041 5312 Re-

454 5345 600 5414 liqua
635 5349 750 5415 pari
780 5349 911 5403 vitio
936 5349 1207 5405 laborant.
1239 5349 1418 5405 Nihilo
1459 5351 1678 5404 saniora
1733 5359 1860 5404 sunt
1917 5366 2038 5419 quze

457 5439 708 5509 leguntur
733 5441 854 5494 libri
881 5442 1120 5510 ejusdem
1151 5444 1326 5513 capite
1351 5443 1404 5508 6,
1450 5444 1502 5498 in
1539 5443 1734 5513 quibus
1763 5444 2036 5499 hominem

457 5531 653 5585 divina:
707 5530 955 5601 imaginis
1012 5534 1353 5605 dignitatem,
1400 5549 1526 5590 cum
1581 5544 1962 5603 procrearetur
2011 5550 2039 5587 a

463 5621 591 5688 Deo,
621 5625 896 5693 accepisse
917 5625 1022 5693 ait;
1055 5627 1425 5681 similitudinis
1473 5642 1604 5683 vero
1639 5625 2028 5696 perfectionem

533 5801 578 5834 "
610 5802 764 5860 Rom.
798 5818 874 5870 Ix,
911 5805 997 5863 18.
1073 5807 1119 5841 ⁷⁸
1152 5808 1303 5864 Rom.
1337 5823 1434 5876 xit,
1463 5808 1515 5862 6.

2146 4631 2278 4685 ergo
2304 4624 2358 4668 et
2381 4629 2691 4668 mensuram
2724 4613 2846 4667 fidei
2877 4628 3023 4677 esse,
3053 4627 3153 4682 per
3202 4628 3365 4682 quam
3422 4615 3543 4683 quis
3600 4630 3732 4684 gra-

2148 4707 2277 4759 tiam
2319 4707 2461 4774 capit
2492 4721 2505 4756 :
2541 4705 2772 4776 ponitet
2802 4706 2868 4760 ad
2900 4705 2950 4758 id
2981 4706 3126 4775 quod
3165 4706 3414 4774 expedit;
3450 4716 3505 4760 et
3553 4704 3730 4775 Spiri-

2149 4809 2258 4852 tum
2287 4799 2532 4852 dividere
2560 4807 2722 4868 prout
2748 4799 2885 4852 vult.
2921 4796 2989 4852 Ut
3035 4813 3168 4867 ergo
3200 4808 3351 4851 tanta
3383 4799 3434 4851 in
3463 4798 3622 4854 nobis
3676 4798 3734 4852 ft-

2147 4891 2242 4946 des
2271 4891 2600 4953 inveniatur,
2631 4902 2834 4960 quanta
2871 4892 3045 4961 possit
3093 4891 3464 4946 sublimiorem
3493 4893 3731 4961 gratiam

2151 4982 2253 5052 (sic
2275 4983 2418 5036 enim
2455 4981 2767 5053 legendum)
2811 4985 3132 5051 promereri,
3167 4985 3340 5038 nOStri
3369 4986 3550 5054 operis
3583 4984 3735 5039 vide-

2148 5082 2236 5127 tur
2264 5083 2320 5127 et
2347 5073 2510 5128 studii
2551 5091 2565 5125 :
2611 5083 2670 5127 ut
2703 5082 2882 5127 autem
2913 5075 2980 5128 ad
3026 5075 3078 5128 id
3121 5074 3283 5130 detur
3314 5075 3458 5144 quod
3490 5076 3732 5145 expedit,

2145 5175 2200 5220 et
2227 5165 2356 5219 utile
2379 5166 2450 5219 sit
2492 5165 2802 5234 accipienti,
2837 5163 2928 5220 Dei
2954 5165 3218 5234 judicium
3251 5177 3374 5234 est;
3401 5167 3483 5221 vel
3512 5169 3740 5224 omnino

2147 5258 2192 5311 si
2227 5255 2342 5310 dari
2369 5255 2518 5322 velit,
2563 5257 2615 5309 in
2668 5256 2919 5324 ipso-est.
2959 5274 2979 5307 ι
3037 5255 3159 5310 Pari
3188 5257 3401 5311 insania
3435 5259 3744 5325 corrumpit

2147 5349 2345 5403 ibidem
2370 5348 2473 5402 hoc
2509 5347 2736 5402 altermn
2756 5362 2788 5402 e
2813 5347 2829 5401 Ι
2854 5348 2922 5402 ad
2952 5347 3079 5403 Cor.
3103 5362 3202 5408 xu.
3232 5347 3300 5402 18
3335 5366 3349 5403 :
3405 5366 3425 5399 ι
3458 5347 3612 5403 Nunc
3643 5363 3744 5401 au-

2152 5451 2257 5494 tem
2295 5439 2475 5508 posuit
2496 5438 2637 5494 Deus
2665 5439 2904 5494 membra
2927 5481 2943 5505 ,
2985 5439 3411 5510 unumquodque
3437 5454 3625 5494 eorum
3687 5439 3740 5494 in

2147 5545 2400 5600 corpore,
2435 5531 2577 5585 sicut
2633 5530 2823 5586 voluit.
2865 5529 3041 5586 Voluit
3097 5542 3304 5595 autem,
3354 5530 3552 5600 inquit,
3593 5531 3742 5585 Deus

2151 5622 2447 5679 secundum
2472 5622 2740 5679 rationem
2778 5622 2864 5678 vel
2897 5637 3208 5680 mensuram
3256 5622 3381 5678 ﬁdei
3413 5637 3533 5693 qua:
3557 5632 3645 5681 est
3681 5622 3738 5679 in
