4160 6476
420 323 422 326 ’
441 360 544 416 949

1223 359 1797 417 OBlGENlANORUM
1836 361 1966 417 LIB.
2010 363 2079 434 ll,
2119 363 2274 422 CAP.
2316 363 2383 430 ll,
2423 361 2699 430 QUASST.
2737 361 2849 420 VII.

3591 361 3696 418 950

442 480 616 543 nobis,
647 480 730 534 vel
774 479 943 534 voluit
967 479 1032 533 ad
1084 480 1134 532 id
1186 481 1330 549 quod
1368 481 1606 550 expedit.
1647 480 1759 536 Nisi
1788 481 1924 538 forte
1947 481 2022 536 ita
2052 489 2098 545 Α
2127 491 2213 536 cet
2241 492 2580 538 commentus
2628 489 2736 547 εει,
2774 493 2834 537 ιιι
2867 482 3270 552 aggressionem
3309 479 3434 535 boni
3456 479 3634 549 operis
3667 494 3698 532 a

441 571 640 642 aiiquis
669 582 722 626 et
749 573 852 628 hoc
881 571 1013 626 velit
1045 571 1352 642 intelligere
1385 591 1398 626 :
1425 573 1567 628 Deus
1606 573 1787 642 posuit
1823 575 1874 628 in
1903 591 2021 630 cor-

441 676 572 732 pore
595 663 1018 731 unumquodque
1052 663 1358 716 membrum
1382 673 1545 732 prout
1572 664 1766 730 voluit,
1810 677 1897 731 ut,
1930 680 2023 720 vo-

442 756 565 822 luit,
603 757 670 810 ad
703 755 1002 809 membrum
1039 754 1210 825 magis
1240 754 1530 819 referatur,
1586 757 1691 812 hoc
1721 766 1827 822 est,
1863 768 2024 828 prout

443 850 640 912 voluit,
663 857 824 918 prout
850 847 1035 918 elegit,
1062 858 1222 917 prout
1264 863 1486 917 operam
1511 848 1678 914 dedit,
1729 865 1796 903 ne
1829 851 2024 902 videa—

443 953 533 996 tur
558 943 623 996 de
673 941 894 996 homine
942 941 1156 994 arbitrii
1191 950 1434 1009 potestas
1477 929 1700 996 auferri.
1737 961 1754 994 ι
1784 943 2024 1012 Denique

443 1031 496 1085 in
535 1033 743 1086 catenis
792 1033 844 1084 in
904 1029 1152 1085 Psaltnos
1204 1033 1328 1086 talia
1384 1033 1620 1087 refertur
1651 1033 1912 1088 eﬂ‘utiisse
1956 1036 2022 1088 ad

443 1123 634 1192 psalm.
659 1138 788 1188 cxx,
821 1124 875 1189 5,
905 1138 1024 1194 pag.
1053 1122 1200 1178 820:
1256 1125 1347 1196 Μὴ
1393 1123 1535 1196 δῴης
1583 1127 1662 1189 εἰς
1721 1126 1879 1179 σάλον
1931 1127 2022 1179 τὸν

441 1215 578 1268 πόδα
627 1233 756 1268 σου·
792 1216 864 1287 μὴ
917 1219 1283 1288 περιτραπῇς,
1349 1219 1513 1288 φησὶ,
1552 1218 1686 1289 μηδὲ
1737 1219 2022 1274 σκανδαλι-

443 1307 601 1378 σθῇς’
637 1307 732 1360 καὶ
763 1307 882 1360 τότε
909 1305 1052 1372 ἕξεις
1082 1307 1213 1359 Θεὸν
1235 1310 1391 1378 χεῖρα
1417 1309 1704 1380 ὀρέγοντα·
1735 1309 1874 1363 ὥστε
1893 1311 2023 1382 παρ’

441 1397 599 1467 ἡμῶν
649 1396 728 1449 δεῖ
784 1393 920 1454 εἶναι
955 1396 1052 1460 τὰς
1095 1396 1291 1467 ἀρχὰς,
1317 1398 1413 1450 καὶ
1456 1400 1484 1450 ὁ
1524 1397 1658 1462 Θεὸς
1693 1399 1785 1452 τοῦ
1841 1397 2022 1470 ὀρέξαι

441 1491 630 1560 χεῖρας
663 1489 905 1559 ἕτοιμος.

514 1579 587 1635 Ut
633 1582 803 1650 magis
851 1585 1016 1635 etiam
1067 1589 1286 1652 pateant
1334 1583 1594 1637 doctrinae
1641 1585 1800 1654 hujus
1841 1585 2022 1655 adyta,

442 1671 840 1727 observandum
895 1683 980 1727 est
1034 1673 1300 1744 duplicem
1355 1677 1408 1730 in
1466 1676 1623 1731 nobis
1677 1681 1743 1730 ab
1792 1679 2025 1747 Origene

443 1765 702 1818 constitui
734 1765 913 1831 ﬁdem,
933 1765 1093 1818 aliant
1129 1767 1446 1830 humanam,
1468 1783 1630 1838 quam
1663 1770 1867 1824 viribus
1897 1786 2022 1840 pro-

439 1857 580 1924 priis
640 1855 786 1910 nullo
834 1857 1083 1926 praesidio
1118 1857 1345 1911 ﬁrmatis
1377 1859 1576 1912 habere
1613 1861 1908 1928 possimus,
1941 1861 2022 1913 di-

441 1949 627 2000 vinam
662 1945 848 2012 aliam,
881 1963 1000 2016 quae
1033 1949 1188 2003 nobis
1223 1948 1314 2002 Dei
1347 1950 1519 2018 gratia
1558 1949 2022 2006 infnndatur.Nec

442 2041 709 2112 duplicem
755 2041 932 2094 solum
976 2040 1157 2106 ﬁdem,
1195 2041 1289 2096 sed
1327 2042 1555 2096 virtutes
1595 2043 1757 2095 etiam
1785 2041 2020 2110 reliquas

441 2133 498 2188 in
550 2135 708 2188 nobis
741 2133 979 2201 duplices
1022 2148 1144 2186 esse
1188 2143 1370 2203 putat,
1416 2149 1640 2204 quarum
1695 2133 1812 2188 alia:
1853 2135 1959 2188 sint
1989 2149 2020 2188 a

441 2227 623 2291 nobis,
655 2225 772 2278 aliae
803 2241 831 2279 a
867 2226 976 2280 Deo
1011 2243 1024 2279 :
1060 2225 1176 2282 illas
1223 2237 1402 2279 autem
1454 2227 1519 2280 ad
1567 2227 1790 2281 salutem
1830 2242 2022 2282 conse-

441 2316 710 2386 quendam
763 2315 896 2370 nihil
928 2316 1206 2386 prodesse,
1241 2316 1343 2369 nisi
1392 2317 1580 2377 harum
1625 2319 1903 2371 consortio
1929 2333 2019 2371 ro-

440 2407 722 2463 borentur.
761 2408 1075 2464 Panduntur
1124 2410 1238 2464 haec
1286 2410 1502 2465 oracula
1557 2421 1710 2466 tract.
1748 2426 1917 2465 xum
1965 2413 2020 2465 in

443 2497 662 2564 Hau/1.,
690 2516 838 2554 num.
877 2518 895 2551 ι
947 2499 1058 2555 69:
1112 2519 1130 2552 ι
1166 2499 1233 2555 Ut
1263 2510 1414 2570 puta,
1452 2501 1647 2570 inquit,
1709 2503 1865 2556 ﬁdem
1921 2503 2020 2557 ha-

440 2595 589 2650 benti
613 2608 733 2664 quaé
760 2605 925 2649 estex
959 2594 1136 2661 nobis,
1161 2596 1376 2650 dabitur
1403 2600 1574 2665 gratia
1621 2596 1765 2658 ﬁdei,
1794 2613 1911 2666 qua:
1939 2607 2022 2652 est

437 2701 538 2756 per
585 2686 832 2756 spiritum
888 2686 1031 2751 ﬁdei,
1063 2699 1118 2742 et
1157 2688 1454 2742 abundabit
1485 2706 1501 2755 ;
1532 2699 1585 2742 et
1611 2689 1873 2758 quidquid
1919 2689 2018 2744 ha-

439 2780 770 2846 bueritquis
804 2795 868 2834 ex
922 2778 1155 2833 naturali
1211 2780 1513 2846 creatione,
1557 2795 1681 2834 cum
1716 2783 2022 2836 exercuerit

437 2885 586 2935 eum,
615 2873 814 2940 accipit
843 2873 894 2925 id
937 2877 1105 2938 ipsum
1139 2887 1191 2925 et
1225 2887 1290 2926 ex
1320 2874 1492 2943 gratia
1532 2873 1650 2935 Dei.
1685 2884 1737 2927 ut
1784 2875 2022 2928 abundet

438 2973 497 3015 et
530 2964 741 3016 ﬁrmior
767 2963 838 3016 sit
867 2965 920 3018 in
945 2980 1011 3019 eo
1036 2964 1153 3031 ipso
1172 2963 1316 3032 quod
1345 2964 1527 3031 habet,
1557 2983 1579 3036 ι
1603 2967 1746 3035 quod
1776 2967 1841 3020 de
1872 2966 2021 3021 omni

438 3053 626 3108 itidem
658 3055 858 3110 virtute
895 3055 1302 3124 intelligendum
1357 3070 1478 3112 esse
1535 3059 1743 3114 scribit.
1796 3060 2018 3115 Demum

441 3145 720 3200 concludit
753 3161 766 3198 :
803 3165 821 3198 ι
883 3147 1176 3218 Propterea
1209 3150 1254 3203 si
1289 3148 1538 3204 volumus
1567 3160 1626 3204 ut
1662 3150 1821 3206 detur
1865 3151 2020 3207 nobis

436 3237 618 3290 virtus
652 3237 973 3306 perfectior,
1003 3248 1058 3292 et
1109 3238 1346 3294 abundet
1379 3240 1431 3294 in
1477 3241 1631 3296 nobis
1674 3243 1815 3312 quod
1844 3244 2020 3313 perfe-

440 3335 587 3379 ctum
611 3336 694 3381 est
730 3327 870 3380 inter
895 3329 1161 3391 homines,
1194 3343 1291 3397 per
1321 3329 1654 3399 diligentiam
1685 3332 1830 3386 omni
1864 3333 2022 3387 modo

439 3418 806 3486 acquiramns,
831 3431 884 3472 et
903 3428 1186 3489 postquam
1217 3421 1658 3488 acquisierimus,
1685 3423 1838 3492 quasi
1866 3423 2024 3478 intel-

440 3508 672 3578 ligentes
706 3511 961 3578 quoniam
1014 3512 1070 3566 in
1106 3513 1334 3568 nihilum
1393 3515 1507 3569 haec
1546 3525 1866 3582 reputantur
1907 3515 2025 3570 sine

439 3600 614 3666 gratia
643 3601 761 3665 Dei,
793 3601 1138 3658 humiliemus
1168 3606 1536 3675 nosmetipsos
1564 3607 1666 3660 sub
1697 3621 1859 3661 manu
1884 3606 2024 3661 vali-

442 3687 509 3741 da
541 3687 633 3743 Dei
666 3690 732 3753 ⁷⁸,
758 3701 811 3744 et
844 3707 1060 3749 oremus
1089 3687 1204 3750 sine
1235 3696 1310 3750 ira
1351 3698 1741 3767 disceptatione
1784 3697 2023 3754 levantes

437 3796 603 3850 puras
641 3797 834 3839 manus
863 3785 932 3851 ’⁷,
961 3795 1019 3840 ιιι
1065 3789 1308 3843 οιιιιιίιιιιι
1360 3790 1624 3844 bonorum
1655 3805 1776 3860 qua:
1817 3799 1942 3844 sunt
1970 3793 2020 3846 in

439 3874 597 3930 nobis
625 3874 884 3945 perfectio
916 3879 1074 3934 detur
1103 3894 1170 3933 ex
1193 3879 1323 3947 Deo,
1352 3890 1405 3936 et
1431 3880 1595 3937 faciat
1625 3897 1722 3938 nos
1752 3883 2022 3951 perfectos

437 3977 494 4022 et
523 3970 885 4036 acceptabiles
920 3971 1056 4038 Deo,
1087 3973 1242 4042 quasi
1277 3973 1419 4030 ﬁlios
1444 3975 1561 4028 Dei.
1594 3994 1613 4028 ι
1651 3973 1909 4028 Eamdem
1941 3991 2023 4030 re-

437 4060 624 4130 enquit
658 4061 914 4116 cramben
947 4061 1039 4140 lib.
1073 4079 1127 4117 tv
1166 4064 1222 4118 in
1261 4063 1437 4134 Epist.
1480 4066 1548 4118 ad
1580 4065 1752 4129 Rom.,
1779 4080 1924 4118 num.
1964 4065 2020 4128 5,

436 4159 602 4219 atque
651 4153 726 4208 ita
775 4153 945 4223 accipi
979 4155 1096 4210 vult
1137 4170 1326 4211 vocem
1377 4157 1517 4212 hanc
1549 4157 1914 4226 apostolorum
1955 4158 2021 4211 ad

435 4240 712 4298 Christum
758 4262 773 4300 :
811 4265 830 4297 ‹
875 4248 1025 4319 Auge
1068 4248 1224 4304 nobis
1256 4249 1416 4304 ﬁdem
1456 4249 1503 4282 ⁷⁸
1539 4266 1554 4304 :
1591 4249 1764 4317 Quia,
1825 4249 2018 4319 inquit,

436 4337 602 4391 etiam
633 4337 766 4393 ﬁdes
788 4339 927 4408 ipsa,
959 4355 1066 4409 qua
1097 4341 1322 4397 credere
1345 4343 1596 4398 videmur
1630 4345 1762 4411 Deo,
1797 4343 1938 4398 dono
1969 4343 2019 4397 in

435 4429 596 4482 nobis
644 4431 832 4499 gratia:
871 4431 1246 4488 conﬁrmatur.
1289 4451 1309 4486 ›
1367 4435 1546 4502 Atque
1604 4435 1746 4490 idem
1791 4436 2022 4491 subinde

2123 575 2403 629 voluntate
2440 587 2627 629 nostra
2685 577 3072 644 suspenderet;
3123 587 3432 628 successum
3468 585 3601 626 vero
3646 578 3704 625 et

2123 666 2513 735 perfectionem
2549 681 2578 719 a
2623 666 2750 721 Deo.

2193 755 2313 810 Jam
2374 773 2505 810 vero
2566 758 2859 825 genuinum
2920 755 3174 827 Origenis
3218 771 3434 811 sensum
3481 753 3702 809 odorari

2125 861 2434 922 promptum
2471 859 2554 905 est
2606 852 2657 903 in
2704 849 2919 914 multis,
2955 851 3151 919 quibus
3179 849 3474 919 legitimam
3516 845 3701 917 gratim

2126 951 2230 998 vim
2264 945 2436 998 visunt
2464 954 2546 998 est
2573 945 2891 1014 praedicasse
2922 963 2935 998 :
2961 957 3020 998 ut
3065 957 3186 998 cum
3223 942 3317 997 lib.
3344 957 3402 995 ιιι
3437 925 3577 1007 Περὶ
3606 939 3702 1006 ἀρ-

2123 1036 2270 1106 χῶν,
2289 1052 2408 1106 cap.
2430 1038 2480 1101 1,
2515 1053 2664 1092 ιιιιιιι.
2691 1036 2778 1101 18,
2806 1036 3010 1106 Optime
3037 1035 3142 1089 dici
3174 1034 3387 1095 asserit,
3418 1032 3700 1086 aediﬁcium

2125 1143 2229 1182 non
2258 1126 2599 1192 aediﬁcantis,
2633 1127 2727 1181 sed
2761 1128 2854 1182 Dei
2878 1141 3013 1196 opus
3061 1141 3222 1192 esse;
3261 1135 3316 1179 et
3363 1124 3513 1178 urbis
3563 1132 3704 1177 tute-

2124 1220 2253 1288 lam,
2282 1236 2387 1274 non
2426 1220 2743 1275 custodibus
2769 1231 2822 1275 et
2844 1219 3044 1290 vigiliis
3071 1218 3326 1276 militum.
3355 1217 3448 1270 sed
3480 1216 3589 1269 Deo
3618 1230 3706 1269 re-

2126 1323 2210 1367 cte
2240 1312 2436 1366 ascribi
2473 1329 2486 1365 :
2531 1313 2612 1367 sic
2645 1312 2788 1366 enim.
2824 1327 2936 1366 retu
2977 1309 3382 1380 intelligendam
3403 1322 3524 1362 esse
3561 1307 3702 1369 vult,

2124 1405 2306 1475 operis
2328 1413 2696 1474 susceptorem
2729 1403 2894 1458 fuisse
2914 1403 3207 1466 hominem,
3238 1402 3405 1456 Deum
3433 1397 3704 1468 perfecto-

2125 1513 2238 1551 rem
2273 1514 2287 1562 ;
2319 1512 2416 1552 nec
2442 1494 2686 1551 sufﬁcere
2711 1495 3042 1551 voluntatem
3088 1495 3376 1550 humanam
3413 1491 3480 1545 ad
3512 1504 3704 1546 conse-

2126 1587 2393 1656 quendum
2435 1588 2617 1654 ﬁnem,
2667 1587 2768 1642 nisi
2820 1587 2960 1642 Deus
2995 1584 3062 1640 ad
3097 1585 3151 1640 id
3193 1584 3527 1654 opituletur;
3559 1579 3702 1649 quod

2124 1695 2190 1736 eo
2217 1680 2438 1750 probari
2470 1690 2624 1750 putat
2655 1697 2668 1733 :
2704 1699 2722 1732 ι
2759 1679 2874 1734 Non
2908 1679 3160 1742 volentis,
3200 1691 3373 1744 neque
3408 1675 3700 1733 currentis.

2126 1774 2218 1828 sed
2254 1773 2561 1828 miser-emis
2600 1781 2681 1826 est
2709 1771 2802 1825 Dei
2832 1771 2901 1823 ⁸ο.
2944 1791 2962 1823 ι
2993 1769 3048 1823 ln
3078 1784 3238 1838 quem
3292 1768 3469 1822 locum
3507 1765 3706 1835 repetit

2123 1865 2311 1918 eadem
2346 1875 2398 1918 et
2423 1865 2662 1919 extendit
2701 1863 2795 1919 lib.
2831 1879 2904 1918 vn
2955 1865 3008 1917 in
3048 1862 3219 1931 Epist.
3249 1862 3315 1916 ad
3346 1860 3522 1926 Rom,
3549 1873 3702 1914 num.

2123 1957 2212 2024 16,
2243 1973 2296 2027 p.
2339 1958 2541 2022 6M,ex
2577 1973 2751 2026 eoque
2789 1955 3148 2010 demonstrari
3187 1955 3282 2020 ait,
3313 1973 3332 2006 ι
3370 1953 3512 2022 quod
3542 1953 3704 2006 homo

2121 2051 2335 2119 quidem
2378 2051 2614 2105 laborem
2660 2049 2932 2117 impendat
2981 2056 3035 2102 et
3080 2045 3530 2108 sollicitudinem;
3561 2043 3704 2098 Deus

2122 2151 2301 2194 autem
2327 2154 2632 2194 successum
2665 2139 2813 2207 operi
2847 2137 3053 2193 tribuat
3081 2149 3135 2190 et
3163 2135 3455 2199 eﬁ‘ectum;
3499 2154 3518 2186 ι
3553 2133 3704 2187 ideo-

2121 2244 2227 2297 que
2251 2229 2434 2296 operis
2459 2244 2724 2282 sntnmant
2765 2228 2873 2282 Deo
2913 2227 3091 2295 potius
3118 2241 3278 2296 quam
3327 2223 3533 2278 homini
3579 2237 3702 2278 esse

2123 2321 2505 2390 deputandum.
2567 2320 2864 2373 Conﬁrmat
2925 2318 3058 2374 illud
3101 2317 3252 2373 Pauli
3296 2317 3496 2380 verbis,
3538 2316 3559 2371 ι
3601 2316 3705 2371 Co-

2123 2412 2292 2465 rinth.
2325 2427 2411 2474 ιιι,
2467 2411 2539 2465 6:
2586 2428 2604 2461 ι
2642 2409 2751 2480 Ego
2809 2408 3064 2477 plantavi,
3120 2409 3306 2478 Apollo
3351 2409 3522 2478 rigavi
3565 2449 3581 2473 ,
3611 2409 3705 2462 sed

2125 2503 2264 2557 Deus
2291 2502 2685 2556 incrementum
2727 2501 2911 2565 dedit;
2954 2520 2971 2550 ι
3015 2510 3124 2554 tum
3155 2501 3275 2556 ait:
3317 2519 3336 2551 ‹
3369 2499 3592 2555 Certum
3617 2508 3702 2555 est

2124 2594 2288 2647 Deum
2323 2609 2426 2648 non
2458 2593 2629 2648 solum
2663 2593 2802 2648 scire
2831 2591 3254 2662 uniuscujusque
3280 2595 3614 2663 propositum
3639 2608 3702 2646 ac

2123 2685 2479 2752 voluntatem,
2501 2686 2595 2740 sed
2624 2695 2678 2740 et
2727 2686 3001 2754 praescire.
3049 2685 3240 2739 Sciens
3271 2695 3448 2737 autem
3481 2695 3535 2738 et
3560 2700 3702 2753 prae-

2123 2791 2371 2838 noscens,
2394 2787 2647 2846 tanquam
2676 2783 2844 2831 bonus
2868 2777 3206 2846 dispensator
3229 2787 3280 2833 et
3299 2778 3497 2846 justus,
3516 2777 3700 2832 unius-

2122 2869 2382 2937 ciusque
2410 2869 2641 2922 motibus
2666 2879 2720 2923 et
2742 2870 3014 2938 proposito
3032 2871 3201 2924 utitur
3223 2871 3289 2926 ad
3313 2885 3376 2925 ea
3403 2883 3566 2939 opera
3583 2868 3698 2924 elli-

2123 2959 2336 3024 cienda,
2367 2974 2487 3028 quae
2522 2959 2947 3027 uniuscujusque
2981 2960 3196 3014 animus
3227 2976 3292 3015 ac
3324 2961 3571 3016 voluntas
3603 2960 3701 3014 eli.

2122 3054 2231 3123 git;
2273 3071 2292 3104 ι
2322 3062 2376 3106 et
2401 3063 2699 3122 postremo,
2731 3069 2854 3122 pag.
2883 3053 2986 3107 615
3020 3071 3035 3106 :
3090 3070 3110 3104 ι
3139 3053 3206 3108 Ut
3237 3054 3364 3108 Ι)οηί
3397 3054 3573 3119 enim,
3620 3054 3704 3107 in-

2123 3145 2262 3215 quit,
2295 3164 2314 3197 ‹
2364 3154 2454 3199 aut
2484 3145 2609 3200 mali
2643 3147 2814 3203 simus
2839 3157 3037 3204 nostra;
3059 3149 3355 3202 voluntatis
3379 3155 3498 3210 est;
3533 3145 3707 3199 malus

2125 3246 2302 3291 autem
2327 3241 2393 3290 ad
2427 3236 2726 3304 cuiusmodi
2754 3240 3080 3304 verbera,et
3111 3240 3281 3295 bonus
3308 3240 3374 3292 ad
3404 3236 3706 3305 cuiusmodi

2124 3327 2351 3398 gloriam
2383 3329 2701 3392 destinetur,
2732 3327 3032 3384 voluntatis
3079 3339 3162 3384 est
3194 3330 3307 3384 Dei.
3357 3348 3375 3380 ι
3410 3328 3526 3383 Non
3560 3328 3707 3382 aliud

2124 3429 2321 3474 sonant
2357 3419 2518 3474 verba
2575 3423 2688 3475 haec
2716 3435 2748 3475 e
2775 3420 2869 3475 lib.
2915 3437 2973 3477 ιιι
3033 3420 3173 3490 Περὶ
3229 3419 3454 3490 ἀρχῶν,
3496 3435 3615 3488 cap.
3645 3418 3704 3482 ε,

2125 3527 2276 3566 ιιιιιιι.
2303 3509 2340 3564 2
2381 3528 2396 3564 :
2442 3529 2459 3561 ι
2504 3510 2737 3567 Evidens
2791 3511 2959 3582 igitur
3009 3512 3151 3567 ratio
3183 3521 3289 3577 est,
3321 3513 3444 3581 quia
3479 3511 3620 3568 sicut
3654 3513 3706 3566 in

2124 3602 2282 3656 bonis
2327 3603 2491 3658 rebus
2540 3603 2835 3659 humanum
2889 3605 3228 3674 propositum
3274 3605 3446 3660 solum
3490 3618 3587 3674 per
3618 3619 3707 3660 se-

2126 3692 2302 3762 ipsum
2340 3693 2713 3765 imperfectum
2760 3703 2846 3751 est
2887 3696 2953 3752 ad
2981 3697 3503 3752 consummationem
3529 3695 3651 3750 boni
3687 3712 3704 3761 ;

2125 3781 2392 3850 adiutorio
2424 3799 2658 3854 namque
2685 3785 2868 3842 divino
2899 3788 2966 3841 ad
2991 3786 3230 3857 perfecta
3253 3802 3480 3857 quaque
3509 3787 3710 3856 perdu-

2123 3873 2290 3940 citur,
2329 3893 2349 3926 ι
2389 3884 2496 3930 etc.
2529 3875 2584 3929 In
2611 3877 2696 3932 his
2727 3873 2989 3948 Origenes
3032 3879 3312 3948 splendide
3342 3880 3707 3950 ἡμιπελαγια-

2123 3966 2282 4032 νίζει,
2313 3968 2698 4037 inceptionem,
2732 3970 2832 4026 hoc
2860 3982 2965 4036 est,
2997 3973 3147 4040 velle,
3175 3972 3378 4027 homini
3423 3973 3702 4038 tribuens;

2126 4060 2236 4115 Deo
2271 4074 2401 4113 vero
2426 4060 2707 4124 duntaxat,
2729 4061 2995 4130 perﬁcere.
3015 4062 3243 4118 Ruﬁnus
3274 4077 3400 4118 vero
3431 4064 3586 4132 quasi
3613 4077 3707 4131 pa—

2123 4167 2244 4206 rum
2264 4151 2348 4206 his
2375 4153 2579 4207 erroris
2610 4154 2829 4216 inesset,
2863 4155 3018 4208 novis
3041 4170 3103 4209 ea
3139 4155 3453 4209 deliriorum
3482 4170 3705 4208 suorum

2124 4243 2526 4298 accessionibus
2546 4243 2858 4300 infuscavit.
2887 4245 2993 4300 Sed
3017 4244 3268 4317 Origenis
3292 4247 3532 4306 insanias
3551 4261 3702 4301 reve—

2124 4335 2238 4390 lare
2264 4337 2638 4406 pergamus.ls
2657 4338 2709 4392 in
2741 4339 2843 4392 ﬁne
2868 4339 3066 4407 prioris
3094 4339 3288 4408 capitis
3323 4337 3445 4392 libri
3481 4354 3542 4393 ιιι
3563 4338 3708 4407 Περὶ

2125 4424 2348 4494 ἀρχῶν,
2383 4441 2533 4482 num.
2559 4425 2652 4491 22,
2699 4438 2984 4498 postquam
3027 4428 3251 4498 pulchre
3299 4427 3446 4483 visus
3478 4437 3561 4484 est
3611 4430 3704 4484 Dei

435 4519 663 4586 replicat
688 4521 782 4576 lib.
815 4537 890 4589 Ix,
937 4537 1090 4577 num.
1118 4523 1175 4583 3,
1227 4539 1348 4594 pag.
1390 4522 1516 4592 649,
1559 4525 1722 4592 idque
1772 4539 2020 4594 compro-
2049 4547 2098 4607 ι)
2125 4517 2409 4573 scientiam
2445 4534 2567 4598 cum
2614 4519 2863 4576 libertate
2893 4521 3234 4587 conciliasse,
3259 4521 3442 4576 omnia
3477 4523 3703 4577 conclu-

435 4609 568 4664 bare
598 4613 800 4682 satagit
849 4615 1146 4684 apostolico
1180 4616 1322 4671 isto:
1376 4616 1544 4671 Alteri
1584 4618 1714 4687 ﬁdes
1745 4619 1798 4672 in
1839 4619 2021 4672 eodem

434 4703 625 4772 spiritu
647 4705 692 4736 ⁷⁸
729 4723 740 4757 :
772 4725 790 4757 ‹
820 4705 972 4773 Quod
1003 4707 1157 4773 ﬁdes,
1206 4708 1403 4778 inquit,
1451 4725 1571 4780 quae
1612 4718 1794 4779 speret
1829 4720 1882 4764 et
1903 4725 2022 4764 cre-

435 4794 549 4859 dat,
577 4806 631 4850 et
666 4798 869 4868 absque
929 4801 1031 4855 ulla
1093 4801 1430 4856 dubitatione
1484 4801 1738 4865 conﬁdat,
1774 4801 1827 4855 in
1867 4802 2021 4856 nobis

433 4897 557 4954 est;
593 4891 733 4946 ratio
765 4907 893 4948 vero
925 4893 1048 4949 ﬁdei
1079 4894 1269 4965 ipsius,
1301 4905 1358 4950 et
1383 4894 1632 4960 scientia,
1658 4903 1715 4950 et
1745 4893 2016 4963 perfectus

435 4997 766 5054 eorumquze
795 4985 1070 5041 credimus
1091 4986 1397 5042 intellectus
1422 4987 1656 5041 donatur
1677 5001 1706 5040 a
1733 4985 1862 5040 Deo.
1890 5004 1908 5038 ι
1937 4987 2014 5040 Ac

436 5075 652 5127 tandem
692 5089 707 5127 :
742 5093 760 5125 ι
803 5073 956 5129 Sicut
984 5083 1069 5130 est
1107 5075 1242 5131 ﬁdes
1285 5091 1446 5146 quam
1481 5076 1762 5130 docuimus
1806 5091 1926 5130 esse
1960 5077 2012 5130 in

434 5165 613 5228 nobis,
635 5172 689 5218 et
711 5180 898 5221 rursus
925 5176 1009 5220 est
1035 5166 1166 5221 ﬁdes
1187 5181 1308 5236 quae
1329 5180 1424 5236 per
1449 5167 1675 5237 gratiam
1704 5167 1880 5230 datur,
1909 5168 2016 5222 sic-

434 5263 494 5309 ut
532 5271 694 5326 supra
725 5258 961 5313 diximus
984 5259 1245 5329 scriptum
1267 5243 1437 5316 esse:
1463 5259 1569 5312 Alii
1599 5259 1728 5327 ﬁdes
1749 5261 1804 5312 in
1833 5259 2012 5312 eodem

435 5347 668 5414 spiritu;
716 5349 788 5401 ita
843 5349 1008 5403 etiam
1068 5351 1120 5404 in
1164 5364 1488 5420 unoquoque
1526 5351 1716 5404 horum
1750 5365 1870 5418 quae
1915 5367 2012 5405 suo

436 5451 533 5506 pra
561 5441 1002 5495 enumeravimus
1048 5456 1078 5494 a
1114 5441 1223 5496 Deo
1259 5457 1354 5510 per
1398 5441 1629 5512 gratiam
1683 5441 1822 5507 dari,
1851 5452 2011 5497 estet

437 5529 492 5582 in
529 5529 684 5586 nobis
725 5531 950 5601 aliquid,
979 5534 1044 5588 ad
1081 5533 1235 5602 cuius
1281 5535 1652 5602 unusquisque
1699 5529 2009 5589 mensuram

435 5616 521 5671 vel
553 5619 820 5675 rationem
869 5623 1097 5694 gratiam
1129 5631 1488 5690 promeretur.
1530 5642 1548 5676 ι
1592 5623 1716 5680 Haec
1750 5639 1815 5679 eo
1861 5623 2012 5679 scili-

2126 4612 2278 4666 sione
2302 4611 2536 4681 pessima
2558 4613 2836 4682 depravat,
2866 4629 2987 4669 cum
3019 4615 3094 4668 ait
3121 4613 3326 4668 nullum
3354 4616 3420 4671 ad
3444 4617 3704 4671 honorem

2126 4701 2210 4758 vel
2241 4703 2593 4774 ignominiam
2623 4719 2652 4758 a
2682 4705 2790 4760 Deo
2821 4707 3021 4774 parari,
3047 4707 3143 4761 ἐὰν
3181 4708 3256 4779 μὴ
3286 4706 3416 4779 ὓλην
3446 4709 3575 4763 τινὰ
3589 4707 3706 4763 διας

2126 4797 2300 4868 φορᾶς
2347 4799 2446 4870 σχῇ
2493 4797 2592 4869 τὴν
2631 4798 2902 4869 ἡμετέραν
2927 4799 3268 4872 προαίρεσιν,
3290 4801 3576 4856 κλίνουσαν
3612 4802 3709 4854 ἐπὶ

2120 4888 2190 4942 τὰ
2216 4889 2453 4961 χείρονα,
2488 4890 2520 4960 ἢ
2554 4891 2647 4944 ἐπὶ
2683 4889 2751 4944 τὰ
2786 4891 3097 4963 κρείττονα,
3128 4895 3272 4962 quod
3312 4895 3470 4951 iterat
3516 4894 3604 4947 lib.
3639 4910 3703 4957 tt,

2114 4995 2234 5048 cap.
2259 4979 2312 5042 9,
2346 4995 2495 5034 num.
2517 4981 2574 5045 2,
2603 4979 2636 5034 6
2664 4990 2719 5034 et
2749 4982 3044 5050 seq.[.ibro
3081 4997 3295 5052 quoque
3339 4983 3521 5052 Operis
3560 4981 3704 5049 ejus-

2115 5069 2237 5124 dem
2274 5071 2476 5141 priore,
2511 5086 2629 5140 cap.
2661 5072 2716 5137 5,
2746 5064 2892 5129 num.
2917 5073 2971 5138 5,
2995 5074 3124 5128 dicit
3155 5094 3179 5126 ς
3209 5075 3263 5128 in
3303 5073 3558 5129 illissolis
3583 5087 3704 5128 esse

2115 5175 2248 5230 opus
2286 5160 2523 5230 Spiritus
2579 5161 2776 5228 sancti,
2803 5163 2895 5231 qui
2945 5165 3059 5232 iam
3106 5179 3166 5220 se
3203 5163 3272 5218 ad
3304 5163 3527 5220 meliora
3573 5177 3706 5218 con-

2116 5261 2352 5317 vertunt,
2387 5263 2440 5308 et
2479 5269 2575 5324 per
2620 5255 2736 5309 vias
2785 5255 2985 5310 Christi
3021 5255 3147 5312 Iesu
3185 5257 3478 5322 incedunt,
3516 5256 3571 5310 id
3619 5265 3705 5312 est

2119 5345 2209 5414 qui
2239 5355 2363 5400 sunt
2397 5346 2451 5400 in
2507 5347 2663 5404 bonis
2693 5348 2929 5413 actibus,
2957 5357 3010 5403 et
3035 5349 3087 5402 in
3138 5350 3248 5404 Deo
3294 5344 3696 5418 permanent.)

2119 5436 2274 5503 quasi
2330 5437 2528 5507 aliquis
2582 5438 2650 5492 ad
2696 5439 2926 5494 meliora
2963 5441 3204 5494 converti
3264 5450 3446 5510 queat,
3493 5439 3700 5510 absque

2118 5543 2283 5599 opere
2308 5539 2362 5584 et
2391 5532 2566 5599 gratia
2616 5529 2854 5601 Spiritus
2897 5532 3092 5587 sancti.
3127 5530 3241 5587 Nec
3280 5531 3700 5603 patrocinantur

2117 5623 2164 5678 oi
2201 5623 2503 5693 sequentia,
2539 5638 2662 5679 cum
2684 5625 2761 5678 ait
2788 5639 2938 5679 num.
2967 5617 3046 5679 7.:
3085 5643 3102 5676 ι
3144 5624 3406 5697 Spiritum
3447 5634 3701 5683 sanctum

505 5797 594 5852 "l
634 5797 776 5855 Pctr.
805 5814 858 5867 v,
895 5801 948 5856 6.
1026 5804 1068 5836 ⁷⁷
1109 5801 1124 5856 l
1156 5802 1295 5860 Tim.
1326 5821 1386 5872 ιι,
1418 5805 1471 5861 8.
1547 5805 1592 5838 ⁷⁸
1625 5804 1752 5861 Luc.
1808 5823 1938 5872 xvu,
1969 5807 2022 5866 5.
2099 5809 2142 5842 "
2173 5808 2188 5864 Ι
2239 5807 2362 5865 Cor.
2405 5824 2501 5876 xu,
2537 5809 2588 5869 9.~
2668 5808 2712 5842 ⁸⁰
2743 5807 2905 5869 Romo
2936 5828 3007 5879 ix,
3035 5811 3124 5869 16.
