4160 6426
494 381 591 435 υῖιὶ

1766 379 1827 437 P.
1872 380 2185 437 DANIL’LIS
2223 381 2456 437 llliE'l‘lI

3656 381 3762 436 9'51

492 502 772 559 exstinctis
804 503 1176 569 peccatoribus
1231 513 1285 557 et
1318 502 1571 573 indignis,
1612 503 1787 573 ipsum
1823 505 1925 558 sint
1974 521 2072 558 no-
2104 512 2146 566 Α
2177 482 2534 559 ostendimus.
2580 502 2671 557 Illo
2705 510 2832 558 v'ero
2860 512 3157 574 ‘praZprne
3194 500 3344 555 Pauli
3393 501 3603 556 videtur
3627 506 3760 556 abu-

495 610 617 648 vum
678 594 929 662 populum
990 608 1198 659 creare,
1233 602 1289 648 et
1337 608 1599 649 renovare
1642 593 1836 649 faciem
1888 606 2071 661 terra’,

492 702 617 740 cum
650 701 745 754 per
772 686 1004 752 gratiam
1056 685 1293 753 Spiritus
1338 686 1674 754 deponentes
1700 695 1939 740 veterem
1977 689 2074 741 Im-

492 779 692 830 minem
727 793 849 829 enm
885 776 1096 831 actibus
1138 776 1273 839 suis,
1303 774 1355 829 in
1383 776 1625 830 novitate
1656 777 1780 831 vitae
1806 778 2076 846 cmperint

488 870 812 932 ambulare;
854 887 873 921 ι
908 884 1015 938 quo
1036 882 1197 925 sensu
1241 868 1439 937 quippe
1475 868 1587 922 haec
1618 870 2073 935 pronuntiaverit,

491 960 604 1025 ipse
652 959 813 1027 paulo
846 968 967 1028 post
1018 957 1313 1028 patefecit,
1351 958 1552 1012 docens
1592 958 1763 1013 Deum
1803 979 1822 1011 ι
1863 960 2073 1030 Spiritu

485 1050 599 1105 uris
645 1051 727 1105 sui
758 1065 880 1118 quae
917 1052 1076 1115 digna
1108 1060 1237 1105 sunt
1291 1051 1731 1107 sanctiﬁcatione
1768 1052 2074 1107 sanctiﬁca-

487 1160 585 1207 re;
623 1163 642 1195 ι
677 1144 873 1199 deinde
910 1143 1181 1198 subnectit
1217 1161 1231 1199 :
1260 1164 1278 1195 ι
1323 1142 1417 1199 Est
1445 1152 1500 1198 et
1534 1143 1640 1197 alia
1665 1160 1880 1213 quoque
1908 1146 2070 1200 etiam

486 1236 724 1303 Spiritus
765 1236 941 1291 sancti
984 1236 1158 1306 gratia
1192 1250 1310 1305 qua:
1345 1236 1523 1306 dignis
1556 1247 1868 1307 przestatur,
1912 1240 2073 1293 mitti-

486 1336 658 1381 strata
676 1327 892 1396 quidem
933 1341 1031 1396 per
1057 1325 1361 1391 Christum,
1394 1326 1674 1397 insperata
1702 1337 1881 1384 autem
1916 1345 1945 1383 a
1968 1329 2074 1385 Pa-

487 1430 593 1483 tre,
626 1419 924 1473 secundum
984 1420 1242 1473 meritum
1297 1434 1513 1482 eorum,
1550 1420 1641 1489 qui
1674 1435 1906 1491 capaces
1953 1420 2072 1489 ejus

485 1510 815 1567 eﬂiciuntur.
853 1530 873 1565 ι
902 1509 1010 1565 Nec
1044 1525 1370 1580 quemquam
1400 1512 1588 1566 Iallant
1614 1512 1706 1567 illa
1736 1528 1801 1567 ex
1834 1514 2066 1571 homil.l

483 1607 542 1658 in
567 1602 782 1668 Cenem,
816 1618 945 1656 num
974 1602 1024 1666 7,
1066 1602 1157 1657 ubi
1191 1600 1395 1657 Christi
1422 1604 1653 1672 gratiam
1687 1603 1956 1658 solaribus
1985 1620 2073 1660 ra-

483 1696 590 1751 diis
621 1706 925 1765 comparat,
952 1709 1124 1765 eaque
1156 1705 1368 1750 mentes
1396 1705 1610 1751 nostras
1636 1696 1893 1751 illustrari
1924 1712 2074 1753 asse-

485 1789 705 1851 rit,nisi
753 1789 969 1843 caecitas
1016 1788 1235 1842 illarum
1280 1788 1575 1857 impediat;
1618 1790 2072 1857 quemadmodum

2178 612 2289 662 sus,
2320 596 2410 665 qni
2435 605 2519 649 est
2553 595 2591 647 II
2623 596 2760 649 Tim.
2788 596 2958 658 xx,2I
2989 612 3003 649 :
3031 613 3048 645 ι
3075 594 3129 646 In
3158 608 3352 663 magna
3384 604 3566 648 autem
3601 594 3763 648 domo

2178 703 2283 742 non
2344 688 2516 741 solum
2565 700 2691 741 sunt
2735 702 2867 740 vasa
2903 701 3070 740 aurea
3100 696 3153 739 et
3177 696 3453 751 argentea,
3497 687 3591 740 sed
3614 693 3669 739 et
3692 683 3759 738 li-

2175 795 2311 849 gnea
2334 790 2387 833 et
2416 780 2623 843 ﬁctilia,
2646 789 2699 833 et
2720 778 2965 846 quaedam
2993 778 3210 846 quidem
3229 778 3280 830 in
3312 776 3592 841 honorem,
3614 792 3763 845 quae-

2177 869 2305 922 dam
2342 878 2521 921 autem
2556 870 2611 921 in
2648 867 3063 922 contumeliam.
3098 864 3155 919 Si
3181 866 3303 935 quis
3338 881 3470 936 ergo
3498 867 3758 919 emenda-

2175 961 2313 1012 verit
2342 972 2401 1012 se
2426 957 2495 1012 ab
2524 956 2664 1019 istis,
2695 956 2802 1011 erit
2826 970 2922 1010 vas
2961 955 3013 1008 in
3047 953 3307 1009 honorem
3335 954 3758 1023 sanctiﬁcatum,

2173 1063 2231 1107 et
2258 1050 2386 1107 utile
2413 1050 2640 1104 Domino
2665 1051 2730 1102 ad
2753 1063 2914 1102 omne
2940 1061 3078 1116 opus
3130 1048 3327 1102 bonum
3355 1058 3620 1116 paratum.
3662 1066 3683 1100 ι
3704 1047 3762 1102 Id

2175 1142 2247 1196 ita
2304 1139 2503 1209 accipit
2535 1156 2681 1194 num.
2716 1138 2827 1206 20;
2861 1140 3015 1209 quasi
3048 1140 3178 1194 solis
3218 1140 3513 1195 voluntatis
3567 1151 3766 1196 nostra:

2176 1235 2405 1295 viribus,
2429 1232 2576 1286 omni
2621 1232 2897 1287 destitutis
2927 1230 3150 1293 auxilio.
3185 1242 3535 1301 peccatorum
3575 1234 3765 1286 sordes

2175 1325 2496 1396 ptenitentia
2527 1324 2710 1378 eluere
2742 1325 3035 1393 possimus.
3059 1326 3211 1393 Quod
3234 1320 3583 1391 Pelagianam
3609 1338 3763 1393 prur-

2173 1428 2265 1467 SUS
2295 1423 2397 1468 est.

2250 1525 2392 1580 XVI.
2432 1528 2712 1583 Adversus
2744 1540 2807 1581 ea
2838 1524 3240 1580 excandescunt
3277 1524 3761 1597 Magdeburgeases

2173 1623 2316 1669 cent.
2375 1631 2456 1680 ιιι,
2490 1631 2611 1686 cap.
2645 1615 2714 1671 10
2743 1633 2758 1682 ;
2792 1616 3139 1672 excandescit
3175 1625 3229 1669 et
3274 1615 3510 1686 [prensis
3544 1618 3759 1687 praesul,

2174 1705 2228 1759 in
2268 1720 2441 1776 eaque
2478 1706 2664 1762 itidem
2704 1716 2765 1761 ut
2802 1708 2855 1762 in
2887 1707 3196 1777 superiora,
3230 1707 3429 1779 stylum
3480 1725 3638 1764 suum
3678 1711 3760 1764 di-

2174 1798 2396 1853 strinxit
2446 1808 2580 1856 tom.
2609 1798 2652 1867 Ι,
2683 1797 2778 1853 lib.
2830 1813 2886 1851 vt
2913 1839 2928 1864 ,
2965 1813 3085 1867 cap.
3129 1799 3197 1855 15
3218 1838 3235 1864 ,
3262 1800 3761 1869 demonstravitque

480 1881 655 1937 oculis
699 1882 900 1935 nostris
957 1881 1088 1936 solis
1128 1880 1307 1935 lumen
1355 1880 1714 1946 admittimus,
1748 1883 1853 1938 nisi
1885 1892 2070 1939 nostra
2102 1902 2145 1957 Β
2173 1889 2483 1959 opinionem
2528 1891 2690 1946 istam
2737 1889 3009 1959 Origenis,
3043 1892 3218 1960 ipsum
3261 1892 3405 1947 hunc
3434 1906 3558 1948 esse
3602 1908 3758 1947 erm-

480 1974 727 2029 caecitate
751 1972 1156 2041 prohibeamur.
1183 1970 1349 2027 Recte
1393 1971 1446 2025 id
1479 1972 1723 2047 quidem,
1759 1990 1882 2027 nam
1917 1984 1971 2030 et
1995 1974 2062 2029 ad

478 2072 831 2141 explieandos
869 2076 1057 2143 gratiae
1089 2073 1316 2129 effectus
1361 2074 1606 2127 eamdem
1654 2076 1881 2137 usurpat
1916 2080 2065 2120 com-

478 2165 819 2234 parationem
859 2165 1213 2235 Augustinus.
1251 2165 1451 2220 V’crum
1483 2164 1535 2219 in
1578 2160 1932 2231 sequentibus
1978 2171 2065 2212 se—

479 2255 939 2324 mipelagianizat,
973 2272 1098 2315 cunt
1130 2257 1445 2326 signiﬁcans
1474 2270 1541 2311 eo
1584 2268 1683 2308 nos
1722 2250 1913 2318 majori
1944 2249 2065 2304 luce

478 2349 852 2403 collustratnm
887 2350 977 2414 iri,
1002 2364 1110 2421 quo
1157 2349 1377 2419 propius
1394 2348 1463 2403 ad
1496 2362 1619 2402 eum
1652 2342 2059 2408 acces3erimus,

485 2461 502 2492 ι
553 2440 667 2498 Non
715 2442 964 2497 similiter
1005 2456 1207 2507 tamen,
1271 2439 1465 2508 inquit,
1514 2438 1763 2494 venimus
1821 2434 1889 2489 ad
1937 2447 2061 2488 eum

474 2548 686 2599 omnes,
712 2537 804 2589 sed
845 2535 1219 2603 unusquisque
1262 2533 1554 2587 secundum
1584 2526 1857 2599 propriam
1904 2538 2060 2579 suam

476 2627 764 2690 virtutem;
805 2645 823 2675 ι
853 2636 1046 2691 nempe
1077 2623 1338 2677 accedere
1364 2620 1431 2674 ad
1455 2618 1757 2680 Christum,
1796 2612 1879 2668 vel
1900 2612 1970 2667 ab
1994 2626 2061 2666 eo

477 2717 753 2779 recedere,
784 2717 834 2769 in
896 2725 1080 2770 nostra
1136 2715 1291 2785 ponit
1332 2720 1621 2783 potestate.
1662 2705 1865 2762 Scribit
1918 2703 2059 2757 idem

477 2821 609 2863 tom.
634 2825 687 2864 XI
722 2812 775 2863 in
801 2808 1019 2872 Matth.,
1061 2823 1211 2862 num.
1241 2805 1275 2861 5
1296 2814 1351 2861 et
1374 2799 1721 2870 6,discipulis
1752 2796 2058 2852 naviculam

474 2902 959 2958 conscendentibus
982 2941 996 2965 ,
1026 2913 1082 2956 et
1104 2901 1298 2956 deinde
1343 2897 1479 2952 mari
1515 2910 1577 2950 ac
1623 2900 1785 2948 vento
1817 2889 2058 2961 iactatis,

475 2994 721 3049 homines
754 2995 1003 3049 adversis
1042 2990 1435 3048 tentationibns
1463 2994 1804 3059 oppugnatos
1832 2980 2057 3052 signari,

471 3089 563 3155 qui
594 3104 687 3143 eas
725 3089 942 3157 quidem
972 3087 1269 3149 sustinere,
1304 3093 1361 3139 et
1385 3084 1440 3139 in
1476 3081 1713 3137 medimn
1747 3090 1899 3131 mare
1930 3089 2058 3145 pro-

473 3180 591 3248 pria
618 3181 816 3235 virtute
836 3180 1119 3250 pervenire
1154 3186 1389 3247 queant;
1418 3174 1733 3244 superiores
1761 3183 1892 3223 vero
1930 3181 2057 3222 eva-

2170 1996 2283 2035 rem
2313 1980 2733 2040 Massiliensium
2753 2024 2769 2051 ,
2798 1985 2990 2054 gratiae
3029 1984 3233 2040 Christi
3265 1984 3575 2054 capitalem.
3604 1984 3759 2052 Quod

2166 2082 2226 2127 ut
2251 2086 2437 2127 verum
2463 2088 2583 2129 esse
2609 2076 2979 2140 concedimus,
3006 2083 3061 2131 et
3082 2075 3206 2144 jure
3236 2076 3624 2146 reprehensum
3657 2077 3761 2132 hoe

2164 2166 2384 2221 nomine
2415 2165 2650 2221 fatemur
2675 2166 2988 2237 Origenem,
3016 2167 3090 2220 ita
3123 2176 3320 2237 praeter
3347 2182 3560 2237 :equum
3592 2167 3761 2223 fuisse

2164 2257 2439 2326 culpatum
2469 2259 2858 2327 pertendimus,
2883 2257 3029 2328 quod
3067 2259 3134 2313 de
3165 2260 3338 2328 gratia
3378 2260 3556 2314 divina
3585 2260 3758 2315 disse-

2166 2362 2322 2416 rens,
2353 2368 2371 2401 ι
2406 2350 2456 2403 ei
2500 2351 2915 2419 provocationes
2946 2351 3211 2405 libertatis
3237 2365 3303 2405 ac
3343 2351 3630 2405 suasiones
3657 2350 3758 2404 ιιι-ἱ-

2165 2437 2296 2492 buat
2326 2455 2341 2502 ;
2383 2458 2402 2491 ι
2438 2450 2566 2508 ριιιιι
2611 2440 2707 2494 lib.
2755 2456 2793 2495 Il
2826 2441 2968 2509 Περὶ
2995 2439 3197 2510 ἀρχῶν
3220 2480 3236 2506 ,
3260 2456 3380 2511 cap.
3407 2442 3462 2507 9,
3492 2457 3643 2496 uuln.
3670 2442 3703 2494 7
3735 2457 3752 2495 ε

2170 2545 2188 2578 ι
2236 2526 2339 2583 Per
2369 2528 2600 2597 gratiam
2632 2544 2763 2585 vero
2786 2530 3175 2586 misericordia:
3205 2547 3316 2586 suae
3346 2532 3601 2585 omnibus
3632 2546 3756 2601 pro-

2166 2618 2313 2673 videt
2346 2617 2533 2689 (Deus)
2562 2628 2728 2689 atque
2762 2636 2954 2676 omnes
2986 2623 3404 2693 quibuscunque
3423 2625 3602 2677 curari
3637 2638 3755 2693 pos-

2163 2719 2289 2762 sunt
2330 2709 2585 2765 remediis
2616 2712 2888 2777 hortatur,
2938 2724 2993 2767 et
3034 2724 3294 2782 provocat
3330 2715 3397 2768 ad
3437 2715 3687 2780 salutem,
3727 2734 3746 2766 ι

2161 2809 2212 2852 et
2239 2798 2331 2853 lib.
2361 2815 2447 2865 ιιι,
2474 2816 2593 2869 cap.
2611 2801 2666 2866 2,
2696 2818 2845 2858 num.
2874 2803 2907 2855 4
2930 2818 2944 2856 :
2967 2822 2985 2854 ι
3010 2802 3153 2858 Nihil
3184 2805 3327 2859 aliud
3352 2805 3649 2876 putandum
3668 2815 3755 2860 est

2164 2894 2415 2951 accidere
2473 2895 2631 2950 nobis
2668 2911 2735 2951 ex
2772 2896 2927 2965 ipsis,
2961 2912 3080 2966 qua:
3121 2899 3269 2953 cordi
3321 2909 3507 2955 nostro
3555 2914 3750 2970 sugge-

2164 2995 2381 3051 runtur,
2419 2986 2579 3041 bonis
2614 2986 2700 3040 vel
2732 2986 2917 3053 malis,
2951 2989 3053 3042 nisi
3100 2988 3524 3045 commotionem
3576 2989 3748 3045 solam

2159 3088 2217 3132 et
2245 3078 2678 3147 incitamentum,
2710 3094 3017 3149 provocans
3041 3095 3138 3135 nos
3169 3081 3254 3136 vel
3283 3082 3351 3135 ad
3392 3082 3531 3135 bona
3563 3083 3647 3136 vel
3681 3086 3748 3137 ad

2159 3168 2323 3223 mala.
2363 3186 2383 3220 ι
2422 3167 2517 3225 His
2550 3170 2750 3226 addere
2790 3180 3003 3241 poterat
3054 3181 3109 3225 et
3144 3172 3294 3226 illum
3325 3187 3356 3228 e
3391 3172 3487 3227 lib.
3522 3190 3537 3228 ι
3567 3175 3749 3244 aperis

473 3274 624 3334 dere,
655 3281 711 3324 et
753 3269 1059 3339 oppositam
1105 3269 1279 3338 ripam
1325 3266 1597 3334 attingere
1647 3275 1754 3317 non
1790 3258 2050 3323 valeant,
2079 3254 2127 3318 C
2157 3260 2422 3328 ejusdem,
2454 3277 2575 3332 cap.
2612 3263 2669 3329 8,
2722 3278 2874 3319 num.
2901 3264 2937 3320 '5
2967 3280 2982 3317 :
3019 3281 3039 3315 ι
3084 3264 3397 3335 Benignitas
3433 3267 3577 3321 enim
3628 3267 3746 3332 Dei,

475 3360 585 3415 nisi
634 3360 832 3415 Christi
863 3374 965 3429 ope
1016 3358 1417 3416 subleventur:
1463 3356 1516 3413 id
1560 3363 1644 3410 est
1687 3350 1813 3407 boni
1835 3349 2054 3419 quidem

474 3451 686 3506 initium
714 3467 743 3504 a
771 3450 927 3508 nobis
966 3465 1089 3507 esse
1109 3491 1125 3517 ,
1157 3451 1316 3505 ﬁnem
1362 3462 1428 3504 ac
1474 3441 1998 3502 consummationem
2025 3454 2056 3492 a

474 3540 609 3598 Deo.
663 3542 905 3612 Denique
955 3543 1053 3598 lib.
1086 3558 1117 3596 v
1144 3543 1201 3596 in
1252 3539 1427 3611 Epist.
1459 3538 1530 3591 ad
1561 3535 1742 3599 Rom,
1774 3546 1923 3587 num.
1962 3529 2053 3596 lt),

475 3651 596 3707 pag.
649 3636 800 3691 569:
837 3654 855 3688 ι
891 3635 1150 3702 Quamvis
1184 3634 1331 3690 enim
1381 3632 1639 3702 (libertas
1689 3624 1937 3694 arbitrii)
1985 3622 2059 3677 sit

471 3727 635 3783 etiam
672 3728 775 3782 ista
804 3728 973 3783 virtus
1016 3738 1073 3783 et
1114 3736 1333 3781 ntaneat
1363 3724 1416 3779 in
1449 3730 1660 3785 natura,
1686 3728 1867 3773 tamen
1901 3725 2050 3769 tanta

470 3820 755 3875 eharitatis
788 3820 868 3874 vis
891 3829 997 3885 est,
1026 3828 1087 3873 ut
1118 3818 1187 3873 ad
1216 3833 1276 3875 se
1303 3816 1485 3873 omnia
1522 3812 1720 3878 trahat,
1755 3821 2052 3876 omnesque

468 3911 570 3967 sibi
602 3912 793 3974 societ,
829 3910 1171 3980 vindicetque
1192 3910 1425 3965 virtutes
1452 3924 1467 3974 ;
1503 3904 1741 3960 maxime
1767 3915 1891 3956 cum
1916 3898 2048 3952 cha-

472 4003 647 4058 ritatis
677 4019 872 4059 causas
918 4001 1067 4072 prior
1115 4000 1278 4059 nobis
1311 3998 1522 4054 dederit
1555 3997 1719 4061 Deus,
1756 3990 1848 4060 qui
1892 3988 2053 4043 unico

465 4093 607 4151 Filio
631 4110 732 4150 suo
758 4112 868 4151 non
899 4094 1166 4166 pepercit,
1212 4092 1307 4149 sed
1342 4106 1441 4162 pro
1478 4089 1635 4145 nobis
1665 4085 1917 4143 omnibus
1945 4089 2051 4135 tra-

466 4184 604 4240 didit
632 4185 781 4239 illum
805 4186 871 4249 ⁸³,
906 4197 965 4243 et
1014 4200 1141 4240 cum
1176 4184 1269 4240 illo
1312 4181 1492 4239 omnia
1544 4179 1703 4235 nobis
1739 4171 1980 4230 donavit.
2024 4188 2044 4221 ι

466 4278 599 4343 Qua:
631 4278 703 4333 ita
737 4280 953 4348 quidem
979 4286 1197 4343 sonant,
1229 4276 1385 4347 quasi
1420 4276 1589 4330 Deum
1629 4285 1725 4340 per
1760 4266 1883 4323 Filii
1910 4278 2052 4319 mor-

467 4381 573 4425 tem
608 4372 893 4426 charitatis
928 4373 1159 4441 gratiam
1209 4371 1367 4425 nobis
1414 4367 1674 4438 largilum
1717 4363 1886 4416 fuisse
1914 4357 2050 4413 velit

464 4472 590 4518 ante
618 4478 835 4518 omnem
860 4463 1155 4521 voluntatis
1176 4471 1405 4516 motum.
1428 4462 1503 4514 At
1533 4459 1637 4512 alia
1665 4458 1824 4525 longe
1850 4451 1939 4505 hic
1970 4447 2050 4501 Ia-

466 4564 542 4611 tet
576 4555 1143 4619 sententia,nimirum
1177 4554 1344 4607 Deum
1375 4567 1472 4622 per
1498 4560 1729 4606 mortem
1759 4544 1879 4601 Filii
1911 4557 2046 4597 cau-

462 4662 551 4701 sas
578 4648 736 4703 nobis
790 4647 1025 4719 priorem
1076 4646 1310 4713 dedisse,
1340 4658 1514 4715 quare
1562 4642 1735 4713 ipsqu
1775 4637 2043 4695 charitate

461 4746 516 4795 et
561 4755 748 4794 amore
778 4753 1268 4809 prosequeremur;
1299 4737 1445 4793 hanc
1491 4747 1673 4791 autem
1718 4733 2041 4789 charitatem

460 4843 513 4888 ct
546 4848 786 4885 arnurem
826 4848 857 4885 ιι
888 4831 1043 4886 nobis
1068 4831 1329 4901 pendere.

533 4923 648 4979 XV.
685 4923 839 4979 Unde
865 4938 1025 4993 porro
1053 4925 1105 4978 in
1146 4923 1246 4977 has
1272 4922 1613 4992 opinationes
1653 4919 1917 4975 abductus
1946 4914 2036 4981 sit,

459 5018 772 5086 neutiquam
798 5016 917 5086 ipse
938 5016 1264 5080 dissimulat,
1289 5016 1383 5073 sed
1422 5029 1546 5084 cap.
1576 5014 1601 5068 I
1656 5012 1782 5067 libri
1812 5026 1870 5065 ιιι
1896 5007 2041 5077 Περὶ

456 5109 663 5181 ἀρχῶν
679 5110 864 5164 varios
896 5108 1416 5176 recitat'Scripturae
1443 5108 1617 5172 locos,
1647 5103 2041 5175 aiiesquemul-

455 5217 541 5258 tos
579 5203 656 5257 ait
684 5202 902 5258 silentio
935 5215 1054 5256 sese
1095 5198 1410 5270 praeterire,
1448 5198 1592 5256 unde
1629 5213 1851 5259 causam
1883 5210 2039 5252 suam

454 5295 767 5351 conﬁrmari
796 5274 976 5366 putat'.
998 5294 1331 5351 Persuadent
1372 5294 1448 5350 illi
1495 5294 1716 5364 quidem
1762 5292 2037 5348 hominem

453 5388 641 5441 vitium
700 5388 846 5445 inter
884 5396 939 5442 et
971 5390 1225 5443 virtutem
1253 5431 1268 5454 ,
1299 5397 1555 5453 tanquam
1612 5386 1665 5441 in
1713 5385 1858 5441 bivio
1899 5384 2039 5452 posi-

453 5489 591 5544 tum,
633 5480 699 5534 ad
756 5480 1074 5537 utrumlibet
1118 5481 1249 5537 ferri
1284 5495 1480 5550 posse,
1508 5479 1605 5535 sed
1650 5482 1723 5534 ita
1761 5488 1942 5534 tamen
1976 5486 2038 5532 ut

454 5581 662 5639 gratiae,
717 5587 824 5627 non
870 5573 1113 5643 juvantis
1164 5572 1378 5637 solum,
1414 5572 1508 5628 sed
1551 5571 1843 5627 excitantis
1872 5570 2038 5625 etiam

453 5661 752 5720 subsidium
796 5680 904 5720 non
937 5664 1260 5734 excludant;
1295 5664 1437 5735 quod
1469 5664 1536 5720 ab
1562 5663 1795 5736 Origene
1835 5662 2036 5720 factum

518 5846 559 5881 ἰ
589 5845 746 5907 llom.
773 5862 893 5911 vni.
925 5846 1011 5903 52.

2162 3354 2461 3409 secundum
2488 3357 2629 3423 quod
2661 3369 2724 3410 se
2746 3354 2968 3425 dignum
3007 3366 3111 3420 est,
3151 3367 3417 3427 provocat
3449 3359 3653 3427 omnia,
3689 3368 3748 3415 et

2158 3446 2385 3500 attrahit
2409 3445 2479 3500 ad
2513 3447 2730 3501 beatum
2773 3449 2935 3501 ﬁnem
2973 3447 3147 3515 illum,
3190 3449 3279 3505 ubi
3312 3450 3515 3507 decidit
3555 3463 3612 3508 et
3648 3468 3749 3509 au~

2161 3537 2497 3608 fugitomnis
2520 3539 2695 3607 dolor,
2728 3549 2784 3596 et
2807 3541 3048 3607 tristitia,
3087 3550 3143 3599 et
3185 3544 3439 3612 gemitus.
3485 3565 3504 3599 ι
3547 3545 3747 3601 Verum

2159 3642 2473 3698 ecquaenam
2521 3645 2714 3685 vocum
2775 3630 2990 3687 illarum
3056 3633 3346 3698 suasionis,
3387 3634 3746 3702 incitamenti,

2162 3723 2605 3791 provocationis,
2644 3723 2992 3791 hortatiouis,
3042 3724 3245 3781 invidia
3290 3735 3397 3791 est,
3434 3741 3569 3796 quas
3608 3728 3749 3784 iisve

2160 3816 2430 3872 assimiles
2483 3817 2818 3887 Augustinus
2872 3818 3154 3887 usurpavit
3193 3818 3217 3873 1'
3250 3817 3415 3874 Verbi
3467 3820 3645 3891 gratia
3690 3820 3745 3876 in

2155 3906 2297 3964 libro
2319 3908 2396 3964 De
2430 3910 2618 3979 spiritu
2648 3921 2696 3964 et
2722 3910 2916 3978 littera,
2936 3926 3057 3982 cap.
3085 3911 3155 3966 54
3182 3929 3196 3966 :
3228 3928 3247 3965 ι
3292 3909 3388 3967 His
3409 3926 3539 3983 ergo
3573 3914 3748 3969 modis

2155 4001 2376 4073 quando
2403 4000 2547 4057 Deus
2577 4003 2690 4072 agit
2718 4019 2842 4057 cum
2875 4002 3056 4059 anima
3086 4004 3359 4069 rationali,
3381 4015 3440 4059 ut
3459 4004 3509 4059 ei
3532 4006 3744 4071 credat,

2156 4108 2334 4163 neque
2369 4096 2515 4150 enim
2543 4096 2764 4151 credere
2789 4103 2967 4165 potest
3009 4095 3252 4167 quolibet
3282 4097 3456 4153 libero
3491 4098 3746 4163 arbitrio,

2153 4186 2198 4240 si
2240 4184 2386 4240 nulla
2428 4187 2500 4241 sit
2533 4184 2737 4252 suasio,
2770 4186 2857 4242 vel
2887 4188 3097 4242 vocatio
3139 4189 3226 4243 cui
3255 4190 3476 4257 credat;
3499 4189 3746 4261 profecto

2152 4289 2208 4335 et
2236 4280 2410 4349 ipsum
2443 4278 2583 4334 velle
2620 4280 2844 4336 credere
2868 4282 3007 4338 Deus
3031 4292 3290 4355 operatur
3321 4283 3373 4337 in
3414 4282 3658 4349 homine,
3685 4290 3744 4339 et

2152 4372 2207 4426 in
2240 4372 2493 4427 erunibus
2525 4372 2896 4428 misericordia
2923 4374 3040 4447 ejus
3062 4375 3325 4443 praevenit
3353 4390 3452 4431 nos
3474 4390 3488 4429 :
3508 4390 3741 4430 consen-

2154 4465 2257 4518 tire
2290 4474 2470 4521 autem
2505 4465 2776 4520 vocationi
2816 4465 2934 4531 Dei,
2961 4468 3044 4522 vel
3065 4467 3133 4521 ab
3168 4482 3231 4522 ea
3264 4465 3577 4532 dissentire,
3600 4467 3743 4523 sicut

2150 4557 2284 4622 dixi,
2314 4557 2548 4628 propriae
2590 4557 2890 4614 voluntatis
2926 4570 3031 4614 est.
3072 4578 3091 4615 ›
3128 4560 3232 4616 Ubi
3286 4559 3520 4614 notanda
3563 4559 3740 4613 obiter

2148 4659 2385 4717 potestas
2407 4648 2496 4704 illa
2523 4648 2815 4703 voluntatis
2853 4650 2921 4705 ad
2946 4651 3389 4706 consentiendum
3416 4649 3499 4705 vel
3528 4648 3741 4704 dissen-

2144 4742 2404 4808 tiendum,
2425 4759 2585 4815 quam
2610 4759 2771 4816 supra
2799 4745 3100 4799 tuebamur.
3138 4743 3268 4799 Item
3305 4743 3481 4814 capite
3500 4744 3686 4799 eodem
3719 4762 3735 4799 :

2150 4854 2169 4887 ι
2195 4834 2313 4891 Jam
2329 4838 2375 4893 si
2394 4838 2459 4891 ad
2480 4838 2626 4893 illam
2648 4838 3071 4910 profunditatem
3088 4837 3432 4892 scrutandam
3447 4836 3736 4907 quisquam

2144 4942 2243 4983 nos
2304 4941 2567 4997 coarctet,
2614 4948 2712 4986 cur
2753 4930 2827 4986 iiIi
2866 4932 2937 4985 ita
2970 4928 3283 4993 suadeatur,
3319 4936 3378 4983 ut
3404 4929 3734 4998 persuadea—

2147 5032 2263 5089 tur;
2298 5022 2372 5077 ilIi
2404 5033 2583 5078 autem
2606 5040 2713 5080 non
2739 5026 2812 5079 ita
2845 5023 2952 5077 duo
2979 5020 3093 5079 sola
3122 5030 3418 5076 occurrunt
3446 5021 3685 5085 interim,
3710 5039 3731 5072 ι

2144 5122 2249 5169 etc.
2275 5113 2406 5185 Quae
2436 5130 2607 5182 pauca
2650 5119 2715 5172 de
2761 5116 2946 5172 multis
2980 5115 3208 5187 seligere
3251 5115 3384 5169 satis
3422 5113 3734 5173 habuimus.

2214 5203 2374 5258 XVII.
2406 5203 2621 5260 Modum
2649 5207 2863 5261 tandem
2898 5222 3161 5276 ponemus
3184 5205 3310 5260 huic
3335 5204 3729 5271 dissertationi,

2143 5298 2197 5352 in
2221 5297 2472 5367 Origenis
2506 5298 2745 5353 favorem
2776 5301 2909 5355 illud
2938 5302 3199 5355 iterantes
3228 5299 3370 5370 quod
3402 5314 3565 5366 supra
3595 5299 3727 5352 atti-

2143 5390 2342 5459 gimus,
2376 5403 2711 5458 quaecunque
2750 5391 2817 5445 ad
2853 5390 3236 5445 declarandam
3273 5388 3392 5459 ejus
3422 5390 3732 5460 opinionem

2149 5480 2475 5535 adduximus
2513 5496 2543 5534 e
2585 5482 2737 5535 libris
2779 5498 2809 5536 a
2855 5482 3051 5537 Ruﬁno
3096 5483 3502 5548 interpretatis,
3538 5496 3732 5550 parum

2145 5572 2245 5640 ipsi
2282 5571 2654 5641 prtejudicarc.
2688 5572 3021 5643 Interpolare
3062 5575 3208 5628 enim
3240 5574 3423 5628 omnia
3474 5572 3731 5641 Rufinus,

2146 5678 2487 5736 quascunque
2552 5666 2793 5736 suscepit
2846 5666 3252 5737 interpretanda
3309 5681 3480 5735 eaque
3531 5673 3731 5735 praeter
