4160 6422
407 400 515 455 953

1192 397 1769 456 ORIGENIANORUM
1808 399 1934 466 LIB,
1979 400 2038 456 Il.
2077 402 2231 457 CAP.
2271 402 2334 467 ll,
2376 399 2655 467 QUAEST.
2697 398 2805 454 VII.

3557 398 3665 453 954

404 530 683 575 auctorum
730 520 1052 574 sententiam
1084 520 1292 573 detorta
1312 561 1327 586 ,
1358 523 1425 575 ad
1460 537 1556 576 sua
1601 523 1850 594 dogmata
1883 539 1978 579 ac-
2008 533 2053 586 Α
2084 536 2296 578 textura
2324 523 2729 594 responsionem
2756 521 3060 590 lnqusmodi
3084 518 3662 590 facilepatitur,quatn

404 610 750 663 commodare
775 609 1016 663 solemne
1036 610 1225 663 habuit
1246 627 1261 674 ;
1282 612 1421 665 male
1442 621 1619 668 autem
1638 614 1705 667 de
1733 615 1979 671 libertate

405 699 615 755 arbitrii
663 701 895 754 sensisse
926 702 1097 768 ipsum
1128 702 1285 756 fidem
1311 703 1437 757 facit
1464 705 1753 759 concilium
1777 705 1979 761 Roma-

407 808 535 846 num
560 792 898 860 setnnaginta
923 794 1295 862 episcoporum
1322 814 1335 849 :
1363 814 1383 847 ι
1408 795 1637 851 Ruﬁnus
1658 799 1739 851 vir
1764 798 1979 868 religio-

406 902 500 939 sus
534 886 795 953 plurimos
818 885 1179 941 ecclesiastici
1214 890 1396 957 operis
1414 890 1590 944 edidit
1622 891 1824 947 libros:
1851 907 1982 946 non-

406 978 579 1031 nullas
606 978 771 1031 etiam
806 976 1121 1048 Scripturas
1146 980 1528 1050 interpretatus
1558 992 1641 1036 est
1670 999 1685 1035 :
1722 984 1815 1038 sed
1840 998 1979 1053 quo-

407 1072 547 1122 niam
589 1070 782 1125 beatus
817 1068 1177 1142 Hieronytmts
1208 1073 1263 1125 in
1296 1072 1561 1142 aliquibus
1592 1090 1715 1129 eum
1735 1074 1981 1131 deliber-

407 1172 531 1215 tate.
559 1162 1154 1230 arbitrii.notavit,illa
1194 1167 1463 1221 sentimus
1504 1180 1629 1235 quae
1664 1168 1980 1236 praedictum

405 1253 617 1307 beatum
649 1252 1039 1327 Hieronymum
1070 1253 1274 1310 sentire
1296 1258 1697 1326 cognoscimus.
1722 1276 1741 1309 ι
1780 1257 1983 1312 Recor-

403 1344 639 1398 dandum
663 1356 924 1414 praeterea
955 1356 1042 1401 est
1058 1358 1183 1403 ante
1203 1346 1402 1416 Pelagii
1429 1358 1668 1417 tempora
1704 1350 1896 1405 leviter
1919 1367 1983 1407 ac

402 1434 771 1503 perfunctorie
815 1439 1144 1506 quaastiones
1183 1441 1302 1495 illas
1336 1443 1401 1496 de
1449 1442 1700 1497 libertate
1742 1445 1980 1511 arbitrii,

402 1530 576 1598 deque
603 1534 777 1600 gratia
802 1533 1033 1600 Christi,
1065 1544 1119 1589 et
1158 1536 1631 1605 pradestinatione
1669 1536 1836 1594 fuisse
1872 1548 1983 1592 tra-

404 1633 619 1689 ctatas;
648 1626 982 1696 proindeque
1011 1628 1061 1681 in
1107 1642 1167 1682 re
1205 1630 1464 1695 obscura,
1507 1646 1683 1701 neque
1722 1633 1856 1688 satis
1884 1631 1984 1688 Ec-

400 1712 579 1767 clesia:
630 1715 1038 1771 deﬁnitionibus
1078 1717 1346 1773 illustrata
1378 1722 1645 1789 cespitare
1678 1733 1984 1793 promptum

402 1804 588 1860 fuisse.
614 1806 887 1861 Addemus
911 1818 965 1862 et
991 1808 1143 1876 illud,
1176 1827 1366 1879 purum
1386 1822 1571 1881 putum
1600 1813 1985 1888 Scinipelagia-

2083 618 2422 687 Origcuianae
2458 624 2753 670 contextus
2784 614 3009 669 omnino
3043 612 3265 682 respuit.

2154 710 2328 776 Atque
2362 710 2416 762 id
2460 708 2640 762 obstat
2683 706 2979 776 quominus
3025 706 3091 758 ad
3138 703 3362 757 tutelam
3412 702 3665 772 Origenis

2084 802 2378 871 quidquam
2409 802 2714 855 conducant
2741 798 2939 854 selecta
2958 799 3204 867 quaedam
3230 799 3371 857 loca.
3394 797 3665 866 inquibus

2084 896 2272 963 gratia:
2296 893 2490 947 divina:
2515 892 2768 947 meritum
2796 906 2864 946 ac
2891 891 3206 958 dignitatem
3230 889 3489 955 praetore
3512 889 3660 941 vide-

2087 998 2176 1039 tur
2204 999 2585 1055 propugnare:
2618 982 2922 1052 cuiusmodi
2953 981 3040 1035 ille
3061 992 3198 1035 este
3226 982 3321 1035 lib.
3351 996 3366 1033 ι
3400 979 3541 1048 Περὶ
3566 981 3667 1048 ἀρ-

2086 1070 2232 1144 χῶν,
2260 1089 2381 1144 cap.
2419 1077 2473 1141 8,
2502 1089 2655 1129 ιιιιιιι.
2689 1073 2746 1137 5,
2787 1072 2877 1127 ubi
2906 1073 3113 1127 fontem
3137 1086 3259 1127 esse
3278 1072 3447 1125 totius
3472 1073 3668 1124 sancti-

2089 1164 2215 1219 tatis
2237 1163 2499 1232 Spiritum
2524 1171 2770 1218 sanctum
2798 1162 3014 1226 asserit,
3040 1177 3106 1216 ex
3126 1176 3301 1230 coque
3323 1162 3667 1215 sanctitatem

2090 1257 2366 1323 accepisse
2397 1254 2657 1323 quidquid
2683 1264 2927 1308 sanctius:
2948 1262 3030 1307 est
3055 1271 3069 1307 :
3100 1272 3119 1306 ε
3142 1252 3405 1308 Similiter
3432 1266 3666 1322 quoque.

2088 1347 2285 1416 inquit,
2317 1355 2371 1401 et
2394 1355 2583 1399 natura
2610 1343 2845 1415 Spiritus
2872 1344 3042 1398 sancti
3065 1359 3186 1413 quae
3213 1352 3399 1398 sancta
3425 1353 3530 1405 est,
3560 1359 3665 1397 non

2091 1442 2281 1510 recipit
2308 1440 2650 1511 pollutionem
2697 1458 2712 1495 :
2756 1437 3076 1493 naturaliter
3099 1438 3266 1502 enim,
3301 1437 3383 1491 vel
3419 1436 3669 1492 substan-

2092 1533 2293 1587 tialiter
2314 1542 2511 1587 sancta
2547 1538 2653 1585 est.
2690 1529 2747 1585 Si
2780 1546 2886 1600 qua
2914 1540 3095 1584 autem
3120 1528 3223 1582 alia
3254 1538 3444 1581 natura
3476 1536 3668 1582 sancta

2091 1632 2195 1689 est,
2224 1639 2292 1678 ex
2346 1622 2713 1691 assumptione
2758 1622 2883 1685 hoc,
2917 1619 3000 1675 vel
3046 1619 3396 1689 inspiratione
3434 1618 3669 1687 Spiritus

2092 1715 2264 1772 sancti
2295 1714 2458 1769 habet
2485 1722 2543 1767 ut
2575 1712 2964 1775 sanctificetur,
3001 1727 3106 1766 non
3127 1726 3192 1766 ex
3218 1726 3315 1766 sua
3350 1719 3542 1767 natura
3565 1709 3670 1765 hoc

2093 1804 2397 1876 possidens,
2424 1804 2519 1857 sed
2552 1803 2805 1859 accidens
2835 1802 2973 1858 sibi:
3008 1812 3236 1872 propter
3264 1801 3406 1871 quod
3436 1810 3491 1856 et
3514 1799 3669 1854 duci-

401 1896 633 1951 nismmn
663 1898 731 1952 de
758 1900 1153 1967 gratiaedivinze
1184 1904 1386 1957 auxilio
1420 1905 1778 1962 disserentem
1796 1885 1985 1979 Orige-

2086 1899 2215 1951 dere
2263 1904 2438 1964 potest
2477 1896 2618 1964 quod
2651 1895 2869 1949 accidit.
2912 1912 2931 1947 ι
2968 1891 3181 1964 Insigne
3214 1894 3378 1948 etiam
3414 1900 3498 1946 est
3525 1890 3670 1961 quod

401 2005 522 2041 nem
541 1990 842 2058 prodidisse
862 1993 1079 2061 quidem
1097 2009 1112 2059 ;
1129 2009 1158 2048 a
1183 1993 1574 2065 Pelagianismo
1593 2013 1743 2061 vero,
1758 2002 1847 2068 qui
1872 2012 1983 2055 tum

402 2080 528 2134 honi
558 2083 958 2150 susceptionem
987 2087 1193 2154 operis,
1227 2101 1336 2141 tum
1370 2092 1531 2143 etiam
1570 2092 1981 2158 perfectionem,

395 2170 554 2226 liberi
580 2173 792 2229 arbitrii
822 2190 885 2230 ac
920 2187 1125 2234 natura:
1158 2180 1363 2235 viribus
1410 2182 1634 2249 tribuit,
1664 2185 1827 2240 fuisse
1852 2186 1985 2240 alie-

400 2281 561 2330 num;
596 2282 772 2336 eoque
815 2269 867 2323 in
904 2271 1178 2341 aliquibus
1223 2282 1455 2340 tantum,
1498 2291 1603 2329 non
1640 2277 1691 2331 in
1730 2279 1982 2334 omnibus

396 2356 571 2410 fuisse
595 2357 851 2412 infectum
882 2378 895 2426 ;
937 2361 1272 2431 nimiumque
1314 2364 1508 2431 videri,
1537 2367 1681 2436 quod
1710 2377 1816 2421 tam
1839 2384 1981 2438 smpe

390 2446 618 2514 iactavit
648 2450 702 2504 in
735 2466 857 2504 eum
889 2453 1121 2521 lprensis
1148 2458 1458 2527 episcOpus,
1496 2476 1516 2510 ι
1548 2458 1678 2513 nihil
1707 2461 1977 2527 pernicio-

396 2552 516 2590 sum
550 2537 960 2609 Pelagianorum
1004 2547 1207 2615 scripta
1240 2548 1518 2617 praeferre,
1545 2551 1689 2619 quod
1726 2568 1832 2606 non
1862 2551 1981 2607 Ori-

395 2641 560 2694 genes
613 2628 936 2687 lnculentius
980 2635 1433 2703 praefurmaverit,
1465 2640 1831 2711 audaciusque
1852 2656 1978 2712 pro.

395 2718 599 2773 tulerit.
630 2739 650 2771 ο

468 2900 622 2967 Quod
651 2903 696 2956 si
731 2902 1179 2975 Semipelagiana:
1220 2909 1482 2967 doctrinm
1518 2910 1720 2969 leviora
1747 2915 1977 2986 sparsis-

395 3001 481 3047 set
504 2995 711 3049 semina
754 2994 1062 3065 Origenes,
1095 3000 1352 3067 prodesse
1397 3001 1472 3055 illi
1518 3003 1744 3057 forsitan
1794 3018 1976 3075 posset

397 3084 801 3141 animadversio
860 3090 995 3156 haec,
1051 3090 1272 3144 Patrum
1320 3097 1646 3150 auctoritate
1704 3098 1969 3163 suffulta;

393 3175 605 3232 etiamsi
630 3179 800 3245 gratia
821 3189 970 3237 recte
994 3181 1149 3236 factis
1176 3183 1452 3237 hominum
1477 3188 1771 3256 promerita
1802 3202 1974 3257 quan-

396 3271 572 3338 doque
600 3272 832 3339 dicatur,
852 3288 959 3328 non
986 3289 1202 3345 semper
1227 3287 1404 3332 tamen
1427 3278 1638 3332 est-ludi
1667 3280 1827 3334 aliam
1853 3295 1979 3351 gra-

395 3360 526 3412 tiam
593 3364 1031 3430 antecedentem,
1076 3366 1232 3436 cujus
1271 3366 1474 3422 auxilio
1528 3368 1774 3425 homines
1832 3380 1980 3426 recte

392 3463 662 3519 egerunt;
697 3455 791 3509 sed
842 3456 1021 3511 minus
1076 3460 1308 3526 spectari
1361 3459 1599 3529 priorem
1635 3462 1804 3528 illam,
1835 3462 1978 3533 quod

395 3562 425 3601 a
462 3545 654 3601 salutis
682 3547 1062 3617 impetratione
1102 3551 1364 3611 remotior
1401 3552 1473 3606 sit
1513 3569 1677 3623 quam
1712 3555 1980 3624 posterior

394 3638 586 3702 altera,
614 3638 744 3693 licet
772 3642 839 3693 ad
896 3656 1017 3696 eam
1053 3645 1489 3712 consequendam
1540 3646 1849 3702 necessaria
1884 3647 1977 3702 sit.

394 3729 575 3785 Facile
600 3730 800 3786 solutio
827 3732 943 3788 haec
966 3733 1215 3801 plurimis
1242 3735 1550 3791 Adamantii
1579 3739 1864 3795 sententiis
1889 3756 1980 3796 ac-

392 3823 850 3887 commodaretur,
878 3825 1156 3894 in-quihus
1193 3827 1422 3895 gratiam
1445 3844 1511 3883 ex
1553 3833 1979 3899 praecedentibus

394 3913 607 3968 meritis
632 3915 865 3970 derivat.
899 3916 1214 3987 Cujnsmodi
1247 3917 1377 3972 illud
1413 3928 1515 3984 est,
1556 3922 1699 3991 quod
1728 3936 1849 3977 mox
1879 3925 1978 3977 ad-

393 4003 649 4059 duximus
681 4021 694 4056 :
732 4023 750 4056 ο
784 4007 949 4060 Deum
1004 4022 1124 4075 quae
1162 4008 1320 4078 digna
1370 4019 1498 4063 sunt
1549 4010 1978 4068 sanctiﬁcatione

392 4094 767 4162 sanctiﬁcare,
807 4097 1044 4165 Spiritus
1070 4101 1243 4155 sancti
1282 4100 1513 4166 gratiam
1546 4101 1724 4171 dignis
1755 4114 1980 4172 praesta-

394 4188 467 4250 ri,
511 4205 531 4239 ι
565 4189 890 4258 respondere
922 4188 1121 4260 quippe
1149 4199 1456 4261 promptum
1486 4203 1772 4258 esset,eos
1806 4193 1978 4264 Spiri-

394 4284 483 4331 tus
513 4279 686 4333 sancti
713 4281 885 4349 gratia
917 4290 971 4335 et
1009 4281 1439 4338 sanctificatione
1474 4300 1597 4340 esse
1626 4286 1835 4354 dignos,
1884 4287 1974 4356 qui

392 4381 493 4436 per
523 4373 934 4426 antecedentem
968 4371 1196 4443 gratiam
1223 4375 1368 4445 digni
1406 4375 1533 4430 facti
1560 4387 1706 4432 sunt.
1739 4376 1868 4432 Tale
1894 4388 1978 4433 est

396 4464 502 4516 hoc
530 4462 814 4532 Augustini
856 4466 1016 4534 epist.
1055 4465 1145 4530 49,
1178 4468 1246 4521 ad
1303 4467 1641 4538 Deogratias,
1670 4480 1862 4539 quiest.
1895 4471 1931 4525 2
1959 4489 1972 4525 :

2084 1989 2161 2041 ait
2184 1986 2277 2041 lib.
2310 2002 2366 2041 tu
2394 1986 2533 2055 Περὶ
2559 1983 2783 2054 ἀρχῶν,
2806 2000 2924 2053 cap.
2951 1985 3005 2050 2,
3036 2000 3184 2040 num.
3210 1985 3263 2048 5,
3290 1993 3536 2039 naturam
3564 1983 3667 2037 hil-

2085 2094 2300 2131 manant
2330 2077 2619 2132 contrariis
2644 2078 3005 2145 potestatibus
3027 2077 3196 2133 obniti
3223 2078 3439 2146 propria
3464 2077 3511 2131 vi
3536 2092 3669 2131 ncu-

2086 2165 2287 2232 tiquatn
2316 2178 2496 2233 posse,
2526 2173 2584 2217 at
2621 2164 2713 2217 Dei
2737 2163 3026 2218 subnixam
3052 2166 3255 2220 auxilio
3285 2165 3517 2236 impetus
3552 2166 3669 2222 illa-

2086 2269 2202 2309 rum
2236 2251 2396 2306 facile
2420 2249 2729 2307 exsuillare.
2769 2251 2887 2307 Non
2918 2253 3097 2310 minus
3128 2256 3213 2324 pie
3241 2255 3308 2309 de
3335 2257 3506 2325 gratia
3531 2257 3670 2310 divi-

2083 2360 2148 2398 na
2180 2344 2397 2398 disserit
2445 2343 2593 2400 hom.
2642 2345 2696 2398 in
2735 2344 2928 2414 psalm.
2974 2360 3047 2411 tv,
3084 2363 3208 2416 pag.
3239 2346 3363 2413 57l,
3389 2348 3463 2399 Οὐ
3509 2348 3669 2418 μόνον

2078 2434 2256 2489 τοίνυν
2280 2438 2361 2498 εἰς
2395 2436 2457 2488 τὸ
2490 2435 2651 2490 καλὸν
2685 2440 2782 2491 καὶ
2813 2436 3019 2507 ἀγαθὸν
3052 2438 3329 2507 γενέσθαι,
3378 2439 3539 2510 χρεία
3573 2439 3668 2493 καὶ

2076 2528 2175 2599 τῆς
2232 2528 2603 2600 προαιρέσεως
2663 2532 2763 2600 τῆς
2828 2531 3143 2603 ἡμετέρας,
3205 2532 3298 2586 καὶ
3361 2533 3462 2603 τῆς
3518 2532 3667 2597 θείας

2078 2622 2403 2691 συμπνοίας,
2422 2624 2541 2692 ἥτις
2563 2622 2714 2675 ἐστὶν
2735 2622 2812 2685 ὡς
2836 2623 2971 2694 πρὸς
2990 2625 3137 2695 ἡμᾶς
3160 2625 3520 2697 ἀπροαίρετος
3534 2643 3546 2656 ·
3572 2626 3667 2680 ἁλι

2076 2714 2145 2767 λὰ
2191 2715 2286 2768 καὶ
2318 2716 2400 2779 εἰς
2427 2715 2491 2767 τὸ
2522 2715 2814 2784 γενόμενον
2841 2715 3003 2769 καλὸν
3040 2717 3137 2770 καὶ
3165 2718 3369 2786 ἀγαθὸν
3395 2719 3667 2788 διαμεῖναι

2075 2807 2133 2860 ἐν
2163 2810 2229 2880 τῇ
2258 2809 2449 2881 ἀρετῇ.
2486 2809 2587 2865 Ubi
2637 2826 2742 2864 non
2791 2809 2858 2864 ad
2900 2810 3237 2864 retinendam
3286 2811 3458 2865 solum
3499 2813 3669 2865 virtu—

2078 2911 2206 2965 tem,
2246 2903 2341 2956 sed
2382 2901 2448 2956 ad
2476 2903 2859 2970 capessendam
2890 2901 3078 2963 etiam,
3125 2901 3363 2955 divinam
3385 2916 3542 2971 opem
3582 2917 3667 2956 re-

2075 2993 2214 3059 quiti
2249 2994 2439 3048 docet-
2464 2994 2529 3048 Et
2584 2994 2773 3049 homil.
2808 2994 2843 3048 4
2888 2995 2945 3048 in
2972 2994 3166 3058 psalm.
3213 3009 3401 3059 xxxvi,
3436 3009 3583 3047 num.
3606 2993 3665 3057 9.,

2071 3097 2195 3151 pag.
2227 3082 2331 3137 672
2357 3100 2373 3139 :
2402 3101 2420 3134 ι
2457 3083 2616 3139 Vides
2642 3098 2773 3152 ergo
2813 3084 2939 3152 quia
2974 3083 3186 3137 Domini
3218 3098 3431 3151 seraper
3459 3084 3667 3137 auxilio

2080 3174 2403 3243 indigemus,
2434 3174 2610 3243 primo
2632 3190 2703 3229 ne
2730 3175 3022 3239 cadamus;
3057 3184 3167 3228 tum
3195 3174 3388 3228 deinde
3417 3175 3579 3228 etiam
3617 3174 3666 3229 si

2080 3267 2478 3333 cecideritnus,
2535 3278 2594 3320 ut
2665 3281 3027 3336 resurgamus.
3076 3285 3095 3317 ι
3151 3265 3285 3321 Item
3330 3278 3463 3320 tom.
3519 3280 3556 3321 x
3610 3267 3667 3319 in

2081 3358 2299 3422 Mallia,
2329 3374 2478 3413 num.
2506 3359 2562 3420 6.
2591 3374 2718 3429 pag.
2749 3360 2876 3425 ΗΒ,
2899 3360 3173 3416 doceteos
3194 3359 3284 3428 qui
3317 3359 3561 3413 dimissis
3586 3356 3668 3412 fa-

2079 3458 2378 3512 cultatibus
2427 3458 2543 3512 suis
2575 3458 2850 3512 Christum
2883 3466 3206 3527 sequuntur,
3254 3458 3357 3511 hoc
3382 3454 3667 3510 consilium

2081 3548 2378 3603 auxiliante
2434 3547 2542 3602 Deo
2598 3548 2927 3618 suscepisse.
2983 3546 3074 3604 Sic
3115 3561 3243 3601 vero
3276 3546 3468 3602 scribit
3506 3554 3666 3601 tract.

2078 3657 2222 3695 xxxv
2250 3642 2305 3695 in
2335 3640 2553 3706 ﬂatile,
2590 3657 2741 3695 num.
2775 3641 2864 3705 88,
2896 3656 3024 3712 pag.
3052 3640 3158 3697 900
3188 3656 3205 3696 :
3238 3659 3257 3692 ι
3302 3639 3407 3695 Per
3438 3641 3543 3695 hoc
3571 3653 3669 3694 au-

2078 3743 2190 3788 tem
2234 3732 2576 3798 instruitnur,
2624 3743 2682 3786 ut
2728 3748 3004 3802 nunquam
3058 3732 3178 3787 sine
3229 3732 3669 3788 consideratione

2076 3826 2283 3896 aliquid
2308 3826 2688 3895 promittamus
2717 3840 2878 3895 super
2904 3826 3272 3880 habitudinem
3298 3835 3540 3879 nostram
3568 3826 3668 3879 hu-

2080 3934 2319 3983 manam,
2349 3919 2506 3988 quasi
2532 3917 2624 3986 qui
2653 3918 2933 3974 valeamus
2964 3916 3167 3973 Christi
3207 3918 3430 3987 implere
3450 3917 3669 3972 confes-

2077 4011 2309 4076 sionem,
2332 4026 2401 4065 ex
2444 4013 2623 4079 nobis,
2658 4018 2751 4065 aut
2791 4010 2997 4079 aliquid
3034 4019 3426 4079 praeceptorum
3468 4008 3601 4075 Dei;
3638 4026 3660 4062 δ

2078 4112 2193 4157 tum
2245 4102 2323 4156 ait
2346 4101 2609 4169 {debuisse
2643 4102 2865 4156 Petrum
2906 4101 3180 4169 postulare
3207 4116 3237 4155 a
3272 4102 3381 4155 Deo
3406 4101 3665 4171 gratiam,

2076 4205 2139 4250 ut
2198 4193 2553 4250 offensionem
2599 4194 2775 4266 passis
2818 4193 3018 4249 Christi
3072 4193 3376 4264 discipulis,
3416 4193 3530 4261 ipse
3558 4208 3666 4247 non

2074 4291 2371 4351 pateretur.
2402 4281 2520 4353 (45)
2542 4282 2613 4337 At
2642 4282 2937 4337 credidisse
2952 4281 3237 4353 Origeuem
3271 4281 3473 4337 scimus
3492 4299 3557 4338 ex
3580 4298 3667 4338 re-

2078 4378 2351 4447 liquorum
2372 4377 2541 4444 ipsius
2566 4378 2906 4432 decretorum
2928 4375 3519 4443 connexioneLPetrum
3539 4390 3666 4445 pro.

2078 4471 2199 4541 prin
2226 4469 2525 4525 voluntatis
2570 4480 2715 4524 motu
2749 4469 2982 4539 gratiam
3014 4470 3154 4524 hanc
3179 4469 3501 4538 postulasse,
3540 4483 3665 4522 cunt

400 4569 421 4601 ι
456 4550 616 4607 Salus
656 4554 932 4623 religionis
963 4556 1151 4626 hujus,
1178 4574 1272 4627 per
1294 4575 1453 4628 quam
1480 4562 1650 4614 solam
1678 4577 1857 4617 veram
1887 4578 1972 4618 sa-
2001 4568 2048 4627 D
2076 4578 2144 4618 ne
2203 4562 2429 4632 gratiam
2489 4561 2705 4632 quidem
2762 4562 2966 4630 absque
3024 4562 3236 4628 praevia:
3282 4559 3470 4631 εῐθιίειε
3514 4559 3667 4626 adi“-

397 4641 480 4696 lus
529 4658 682 4709 vera,
714 4649 1093 4718 veraciterque
1147 4652 1498 4718 promittitur,
1552 4653 1679 4706 nulli
1733 4669 1970 4724 unquam

390 4735 568 4790 defuit
618 4738 711 4807 qui
759 4740 953 4809 dignus
985 4741 1125 4809 fuit;
1173 4754 1229 4798 et
1275 4746 1359 4799 cui
1398 4746 1602 4811 defuit,
1635 4748 1830 4817 dignus
1866 4766 1971 4805 non

388 4824 536 4894 luit;
579 4847 599 4881 ο
628 4839 687 4884 et
720 4830 847 4883 illud
873 4831 1248 4903 Chrysostomi
1274 4836 1459 4893 hontil.
1499 4838 1565 4892 16
1606 4839 1658 4892 in
1690 4839 1861 4908 Epist.
1903 4841 1972 4893 ad

394 4919 569 4984 Rom.,
599 4923 727 4984 τοὺς
750 4922 981 4989 ἀξίουςὸ
1022 4926 1153 4988 Θεὸς
1187 4922 1295 4980 οἶδε
1336 4927 1526 4998 μόνος·
1556 4950 1573 4981 ‹
1616 4932 1774 4987 Solus
1838 4934 1975 4988 Deus

392 5013 540 5067 novit
570 5013 662 5082 qui
691 5015 838 5085 digni
863 5026 1047 5070 sunt.»
1074 5020 1180 5072 Sed
1211 5019 1432 5074 Patrum
1468 5021 1683 5076 illorum
1713 5023 1978 5081 doctrinm

464 5154 577 5225 (45)
604 5157 671 5236 At
704 5158 987 5212 credidisse
1018 5158 1293 5236 Origenem
1322 5164 1515 5236 scimus
1555 5180 1619 5218 ea:
1658 5166 1977 5236 reliquorum

393 5227 558 5303 ipsius
584 5231 910 5303 decretorum
934 5233 1275 5303 connexione,
1307 5232 1525 5287 Petrum
1551 5227 1980 5303 proprio'volun-

393 5298 519 5375 tutis
550 5307 692 5375 mota
723 5299 947 5364 gratiam
979 5298 1120 5375 _hunc
1149 5304 1458 5375 postulasse,
1491 5298 1610 5357 cum
1644 5298 1711 5359 ire
1750 5310 1975 5375 gratiam

391 5366 603 5444 quidem
628 5369 1035 5446 absqneprweiw
1050 5366 1236 5446 gratia:
1254 5373 1322 5425 ad
1318 5366 1557 5442 jumento
1573 5366 1778 5443 postulo
1788 5393 1841 5428 re
1857 5393 1978 5446 pos-

393 5438 581 5513 simus.
623 5435 783 5513 Certe
820 5435 1200 5513 [incrementis
1247 5435 1868 5513 gratiaenecessitatetn'
1907 5449 1973 5502 ad

393 5507 686 5570 orandum,
724 5508 944 5578 disertis
989 5512 1172 5565 verbis
1222 5507 1386 5567 tradit
1433 5512 1695 5578 Origenes
1758 5516 1852 5570 lib.
1899 5519 1974 5571 De

395 5588 672 5658 erraticum.
714 5592 864 5658 inim.
908 5576 990 5657 2,.
1022 5594 1146 5649 pag.
1206 5584 1308 5658 19$)
1361 5600 1396 5658 :_
1608 5585 1736 5658 γὰρ,
1789 5590 1987 5656 inquit,

396 5644 806 5728 Bovatat‘ﬁptbv
841 5649 870 5699 ὁ
902 5644 1485 5728 νοῦςίτξβοσεύξασθᾳι,
1515 5644 1986 5728 ὲᾲίμῆλπρὸάὑλ

396 5716 490 5797 ξοῦ
523 5716 583 5769 τὸ
607 5716 1243 5797 Πινμεῦμᾳιπροσεύξῂτᾳξ,
1275 5716 1437 5777 οἱονεὶ
1454 5726 1514 5797 ἐν
1542 5716 1770 5797 (amixtio)
1794 5716 1977 5781 ὰύτοῦ·

395 5784 584 5869 ὥσπερ
606 5788 729 5869 οὐδε
948 5790 1041 5869 καὶ
1063 5784 1351 5869 εῆρύθμως
1382 5796 1475 5869 καὶ
1499 5784 1758 5869 appetat;
1777 5799 1870 5851 καὶ
1892 5801 1981 5869 ἐμ-

395 5857 613 5930 μέτρως
650 5861 741 5913 καὶ
774 5860 1081 5932 συμφώνως
1107 5857 1344 5938 ξδ’μνῆσαι
1371 5867 1459 5921 τὸν
1483 5857 1809 5942 Πὰὲέραςέν
1847 5857 1978 5941 KP".-

2082 4667 2267 4711 meuto
2317 4655 2590 4725 postulare
2627 4655 2896 4724 possimus
2923 4692 2941 4710 .
3003 4654 3329 4709 Prteclarum
3380 4668 3596 4721 quoque
3633 4668 3666 4707 c

2080 4759 2211 4803 tom.
2270 4764 2419 4802 xxxtt
2485 4747 2540 4800 in
2586 4746 2776 4813 10am,
2825 4761 2976 4801 nunt.
3031 4747 3089 4809 6,
3129 4761 3251 4816 pag.
3293 4745 3400 4799 M5
3433 4762 3449 4798 :
3480 4744 3664 4814 Χωρὶς

2076 4840 2189 4911 γὰρ
2227 4838 2401 4911 Ἰησοῦ
2432 4836 2607 4902 οὐδεὶς
2648 4836 2801 4910 παρά
2827 4836 2963 4891 Θεοῦ
3005 4836 3244 4907 καθαρὸς
3284 4837 3516 4905 γίνεται,
3561 4834 3665 4888 κᾶν

2081 4933 2190 5005 πρὸ
2213 4932 2380 4986 αὐτοῦ
2404 4931 2635 5003 νομισθῇ
2666 4932 2758 4985 διά
2781 4947 2928 4996 τινος
2960 4932 3275 5003 ἐπιμελείας
3302 4931 3467 4985 αὑτὸν
3491 4930 3663 4984 καθα-

2080 5027 2176 5098 ρδν
2198 5026 2584 5097 πεποιηκέναι.
2625 5025 2775 5091 Quod
2814 5035 2997 5081 autem
3041 5026 3236 5095 legitur
3279 5026 3372 5081 lib.
3421 5041 3481 5081 ιιι
3522 5024 3662 5093 Περι

2084 5168 2215 5249 στῷ,
2237 5168 2446 5249 {animi
2457 5168 2519 5221 τὸ
2540 5166 2764 5249 Πνεῦμα
2790 5167 2861 5249 τὸ.
2882 5169 3058 5249 πάντα
3085 5168 3320 5249 ὲρεγνῶν
3352 5168 3447 5222 καὶ
3473 5168 3541 5249 ac}
3568 5169 3666 5249 Bck:

2084 5238 2276 5311 Οηᾞτοῦ
2313 5238 2471 5311 Θεοῦ,
2507 5238 3009 5311 πρότερονσίνέσει
3044 5238 3137 5293 καὶ
3178 5240 3410 5311 ὑμνήσει
3447 5238 3541 5293 τοῦ
3570 5238 3663 5297 νοῦ

2080 5309 2149 5363 τὰ
2173 5310 2312 5381 βάθη
2339 5310 2632 5382 ὴρεύνηκε,
2656 5309 2751 5363 καὶ
2767 5310 2843 5373 ὡς
2863 5309 3111 5379 ἐξίσχυσε
3137 5309 3479 5380 κατείληφεν.
3509 5329 3529 5362 t
3563 5311 3667 5366 Nu-

2081 5397 2187 5448 quc
2211 5383 2355 5435 enim
2379 5395 2539 5434 orare
2574 5396 2725 5434 tuens
2752 5391 2934 5435 nostra
2958 5392 3136 5447 potest
3165 5383 3267 5433 nisi
3300 5392 3428 5433 ante
3456 5382 3663 5447 ipsum,

2080 5466 2254 5521 eaque
2274 5451 2429 5521 quasi
2469 5451 2743 5515 audiente,
2780 5460 2903 5504 oret
2940 5449 3196 5519 Spiritus,
3230 5458 3287 5503 ut
3326 5466 3497 5517 neque
3522 5451 3666 5519 psal-

2081 5520 2192 5574 lere
2214 5531 2269 5575 et
2292 5520 2568 5575 modulato
2595 5536 2659 5574 ac
2696 5535 2988 5574 numeroso
3025 5522 3282 5582 carmine,
3313 5522 3666 5574 consonanti-

2089 5606 2195 5658 que
2231 5605 2364 5645 voce
2397 5590 2618 5645 laudare
2654 5590 2867 5645 Patrem
2919 5590 2971 5643 in
2998 5592 3236 5653 Christo,
3264 5591 3370 5644 nisi
3408 5587 3662 5657 Spiritus,

2086 5663 2174 5728 qui
2203 5662 2377 5715 omnia
2404 5670 2694 5725 scrutatur,
2726 5662 3181 5732 etiamprofunda
3217 5658 3385 5732 υεὶυ
3423 5660 3661 5732 Comm,

2090 5732 2197 5799 10),
2254 5732 2404 5799 prius
2448 5732 2625 5785 laudet
2669 5742 2726 5783 et
2774 5729 3021 5785 celebret
3056 5746 3177 5785 eum
3236 5729 3390 5799 cujus
3435 5730 3663 5800 profun-

2087 5802 2154 5857 da
2186 5811 2458 5859 scrutatus
2492 5811 2594 5869 est,
2631 5812 2684 5857 et
2710 5815 2768 5857 ut
2802 5801 2985 5871 valuit,
3015 5802 3441 5873 comprehcndit.
3480 5819 3501 5853 ι
