4160 6394
558 369 666 424 955

1838 369 1900 425 P.
1943 368 2261 424 DANIELIS
2298 366 2528 424 HUETII

3711 371 3810 430 956

557 480 783 551 ἀρχῶν,
817 497 939 552 cap.
964 483 1018 548 I,
1050 498 1199 538 num.
1233 483 1299 537 l7
1328 501 1343 538 :
1382 503 1400 536 ι
1425 483 1540 540 Non
1571 485 1929 540 dissimulatio
1951 486 2144 540 divina:
2172 490 2219 545 Α
2249 484 2488 552 inquam,
2520 483 2592 536 ita
2623 480 2812 537 scribit
2847 501 2859 536 :
2892 501 2910 533 ι
2944 481 3056 538 Hoc
3090 481 3139 538 ei
3179 495 3280 536 suo
3318 480 3577 553 suffragio
3613 485 3813 538 tribue-

559 571 950 637 Providentize,
988 577 1082 628 sed
1125 575 1374 630 humana:
1418 579 1614 632 mentis
1664 579 1946 632 arbitrium
1978 593 2136 633 causa

558 661 662 717 sibi
707 665 1021 732 perditionis
1059 666 1274 720 exsistit
1306 685 1318 720 :
1355 668 1582 722 contulit
1610 669 1772 723 etiam
1806 669 2040 738 indignis
2085 679 2140 723 et

560 754 851 808 incredulis
905 756 1132 823 gratiam
1182 757 1588 814 benefactorum
1629 775 1878 825 suorum,
1925 768 1982 814 ut
2014 775 2141 816 vere

559 862 721 901 omne
749 861 810 899 os
833 847 1179 912 obstruatur;
1211 858 1490 920 totumque
1541 867 1570 904 a
1606 867 1666 907 se
1705 862 1760 906 et
1803 852 1934 906 nihil
1963 867 1992 906 a
2032 853 2140 908 Deo

559 941 748 994 deesse
791 942 890 996 sibi
936 958 1090 1000 mens
1122 946 1357 1000 humana
1399 956 1730 1017 cognoscat;
1763 966 1782 998 ι
1827 947 1878 1002 id
1914 947 2139 1003 Rufinus

559 1031 627 1086 de
656 1048 756 1086 suo
787 1034 1029 1103 intrusit,
1075 1037 1272 1106 quippe
1301 1039 1442 1106 quod
1471 1038 1612 1093 absit
1651 1054 1680 1092 a
1712 1039 1970 1094 vicesimo
2009 1037 2141 1092 Phi-

559 1122 767 1179 localite
802 1129 1000 1195 capite,
1055 1144 1163 1198 quo
1211 1130 1569 1198 fragmentum
1606 1131 1735 1184 illud
1790 1131 1969 1199 operis
1995 1132 2136 1200 Περὶ

558 1213 782 1284 ἀρχῶν,
815 1218 887 1272 ita
919 1230 977 1274 ut
1004 1221 1074 1275 ab
1107 1220 1341 1292 Origene
1379 1222 1638 1292 scriptum
1663 1233 1766 1290 est,
1787 1223 1974 1279 Graece
2004 1239 2137 1279 con-

563 1317 732 1360 ttnetu
742 1325 786 1362 l'.

629 1397 814 1455 XVIII.
848 1401 1090 1457 Diximus
1119 1403 1405 1474 Origeuem
1452 1406 1720 1477 aliquibus
1755 1409 2018 1461 duntaxat
2052 1410 2136 1460 in-

561 1492 758 1544 fectqu
798 1493 960 1548 fuisse
983 1497 1279 1561 erroribus,
1307 1514 1372 1552 ex
1415 1501 1480 1555 iis
1514 1501 1605 1568 qui
1645 1516 1673 1552 a
1700 1498 1917 1568 Pelagio
1956 1500 2139 1554 multis

559 1593 682 1650 post
711 1586 869 1638 anuis
911 1593 1230 1656 propugnati
1268 1600 1413 1643 sunt.
1444 1591 1564 1657 Quo
1605 1593 1669 1644 de
1702 1606 1896 1661 genere
1945 1592 2137 1661 dogma

561 1673 690 1726 ilhtd
741 1683 841 1736 cst,
901 1678 1042 1742 quod
1080 1677 1351 1744 perfectus
1394 1681 1639 1736 homines
1685 1683 1790 1736 vim
1847 1685 2136 1752 quamdam

559 1763 782 1830 adipisci
825 1764 1030 1827 definit,
1074 1779 1178 1836 qua
1212 1771 1448 1824 roborati
1481 1778 1822 1840 peccatorum
1873 1773 2136 1828 illecebris

2248 577 2342 630 bat
2369 575 2650 643 Evagrius,
2681 575 2771 645 qui
2809 584 2926 629 erat
2953 575 3036 628 vir
3064 576 3404 630 discernendi
3428 575 3480 629 vi
3507 578 3758 645 praeditus
3788 599 3807 632 ι

2247 668 2464 737 (nempe
2492 665 2746 720 Ponticus
2767 665 2855 720 ille
2883 665 3257 736 Hyperborita)
3288 685 3308 718 ‹
3339 682 3398 721 se
3422 667 3622 721 nullum
3647 669 3814 724 homi-

2247 773 2370 812 nem
2401 757 2620 823 vidisse,
2656 759 2747 828 qui
2772 769 2916 814 esset
2950 760 3120 828 magis
3156 759 3494 828 impatihilis,
3529 769 3585 814 et
3613 760 3816 817 alienus

2247 853 2314 905 ab
2342 851 2594 905 oumibus
2620 850 2784 905 animi
2810 851 3326 918 perturbationibus.
3353 869 3372 903 ι
3403 850 3541 906 Hinc
3559 851 3816 924 Hierony-

2248 956 2368 995 mus
2400 954 2630 1010 procem.
2679 942 2730 994 in
2767 941 3018 1012 Dialogoa
3033 944 3281 996 adversus
3314 940 3649 1014 Pelagianos,
3675 943 3816 998 ἁπα-

2248 1031 2394 1095 θείας
2423 1041 2722 1088 assertores
2747 1033 3032 1104 exagitans
3065 1054 3077 1089 :
3113 1053 3133 1086 ι
3163 1033 3456 1102 Palladius,
3489 1037 3686 1105 inquit,
3708 1051 3817 1091 ser-

2246 1122 2367 1177 vilis
2399 1123 2652 1193 nequitire
2681 1124 2927 1180 eamdem
2964 1126 3210 1181 haeresim
3243 1127 3549 1182 instaurare
3594 1137 3816 1184 conatus

2245 1223 2349 1270 est.
2382 1233 2402 1267 ι
2441 1215 2761 1270 Iustauravil
2796 1227 2850 1271 et
2890 1227 3017 1272 ante
3047 1233 3218 1273 annos
3254 1220 3640 1288 pr0pemodum
3684 1233 3815 1288 qua-

2245 1306 2561 1373 dringentos
2587 1307 2893 1378 Bogonatus
2929 1307 3239 1378 haereticus,
3265 1310 3627 1382 Begardorum
3649 1319 3701 1366 et
3721 1310 3819 1366 Be-

2246 1397 2532 1466 ghiuarum
2560 1413 2772 1468 parens.

2317 1485 2373 1539 In
2409 1487 2473 1541 iis
2494 1499 2641 1543 certe
2668 1503 2787 1558 qua:
2811 1499 3101 1559 supersunt
3122 1489 3573 1562 Origeniauorum
3597 1509 3818 1564 operum

2248 1577 2495 1643 reliquiis
2536 1595 2638 1631 nun
2671 1577 2985 1647 frequentes
3027 1593 3321 1636 occurrunt
3363 1583 3522 1650 hujus
3551 1587 3820 1655 opinionis

2247 1678 2386 1723 notae
2429 1689 2442 1724 :
2493 1687 2615 1724 nam
2669 1673 2809 1740 quod
2854 1681 3030 1726 exstat
3081 1674 3134 1726 iu
3189 1677 3210 1729 l
3270 1677 3455 1732 homil.
3504 1678 3560 1730 in
3599 1677 3818 1746 lamin,

2247 1776 2392 1814 num.
2431 1760 2514 1820 I6.
2546 1773 2700 1830 prout
2745 1763 2813 1814 ab
2840 1759 3164 1834 Hieronymo
3200 1781 3458 1821 conversa
3491 1775 3574 1823 est
3606 1785 3621 1820 :
3658 1787 3677 1820 ι
3715 1769 3818 1823 Ιιιι-

559 1871 625 1908 ac
647 1854 930 1911 lenociniis
952 1858 1120 1911 obniti
1155 1876 1244 1928 per
1273 1877 1392 1916 sese
1419 1863 1645 1932 possint,
1670 1865 1988 1931 tandemque
2004 1867 2068 1916 ad
2093 1866 2137 1919 id

2248 1853 2499 1921 possibile
2527 1863 2610 1906 est
2641 1853 2783 1905 enim
2812 1856 2952 1921 quod
2989 1858 3152 1909 semel
3200 1858 3488 1912 \‘ivilicavit
3520 1859 3680 1923 Deus,
3729 1870 3822 1916 aut

558 1948 852 2002 ascendant
905 1950 1253 2018 perfectionis
1297 1955 1529 2018 culmen,
1577 1966 1633 2008 ut
1675 1969 1740 2008 ne
1783 1956 1884 2009 levi
1921 1957 2136 2024 quidem

559 2042 919 2096 tentationum
956 2058 1085 2096 aura
1122 2045 1508 2114 percellantur,
1562 2047 1825 2116 planeque
1855 2047 1964 2101 sint
1991 2049 2136 2101 ἀπα-

559 2129 690 2196 Θεϊς.
725 2133 938 2201 Optime
955 2150 1084 2189 vero
1105 2137 1450 2207 coniunctum
1477 2139 1606 2193 illud
1637 2149 1719 2193 est
1749 2157 1868 2193 cum
1899 2141 2141 2210 superio-

560 2238 620 2278 re
656 2224 772 2293 ejus
800 2225 1043 2279 doctrina
1069 2243 1083 2280 :
1113 2243 1238 2281 nam
1259 2229 1348 2296 qui
1387 2244 1452 2300 ex
1485 2245 1604 2284 sese
1637 2241 1813 2298 potest
1843 2232 1977 2285 bene
2009 2248 2137 2304 age-

560 2330 643 2379 re,
679 2329 810 2369 sane
846 2332 909 2371 ex
945 2332 1064 2372 sese
1095 2317 1234 2372 male
1263 2335 1366 2373 non
1399 2334 1561 2388 agere
1584 2332 1776 2390 potest.
1802 2322 1969 2386 llauc,
2000 2340 2137 2392 pra:-

561 2413 647 2459 ter
674 2405 832 2472 alias,
873 2409 1192 2478 suggillandi
1219 2409 1469 2479 Origenis
1496 2427 1712 2468 oausam
1746 2415 1905 2470 habet
1948 2416 2140 2471 lliero-

559 2511 752 2566 nymus
798 2513 812 2550 :
864 2514 989 2551 nam
1027 2500 1078 2552 in
1115 2501 1340 2569 epistola
1388 2504 1453 2556 ad
1479 2503 1899 2572 Ctesiphontem,
1929 2523 2048 2575 cap.
2079 2508 2138 2572 2,

558 2589 893 2644 consimilem
923 2590 1150 2661 Pelagii,
1177 2594 1270 2648 sed
1295 2595 1606 2664 nequiorem
1631 2597 1792 2650 etiam
1816 2600 2137 2653 sententiam

561 2677 836 2744 refellens,
896 2684 976 2737 sic
1034 2684 1204 2752 ipsum
1247 2684 1590 2754 alloquitur:
1641 2705 1660 2737 ι
1716 2687 1805 2742 Vis
1855 2689 2031 2744 adhuc
2085 2702 2141 2746 et

559 2770 723 2824 alium
779 2788 936 2827 nosse
993 2775 1066 2828 tui
1123 2776 1327 2830 erroris
1381 2777 1718 2846 principem?
1755 2778 1999 2834 doctrina
2047 2793 2138 2836 tua

559 2860 812 2932 Origeuis
847 2866 1192 2921 ramusculus
1229 2879 1331 2922 est.
1381 2866 1438 2921 ln
1494 2884 1560 2922 eo
1601 2871 1744 2924 enim
1786 2871 2014 2940 psalmo,
2051 2876 2140 2929 ubi

557 2954 820 3023 scriptum
872 2966 978 3022 est,
1039 2967 1096 3010 ut
1147 2960 1212 3012 de
1255 2960 1468 3014 caeteris
1524 2970 1730 3016 taceam
1775 2979 1786 3014 :
1840 2963 2063 3033 Insuper
2093 2977 2140 3019 et

558 3061 720 3116 usque
751 3051 818 3101 ad
855 3060 1055 3104 noctem
1085 3053 1394 3105 erudierunt
1419 3069 1499 3106 me
1523 3070 1670 3109 renes
1699 3058 1800 3109 mei
1823 3057 1868 3088 δ’
1893 3075 1908 3124 ;
1949 3059 2142 3113 asserit

527 3137 735 3212 _virum
783 3151 1049 3208 sanctum,
1093 3143 1158 3196 de
1186 3158 1413 3211 quorum
1451 3145 1701 3200 videlicet
1739 3157 1793 3201 et
1823 3158 1875 3201 tu
1915 3164 2140 3204 numero

555 3243 635 3291 es,
667 3245 791 3286 cum
825 3233 889 3287 ad
915 3236 1175 3290 virtutum
1210 3238 1419 3292 venerit
1452 3240 1836 3308 summitatem,
1862 3256 1928 3296 ne
1954 3243 2005 3295 in
2041 3257 2138 3296 no-

557 3331 646 3374 cte
675 3324 892 3390 quidem
934 3339 997 3377 ea
1033 3327 1166 3395 pati,
1199 3341 1318 3396 quae
1354 3328 1628 3382 hominum
1675 3341 1819 3395 sunt,
1859 3345 1957 3385 nec
1987 3333 2136 3402 cogi-

561 3410 764 3466 tatione
796 3414 1046 3468 vitiorum
1078 3416 1258 3485 aliqua
1316 3417 1560 3483 titillari;
1605 3438 1623 3470 ι
1661 3429 1715 3474 et
1770 3421 1824 3475 in
1873 3425 2139 3490 prommio

557 3497 906 3567 Dialoyorum
932 3503 1178 3557 adversus
1210 3503 1526 3575 Pelagianos
1545 3524 1564 3561 :
1603 3527 1620 3559 ι
1649 3509 1780 3564 Illud
1807 3521 1984 3564 autem
2017 3512 2138 3567 Ori-

558 3591 709 3658 genis
755 3593 1030 3662 proprium
1071 3606 1174 3662 est,
1232 3599 1564 3668 impossibile
1615 3616 1737 3656 esse
1781 3603 2069 3658 humanam
2107 3622 2136 3660 a

558 3683 824 3752 principio
851 3702 1019 3755 usque
1049 3688 1114 3742 ad
1133 3702 1360 3744 mortem
1393 3708 1496 3745 non
1522 3709 1746 3762 peccare
1772 3706 2055 3761 naturam;
2085 3706 2140 3753 et

558 3792 774 3832 rursum
837 3795 958 3836 esse
1021 3784 1278 3851 possibile
1336 3800 1459 3840 cum
1524 3801 1583 3840 se
1634 3788 1827 3858 aliquis
1890 3792 1954 3844 ad
2022 3805 2137 3846 me-

556 3868 690 3923 liora
753 3877 1089 3928 converterit
1149 3877 1216 3930 ad
1288 3887 1493 3933 tantam
1570 3879 1935 3936 fortitudinem
2005 3898 2134 3950 per-

553 3961 764 4024 venire,
799 3974 856 4016 ut
888 3966 1024 4019 ultra
1059 3982 1284 4035 peeCnre
1325 3984 1430 4022 nou
1472 3973 1678 4038 possit;
1721 3990 1739 4024 ι
1777 3983 1830 4025 et
1872 3972 1922 4025 in
1958 3989 2138 4041 proas-

554 4056 664 4110 mio
736 4057 855 4112 libri
916 4076 965 4112 Iv
1023 4061 1314 4116 Comment.
1381 4064 1432 4116 in
1492 4063 1687 4118 Jerem.
1750 4078 1770 4116 .°
1829 4083 1846 4115 ι
1903 4066 2137 4122 Ilzcresis

554 4147 876 4220 Pythagora:
937 4162 992 4206 et
1048 4152 1282 4208 Zenonis
1345 4154 1613 4218 ἀπαθείας
1674 4157 1766 4208 καὶ
1821 4157 2139 4228 ἀναμαρτη-

525 4241 695 4314 ¹σίας,
759 4244 808 4296 id
849 4253 934 4297 est
990 4245 1440 4314 impassihilitatis
1490 4257 1544 4301 et
1591 4249 1982 4315 impecczintiae,
2018 4265 2140 4318 quae

550 4333 680 4387 olim
715 4336 765 4388 iu
793 4333 1044 4403 Origene,
1069 4347 1118 4390 et
1143 4339 1342 4392 dudum
1376 4340 1428 4392 in
1451 4339 1729 4406 discipulis
1753 4341 1869 4409 ejus
1893 4339 2139 4394 Grunnio

554 4424 830 4494 (Ilutinum
857 4428 1118 4498 intellige)
1144 4427 1483 4498 Evagrioqne
1502 4429 1750 4494 Pontico,
1777 4441 1830 4485 et
1854 4429 2138 4488 Joviniano

545 4515 790 4586 jugubtta
826 4529 929 4582 est,
962 4522 1127 4588 cmpit
1149 4523 1490 4577 reviviscere.
1530 4543 1547 4574 ι
1581 4521 1782 4575 Multos
1809 4526 2011 4577 erroris
2035 4526 2136 4578 hu-

2241 1945 2309 1998 ah
2334 1960 2397 1998 eo
2433 1944 2568 2012 ipso,
2589 1952 2682 1998 aut
2709 1945 2777 1998 ab
2809 1945 2916 1999 alio
2939 1946 3145 2012 occidi;
3188 1965 3207 1998 ι
3245 1949 3309 2000 ad
3353 1950 3516 2003 vitam
3537 1960 3818 2016 :eternant,

2241 2043 2562 2103 sanctosque
2602 2049 2662 2089 ea
2693 2035 2933 2090 fruentes
2973 2034 3310 2090 referendum
3341 2055 3460 2094 esse
3485 2045 3821 2101 ostendimus

2241 2125 2294 2178 in
2321 2123 2820 2189 observationibus;
2860 2137 2916 2181 et
2949 2128 3016 2182 ah
3065 2128 3394 2199 Hieronymo
3436 2143 3694 2201 praeterea
3741 2137 3820 2189 in-

2243 2225 2447 2270 trusum
2485 2228 2588 2271 est.
2621 2219 2790 2272 Tomo
2827 2221 3040 2288 quidem
3067 2237 3164 2275 xui
3219 2225 3271 2275 in
3298 2222 3508 2288 Matt/1.,
3540 2240 3690 2280 num.
3729 2227 3818 2293 29,

2242 2310 2492 2378 parvulos
2523 2311 2660 2375 illos,
2699 2327 2926 2381 quorum
2961 2313 3166 2369 similes
3210 2316 3324 2368 vult
3371 2331 3466 2370 nos
3499 2315 3638 2372 eﬂici
3669 2319 3824 2375 Chri-

2240 2413 2377 2468 ειυς,
2419 2412 2474 2456 et
2515 2404 2707 2467 quibus
2748 2405 3058 2459 scandalum
3107 2421 3136 2459 a
3177 2407 3332 2461 nobis
3385 2409 3612 2476 praeberi
3656 2420 3818 2477 vetat,

2241 2509 2484 2563 quosque
2521 2495 2734 2550 Patrem
2763 2496 3037 2551 etelestem
3065 2498 3241 2565 perire
3277 2497 3412 2553 velle
3441 2507 3623 2569 negat,
3651 2501 3823 2557 homi-

2241 2604 2336 2642 nes
2359 2589 2745 2658 perfectionem
2775 2599 3096 2646 consecutos
3131 2592 3437 2662 significare
3460 2595 3680 2661 conjicit
3700 2595 3822 2652 Ori-

2241 2695 2439 2749 genes;
2497 2681 2695 2736 deinde
2727 2681 3001 2751 subiungit
3042 2683 3306 2750 ejusmodi
3358 2685 3611 2753 parvulos
3650 2701 3821 2756 neque

2241 2771 2420 2840 perire
2471 2787 2645 2841 neque
2674 2771 3023 2826 offensionem
3071 2774 3181 2842 pati
3217 2787 3394 2843 posse,
3430 2775 3552 2842 quia
3596 2797 3607 2830 :
3655 2794 3673 2826 ι
3711 2775 3819 2830 Pax

2242 2863 2408 2916 multa
2434 2863 2776 2933 diligentibus
2811 2881 3004 2919 nomen
3040 2865 3154 2928 Dei,
3185 2875 3239 2921 et
3285 2882 3390 2920 non
3415 2877 3500 2920 est
3535 2867 3643 2923 illis
3668 2883 3822 2923 scan-

2241 2953 2419 3008 dalum
2435 2955 2524 3016 δ”,
2563 2974 2580 3008 ι
2616 2955 2916 3024 meritoque
2943 2970 3036 3010 eos
3071 2957 3254 3012 dicere
3281 2973 3475 3027 posse:
3506 2976 3525 3010 ‹
3565 2958 3699 3026 Quis
3727 2973 3822 3013 nos

2241 3047 2514 3114 separabit
2534 3061 2563 3098 a
2598 3046 2959 3100 charitate”?
2998 3067 3019 3100 ι
3048 3045 3158 3102 Sed
3190 3049 3488 3105 Ezechielis
3517 3057 3702 3104 tamen
3729 3065 3826 3105 au-

2241 3136 2492 3192 ctoritate
2521 3137 2710 3208 probat
2738 3137 2868 3206 justi
2903 3141 3139 3194 animam
3175 3155 3296 3195 esse
3337 3143 3621 3197 mutationi
3658 3143 3822 3198 obno-

2164 3226 2210 3287 C
2241 3232 2405 3294 xiam,
2436 3240 2488 3284 et
2516 3246 2545 3283 a
2577 3229 2667 3284 Dei
2699 3232 2964 3286 mandatis
2993 3247 3149 3300 posse
3170 3234 3469 3296 discedere,
3496 3235 3566 3288 ita
3597 3244 3655 3288 ut
3682 3235 3823 3303 prio-

2242 3321 2316 3375 ris
2349 3325 2465 3390 ejus
2492 3321 2712 3388 iustitiae
2755 3322 2898 3376 nulla
2936 3323 3197 3378 habeatur
3227 3327 3396 3389 ratio;
3433 3335 3593 3394 atque
3622 3326 3823 3380 idcirco

2239 3413 2528 3480 quominus
2543 3411 2768 3466 oﬂ'ensio
2791 3413 2872 3466 eis
2897 3427 2926 3464 a
2953 3415 3107 3467 nobis
3125 3414 3448 3483 praebeatur,
3475 3415 3822 3470 Servatorem

2241 3503 2495 3555 mandato
2523 3516 2621 3556 suo
2655 3501 2964 3569 prohibere.
2996 3501 3160 3556 Libro
3190 3518 3407 3573 quoque
3442 3505 3498 3558 in
3525 3503 3822 3573 Epistolam

2239 3595 2308 3645 ad
2351 3592 2616 3646 Romanos
2655 3594 2864 3664 quinto,
2914 3610 3063 3649 num.
3102 3595 3154 3658 l,
3207 3609 3330 3664 pag.
3380 3595 3508 3662 546,
3545 3598 3611 3650 de
3649 3609 3824 3652 morte

2241 3685 2447 3755 peccati
2480 3684 2706 3752 loquens
2743 3704 2756 3739 :
2801 3703 2819 3736 ι
2858 3683 2953 3738 llic
2975 3699 3105 3756 ergo
3138 3687 3319 3750 homo,
3357 3688 3548 3757 inquit,
3583 3690 3676 3757 qui
3709 3687 3824 3758 jam

2245 3775 2572 3829 reformatur
2622 3785 2678 3829 et
2717 3786 3002 3845 reparatur
3038 3779 3104 3830 ad
3144 3777 3432 3848 imaginem
3476 3777 3590 3843 Dei,
3655 3794 3825 3850 neque

2241 3879 2509 3935 terrenus,
2543 3884 2714 3938 neque
2743 3872 2796 3923 in
2825 3868 2926 3924 hoc
2953 3870 3151 3922 mundo
3187 3880 3290 3933 est,
3327 3871 3421 3925 sed
3453 3871 3504 3924 in
3528 3871 3682 3925 malis
3700 3884 3824 3925 esse

2240 3962 2438 4014 dicitur
2494 3961 2836 4015 conversatio
2881 3961 3040 4030 ejus:
3076 3971 3130 4017 et
3185 3962 3305 4018 ideo
3345 3963 3644 4017 secundum
3701 3976 3824 4016 eum

2239 4053 2330 4122 qui
2373 4053 2550 4106 dicit:
2593 4051 2693 4106 Vos
2741 4063 2913 4107 autem
2975 4071 3078 4108 non
3123 4055 3246 4108 estis
3290 4060 3355 4108 de
3397 4055 3494 4108 hoc
3535 4055 3735 4108 mundo
3755 4053 3825 4123 ⁸⁵,

2241 4161 2387 4198 mors
2417 4145 2468 4198 in
2499 4161 2619 4198 eum
2667 4161 2770 4198 non
2800 4154 2978 4215 potest
3014 4147 3382 4213 pertransire;
3426 4163 3444 4196 ι
3478 4153 3534 4199 et
3574 4146 3774 4200 deinde
3804 4157 3823 4198 :

2246 4253 2265 4285 ι
2289 4235 2440 4302 Quod
2472 4237 2514 4289 si
2543 4245 2819 4304 peccatum
2846 4247 2900 4291 et
2934 4251 3079 4291 mors
3105 4238 3156 4291 in
3191 4239 3332 4291 hunc
3362 4238 3616 4291 mundum
3653 4238 3829 4292 intro-

2241 4330 2354 4389 ivit,
2392 4341 2443 4383 et
2484 4331 2534 4382 in
2579 4330 2678 4384 hoc
2719 4331 2918 4385 nnmdo
2943 4331 3166 4396 habitat,
3201 4343 3404 4385 certum
3436 4344 3518 4385 est
3549 4331 3759 4386 alienos
3794 4347 3824 4385 a

2240 4434 2434 4487 morte,
2468 4433 2524 4478 et
2551 4440 2577 4476 a
2613 4434 2833 4493 peccato
2863 4439 2983 4478 esse
3009 4439 3123 4489 eos,
3151 4427 3240 4493 qui
3277 4438 3372 4492 per
3405 4424 3706 4492 Christum,
3743 4423 3826 4478 vel

2242 4530 2364 4570 cum
2397 4514 2617 4570 Christo
2652 4516 2844 4568 mortui
2876 4526 3001 4568 sunt
3031 4517 3154 4571 huic
3187 4517 3407 4580 mundo,
3449 4527 3502 4569 et
3541 4532 3665 4570 cum
3709 4518 3828 4584 ipso

548 4607 640 4675 jus
669 4609 855 4665 affines
891 4611 1056 4667 fuisse
1087 4623 1240 4667 notat
1272 4614 1323 4668 in
1353 4613 1491 4670 libro
1529 4625 1813 4684 sequente,
1855 4615 1909 4670 in
1933 4615 2130 4671 Jerem.

2243 4607 2580 4669 resuscitati,
2633 4622 2754 4658 cum
2802 4607 2918 4675 ipso
2983 4607 3145 4660 etiam
3189 4609 3239 4659 in
3277 4607 3589 4662 caelestibus
3637 4608 3829 4661 sedere

557 4715 690 4755 χχιι.
730 4700 1000 4757 Palladius
1043 4719 1280 4772 quoque,
1313 4705 1790 4775 Helenopolitanus
1823 4709 2130 4776 episcopus,

554 4809 716 4864 quem
739 4794 993 4864 Origenis
1019 4796 1306 4866 disciplina
1341 4799 1603 4853 imbutum
1633 4798 1797 4853 fuisse
1823 4809 2056 4864 constat,
2083 4803 2133 4856 in

557 4887 660 4942 hac
694 4885 964 4950 ἀπαθείας
1004 4889 1192 4944 heresi
1249 4900 1493 4945 versatus
1519 4901 1632 4955 est;
1692 4906 1816 4944 nam
1858 4901 1992 4945 sect.
2040 4909 2136 4947 vm

557 4973 836 5030 Lausiaca:
866 4975 1140 5039 Historiae,
1168 4980 1448 5034 Ammonis
1479 4981 1752 5050 ipsiusque
1787 4983 1972 5036 uxoris
1999 4985 2137 5036 scri-

553 5069 688 5123 bens
719 5069 904 5132 vitam,
941 5070 1020 5123 sic
1054 5071 1169 5124 ait:
1201 5091 1219 5121 ι
1256 5070 1388 5126 Cum
1429 5073 1543 5127 Inec
1574 5074 1652 5127 sic
1683 5073 1898 5134 tierent.
1931 5085 1981 5128 et
2019 5091 2139 5143 per-

552 5162 796 5217 venisset
841 5173 1067 5232 utcrque
1117 5165 1182 5216 ad
1220 5162 1697 5232 impalibilitatem,
1735 5170 1840 5221 vim
1871 5178 1926 5222 et
1957 5167 2138 5221 eIIiCa-

553 5254 693 5308 ciam
754 5257 991 5311 habuere
1040 5273 1232 5326 preces
1275 5261 1586 5324 Ammonis;
1631 5279 1649 5311 ι
1685 5270 1739 5314 et
1779 5271 1912 5314 sect.
1948 5261 2036 5323 12,
2071 5261 2137 5314 de

554 5348 818 5404 Ammone
860 5366 1049 5421 agens,
1109 5351 1332 5420 eiusque
1393 5354 1670 5409 sororibus
1725 5370 1787 5408 ac
1852 5355 2138 5417 fratribus,

556 5458 691 5511 quos
736 5446 954 5502 eosdem
992 5463 1113 5502 esse
1162 5464 1377 5512 censeo,
1434 5450 1522 5519 qui
1567 5450 1762 5504 fratres
1793 5449 1958 5520 Longi
2008 5449 2137 5502 dicti

543 5543 702 5608 sunt,
759 5545 815 5590 et
852 5553 880 5590 a
912 5537 1212 5608 Theophilo
1250 5540 1442 5604 Nitria,
1477 5551 1531 5596 et
1556 5541 1792 5613 Egypto
1827 5541 2036 5610 expulsi
2071 5541 2137 5596 ad

555 5625 819 5685 hannem
848 5629 1293 5702 Chrysostomum
1316 5634 1675 5705 confugerunt
1707 5633 1810 5688 :de
1849 5634 2137 5698 Ammone,

633 5814 682 5850 ⁸⁸
710 5812 852 5871 Psal.
879 5829 968 5883 xv,
991 5814 1044 5870 7.
1120 5818 1166 5848 “
1220 5817 1359 5871 l’sat.
1389 5830 1579 5884 «ευ-ιιι,
1608 5819 1728 5874 loo.

1877 5818 2036 5873 rlom.
2061 5821 2280 5888 vm,55.

2241 4707 2572 4761 meruerunt,
2607 4703 3072 4753 conversationem
3108 4715 3211 4754 non
3234 4701 3342 4769 jam
3373 4701 3423 4752 in
3464 4701 3564 4753 hoc
3602 4699 3826 4762 mundo,

2236 4790 2332 4844 sed
2356 4791 2406 4842 in
2437 4791 2593 4844 cmhs
2619 4775 2898 4846 habentes.
2933 4811 2950 4843 ι
2979 4791 3110 4846 Item
3140 4793 3256 4846 libri
3287 4792 3525 4861 ejusdem
3553 4810 3704 4846 num.
3734 4793 3825 4857 10,

2237 4881 2338 4936 sub
2377 4881 2561 4947 ftuem,
2596 4898 2720 4953 pag.
2763 4883 2886 4944 568.
2927 4883 3041 4937 haec
3073 4885 3341 4937 habentur
3378 4901 3393 4939 :
3437 4904 3454 4935 ι
3499 4885 3554 4938 Si
3585 4885 3732 4938 enim
3771 4885 3826 4939 in

2238 4979 2292 5034 id
2321 4982 2499 5032 anima
2539 4979 2892 5047 perfectionis
2934 4980 3261 5045 ascenderit,
3304 4988 3362 5033 ut
3391 4995 3455 5033 ex
3511 4990 3623 5034 toto
3658 4980 3828 5034 corde

2245 5084 2364 5130 suo,
2401 5080 2455 5122 et
2501 5085 2564 5122 ex
2615 5078 2723 5122 tota
2756 5070 2932 5122 anima
2970 5085 3091 5134 sua,
3132 5081 3184 5122 et
3213 5086 3275 5124 ex
3305 5071 3432 5124 totis
3475 5070 3682 5123 virilms
3712 5069 3828 5124 suis

2245 5161 2430 5230 diligat
2463 5161 2651 5223 Deum,
2682 5172 2736 5215 et
2766 5162 3071 5231 proximum
3097 5177 3252 5216 suum
3278 5173 3532 5230 tanquam
3562 5165 3827 5230 seipsum,

2247 5252 2335 5305 ubi
2367 5252 2470 5305 erit
2501 5252 2707 5320 peccati
2752 5252 2945 5306 locus?
2977 5271 2993 5303 ι
3023 5262 3185 5320 atque
3210 5253 3350 5306 hunc
3377 5255 3452 5306 ait
3479 5252 3832 5322 perfectionis

2245 5349 2470 5414 gradum
2506 5356 2814 5399 assecutum
2841 5345 3005 5399 fuisse
3032 5347 3369 5416 Apostolum,
3417 5362 3536 5399 cum
3563 5347 3782 5400 dicebat
3813 5365 3828 5399 :

2250 5453 2268 5487 ι
2303 5435 2437 5501 Quis
2473 5450 2572 5489 nos
2612 5436 2884 5504 separabit
2931 5453 2958 5489 a
3000 5439 3266 5492 charitate
3313 5437 3426 5500 Dei,
3473 5455 3595 5507 qua:
3649 5447 3730 5492 est
3777 5437 3830 5489 in

2241 5531 2460 5586 Christo
2505 5528 2728 5586 Iesu”?
2761 5551 2778 5583 ι
2836 5541 2946 5584 tum
2990 5532 3327 5586 sulmectitur
3375 5551 3386 5585 :
3434 5549 3452 5584 ι
3495 5531 3572 5584 Ex
3631 5530 3833 5596 quibus

2217 5604 2494 5677 'omnibus
2530 5624 2810 5677 evidenter
2853 5622 3177 5684 ostenditur,
3225 5621 3350 5690 quia
3401 5621 3445 5675 si
3485 5622 3598 5676 hinc
3620 5618 3832 5685 omnia,

2360 5818 2405 5848 '"
2435 5819 2589 5872 Joan.
2619 5829 2706 5881 xv,
2741 5816 2827 5868 l9.
2904 5813 2948 5844 ’³⁵
2973 5823 3130 5865 nom.
3165 5823 3283 5874 vui,
3309 5805 3399 5861 '55.
