4160 6424
400 376 504 434 957

1184 373 1764 432 OH'IGENIANORUM
1802 372 1933 430 LIB.
1974 373 2039 440 ll,
2081 374 2235 430 CAP.
2274 375 2343 442 ll,
2381 376 2660 444 QUIEST.
2703 377 2813 434 Vll.

3546 385 3650 440 958

401 515 522 570 quae
570 497 909 554 enumeravit
947 497 1254 565 Apostolus,
1301 514 1554 566 separare
1595 513 1694 554 nos
1723 514 1827 553 non
1859 513 1977 569 pos-

2082 497 2201 552 θεία
2249 501 2518 572 ὲπισκσπὴ
2572 501 2664 554 ἐπὶ
2700 501 2771 554 τὰ
2819 502 3045 558 τοιαῦτα
3094 505 3256 558 αὐτὸν
3296 506 3475 575 ἀγεινο
3511 507 3654 578 λέγω

399 601 526 648 sunt
555 607 583 644 a
626 592 895 646 charitate
929 589 1044 656 Dei,
1070 605 1193 644 cum
1227 589 1280 642 in
1310 588 1436 642 illud
1462 589 1583 658 quis
1609 589 1823 644 culmen
1858 603 1982 657 pcr-

399 683 650 738 fectionis
703 681 1031 744 ascenderit,
1085 681 1255 735 multo
1297 679 1468 750 magis
1497 681 1724 735 libertas
1765 680 1980 734 arbitrii

399 791 502 830 nos
541 777 610 830 ab
638 776 756 844 ejus
793 773 1064 827 cbaritate
1101 787 1356 840 separare
1402 789 1507 826 non
1554 772 1776 841 poterit.
1815 791 1836 824 ι
1877 771 1980 827 Ve-

401 883 521 920 rum
565 868 678 921 haec
719 868 787 921 ab
823 868 1123 933 interprete
1157 864 1372 927 Rufino,
1416 879 1578 932 quem
1618 881 1647 918 a
1688 863 1980 934 Pelagiano

401 955 676 1010 fermento
704 956 804 1011 sibi
841 957 976 1010 satis
1010 970 1116 1009 non
1140 956 1352 1009 eavisse
1392 969 1550 1008 nemo
1575 959 1770 1020 nescit,
1801 956 1979 1025 inqui-

400 1056 525 1099 nata
555 1045 724 1100 fuisse
751 1061 1042 1114 possumus
1071 1045 1360 1114 suspicari.
1395 1044 1860 1110 Quemadmodum
1884 1062 1978 1099 au-

401 1149 513 1195 tem
544 1138 856 1208 reprehensi
883 1138 950 1191 ab
975 1138 1304 1208 Hieronymo
1326 1137 1532 1192 erroris
1564 1135 1848 1205 Origenem
1873 1136 1975 1192 loci

398 1230 454 1285 hi
500 1247 604 1285 non
655 1232 787 1286 satis
841 1231 1045 1300 liquido
1093 1240 1414 1300 coarguunt,
1474 1230 1549 1282 ita
1606 1243 1778 1296 neque
1842 1229 1978 1284 satis

398 1335 592 1392 purgat
625 1323 711 1377 ille
731 1324 820 1391 qui
852 1332 1031 1376 eXstat
1055 1332 1184 1378 tom.
1219 1337 1316 1375 χιιι
1367 1322 1421 1374 in
1445 1321 1660 1383 Matth"
1693 1337 1837 1374 num.
1870 1320 1974 1373 25:

410 1414 748 1469 Ἀνένδεκτον
799 1416 905 1484 γάρ
957 1416 1104 1467 ἐστιν
1155 1413 1437 1485 ἄνθρωπον
1474 1412 1760 1484 εὑρεθῆναι
1799 1411 1975 1483 πάντη

397 1507 800 1578 ἀναμάρτητον,
854 1508 947 1560 καὶ
979 1508 1147 1578 χωρὶς
1185 1507 1459 1578 ἁμαρτίας
1503 1505 1830 1575 ἀνειληφότα
1877 1504 1976 1576 τὴν

395 1599 627 1669 ἀρετήν·
665 1615 837 1668 neque
870 1601 1202 1654 sanctiorum
1242 1601 1330 1652 illa
1368 1599 1802 1668 patriarcharum
1843 1611 1977 1650 euu-

396 1689 654 1746 tneratio.
687 1703 804 1757 qua:
843 1700 926 1742 est
967 1688 1058 1742 lib.
1093 1704 1123 1740 v
1152 1689 1204 1741 in
1235 1686 1405 1756 Epist.
1428 1687 1496 1740 ad
1535 1673 1712 1752 Rom,
1740 1701 1887 1740 num.
1920 1685 1972 1752 1,

395 1795 522 1850 pag.
543 1779 664 1841 547,
685 1795 912 1848 quorum
943 1781 1214 1834 neminem
1240 1787 1459 1847 peccato
1482 1779 1772 1832 immunem
1802 1777 1972 1830 vixis-

394 1886 456 1925 se
497 1872 716 1940 probat;
748 1873 854 1940 (cui
887 1871 1278 1926 enumerationi
1321 1870 1649 1923 contrariam
1688 1883 1715 1922 a
1756 1868 1973 1937 Pelagio

396 1963 729 2024 institutam,
763 1977 951 2015 eorum
979 1962 1205 2025 scilicet,
1245 1977 1264 2011 ι
1297 1961 1385 2029 qui
1414 1975 1518 2013 non
1543 1958 1701 2013 modo
1725 1973 1829 2012 non
1855 1973 1974 2028 pec-

391 2067 574 2115 casse,
608 2054 702 2106 sed
730 2053 893 2106 etiam
918 2052 1063 2119 juste
1086 2053 1288 2105 vixisse
1324 2051 1648 2114 referuntur,
1697 2068 1717 2101 ι
1751 2049 1974 2103 exhibet

391 2146 730 2213 Augustinus
772 2145 822 2198 in
857 2145 951 2197 lib.
983 2143 1060 2197 De
1087 2155 1275 2196 natura
1312 2154 1358 2196 et
1392 2145 1587 2212 gratia,
1636 2157 1756 2211 cap.
1787 2143 1879 2206 55,
1909 2142 1974 2196 de

393 2253 499 2304 qua
543 2233 748 2288 consuli
795 2234 955 2288 velim
999 2233 1196 2301 Pelagii
1235 2233 1402 2302 ipsius
1431 2233 1710 2302 epistolam
1762 2233 1826 2286 ad
1873 2233 1974 2288 De-

394 2326 735 2386 metriadem.
761 2335 815 2378 et
851 2323 1158 2394 Hieronymi
1200 2324 1394 2376 librum
1425 2340 1439 2377 I
1469 2325 1586 2378 (ulti.
1623 2323 1968 2395 Pelagium);

391 2415 560 2468 vitam
592 2416 734 2470 enim
771 2415 838 2470 ab
870 2417 1177 2470 hominibus
1205 2417 1463 2484 perfectis
1491 2427 1663 2470 actam
1701 2415 1971 2486 intelligit,

390 2513 680 2573 antequam
718 2507 784 2558 ad
815 2521 1081 2562 summam
1108 2506 1494 2574 perfectionem
1527 2509 1878 2576 erepsissent.
1915 2508 1970 2561 ld

389 2596 682 2648 cuttﬁrmat
727 2595 862 2649 alter
919 2596 1008 2649 ille
1068 2597 1216 2650 locus
1261 2613 1291 2651 e
1343 2608 1471 2652 tom.
1510 2614 1658 2652 xxxii
1690 2601 1743 2651 in
1782 2597 1970 2665 10am,

390 2702 546 2740 Itum.
575 2687 658 2748 12,
688 2701 810 2757 pag.
843 2687 948 2740 456
980 2706 992 2741 :
1044 2688 1380 2759 Ἐμέμνηντο
1404 2691 1531 2761 γάρ,
1559 2687 1730 2761 οἶμαι,
1763 2691 1972 2762 ἄνθρω-

385 2797 484 2832 ποι
518 2780 668 2844 ὄντες
696 2782 776 2833 ὅτι
808 2783 1014 2852 τρεπτή
1040 2785 1185 2834 ἐστιν
1213 2786 1246 2854 ὴ
1272 2785 1590 2855 προαίρεσις
1611 2784 1721 2837 τῶν
1744 2785 1823 2838 ἔτι
1849 2803 1976 2857 προ-

383 2873 724 2936 κοπτόντων,
775 2874 867 2925 καὶ
913 2874 1270 2947 ὲπιδεχομένη
1317 2877 1386 2930 τὰ
1423 2877 1640 2930 ἐναντία
1686 2878 1856 2931 θέλειν
1892 2874 1974 2943 οἷς

381 2963 656 3034 πρότερον
691 2962 969 3037 προέθετο.
1031 2966 1335 3021 Mulabilem
1367 2983 1487 3023 esse
1541 2971 1616 3024 ait
1661 2986 1845 3024 eorum
1879 2986 1972 3025 vo-

379 3057 660 3112 luntatem
692 3058 782 3125 qui
814 3059 1118 3124 proﬁciunt,
1154 3075 1256 3112 non
1293 3060 1380 3128 qui
1417 3062 1633 3129 perfecti
1662 3071 1807 3118 sunt.

462 3149 536 3202 At
568 3151 656 3203 vix
694 3150 856 3203 ullam
903 3151 1137 3203 admittit
1169 3152 1602 3214 excusationem,
1634 3153 1777 3220 quod
1809 3153 1876 3208 ab
1904 3168 1968 3208 co

380 3242 652 3309 scriptum
693 3251 776 3295 est
812 3251 943 3295 tom.
980 3259 1054 3296 xtl
1108 3244 1164 3296 in
1205 3242 1395 3297 Matth.
1429 3260 1578 3298 num.
1609 3244 1701 3310 25,
1741 3247 1828 3299 υι›ι
1867 3246 1968 3303 hoc

385 3333 594 3388 Christi
637 3336 702 3386 ad
739 3333 955 3387 Petrum
991 3350 1270 3403 exponens
1319 3352 1332 3388 :
1395 3353 1414 3386 ι
1465 3334 1786 3391 Scandalum
1836 3338 1967 3392 mihi

388 3423 536 3486 es“,
575 3441 594 3473 ι
631 3422 826 3491 quaerit
857 3424 1126 3490 quomodo
1159 3433 1304 3478 stare
1331 3424 1457 3477 illud
1495 3426 1667 3494 possit
1702 3442 1825 3480 cum
1863 3427 1969 3482 isto

388 3517 676 3584 PrOphetae
709 3533 722 3569 :
758 3534 775 3566 ι
808 3516 914 3568 Pax
959 3517 1122 3568 multa
1156 3517 1499 3586 diligentibus
1534 3533 1727 3572 nomen
1761 3519 1874 3584 Dei,
1911 3528 1967 3574 et

389 3620 501 3658 non
526 3614 612 3658 est
641 3605 742 3658 illis
771 3607 1083 3658 scandalum
1108 3606 1185 3665 ⁸⁷;
1224 3626 1242 3658 ι
1268 3617 1322 3658 et
1344 3607 1447 3662 isto
1466 3605 1706 3676 Apostoli
1735 3626 1748 3662 :
1779 3627 1798 3660 ι
1829 3608 1969 3663 Cha-

389 3697 528 3749 ritas
560 3711 831 3764 nunquam
866 3697 1126 3750 excidit”
1160 3714 1173 3750 :
1213 3716 1233 3750 ι
1266 3701 1661 3768 respondetque
1701 3716 1805 3754 non
1839 3699 1966 3754 Ser-

390 3797 635 3839 vatorem
679 3789 858 3852 modo,
894 3788 986 3841 sed
1027 3796 1080 3841 et
1121 3803 1242 3840 eum
1297 3789 1388 3854 qui
1436 3787 1491 3841 in
1536 3790 1803 3843 charitatc
1841 3805 1965 3858 pcr-

392 3877 683 3931 fcctionem
715 3877 942 3945 adeptus
975 3886 1076 3943 est,
1118 3877 1373 3931 seandalo
1406 3876 1694 3931 obnoxium
1742 3893 1846 3933 non
1874 3893 1960 3932 es-

392 3987 489 4036 se;
536 3971 628 4024 sed
659 3983 780 4023 eum
816 3978 993 4024 tamen
1025 3971 1116 4038 qui
1151 3979 1356 4038 peccat,
1390 3978 1649 4037 quantum
1681 3970 1733 4022 in
1765 3985 1825 4023 se
1857 3981 1961 4036 est,

390 4061 706 4116 scandalum
756 4063 882 4116 huic
918 4061 1173 4131 praebere.
1217 4060 1538 4114 Damnosum
1587 4075 1712 4114 vero
1753 4062 1966 4130 penitus

388 4151 536 4206 istud
562 4153 703 4220 quod
730 4152 957 4205 habetur
986 4153 1170 4205 eodem
1207 4163 1371 4214 Iomo,
1400 4167 1547 4204 num.
1573 4151 1626 4214 4,
1659 4167 1780 4219 pag.
1818 4151 1922 4206 5l6
1946 4169 1960 4204 :

399 4244 460 4299 Ὀ
493 4238 586 4296 οὖν
614 4243 1015 4315 ἀναμάρτητος,
1052 4245 1144 4297 καὶ¹
1172 4243 1367 4313 μηκέτι
1395 4242 1645 4313 δεόμενος
1674 4242 1781 4296 τῶν
1816 4260 1966 4314 νομι-

387 4335 505 4390 κῶν
552 4335 752 4389 θυσιῶν
792 4335 1135 4405 ὑπερϐἐὸηκε
1180 4335 1483 4398 τελειωθεὶς
1541 4335 1681 4406 τάχα
1733 4335 1826 4388 καὶ
1871 4334 1964 4387 τὸν

387 4427 760 4495 πνευματικὸν
779 4427 960 4496 νόμον,
987 4427 1080 4479 καὶ
1100 4425 1319 4494 γέγονεν
1348 4428 1412 4478 ἐκ
1433 4424 1510 4495 τῷ
1531 4425 1672 4494 ὑπὲρ
1697 4425 1856 4478 αὐτὸν
1888 4425 1967 4477 νό-

2080 589 2138 643 δὲ
2173 591 2273 662 τὴν
2322 591 2610 664 ἐπαινετὴν
2655 594 2942 660 ἀπάθειαν,
2995 597 3087 650 καὶ
3136 598 3316 650 πᾶσαν
3369 597 3467 669 τὴν
3521 598 3655 670 ἀρε-

2079 687 2197 755 τήν.

2153 774 2291 830 XIX.
2323 775 2428 831 Sed
2464 791 2562 831 nec
2592 777 2729 845 fugit
2769 776 3098 846 diligentiam
3146 779 3380 848 lprensis
3415 779 3653 850 episc0pi

2081 865 2254 921 isthoc
2298 866 2547 937 Or-igenis
2582 869 2992 927 deliramentum
3029 870 3139 939 jam
3185 881 3312 924 ante
3342 882 3582 925 notatum
3622 889 3652 925 a

2081 957 2652 1029 Magdeburgensibus,
2670 973 2817 1016 cent.
2855 978 2942 1025 In,
2975 978 3093 1032 cap.
3125 962 3212 1027 10,
3240 964 3380 1032 quod
3415 963 3656 1017 luculen-

2081 1059 2164 1104 ter
2195 1055 2431 1122 exagitat
2467 1063 2593 1108 tom.
2617 1053 2660 1120 1,
2691 1055 2783 1108 lib.
2812 1071 2886 1124 vi,
2917 1070 3037 1125 cap.
3071 1056 3138 1108 1‘2
3164 1066 3216 1110 et
3247 1057 3334 1122 15,
3371 1067 3426 1110 et
3463 1057 3655 1125 ρι’ωοί-

2078 1157 2181 1208 pue
2224 1141 2319 1195 lib.
2356 1157 2406 1195 IV
2449 1144 2577 1197 tomi
2623 1142 2886 1211 ejusdem,
2931 1159 3050 1213 cap.
3084 1145 3171 1208 19,
3226 1145 3315 1198 ubi
3347 1146 3484 1199 hanc
3513 1145 3655 1199 ἀπά-

2081 1231 2234 1285 θειαν
2279 1247 2310 1286 e
2342 1233 2826 1304 Pythagoreorum,
2861 1235 3193 1299 Stoicorum,
3221 1236 3492 1304 Diogenis,
3523 1236 3654 1306 Pyr-

2082 1324 2268 1377 rhonis
2309 1324 2645 1394 aliorumque
2687 1325 3127 1396 philosophorum
3165 1327 3366 1381 scholis
3405 1341 3654 1382 manasse

2079 1416 2433 1470 demonstrat.
2485 1416 2538 1468 In
2585 1432 2693 1486 quo
2723 1418 2891 1471 miror
2919 1417 3022 1472 hoc
3050 1418 3318 1472 excidisse
3353 1434 3367 1472 :
3403 1436 3421 1469 ι
3470 1419 3655 1485 Quan-

2077 1521 2240 1575 quam
2264 1522 2361 1560 nec
2387 1507 2645 1576 Origenes
2676 1509 2834 1578 hujus
2857 1509 3303 1578 impassibilitatis
3327 1509 3531 1578 primus
3557 1523 3655 1563 au-

2077 1606 2194 1652 ctor
2222 1598 2341 1653 fuit.
2389 1599 2523 1652 Nam
2579 1610 2637 1653 ut
2678 1601 2810 1655 nihil
2841 1601 2907 1654 de
2943 1600 3239 1655 Manichaeo
3266 1601 3649 1655 dicam.........

2071 1689 2185 1759 jam
2215 1691 2343 1744 olim
2379 1690 2546 1744 Stoici
2575 1699 2832 1759 putantur
2865 1691 3032 1745 fuisse
3081 1691 3222 1746 illius
3248 1690 3516 1754 ἀπαθείας
3551 1707 3651 1745 au—

2077 1793 2276 1834 ctores.
2315 1801 2334 1834 ι
2368 1780 2530 1847 Quasi
2553 1781 2840 1851 Origenem
2871 1781 3198 1837 Manichacus
3234 1791 3473 1851 tempore
3509 1796 3652 1852 prte-

2075 1872 2336 1936 cesserit,
2393 1887 2552 1939 quem
2611 1883 2816 1926 certum
2868 1881 2953 1927 est
3003 1874 3158 1928 annis
3221 1881 3344 1942 post
3403 1871 3652 1942 Origenis

2073 1963 2278 2016 obitum
2311 1963 2532 2017 circiter
2562 1964 2753 2034 viginti
2797 1973 2852 2019 et
2903 1979 3010 2018 uno
3057 1964 3302 2018 haeresim
3333 1978 3484 2018 suam
3528 1978 3653 2032 pro-

2075 2055 2364 2124 mulgasse.
2400 2054 2534 2108 Tum
2581 2057 2684 2110 hoc
2715 2056 2854 2122 loco,
2908 2065 2964 2108 et
3005 2055 3097 2109 lib.
3142 2070 3216 2122 νι,
3266 2070 3386 2125 cap.
3420 2054 3488 2108 12
3517 2056 3649 2109 ιοιιιί

2073 2152 2342 2217 ejusdem,
2406 2149 2830 2215 Priscillianum,
2897 2147 3274 2213 Manichaeum,
3337 2148 3649 2213 Gnosticos,

2075 2243 2359 2311 Evagrium
2422 2242 2860 2313 Hyperboritam,
2917 2239 3282 2306 Jovinianum,
3347 2239 3648 2310 Pelagium,

2076 2333 2348 2402 totiusque
2399 2347 2540 2398 pene
2593 2331 2766 2402 Syriae
2821 2331 3111 2385 ltazreticos
3157 2331 3456 2384 doctrinam
3511 2332 3652 2385 hanc

2073 2426 2141 2480 ab
2188 2425 2420 2494 Origene
2466 2424 2761 2492 sumpsisse
2814 2432 3037 2477 auctore
3090 2423 3248 2477 docet
3286 2422 3647 2494 Hieronymo;

2074 2517 2323 2587 interque
2359 2532 2454 2571 eos
2485 2516 2772 2586 Evagrium
2807 2515 3004 2569 librum
3043 2515 3278 2570 edidisse
3322 2514 3466 2590 ῌερὶ
3496 2514 3650 2569 ἀπα·

2073 2609 2255 2674 θείας,
2301 2609 2391 2677 qui
2438 2624 2466 2662 a
2496 2607 2692 2661 Rulino
2721 2607 2913 2661 Latine
2941 2622 3234 2662 conversus
3268 2619 3370 2662 est.
3411 2606 3652 2661 Solerter

2072 2701 2267 2754 deinde
2315 2699 2568 2754 observat
2607 2715 2712 2753 non
2766 2699 2899 2752 satis
2954 2709 3110 2753 caute
3160 2698 3542 2769 llieronymum
3595 2697 3648 2750 in

2073 2790 2230 2856 epist.
2287 2789 2352 2842 ad
2399 2787 2647 2856 Ctesiph.
2698 2798 2885 2842 contra
2933 2788 3115 2856 Pelag.
3179 2803 3295 2856 cap.
3359 2787 3423 2852 2,
3476 2796 3532 2841 et
3593 2787 3646 2840 in

2072 2895 2302 2949 prooem.
2353 2880 2417 2934 ad
2464 2877 2675 2950 Dialog.
2729 2890 2911 2932 contra
2953 2878 3137 2948 Pelag.
3193 2890 3247 2932 et
3301 2879 3354 2931 in
3412 2891 3642 2946 prodam.

2073 2968 2362 3023 Comment.
2393 2969 2450 3021 in
2483 2966 2705 3034 Jerem.,
2745 2968 2838 3022 lib.
2864 2984 2938 3033 tv,
2972 2969 3288 3022 distinxisse
3315 2968 3402 3022 illa
3425 2969 3550 3032 duo,
3571 2967 3650 3020 fa-

2071 3060 2328 3115 cultatem
2361 3059 2562 3113 habere
2592 3075 2694 3112 non
2728 3061 3006 3130 peccandi,
3044 3069 3096 3114 et
3118 3076 3224 3114 non
3249 3061 3451 3114 habere
3475 3060 3648 3114 facul-

2076 3161 2237 3206 tatem
2264 3150 2559 3220 peccandi;
2598 3151 2702 3204 hoc
2727 3159 2828 3212 est,
2860 3167 3008 3218 posse
3038 3167 3140 3204 non
3177 3167 3411 3218 peccare,
3451 3164 3502 3205 et
3543 3168 3649 3206 non

2071 3258 2220 3310 posse
2250 3256 2480 3310 peccare.
2509 3240 2747 3306 Quorum
2769 3239 2998 3294 alterum
3024 3255 3053 3294 e
3082 3240 3256 3296 libero
3279 3241 3474 3310 pendet
3497 3242 3648 3294 arbi-

2074 3335 2196 3397 trio,
2233 3349 2340 3402 quo
2368 3332 2430 3386 lit
2463 3341 2518 3385 ut
2547 3345 2837 3400 possumus
2866 3346 3109 3401 peccare,
3146 3332 3228 3385 vel
3261 3348 3365 3386 non
3397 3347 3646 3402 peccare,

2069 3426 2257 3495 gratiae
2287 3423 2446 3477 modo
2495 3423 2562 3476 ad
2604 3422 2655 3475 id
2695 3431 3025 3490 postremum
3059 3433 3308 3492 suppetat
3354 3424 3647 3491 auxilium;

2068 3515 2298 3569 alterum
2327 3528 2457 3567 vero
2491 3513 2698 3566 arbitrii
2737 3512 2956 3566 humani
2993 3514 3295 3566 libertatem
3334 3513 3490 3580 tollit,
3525 3522 3582 3567 et
3615 3530 3648 3567 ιι

2072 3604 2464 3658 Valentinianis
2497 3603 2958 3671 propugnabatur,
2999 3603 3088 3671 qui
3119 3603 3365 3658 homines
3402 3620 3649 3674 πνευμα-

2063 3697 2250 3759 τικοὺς
2294 3694 2409 3763 ejus
2441 3709 2559 3749 esse
2607 3695 2862 3748 volebant
2916 3705 3147 3760 naturae,
3198 3710 3318 3763 quae
3371 3705 3647 3763 peccatum

2063 3789 2211 3842 nullo
2233 3790 2391 3842 modo
2415 3788 2718 3856 reciperet:
2745 3787 2886 3853 quod
2911 3787 3134 3857 dogma.
3155 3787 3532 3858 dogmatisque
3551 3803 3649 3840 au-
3717 3813 3721 3817 -

2063 3889 2243 3932 ctores
2287 3878 2560 3947 perpetuis
2598 3877 3006 3932 velitationibus
3059 3877 3320 3944 Origenes
3382 3879 3643 3945 urgebat;

2066 3984 2340 4038 nunquam
2377 3985 2483 4022 non
2518 3970 2620 4023 hoc
2653 3969 2954 4034 inculcans,
2991 3970 3194 4024 nullam
3243 3984 3363 4023 esse
3397 3978 3644 4022 naturam

2064 4075 2183 4129 quae
2223 4074 2325 4112 non
2367 4059 2437 4112 sit
2479 4060 2602 4113 boni
2660 4069 2714 4114 et
2755 4059 2879 4112 mali
2915 4076 3112 4128 capax,
3153 4060 3286 4113 adeo
3332 4068 3388 4114 ut
3440 4073 3505 4112 ne
3540 4059 3646 4128 ipsi

2065 4152 2282 4222 quidem
2310 4150 2486 4221 angeli
2533 4167 2560 4204 a
2605 4160 2850 4220 peccato,
2902 4152 3218 4221 peccatique
3256 4151 3434 4220 poenis
3458 4160 3646 4206 essent

2065 4245 2354 4297 immunes.
2397 4243 2688 4311 Perperam
2736 4256 2864 4306 ergo
2903 4242 3258 4310 Hieronymus
3289 4241 3339 4294 in
3377 4242 3537 4311 epist.
3573 4242 3640 4295 ad

2063 4334 2324 4404 Ctesiph.,
2351 4349 2469 4402 cap.
2504 4335 2554 4399 1,
2582 4331 2983 4403 ἀναμάρτητον,
3017 4333 3157 4387 idem
3177 4347 3296 4387 esse
3312 4343 3478 4396 retur,
3500 4333 3642 4403 quod

2063 4429 2175 4481 sine
2193 4437 2436 4496 peccato;
2457 4442 2576 4480 nam
2605 4427 3004 4497 ἀναμάρτητον,
3023 4434 3125 4491 est,
3157 4417 3382 4494 incapaa:
3405 4426 3602 4494 peccati
3624 4440 3644 4480 :

393 4537 504 4590 μῳ.
540 4519 809 4570 Prarterea
861 4529 991 4572 tom.
1025 4531 1095 4569 xv
1142 4519 1194 4569 in
1245 4517 1384 4570 idem
1411 4516 1779 4585 Evangelium,
1815 4532 1959 4568 num.
1999 4539 2044 4592 ι)
2075 4519 2339 4589 perfectos
2372 4529 2549 4572 autem
2583 4533 2686 4570 non
2718 4519 3002 4588 incapaces
3037 4519 3243 4586 peccati
3276 4517 3492 4572 volebat
3522 4517 3645 4571 Ori-

388 4611 444 4674 6,
479 4625 600 4679 pag.
645 4609 770 4673 659,
815 4609 978 4663 tradit
1011 4624 1208 4677 pueros
1245 4611 1442 4676 quibus
1479 4624 1670 4664 manus
1713 4609 1966 4678 imposuit

387 4701 571 4766 Jesus,
599 4701 712 4770 jam
739 4703 968 4770 amplius
997 4703 1298 4757 daemonum
1327 4701 1620 4756 assultibus
1645 4701 1730 4754 vel
1759 4702 1965 4768 peccati

387 4796 660 4850 illecebris
693 4797 908 4864 percelli
942 4813 1046 4850 non
1069 4813 1256 4866 posse;
1287 4805 1341 4850 et
1369 4813 1516 4850 num.
1553 4796 1636 4859 Π,
1669 4811 1790 4864 pag.
1815 4794 1918 4849 676
1952 4816 1963 4850 :

386 4883 558 4954 Οὗτος
595 4889 658 4960 δὴ
685 4893 713 4942 ό
739 4889 1314 4960 ἀνθυπαλλασσόμενος
1349 4889 1468 4942 ἀντὶ
1501 4888 1728 4941 πλούτου
1753 4889 1963 4954 πενίαν,

393 4981 534 5052 ὑπὲρ
582 4981 674 5034 τοῦ
715 4981 912 5043 τέλειος
950 4982 1221 5049 γενέσθαι,
1267 4980 1509 5042 πεισθεὶς
1531 4983 1640 5042 τοῖς
1677 4979 1848 5050 Ἰησοῦ
1877 4979 1966 5032 λόο

389 5090 530 5142 γοις,
560 5074 770 5144 ἀθρόως
795 5072 860 5126 ἂν
883 5072 1194 5145 βοηθηθείη,
1229 5073 1304 5136 ὡς
1349 5073 1443 5126 καὶ
1475 5075 1523 5125 οἱ
1552 5072 1837 5126 ἀπόστολοι
1873 5071 1970 5124 τοῦ

385 5163 647 5235 Χριστοῦ,
683 5164 818 5237 πρὸς
878 5163 939 5216 τὸ
979 5165 1232 5232 γενέσθαι
1276 5164 1437 5232 σοφὸς
1488 5167 1546 5216 ἐν
1596 5163 1838 5234 Χριστῷ,
1876 5164 1972 5216 καὶ

385 5255 653 5324 ἀνδρεῖος,
694 5255 789 5307 καὶ
827 5255 1051 5319 δίκαιος,
1076 5256 1170 5308 καὶ
1195 5254 1446 5325 σώφρων,
1475 5255 1566 5308 καὶ
1591 5255 1747 5317 ἐκτὸς
1772 5255 1970 5318 παντὸς

386 5345 610 5408 πάθουςο
671 5346 909 5416 φήσειδὲ
937 5349 964 5400 ό
1009 5346 1179 5410 οὕτως
1237 5346 1688 5417 ἀπολογούμενος,
1741 5345 1823 5398 ὅτι
1872 5347 1972 5399 οὐκ

385 5435 598 5506 ἀνάγκη
621 5437 779 5490 τοῦτο
827 5437 1085 5508 νοηθῆναι
1116 5438 1281 5508 αὐτῆς
1306 5438 1516 5508 ἡμέρας
1547 5437 1966 5508 ἀπαντῆσαιντῷ

387 5527 763 5598 ὰποδεδομένῳ
811 5528 880 5582 τά
933 5529 1266 5599 ὑπάρχοντα,
1328 5529 1422 5582 καὶ
1469 5527 1660 5581 διδόντι
1695 5531 1961 5599 πτωχοῖς·

389 5615 500 5668 ἀλλ’
558 5618 686 5681 ἴσως
736 5619 829 5670 ἀπ’
859 5619 1072 5690 ἐκείνης
1124 5620 1220 5690 μὲν
1274 5619 1372 5690 τῆς
1415 5619 1625 5691 ἡμέρας
1672 5618 1894 5684 ἄοξεται
1930 5621 1990 5691 ἡ,

459 5801 503 5831 ⁸ο
546 5797 737 5854 Matth.
772 5814 882 5865 xvi,
909 5800 997 5858 25.
1064 5801 1107 5831 ⁸⁷
1143 5795 1286 5854 Psal.
1334 5814 1522 5863 cxmt,
1547 5798 1665 5855 l63.

2075 4626 2258 4681 genes,
2311 4625 2485 4678 neque
2527 4611 2793 4680 Pelagius,
2835 4609 2927 4662 sed
2967 4619 3189 4678 peccato
3227 4625 3414 4664 carere
3447 4600 3642 4678 posse;

2075 4704 2186 4757 imo
2212 4717 2340 4757 vero
2372 4704 2700 4772 praedicabat
2731 4701 2979 4774 Pelagius
3007 4718 3110 4756 non
3137 4703 3188 4756 id
3212 4703 3320 4771 agi,
3344 4713 3522 4756 utrum
3545 4703 3644 4756 ali-

2074 4793 2196 4862 quis
2237 4800 2440 4863 peccatl
2498 4809 2593 4862 per
2645 4804 2812 4848 totam
2865 4794 3026 4846 vitam
3076 4793 3265 4848 fuisset
3301 4809 3512 4859 exsors,
3547 4793 3640 4848 sed

2077 4896 2254 4938 utrum
2291 4885 2535 4938 homines
2566 4886 2770 4953 peccati
2811 4895 3058 4938 exsortes
3099 4900 3218 4937 esse
3250 4893 3468 4953 queant,
3501 4883 3643 4951 quod

2073 4992 2170 5046 per
2217 4976 2427 5029 arbitrii
2469 4976 2624 5030 liberi
2657 4978 2801 5031 vires
2845 4976 2960 5030 ﬁeri
3008 4989 3168 5044 posse
3204 4974 3534 5035 afﬁrmabat;
3588 4983 3644 5028 et

2073 5068 2428 5121 Adamantius
2457 5082 2670 5137 quoque
2710 5069 2978 5123 neminem
3014 5069 3132 5121 sine
3169 5076 3393 5137 peccato
3437 5065 3642 5120 vixisse

2074 5159 2319 5228 putabat,
2352 5169 2409 5211 ut
2440 5175 2600 5228 supra
2638 5159 2774 5213 dixi.
2805 5160 2964 5229 Atqui
2999 5161 3113 5213 ficri
3146 5175 3301 5228 posse
3330 5175 3436 5212 non
3476 5174 3642 5227 nega-

2073 5249 2165 5303 bat
2195 5250 2532 5319 Augustinus
2561 5263 2617 5303 ut
2641 5266 2762 5306 esse
2788 5259 2971 5320 posset
2994 5254 3154 5307 homo
3191 5255 3242 5308 in
3277 5253 3378 5307 hac
3401 5254 3508 5307 vita
3527 5254 3643 5308 sine

2075 5353 2321 5411 peccato,
2353 5343 2402 5396 id
2437 5341 2593 5395 modo
2615 5343 2802 5411 gratia:
2828 5343 3050 5408 auxilio,
3074 5359 3178 5398 non
3212 5355 3414 5398 natura:
3439 5344 3641 5401 viribus

2073 5435 2368 5488 referretur
2396 5442 2670 5502 acceptum
2700 5451 2713 5486 :
2743 5451 2762 5483 ι
2788 5432 2920 5486 Nam
2947 5435 3033 5503 qui
3057 5436 3266 5500 dicunt,
3297 5455 3316 5488 ι
3340 5437 3511 5506 inquit
3539 5436 3631 5491 lib.

2077 5525 2153 5579 De
2192 5533 2389 5594 peccat.
2418 5541 2569 5588 men,
2605 5525 2700 5582 lib.
2729 5541 2791 5591 ιι,
2828 5542 2948 5596 cap.
2976 5525 3030 5590 6,
3067 5544 3085 5577 ι
3122 5542 3241 5582 esse
3268 5543 3424 5597 posse
3451 5528 3501 5582 in
3535 5527 3639 5583 hac

2071 5621 2177 5671 vita
2201 5618 2474 5674 hominem
2505 5618 2619 5673 sine
2647 5633 2889 5688 peccato,
2921 5634 3024 5674 non
3060 5630 3141 5676 est
3172 5621 3249 5676 cis
3273 5621 3530 5677 continuo
3559 5621 3642 5676 in-

1744 5799 1788 5830 "
1828 5797 1846 5852 l
1876 5798 2001 5853 Cor.
2044 5813 2167 5863 xm,
2197 5796 2250 5850 8.
