4170 6414
562 409 669 469 959

1843 400 1903 455 P.
1942 396 2261 453 DANIELIS
2296 395 2528 453 llUETll

3723 392 3833 448 960

562 536 723 584 cauta
753 522 1059 579 temeritate
1097 520 1492 578 obsistendum.
1528 520 1619 575 Sic
1637 520 1781 574 enim
1818 534 1938 574 esse
1984 533 2143 587 posse
2174 522 2217 579 Α
2250 515 2494 570 renovari
2523 516 2589 567 ad
2642 512 3011 583 pienitentiam
3037 553 3052 579 ,
3088 527 3303 568 rursum
3352 509 3728 583 cruciﬁgentes
3757 511 3834 567 si-

566 617 967 687 negaveritnns,
1019 625 1071 669 et
1119 614 1356 669 hominis
1404 613 1576 667 libero
1624 613 1871 675 arbitrio,
1915 613 2007 680 qui
2050 614 2151 667 hoc

564 710 794 763 voleudo
834 708 1061 775 appetit,
1088 717 1142 760 et
1170 706 1259 759 Dei
1287 707 1475 758 virtuti
1508 705 1590 757 vel
1624 705 2023 767 misericordiae,
2058 705 2150 774 qui

567 798 670 851 hoc
698 798 1008 867 adiuvando
1036 796 1223 860 eﬂicit,
1249 795 1653 865 derogabimus.
1685 816 1702 848 ι
1742 794 1849 851 Nec
1875 796 2006 850 satis
2028 810 2153 863 pro-

567 889 683 957 prie
714 889 855 941 idem
890 887 1254 959 Hieronymus
1288 887 1340 940 itt
1373 896 1604 955 procem.
1647 887 1743 942 lib.
1786 904 1835 940 tv
1859 886 2146 941 Comment.

565 996 621 1033 tu
648 977 869 1041 Jerem.,
898 976 1315 1048 dvapapmsizv
1364 976 1659 1030 reddidisse
1692 977 1924 1040 videtur,
1958 977 2152 1044 impec-

566 1070 819 1131 cantiam,
858 1070 906 1121 id
936 1078 1041 1133 est,
1071 1085 1173 1121 non
1201 1082 1445 1135 peccare;
1474 1065 1624 1134 quod
1654 1068 1979 1119 reddendum
2011 1075 2149 1129 erat,

564 1159 1074 1230 impeccabilitatem,
1111 1158 1162 1213 id
1204 1169 1308 1221 cst,
1351 1175 1452 1211 non
1490 1174 1641 1225 posse
1677 1173 1911 1227 peccare.
1955 1157 2152 1226 Perpe-

565 1272 680 1310 ram
718 1270 932 1325 quoque
956 1255 1215 1322 scriptum
1245 1256 1311 1308 ab
1336 1269 1401 1307 eo
1431 1264 1515 1305 est
1543 1265 1770 1320 promtu.
1804 1250 2014 1319 Dia/0g.
2048 1251 2149 1303 ad-

564 1365 695 1402 vers.
729 1346 911 1417 Pelag.
955 1364 972 1401 :
1007 1367 1024 1400 t
1058 1348 1192 1402 illud
1231 1357 1409 1400 autem
1454 1345 1702 1415 Origenis
1742 1344 2013 1412 proprium
2042 1352 2147 1407 est,

564 1453 687 1492 esse
712 1437 989 1508 possibile,
1023 1452 1145 1491 cum
1191 1450 1250 1490 se
1289 1435 1485 1505 aliquis
1514 1434 1576 1487 ad
1612 1434 1832 1487 meliora
1866 1443 2148 1487 Converte-

566 1529 662 1592 rit,
693 1530 759 1583 ad
792 1539 993 1583 tantam
1024 1528 1390 1583 fortitudinem
1426 1529 1737 1596 pervenire,
1772 1537 1829 1582 ut
1852 1529 1988 1580 ultra
2022 1544 2149 1594 pec-

566 1635 692 1673 care
737 1635 841 1673 non
890 1620 1081 1689 possit,
1117 1636 1135 1670 ι
1173 1633 1271 1686 pro
1297 1632 1361 1671 eo
1393 1620 1535 1686 quod
1569 1618 1813 1670 scribere
1847 1618 2052 1680 debuit,
2092 1624 2147 1669 ut

565 1711 707 1764 ultra
742 1728 843 1764 non
870 1727 1083 1778 peccare
1109 1710 1297 1779 possit.
1322 1708 1568 1763 Genuina
1599 1724 1728 1780 ergo
1754 1722 1815 1761 ea
1835 1708 1937 1761 fuit
1960 1708 2148 1777 Orige-

566 1805 652 1857 nis
685 1804 976 1867 sententia,
1011 1802 1258 1857 homines
1308 1817 1496 1856 omnes
1543 1800 1780 1870 peccatis
1832 1816 1950 1853 esse
1984 1802 2147 1855 obno-

568 1893 715 1958 xios;
743 1892 834 1962 qui
860 1907 990 1946 vero
1014 1891 1362 1961 acquirendae
1391 1891 1603 1956 virtuti,
1632 1900 1687 1945 et
1716 1890 1927 1946 delictis
1955 1906 2147 1958 expur-

564 1984 757 2055 gandis
783 1983 991 2038 dederit
1020 1998 1265 2052 operam,
1289 1993 1346 2039 et
1381 1984 1448 2038 ad
1471 1983 1857 2053 perfectionem
1888 1998 2145 2037 conscen-

566 2073 731 2137 derit,
758 2074 1013 2128 vitiorum
1036 2074 1389 2129 incitamenta
1418 2074 1655 2144 propriis
1681 2074 1885 2128 viribus
1909 2088 2148 2141 pessmu-

568 2169 700 2222 dare
740 2181 903 2237 posse
930 2168 976 2223 si
1007 2167 1152 2233 velit,
1186 2169 1253 2221 ab
1290 2169 1463 2236 iisque
1497 2169 1809 2237 neutiquam
1839 2167 2055 2221 tentari.
2083 2167 2144 2223 In

567 2275 678 2330 quo
721 2260 973 2331 geminus
1012 2271 1096 2315 est
1126 2276 1304 2322 ert-or,
1360 2261 1503 2329 quod
1533 2261 1708 2315 virum
1736 2261 2037 2331 perfectum
2077 2260 2148 2316 ad

567 2352 861 2408 calcandas
894 2354 1103 2424 peccati
1156 2352 1448 2408 blanditias
1496 2354 1683 2421 gratize
1739 2354 1993 2425 praesidio
2038 2368 2147 2410 non

566 2448 729 2514 egere
762 2444 914 2511 velit,
946 2453 1000 2499 et
1031 2445 1173 2515 quod
1205 2444 1596 2501 tentationibus
1625 2461 1747 2499 eum
1782 2447 2005 2500 minime
2028 2461 2149 2515 per-

567 2535 685 2589 celli
722 2546 972 2599 censeat;
1004 2552 1126 2591 cum
1166 2547 1375 2592 certum
1403 2539 1474 2591 sit
1508 2535 1673 2591 vitam
1702 2538 1938 2593 hominis
1972 2549 2148 2592 certa-

568 2643 689 2681 men
728 2643 851 2682 esse
902 2641 1250 2699 perpetuum,
1293 2639 1344 2683 et
1397 2628 1565 2687 Paulo
1606 2631 1709 2702 ipsi
1749 2629 1931 2686 datum
1982 2630 2149 2688 luisse

567 2719 850 2775 stimulum
886 2720 1088 2775 carnis.
1876 2734 1879 2737 ‘

640 2810 755 2869 XX.
799 2812 1264 2879 Quemadmodum
1295 2823 1513 2869 evectos
1535 2813 1599 2866 ad
1631 2829 1903 2869 summum
1932 2815 2151 2871 virtutis

566 2905 778 2971 apicem
808 2903 1054 2956 homines
1087 2904 1323 2971 peccatis
1357 2904 1627 2959 obnoxios
1662 2921 1765 2959 non
1801 2921 1922 2960 esse
1956 2906 2148 2960 delini-

566 2995 643 3048 vit
674 2992 1062 3060 Adamantius;
1100 2994 1171 3047 ita
1210 2996 1508 3051 asseruisse
1544 2997 1689 3051 visus
1717 3005 1802 3051 est
1848 3012 1954 3051 non
1990 3013 2150 3067 posse

564 3098 659 3139 eos
709 3098 990 3154 emergere
1019 3100 1047 3137 a
1089 3083 1258 3151 vitiis,
1295 3093 1350 3139 et
1400 3086 1466 3139 ad
1502 3086 1761 3141 virtutem
1812 3089 2053 3159 regredi,
2086 3103 2148 3143 ac

566 3174 814 3229 renovari
844 3190 937 3245 per
962 3175 1340 3245 ptenitentiam
1369 3190 1483 3239 eos,
1529 3177 1620 3245 qui
1651 3186 1774 3246 post
1803 3188 2083 3247 acceptum
2118 3195 2145 3232 a
2174 3202 2217 3259 ο

567 3267 679 3321 Deo
704 3269 895 3337 gratiae
932 3267 1131 3320 divina:
1164 3267 1345 3321 lumen
1396 3267 1589 3321 iterum
1631 3283 1752 3322 sese
1781 3271 2020 3339 peccatis
2048 3273 2146 3325 ob-

564 3362 888 3417 Strinxerint
925 3382 938 3418 :
974 3362 1198 3417 Petrum
1232 3366 1449 3435 quidem
1474 3382 1596 3419 cum
1628 3365 1905 3422 Christum
1928 3370 2147 3437 ejnran-

566 3452 636 3504 do
668 3452 935 3522 peccavit,
971 3455 1210 3508 nomium
1239 3457 1513 3524 accepisse
1547 3456 1808 3526 Spiritum
1849 3470 2097 3515 sanctum
2126 3478 2142 3521 ;

566 3541 723 3596 nobis
745 3557 874 3597 vero
898 3543 941 3597 si
969 3557 1033 3597 eo
1062 3556 1289 3612 accepto
1311 3547 1737 3614 peccaverimus,
1768 3562 1939 3617 neque
1966 3552 2017 3603 in
2046 3550 2149 3607 hoc

567 3634 786 3701 Saecula,
806 3650 981 3705 neque
1001 3636 1052 3689 in
1076 3635 1259 3691 futuro
1289 3637 1500 3690 veniam
1527 3638 1595 3692 iri
1618 3654 1959 3696 concessum.
1984 3659 2004 3692 ε
2039 3643 2149 3699 lloc

565 3728 809 3793 attende,
845 3746 863 3779 ι
898 3728 1073 3797 inquit
1111 3739 1270 3784 tract.
1302 3746 1447 3783 xxxv
1487 3731 1540 3783 in
1585 3731 1807 3799 Mattlt.,
1850 3752 1996 3789 nunt.
2025 3737 2147 3804 114,

567 3836 691 3890 pag.
726 3820 852 3885 915,
881 3840 900 3872 ί
934 3822 1189 3891 quoniam
1222 3824 1499 3892 antegalli
1528 3836 1771 3887 cantum,
1804 3839 1857 3882 et
1884 3840 2006 3886 ante
2028 3830 2145 3900 Spi-

569 3916 731 3969 ritum
763 3916 1106 3980 sanctum,in
1137 3927 1379 3985 tempore
1410 3918 1585 3971 noctis
1623 3920 1923 3988 profundae,
1956 3924 2150 3977 etiam-

566 4006 612 4059 si
646 4005 959 4074 frequenter
999 4008 1346 4076 denegaverit
1380 4010 1522 4076 quis,
1561 4012 1739 4064 vivere
1769 4022 1944 4080 potest
1973 4016 2150 4084 :qnod

569 4098 914 4153 manifestum
947 4110 1030 4155 est
1059 4116 1124 4153 ex
1157 4114 1245 4164 eo,
1292 4105 1433 4169 quod
1477 4112 1559 4157 ter
1602 4103 1887 4173 denegavit
1931 4105 2148 4163 Petrus.

568 4190 626 4243 Si
662 4202 841 4246 autem
874 4201 997 4260 post
1046 4192 1175 4261 galli
1223 4205 1464 4259 cautum,
1497 4194 1577 4248 vel
1626 4197 1790 4250 semel
1823 4197 1873 4250 in
1911 4212 2150 4266 quocun-

566 4294 672 4348 que
700 4280 941 4349 periculo
968 4281 1295 4336 constitutus
1334 4282 1685 4352 denegaverit
1719 4287 1874 4352 quis,
1905 4287 2153 4357 impossi-

568 4374 676 4427 bile
706 4384 788 4428 est
832 4390 955 4429 eum
1012 4374 1259 4428 renovari
1319 4374 1371 4427 in
1418 4376 1822 4442 paenitentiam,
1850 4387 1910 4430 ιιι
1955 4379 2150 4433 iterum

568 4464 855 4535 cruciﬁgat
900 4464 1002 4518 sibi
1042 4462 1239 4518 Filium
1272 4462 1388 4517 Dei.
1424 4482 1442 4514 ι
1474 4461 1725 4518 Clemens
1762 4466 1977 4533 quidetn
2021 4467 2150 4521 Ale-

2259 607 2560 675 bimetipsis
2592 604 2786 659 Filium
2823 602 2941 670 Dei,
2976 614 3031 657 et
3055 604 3295 659 ostentui
3327 605 3589 659 habentes
3614 620 3628 668 ;
3652 622 3671 655 i
3700 618 3831 658 nec-

2259 714 2366 751 non
2399 707 2454 750 et
2499 697 2599 750 ista
2632 713 2662 749 e
2707 710 2824 763 cap.
2860 695 2947 760 10,
2996 709 3139 750 vers.
3192 695 3288 759 '26,
3317 694 3423 749 27:
3466 714 3484 746 ι
3520 692 3835 752 Voluntaria

2253 788 2403 842 enim
2467 786 2820 858 peccantibus
2859 787 3017 841 nobis
3075 797 3201 856 post
3253 794 3531 857 acceptam
3584 786 3836 841 notitiam

2252 878 2654 946 veritatis,jam
2693 893 2799 931 non
2828 877 3154 946 relinquitur
3200 892 3296 948 pro
3339 878 3578 946 peccatis
3622 879 3831 943 hostia;

2254 970 2518 1024 terribilis
2576 979 2755 1023 autem
2804 970 3051 1037 quatdam
3089 972 3419 1040 exspectatio
3457 969 3667 1037 iudicii.
3696 989 3717 1022 1
3754 968 3838 1025 ln-

2251 1064 2319 1118 de
2342 1074 2396 1118 et
2419 1063 2662 1118 Novatus
2684 1064 2736 1117 in
2770 1064 3018 1119 haeresim
3046 1064 3301 1118 inductus
3327 1073 3428 1118 est.
3450 1064 3621 1130 Quam
3648 1074 3834 1119 autem

2252 1157 2341 1211 his
2374 1155 2524 1210 Pauli
2582 1156 2715 1211 locis
2754 1155 3151 1226 expositionem
3202 1155 3449 1210 adhibuit
3484 1155 3833 1222 Philastrius,

2253 1247 2498 1300 eamdem
2531 1243 2862 1314 Origeniano
2885 1243 2960 1298 illi
2993 1258 3280 1313 possumus
3306 1244 3585 1300 adhibere.
3618 1243 3713 1300 Sic
3744 1244 3834 1298 illa

2251 1354 2309 1391 se
2340 1338 2504 1392 habet
2525 1354 2646 1406 cap.
2692 1335 2801 1392 88:
2838 1355 2857 1388 t
2901 1335 3298 1390 Pretiitndinem
3318 1336 3482 1389 etiam
3521 1350 3626 1391 non
3651 1336 3838 1391 exclu-

2246 1428 2329 1481 dit
2355 1428 2619 1490 docendo,
2651 1427 2745 1480 sed
2778 1426 3050 1480 diversum
3075 1427 3299 1497 gradum
3334 1426 3613 1495 dignitatis
3647 1436 3838 1481 osten-

2250 1520 2331 1571 dit
2368 1519 2512 1571 inter
2536 1518 2683 1571 hunc
2716 1518 2805 1586 qui
2840 1518 3109 1586 integrum
3136 1516 3445 1579 custodivit,
3472 1525 3529 1570 et
3556 1516 3705 1570 illum
3745 1518 3837 1586 qtti

2250 1612 2516 1679 peccavit.
2554 1609 2844 1678 Dignitatis
2872 1617 2954 1663 est
2976 1608 3140 1678 igitur
3161 1607 3543 1661 detrimentum
3576 1609 3626 1661 in
3655 1622 3724 1662 eo
3746 1607 3839 1676 qui

2250 1700 2518 1771 peccavit,
2542 1715 2646 1754 non
2684 1693 2941 1754 damnum
2972 1700 3179 1755 salutis.
3213 1697 3348 1753 Nam
3384 1700 3427 1753 si
3472 1697 3683 1753 fortiter
3714 1699 3841 1768 quis

2254 1792 2582 1862 pugnaverit
2612 1805 2709 1860 per
2751 1790 3327 1861 martyrium,recipiet
3351 1790 3629 1859 pristinam
3655 1790 3837 1860 digiti-

2178 1861 2220 1920 Β
2252 1861 2415 1941 tatem
2448 1902 2464 1952 ;
2497 1894 2591 1939 aut
2614 1885 2659 1939 si
2685 1884 2949 1955 condigne
2977 1884 3028 1939 in
3060 1884 3163 1941 hoc
3192 1886 3389 1939 steculo
3419 1884 3633 1949 vixerit,
3666 1887 3838 1955 impe-

2249 1990 2355 2035 trat
2386 1981 2531 2051 quod
2562 1982 2841 2036 desiderat
2876 1980 3119 2051 adipisci.
3155 1979 3289 2037 Nam
3334 1983 3386 2037 iti
3438 1983 3551 2052 ipsa
3606 1986 3838 2055 epistola

2251 2073 2679 2142 rebaptizatores
2712 2072 2974 2138 excludit,
3008 2088 3115 2127 non
3149 2075 3474 2143 baptismum
3504 2081 3839 2147 paenitentia:

2250 2164 2501 2233 abnegat.
2562 2183 2581 2216 ι
2618 2165 2884 2218 Caeterum
2930 2166 3140 2220 consuli
3181 2167 3337 2220 velim
3387 2166 3599 2222 Sixtum
3629 2170 3841 2224 Senen-

2247 2272 2361 2312 sem
2390 2256 2486 2314 lib.
2511 2272 2565 2311 vt
2598 2255 2850 2311 Biblioth.
2879 2257 3063 2312 adnot.
3090 2258 3213 2324 H9,
3241 2268 3294 2312 et
3319 2260 3410 2313 lib.
3440 2277 3535 2324 vn,
3563 2262 3836 2331 lneres.8,

2249 2351 2341 2420 qui
2392 2351 2507 2406 haec
2537 2351 2773 2420 aliaque,
2802 2367 2925 2406 cum
2969 2351 3305 2421 explicandae
3355 2351 3481 2407 huic
3519 2352 3668 2407 Pauli
3715 2371 3839 2410 sen—

2252 2446 2453 2511 teutize,
2490 2454 2600 2498 tum
2657 2444 2927 2501 adversus
2962 2446 3255 2500 adductum
3288 2445 3539 2516 Origenis
3592 2450 3839 2505 testimo-

2253 2537 2401 2590 nium
2440 2537 2680 2605 collegit.

2332 2625 2467 2680 XXI.
2508 2627 2700 2681 Mirum
2742 2645 2907 2699 porro
2942 2629 3261 2684 sentientem
3313 2627 3602 2700 Origeuem
3654 2632 3840 2701 perfe-

2251 2732 2369 2774 ctos
2396 2722 2640 2776 homines
2666 2738 2821 2791 posse
2856 2738 2958 2775 non
2991 2721 3460 2791 peccare,dixisse
3493 2732 3674 2777 tamen
3702 2739 3838 2793 prae.

2251 2814 2421 2881 ci-ptis
2445 2814 2643 2867 divinis
2671 2828 2877 2866 morem
2906 2815 3016 2881 geri
3044 2828 3148 2866 non
3175 2817 3351 2883 posse.
3372 2811 3468 2867 Cui
3502 2815 3838 2869 contrarium

2250 2902 2497 2973 Pelagius
2526 2904 2764 2956 decrevit
2807 2904 2857 2956 iu
2900 2902 3012 2956 suis
3044 2900 3325 2955 Sententiis
3345 2942 3361 2967 ,
3406 2910 3541 2957 teste
3564 2900 3837 2973 Hieronyo

2255 3011 2364 3060 mo,
2391 2995 2481 3063 qui
2518 2996 2611 3049 lib.
2644 3011 2657 3047 l
2684 3006 2868 3048 contra
2893 2991 3077 3063 Pelag.
3107 2993 3225 3048 haec
3253 2995 3443 3049 scribit
3472 3013 3484 3046 :
3531 3013 3550 3046 ι
3590 2995 3840 3052 Centesi-

2254 3101 2375 3140 tnns
2426 3084 2615 3140 titulus
2656 3095 2738 3139 est
2764 3125 2779 3151 ,
2813 3100 2970 3153 posse
2996 3084 3270 3138 hominem
3295 3084 3411 3138 sine
3441 3095 3662 3154 peccato
3692 3100 3836 3151 esse,

2251 3186 2306 3231 et
2339 3176 2433 3232 Dei
2468 3178 2720 3230 mandata
2759 3177 2915 3230 facile
2951 3175 3260 3238 custodire,
3291 3175 3336 3228 si
3378 3176 3524 3231 velit.
3562 3198 3581 3229 ι
3618 3177 3715 3231 Sic
3743 3195 3837 3232 au-

2255 3278 2362 3323 tem
2399 3268 2663 3335 Origenes
2695 3268 2788 3323 lib.
2845 3285 2917 3333 11,
2954 3270 3008 3322 in
3037 3266 3221 3336 ,Epist.
3257 3270 3327 3322 ad
3372 3267 3552 3333 Rom,
3580 3286 3732 3326 num.
3763 3271 3795 3327 9
3817 3286 3833 3300 '

2260 3383 2277 3414 ι
2316 3361 2423 3417 Nos
2454 3378 2583 3416 vero
2609 3362 2699 3430 qui
2753 3363 2865 3416 lizrc
2894 3362 3075 3415 omnia
3121 3361 3440 3430 spiritaliter
3487 3361 3836 3433 intelligenda

2254 3457 2542 3515 sentimus,
2570 3454 2773 3509 idcirco
2818 3462 2875 3509 et
2901 3470 3006 3508 non
3039 3452 3334 3518 auditores,
3370 3453 3463 3508 sed
3500 3454 3736 3510 factores
3765 3455 3837 3509 le-

2262 3548 2344 3617 gis
2372 3546 2752 3617 justilicandos
2779 3546 3073 3612 credimus,
3110 3559 3214 3600 non
3257 3545 3391 3612 legis
3423 3544 3724 3599 secundum
3762 3546 3839 3599 lit-

2256 3649 2452 3701 teram,
2484 3654 2604 3708 qua:
2630 3639 2816 3707 utique
2845 3653 2941 3706 pro
2971 3638 3051 3693 sui
3077 3638 3509 3709 impossibilitate
3531 3653 3634 3691 non
3662 3649 3836 3707 potest

2258 3730 2458 3785 habere
2486 3730 2768 3795 factorem,
2792 3729 2885 3784 sed
2921 3732 3219 3785 secundum
3249 3732 3521 3800 Spiritum,
3556 3747 3648 3799 per
3672 3748 3834 3801 quem

2256 3823 2431 3878 solum
2466 3821 2550 3875 lex
2580 3822 2791 3892 impleri
2840 3822 3066 3892 poterit;
3107 3841 3125 3874 ι
3160 3832 3215 3876 et
3239 3838 3386 3875 num.
3419 3822 3505 3889 14,
3538 3839 3657 3893 pag.
3677 3823 3783 3877 499
3816 3837 3832 3877 :

2262 3934 2281 3967 ί
2314 3914 2464 3970 Licet
2508 3929 2613 3969 non
2655 3914 2987 3969 crediderint
3029 3913 3248 3983 quidam
3290 3912 3619 3980 Judzeorum,
3660 3917 3728 3969 de
3756 3916 3835 3969 itt-

2258 4007 2515 4062 iidelitate
2567 4017 2746 4061 tamen
2775 4020 2963 4060 eorum
3013 4005 3304 4060 dicendum
3354 4016 3458 4065 est.
3497 4008 3639 4075 quod
3696 4007 3833 4061 Deus

2257 4098 2476 4169 quidem
2507 4097 2656 4153 solus
2694 4097 2766 4152 sit
2795 4113 2981 4162 verax,
3005 4099 3151 4152 omni
3188 4111 3368 4153 autem
3394 4106 3556 4153 homo
3580 4102 3652 4154 sit
3681 4115 3832 4155 ineu-

2258 4191 2363 4244 dax
2397 4206 2412 4243 :
2444 4190 2570 4259 quia
2595 4189 2758 4244 etiam
2786 4187 2833 4243 si
2867 4188 2989 4257 quis
3033 4189 3210 4259 justus
3238 4200 3356 4255 est,
3386 4205 3608 4245 necesse
3647 4200 3732 4245 est
3757 4202 3835 4244 ta-

2260 4296 2380 4337 men
2408 4291 2463 4335 ut
2495 4281 2547 4334 in
2572 4280 2754 4350 aliquo
2778 4296 2810 4335 a
2839 4279 3069 4334 veritate
3102 4281 3340 4347 decidat,
3371 4298 3535 4350 quam
3575 4284 3627 4336 in
3655 4283 3831 4338 onmi-

2258 4370 2360 4427 bus
2406 4386 2629 4427 servare
2663 4373 2914 4428 humana:
2940 4387 3146 4429 naturae
3167 4392 3304 4445 pene
3335 4375 3667 4445 impossibile
3694 4384 3791 4430 est.
3809 4393 3829 4426 ι

2258 4462 2517 4518 Graviore
2547 4474 2671 4517 sunt
2699 4465 2860 4519 etiam
2901 4476 2955 4520 et
2986 4470 3154 4537 magis
3188 4480 3445 4535 expressa
3479 4483 3597 4535 quae
3620 4475 3833 4521 exstant

568 4557 893 4609 xandrinum
924 4554 1177 4610 Stromat.
1205 4556 1298 4609 lib.
1331 4570 1390 4619 ιι,
1417 4555 1663 4609 iteratam
1692 4557 1829 4609 hanc
1872 4556 2160 4623 ptenitndi-
2192 4562 2236 4619 D
2264 4566 2422 4611 tract.
2457 4570 2601 4609 xxxv
2633 4556 2689 4609 in
2732 4555 2947 4624 Matth“
2977 4575 3127 4614 num.
3170 4548 3258 4625 88,
3295 4574 3417 4629 pag.
3447 4559 3570 4619 900,
3604 4560 3727 4623 901,
3748 4558 3832 4612 ubi

570 4663 690 4701 nem
726 4665 830 4717 qua
884 4658 1002 4717 post
1030 4649 1435 4702 conversionem
1481 4646 1643 4701 homo
1692 4649 1924 4716 peccatis
1946 4649 2155 4704 deditus

570 4743 829 4809 tangitur,
860 4758 980 4797 esse
1014 4741 1244 4795 allirmat
1270 4742 1423 4811 quasi
1458 4741 1743 4809 quamdam
1775 4741 1896 4795 novi
1950 4743 2154 4811 peccati

570 4835 1003 4900 tneditationem;
1048 4834 1269 4887 minime
1314 4848 1441 4886 vero
1485 4833 1559 4887 ita
1592 4834 1813 4898 insanit,
1847 4844 1904 4887 ut
1946 4834 2152 4888 hornini

567 4937 687 4997 post
713 4928 857 4981 illam
886 4928 1261 4994 pmnitentiam
1299 4927 1542 4996 peccanti
1575 4926 1777 4980 nullum
1806 4928 1873 4981 ad
1899 4928 2151 4982 virtutem

570 5033 878 5090 regressum
915 5026 1103 5087 patere
1138 5026 1312 5087 putet,
1345 5034 1442 5072 nec
1488 5018 1653 5071 ullum
1690 5017 1844 5073 alteri
1882 5019 2153 5089 poeniten-

568 5109 656 5163 tia:
694 5109 865 5164 locum
925 5123 1212 5178 superesse
1261 5108 1409 5162 velit.
1458 5108 1662 5176 Nempe
1711 5123 1777 5163 eo
1825 5108 2153 5177 impulerunt

567 5209 853 5270 utrumque
898 5216 1181 5270 perperam
1228 5211 1447 5269 accepta
1498 5201 1681 5254 isttuec
1721 5213 1785 5253 ex
1815 5198 2046 5268 Epistula
2085 5199 2152 5254 ad

569 5290 822 5347 Hebraeos
847 5308 965 5360 cap.
999 5307 1069 5354 vt,
1107 5307 1251 5346 vers.
1281 5291 1412 5345 4-6:
1444 5310 1461 5341 ι
1496 5290 1829 5360 lmpossibile
1881 5292 2025 5344 enim
2067 5299 2154 5344 est

568 5398 663 5438 eos
683 5385 774 5455 qui
809 5385 972 5439 semel
1005 5394 1130 5439 sunt
1153 5384 1458 5447 illuminati,
1486 5392 1842 5453 gnstaverunt
1868 5384 2029 5437 etiam
2053 5383 2151 5437 do-

569 5474 958 5537 untncceleste,
1002 5486 1058 5529 et
1087 5474 1388 5544 participes
1429 5473 1556 5527 facti
1597 5482 1724 5527 sunt
1768 5473 2007 5542 Spiritus
2036 5488 2157 5526 san-

575 5563 669 5618 cti.
697 5563 1061 5620 Guslaverunt
1093 5565 1440 5620 nihilominus
1465 5565 1661 5618 bonum
1684 5564 1777 5619 Dei
1810 5566 2029 5618 verbum
2051 5564 2156 5618 vir-

570 5661 818 5722 tutesque
858 5655 1037 5709 saeculi
1088 5654 1320 5720 venturi,
1365 5664 1422 5710 et
1462 5655 1697 5724 prolapsi
1749 5656 1912 5726 suntl,
1939 5670 2150 5711 rursum

639 5830 683 5861 "
715 5828 902 5887 llatth.
926 5827 1172 5896 xxvr,'5|.

2262 4646 2453 4715 quaerit
2482 4658 2661 4702 utrutn
2707 4650 2884 4717 posito
2912 4649 3113 4705 Christi
3166 4652 3423 4705 valicinio
3459 4652 3581 4715 hoc,
3607 4651 3832 4705 scanda—

2262 4739 2371 4794 lum
2401 4742 2453 4795 in
2485 4755 2545 4795 se
2594 4756 2852 4811 passuros
2880 4757 3002 4798 esse
3030 4744 3303 4812 apostolos
3324 4760 3552 4810 'omnes,
3588 4745 3706 4799 ﬁeri
3743 4762 3834 4814 po-

2263 4833 2426 4889 tuerit
2458 4844 2517 4887 ut
2549 4834 2861 4889 scandalum
2884 4834 3077 4891 Petrus
3099 4852 3204 4891 non
3234 4846 3542 4907 pateretur;
3570 4840 3711 4906 quod
3739 4838 3834 4891 du-

2259 4924 2381 4995 plici
2417 4926 2576 4981 solvit
2611 4928 2999 4995 responsione;
3036 4929 3231 4997 prima,
3275 4948 3294 4980 ς
3331 4932 3590 5000 quoniam
3620 4943 3834 4984 necesse

2257 5025 2398 5077 erat,
2414 5028 2509 5070 ore
2532 5017 2818 5070 Vet'issitno
2839 5018 3183 5085 praedicente,
3205 5020 3330 5086 quia
3362 5036 3540 5072 omnes
3575 5035 3660 5071 ιιοδ
3684 5035 3831 5071 scau-

2262 5106 2710 5171 dalisabimini”,
2737 5108 2849 5163 ﬁeri
2870 5110 3010 5176 quod
3044 5112 3359 5178 praedictum
3394 5123 3513 5164 erat
3543 5110 3613 5164 ab
3642 5109 3825 5174 Jesup

2260 5198 2466 5263 altera,
2503 5216 2521 5250 ι
2573 5199 2831 5267 quoniam
2876 5202 2969 5267 qui
3027 5212 3285 5257 exoratus
3317 5217 3346 5255 a
3382 5200 3671 5265 Ninivitis,
3717 5212 3830 5269 quae

2261 5289 2591 5358 praedixerat
2636 5304 2730 5357 per
2751 5286 2942 5345 Jonam
2991 5306 3095 5346 non
3130 5291 3257 5347 fecit
3302 5303 3520 5361 propter
3567 5292 3829 5361 pceuiten-

2263 5381 2391 5435 tiam
2444 5378 2824 5446 Ninivitarum,
2863 5382 2942 5436 sic
2992 5383 3249 5451 possibile
3282 5382 3402 5450 luit,
3436 5393 3494 5437 ut
3557 5382 3835 5453 repelleret

2260 5472 2424 5527 etiam
2457 5487 2487 5526 a
2518 5471 2678 5526 Petro
2706 5473 3016 5528 scandalum
3042 5476 3389 5545 deprecante.
3425 5494 3443 5527 ι
3480 5472 3617 5530 Vera
3639 5484 3719 5529 est
3744 5487 3832 5540 μοι

2260 5562 2461 5617 sterior
2493 5561 2803 5631 responsio,
2837 5563 2987 5631 prior
3028 5564 3160 5617 falsa
3195 5581 3209 5617 :
3241 5566 3419 5633 posito
3462 5563 3608 5617 enim
3636 5557 3831 5617 Christi

2265 5652 2541 5722 vaticinio,
2578 5664 2730 5711 certo
2761 5653 2983 5710 cllectus
3027 5668 3348 5712 consecutus
3377 5666 3482 5722 est,
3508 5671 3616 5711 non
3649 5664 3832 5708 neces-
