4170 6474
434 415 538 472 961

1220 411 1797 469 ORIGENIANORUM
1835 413 1964 470 LIB.
2007 412 2075 480 ll,
2108 413 2263 470 CAP.
2307 413 2370 483 ll,
2409 413 2696 482 QUAEST.
2737 415 2850 474 ΠΙ.

3615 415 3722 480 962

434 541 604 598 sario.
641 539 888 610 Disputat
918 549 1133 606 ιιθεῑθει,
1167 553 1240 593 an
1263 549 1550 609 postquam
1587 539 1835 608 praedixit
1862 540 2022 594 Cbri-
2053 543 2099 599 A
2129 547 2256 593 test.
2280 537 2358 593 Ex
2387 553 2455 592 eo
2490 549 2670 594 autem
2703 539 2844 608 quod
2865 538 3103 594 nondum
3133 539 3291 594 datus
3318 550 3436 597 erat
3459 537 3718 610 Spiritus.

435 644 557 690 stus
587 632 832 688 futurum
864 644 923 686 ut
951 641 1079 686 ante
1109 631 1440 700 gallicinium
1488 641 1570 686 ter
1609 650 1637 686 a
1673 633 1832 688 Petro
1856 649 2024 704 nege-

436 734 552 788 tur,
605 724 857 793 precibus
889 724 1181 792 impetrare
1209 723 1446 792 potuerit
1483 723 1700 784 Petrus,
1730 725 2023 794 quominus

432 817 752 873 vaticinium
777 815 907 868 illud
943 815 1298 884 impleretur;
1336 816 1734 886 respondetque
1771 817 2022 887 precibus

434 907 715 979 prohiberi
745 906 985 976 potuisse
1011 907 1249 962 vaticinii
1297 907 1456 978 hujus
1503 906 1777 973 cﬁectum,
1803 909 1848 964 si
1891 909 2019 964 illud

432 1003 686 1059 Christus
731 1003 1043 1074 juramento
1093 1017 1197 1056 non
1241 1003 1511 1058 firmasset
1541 1021 1558 1068 ;
1587 1005 1681 1062 sed
1717 1006 1840 1074 quia
1873 1003 2023 1072 jure-

427 1097 668 1167 jurando
731 1100 1002 1152 [innatum
1063 1095 1240 1151 fuerat
1283 1113 1318 1150 a.
1370 1097 1622 1164 Christo,
1663 1113 1785 1153 eum
1835 1100 2022 1154 dixit:

439 1189 651 1243 «Amen
673 1189 794 1242 dico
820 1187 910 1242 tibi
929 1188 1000 1250 ’°,
1033 1207 1052 1239 ι
1088 1187 1203 1242 ﬁeri
1228 1203 1333 1242 non
1365 1189 1603 1258 pomisse
1623 1198 1683 1242 ut
1713 1205 1816 1243 non
1849 1190 2020 1246 deue-

431 1291 612 1350 garet.
635 1280 852 1334 Falsum
893 1281 946 1337 id
977 1296 1215 1351 quoque,
1241 1296 1368 1336 nam
1410 1281 1623 1344 etiamsi
1669 1293 1820 1338 certo
1854 1298 2019 1353 nega-

433 1383 593 1429 turus
625 1375 804 1438 fuerit,
836 1374 1005 1442 potuit
1044 1385 1220 1428 tamen
1261 1388 1366 1428 non
1419 1385 1637 1442 negare.
1669 1373 1868 1429 Ibidem
1906 1373 2009 1427 Pe-

432 1477 581 1520 trum
636 1484 655 1517 ι
693 1466 1012 1520 derelictum
1047 1485 1070 1517 ›
1118 1465 1284 1520 fuisse
1328 1465 1533 1522 sciscit.
1585 1485 1602 1518 ι
1635 1466 1700 1522 Et
1737 1467 2020 1535 quoniam,

426 1555 633 1625 inquit,
695 1572 799 1609 non
838 1556 1012 1610 solum
1043 1556 1476 1618 inconsiderate,
1534 1557 1629 1611 sed
1675 1571 1810 1626 pene
1850 1557 2013 1612 etiam

427 1648 598 1716 impie
627 1648 794 1701 dixit:
823 1647 934 1701 Etsi
957 1664 1134 1702 omnes
1164 1647 1515 1702 scandalizati
1531 1648 1728 1714 fuerint
1750 1651 1802 1703 in
1827 1660 1896 1716 te,
1916 1666 2010 1718 ego

426 1759 537 1796 non
557 1742 1040 1808 scaudalizabor“,
1061 1756 1160 1796 nec
1187 1740 1436 1811 cogitans
1459 1741 1726 1796 lubricam
1762 1751 2010 1796 naturam

427 1833 748 1896 humanam,
781 1847 1034 1902 magnum
1085 1831 1310 1901 protulit
1347 1832 1570 1887 verbum
1604 1849 1619 1886 :
1661 1832 1782 1886 ideo
1815 1846 1916 1887 nec
1949 1832 2016 1887 ad

2128 630 2264 684 falso
2306 631 2578 685 concludit
2624 646 2899 686 neminem
2943 632 3185 701 potuisse
3224 633 3404 689 dicere
3433 634 3718 689 Dominum

2125 712 2308 776 Iesum
2343 722 2394 776 in
2425 721 2628 791 Spiritu
2660 731 2847 778 sancto
2873 738 2888 786 ;
2911 724 3159 792 quamvis
3179 725 3322 778 enim
3352 725 3588 780 nondum
3620 726 3721 780 da-

2128 823 2214 868 tus
2243 813 2429 868 fuissrt
2482 815 2723 884 Spiritus
2769 826 2994 868 sanctus
3024 814 3171 888 larga
3227 816 3317 870 illa
3369 825 3424 871 et
3477 817 3719 874 mirabili

2127 906 2407 972 missione,
2443 922 2548 976 qua
2587 906 2848 975 apostolis
2887 906 3100 962 infusus
3141 917 3226 962 est
3281 909 3332 961 in
3372 907 3718 969 PentecoSIe,

2125 998 2284 1051 datus
2314 1010 2490 1051 tamen
2521 998 2699 1052 fuerat
2726 999 2834 1051 alio
2871 999 3032 1054 modo
3058 998 3192 1054 viris
3210 997 3372 1068 justis
3395 1008 3522 1054 ante
3561 999 3720 1053 Clu-i-

2123 1089 2192 1145 sti
2220 1099 2423 1157 ortum,
2459 1101 2514 1144 et
2570 1091 2697 1144 dum
2735 1091 2880 1145 inter
2930 1091 3180 1147 homines
3228 1101 3448 1162 ageret,
3481 1104 3536 1146 et
3569 1101 3720 1163 post-

2121 1197 2282 1252 quam
2311 1183 2364 1239 in
2409 1183 2609 1238 ca'lum
2646 1198 2706 1237 se
2751 1185 2974 1255 recepit.
3023 1184 3289 1239 Praeclara
3319 1193 3402 1240 est
3429 1185 3716 1254 Augustini

2123 1275 2191 1327 de
2217 1289 2281 1327 ea
2337 1290 2399 1329 re
2443 1275 2758 1330 dissertatio
2818 1284 3037 1328 tractat.
3108 1291 3257 1329 xxx"
3303 1277 3358 1328 in
3409 1275 3716 1341 Joan.,ubi

2121 1363 2358 1418 ostendit
2377 1363 2505 1434 quid
2550 1375 2884 1435 postremam
2924 1365 3064 1419 hanc
3108 1366 3251 1419 inter
3279 1365 3516 1434 Spiritus
3541 1364 3717 1420 sancti

2124 1455 2442 1510 missionem
2494 1455 2739 1525 aliasque
2761 1457 3107 1525 superiorum
3148 1467 3450 1525 temporum
3477 1455 3714 1509 intersit.

2122 1545 2290 1616 Igitur
2336 1561 2457 1602 cum
2490 1547 2766 1603 Christum
2822 1547 3042 1617 negavit
3087 1548 3301 1610 Petrus,
3341 1548 3441 1602 etsi
3480 1549 3716 1602 nondum

2119 1642 2285 1696 datus
2311 1640 2502 1697 fuisset
2545 1640 2790 1712 Spiritus
2817 1653 3040 1697 sanctus
3076 1643 3304 1698 solemni
3348 1643 3436 1697 illa
3470 1653 3525 1697 et
3557 1657 3715 1710 asine-

2120 1732 2301 1787 ctabili
2334 1733 2591 1787 missione
2624 1749 2743 1804 qua:
2768 1734 2822 1788 iu
2853 1733 3177 1789 Pentecoste
3198 1735 3713 1805 contigit,suppctc-

2119 1823 2213 1878 bat
2236 1823 2336 1894 ipsi
2369 1835 2549 1880 tamen
2581 1827 2756 1895 gratia
2796 1827 3002 1890 divina,
3033 1843 3130 1897 per
3171 1827 3434 1894 Spiritum
3463 1839 3712 1881 sanctum

426 1923 712 1978 modicum
753 1933 836 1977 est
864 1923 1178 1986 derelictus,
1226 1932 1286 1978 ut
1319 1924 1527 1979 scilicet
1572 1922 1890 1993 denegaret,
1925 1924 2009 1980 vel
2048 1932 2088 1987 Β
2116 1926 2358 1988 erogata,
2391 1933 2497 1987 qua
2527 1917 2806 1973 Christum
2832 1921 3077 1991 neglecto
3120 1922 3310 1975 mortis
3343 1921 3585 1990 periculo
3617 1937 3714 1986 po-

424 2015 600 2070 scmel
625 2013 920 2086 denegaret
947 2031 963 2078 ;
988 2015 1081 2070 sed
1107 2015 1466 2070 abundantius
1497 2016 1920 2084 derelinquitur,
1952 2026 2008 2070 ut

428 2119 518 2164 ter
560 2109 873 2182 denegaret.
917 2129 937 2162 ι
982 2108 1636 2180 Subjungitpostmodmu
1683 2109 1880 2166 melius
1903 2109 2006 2164 sibi

423 2202 811 2258 censulturum
866 2203 1030 2257 fuisse
1080 2201 1344 2265 Petrum,
1384 2202 1427 2257 si
1476 2212 1759 2271 perspecta
1805 2212 2012 2257 naturae

428 2297 681 2351 humana:
710 2296 1114 2362 imbecillitate,
1143 2309 1264 2365 quae
1313 2305 1506 2364 suapte
1550 2296 1598 2349 vi
1640 2306 1694 2350 et
1743 2295 2010 2352 industria

423 2387 630 2444 Christi
682 2402 878 2442 nomen
927 2388 1170 2458 proﬁteri
1230 2403 1576 2460 nequaquam
1628 2397 1836 2458 potest,
1885 2403 2014 2445 euut

422 2488 666 2546 orasset,
693 2490 751 2534 ut
778 2481 1152 2536 necessariam
1176 2481 1245 2536 ad
1283 2482 1335 2534 id
1378 2482 1610 2550 gratiam
1657 2482 1759 2536 sibi
1791 2480 2010 2537 confer-

424 2582 531 2626 ret.
556 2570 771 2642 Optime
801 2573 852 2626 id
871 2573 1112 2642 quidem,
1125 2573 1219 2627 sed
1245 2573 1435 2628 vitiosa
1452 2583 1580 2628 sunt
1609 2587 1731 2644 qua:
1771 2588 2010 2643 sequun-

423 2673 520 2718 tur
554 2687 568 2721 :
600 2683 621 2718 ι
657 2663 769 2721 Nec
835 2666 1004 2729 enim,
1050 2664 1246 2735 inquit,
1314 2673 1527 2734 poterat
1587 2664 1706 2722 fieri
1768 2677 1826 2720 ut
1867 2667 2009 2723 facta

420 2755 852 2825 interrogatione
877 2757 1142 2827 potuisset
1173 2755 1356 2811 dicere
1401 2755 1682 2811 Dominum
1726 2756 1914 2812 Iesum
1950 2757 2004 2812 in

416 2847 629 2916 Spiritu
657 2858 871 2914 sancto,
895 2858 986 2903 aut
1011 2846 1296 2904 confessus
1343 2847 1562 2915 fuisset,
1605 2865 1728 2903 cum
1773 2847 2006 2920 Spiritus

411 2948 643 2994 sanctus
670 2941 908 2994 nondum
941 2939 1142 2995 fuisset
1187 2941 1366 2995 datus.
1404 2960 1426 2992 ι
1456 2941 1645 3011 Atque
1689 2945 1802 2998 tunc
1841 2943 2008 2996 αὺτο-

409 3027 568 3095 nisi.
591 3030 788 3100 repetit
814 3029 1041 3085 inferius
1075 3045 1230 3086 Imm.
1250 3031 1372 3096 1M,
1407 3047 1530 3103 pag.
1567 3033 1694 3098 9l2,
1722 3044 1778 3088 et
1809 3049 2005 3088 novum

415 3125 646 3190 insuper
677 3121 876 3192 dogma.
911 3122 1198 3192 congerit:
1244 3142 1263 3174 i
1317 3125 1694 3180 Abundantius
1751 3125 2007 3184 conside-

419 3225 616 3270 rantes.
655 3214 800 3268 Petri
852 3216 1232 3286 negationem,
1269 3216 1500 3272 dicimus
1553 3219 1808 3286 quoniam
1849 3235 2001 3274 nano

416 3316 586 3376 potest
610 3305 785 3360 dicere
814 3304 1099 3360 Dominum
1121 3305 1442 3370 Jesum,nisi
1481 3309 1536 3362 in
1562 3307 1764 3376 Spiritu
1795 3319 1998 3374 sancto,

416 3401 564 3454 sicut
580 3397 773 3452 Paulus
798 3411 898 3454 nos
927 3397 1183 3454 docet":
1211 3409 1259 3452 et
1283 3401 1516 3453 nondum
1545 3411 1656 3454 erat
1683 3411 1809 3456 tunc
1831 3402 1884 3456 in
1909 3402 2006 3455 ho-

419 3490 663 3545 rninibus
675 3489 1162 3558 Spirituuauctua,
1174 3493 1423 3563 quoniam
1449 3491 1606 3547 Iesus
1627 3495 1857 3548 nondum
1889 3495 2006 3563 [ue-

417 3589 508 3635 rat
549 3581 956 3650 honori/iratus,
990 3584 1132 3638 sicut
1175 3583 1308 3638 dicit
1348 3582 1588 3640 Joannes
1611 3585 1688 3644 ".
1709 3585 2003 3656 Propterea

417 3686 532 3726 non
568 3685 690 3727 erat
719 3673 994 3742 possibile,
1023 3688 1199 3744 ineque
1230 3675 1382 3730 illum
1413 3675 1574 3734 talem
1607 3677 1828 3734 Petrum
1873 3689 2004 3736 tunc

414 3760 604 3816 Jesum
635 3762 907 3827 coiiﬁteri,
923 3779 1022 3818 nec
1041 3773 1220 3819 tamen
1243 3765 1732 3835 reprehendendus.
1746 3784 1854 3824 non
1873 3783 2006 3827 con-

419 3853 578 3909 litens
609 3853 814 3910 Jesum.
847 3855 1111 3922 Quoniam
1140 3857 1208 3913 ad
1240 3857 1572 3916 conﬁtentes.
1606 3859 1813 3920 dicitur
1835 3878 1854 3917 :
1878 3859 2004 3922 Non

413 3949 542 4002 estis
565 3965 651 4002 vos
675 3950 764 4019 qui
789 3949 1086 4017 loquimini,
1121 3951 1214 4008 sed
1251 3950 1483 4018 Spiritus
1507 3949 1692 4007 Patris
1723 3954 1882 4008 nostri
1911 3955 2004 4026 qui

415 4040 652 4110 tomum:
688 4043 743 4095 in
770 4043 995 4096 vobis“.
1015 4041 1128 4097 Non
1165 4051 1519 4108 autem,eum
1548 4045 1623 4100 sit
1644 4053 1838 4112 potens
1874 4042 2004 4114 Spi-

417 4135 555 4189 ritus
605 4134 694 4190 ille
741 4135 922 4191 Patris
969 4137 1144 4191 nostri
1177 4137 1323 4208 loqui
1371 4137 1426 4192 in
1462 4139 1652 4204 nobis,
1697 4150 1753 4194 et
1793 4139 2001 4196 cumin

417 4236 602 4282 nostra
663 4230 734 4282 sit
783 4237 1050 4297 potestate
1097 4229 1282 4284 locum
1323 4229 1456 4286 dare
1487 4231 1539 4285 in
1585 4232 1746 4288 nobis
1771 4231 2001 4302 Spiritui

414 4329 634 4382 sancto,
665 4329 850 4374 etnon
892 4319 1132 4386 diabolo,
1166 4321 1211 4376 si
1255 4320 1728 4390 denegaverimus,
1767 4336 2000 4378 excusa-

416 4413 618 4465 tionem
680 4412 846 4465 ullam
881 4411 1220 4469 habebimus.
1267 4431 1289 4464 ι
1323 4413 1403 4468 Ac
1455 4414 1708 4482 primqu,
1742 4411 1891 4482 quod.
1927 4413 2002 4468 ait

412 4501 733 4557 derelictum
790 4499 956 4556 fuisse
999 4501 1238 4562 Petrum,
1271 4517 1382 4557 non
1430 4517 1549 4558 uno
1579 4503 1737 4558 modo
1772 4502 1997 4574 intelligi

2119 2018 2257 2063 terat
2291 2008 2554 2079 profiteri.
2585 2009 2738 2065 Ferri
2765 2026 2896 2083 ergo
2930 2028 3040 2066 non
3093 2025 3271 2082 powst
3301 2013 3447 2083 quod
3485 2013 3714 2082 subiicit

2115 2103 2379 2176 Origenes
2421 2125 2434 2160 :
2476 2126 2494 2158 ι
2533 2106 2832 2177 Pr0pterea
2890 2125 2996 2162 non
3044 2119 3164 2163 erat
3216 2109 3506 2179 possibile,
3538 2126 3713 2180 neque

2115 2198 2266 2252 illum
2292 2200 2452 2254 talem
2479 2199 2696 2254 Petrum
2722 2210 2852 2257 tunc
2879 2199 3064 2257 Jesuni
3098 2202 3374 2265 confiteri,
3405 2217 3506 2257 nec
3527 2211 3707 2258 tamen

2115 2291 2598 2359 reprehendendus
2622 2301 2742 2347 erat
2778 2308 2883 2346 non
2932 2296 3202 2349 conliteus
3226 2293 3427 2348 .Icsum.
3470 2313 3490 2346 ι
3537 2290 3649 2349 Nec
3677 2312 3710 2350 a

2112 2381 2274 2444 Petro
2304 2384 2478 2440 solum
2509 2393 2636 2438 tune
2669 2384 2908 2441 abfuisse
2940 2395 3094 2456 putat
3123 2386 3387 2454 Spiritum
3421 2397 3706 2451 sanctum,

2112 2477 2210 2531 sed
2227 2475 2467 2531 adfuisse
2487 2476 2655 2530 etiam
2685 2477 2937 2547 spiritum
2965 2475 3201 2546 Spiritus
3227 2477 3386 2546 hujus
3404 2479 3708 2544 inimicum,

2111 2579 2270 2634 quem
2304 2565 2374 2620 iis
2402 2565 2715 2635 impertitur
2749 2567 2918 2632 Dens,
2947 2583 3090 2637 quos
3130 2584 3236 2637 ope
3279 2585 3374 2624 sua
3424 2569 3710 2625 sublevare

2111 2655 2253 2721 vult,
2283 2656 2440 2712 docet
2501 2656 2642 2712 idem
2705 2668 2836 2714 tom.
2890 2675 2970 2714 xu
3030 2659 3087 2714 in
3140 2659 3361 2725 Matth"
3414 2677 3563 2716 ntun.
3613 2660 3707 2729 40,

2110 2763 2234 2818 pag.
2267 2749 2398 2809 suo,
2428 2749 2560 2805 set.

2179 2839 2344 2895 XXII.
2374 2839 2762 2896 Verumtamen
2818 2840 2946 2897 licet
2992 2841 3291 2913 aliquando
3343 2844 3542 2902 divinis
3600 2860 3707 2902 non

2111 2947 2270 3002 posse
2303 2935 2571 2988 mandatis
2607 2933 2972 3006 obtemperari
3021 2937 3248 2992 delinire
3278 2939 3427 2993 visus
3457 2941 3552 3006 sit,
3571 2953 3708 2994 con-

2110 3026 2340 3080 trarium
2390 3036 2568 3082 tamen
2625 3029 2828 3082 occinit
2860 3030 3005 3084 hom.
3033 3031 3066 3084 9
3108 3030 3162 3084 in
3200 3028 3390 3094 Iosue,
3435 3047 3586 3086 num.
3617 3032 3651 3088 9
3683 3049 3701 3088 :

2116 3135 2136 3168 ι
2168 3117 2384 3185 Annon,
2432 3118 2622 3188 inquit,
2663 3121 2758 3175 tibi
2801 3121 3017 3174 videtur
3045 3123 3186 3175 inter
3219 3123 3472 3178 mulieres
3519 3123 3708 3180 existi-

2111 3211 2344 3266 mandus
2373 3209 2466 3266 ille
2496 3211 2602 3276 vir,
2630 3212 2719 3281 qui
2758 3212 2898 3266 dicit
2933 3228 2946 3264 :
2976 3210 3094 3268 Neu
3143 3229 3368 3282 possum.
3406 3215 3706 3270 observare

2109 3321 2232 3372 qua:
2260 3305 2466 3375 scripta
2500 3315 2650 3369 sunt,
2681 3308 2914 3361 vendere
2942 3321 3063 3376 quae
3093 3307 3288 3371 babeo,
3321 3318 3378 3362 et
3401 3310 3532 3363 dare
3567 3324 3705 3378 pau-

2105 3397 2325 3466 peribus
2354 3412 2457 3453 non
2488 3413 2801 3468 possum....
2825 3411 3023 3454 czctera
3061 3399 3266 3453 similia.
3289 3416 3412 3470 qum
3440 3401 3706 3457 nrandan-

2109 3497 2216 3550 tur,
2245 3490 2335 3558 qui
2369 3489 2499 3544 dicit
2530 3491 2754 3560 implere
2779 3505 2883 3544 non
2924 3506 3163 3559 possum,
3194 3493 3323 3561 quid
3358 3492 3452 3546 tibi
3487 3493 3706 3548 videtur

2106 3578 2276 3644 aliud,
2307 3596 2469 3648 quam
2500 3581 2642 3636 inter
2666 3583 2941 3646 mulieres,
2961 3598 3082 3652 qua:
3109 3583 3241 3638 nihil
3269 3584 3426 3640 virile
3454 3593 3703 3654 possunt,

2104 3685 2230 3726 esse
2278 3675 2646 3728 numerandus
2687 3673 2712 3728 ?
2744 3691 2764 3727 ι
2825 3683 2880 3729 et
2912 3685 3043 3729 tom.
3077 3691 3168 3729 xiv
3205 3677 3262 3729 in
3297 3675 3526 3741 Matth,~
3551 3691 3702 3732 num.

2103 3759 2198 3826 25,
2230 3772 2286 3816 et
2321 3773 2456 3818 tom.
2501 3779 2593 3827 xv,
2636 3780 2788 3820 num.
2829 3764 2886 3831 5,
2921 3780 3367 3836 unumquemque
3412 3767 3548 3822 dicit
3597 3771 3705 3822 im-

2104 3864 2324 3923 petrare
2351 3866 2514 3921 posse
2543 3869 2572 3907 a
2597 3855 2705 3910 Deo
2735 3857 2935 3912 donum
2968 3859 3258 3924 castitatis,
3302 3859 3554 3927 quamvis
3583 3859 3704 3914 uni-

2105 3947 2302 4016 cuique
2330 3962 2651 4005 concessuni
2685 3965 2791 4006 ιιοιι
2845 3953 2938 4007 sit.
2989 3951 3272 4022 Repugnat
3311 3963 3575 4021 praterea
3615 3970 3703 4010 su-

2104 4053 2201 4110 pra
2234 4055 2265 4092 a
2309 4038 2466 4095 nobis
2493 4055 2792 4110 expensum
2843 4043 3063 4112 dogma,
3102 4058 3213 4112 quo
3248 4043 3430 4111 justos
3467 4043 3703 4110 ἀπαθεῖς

2105 4145 2228 4188 esse
2267 4130 2474 4196 tradit;
2506 4146 2632 4184 nam
2667 4146 2790 4186 cum
2833 4147 2900 4186 ex
2941 4133 3110 4189 variis
3140 4135 3488 4201 testimoniis,
3512 4136 3704 4206 ipsius-

2104 4236 2211 4292 que
2253 4221 2417 4276 etiam
2464 4221 2780 4294 Hieronymi
2814 4225 3148 4281 auctoritate
3199 4227 3618 4296 probaverimus
3641 4229 3699 4284 in

2115 4314 2222 4369 hoc
2278 4316 2498 4382 errore}
2520 4325 2794 4370 versatqu
2848 4315 3182 4387 Origencm,
3213 4319 3486 4386 quomodo
3542 4319 3698 4376 alteri

2105 4405 2253 4471 huic,
2279 4420 2448 4477 quem
2475 4406 2888 4476 investigamus,
2912 4409 3196 4465 adbinrere
3222 4411 3415 4480 potuit,
3439 4411 3695 4468 mandata

2105 4498 2199 4554 Dei
2253 4499 2440 4554 omnia.
2481 4514 2551 4556 ne
2603 4501 2692 4554 vix
2732 4501 2951 4570 quidem
2992 4505 3201 4558 servari
3250 4505 3458 4575 posse?
3491 4520 3620 4559 nam
3649 4507 3694 4560 si

411 4602 625 4663 potest;
653 4608 775 4647 nam
807 4593 887 4648 vel
914 4595 1060 4648 omni
1091 4596 1282 4665 gratiae
1334 4594 1628 4662 cujuslibet
1659 4596 1874 4669 auxilio.
1901 4599 1992 4651 de-
2034 4618 2080 4675 ι)
2103 4593 2314 4660 servari
2344 4593 2600 4648 mandata
2633 4607 2739 4647 non
2773 4603 3022 4663 possunt,
3040 4610 3199 4650 nemo
3222 4597 3696 4666 petestmandatis

410 4685 659 4740 stitutum
687 4685 855 4741 fuisse
878 4686 1014 4747 vult,
1041 4686 1197 4756 cujus
1217 4685 1409 4757 gratias
1433 4701 1560 4756 ope,
1583 4697 1767 4756 spreto
1800 4687 1993 4745 mortis

412 4786 622 4832 terrore
647 4777 922 4832 Christum
964 4790 1152 4849 aperte
1199 4778 1441 4833 conﬁteri
1490 4778 1799 4846 potuisset:
1829 4788 1994 4848 atque

409 4869 537 4925 huic
553 4870 838 4926 sententiae
861 4885 984 4925 cum
1016 4869 1244 4928 solemni
1275 4885 1448 4925 seem
1477 4868 1752 4928 facultatis
1789 4869 1994 4925 theolo-

407 4962 543 5033 gica:
577 4960 904 5017 Parisieosis
954 4961 1174 5018 decreto
1220 4962 1585 5024 temeritatis,
1609 4961 1907 5030 impietatis
1941 4969 1998 5015 et

407 5054 676 5108 bmreseos
722 5061 846 5107 nota
883 5052 1064 5108 inusta
1103 5054 1195 5118 sit,
1254 5068 1398 5108 anno
1430 5052 1598 5116 1656,
1639 5052 1994 5107 temerarium

404 5160 623 5215 quasue
645 5154 792 5199 esset
813 5153 870 5198 et
899 5143 1122 5214 impium
1146 5145 1256 5200 ulla
1282 5160 1404 5202 eam
1432 5143 1780 5199 cavillatione
1809 5152 1864 5198 et
1901 5159 1993 5198 ar-

403 5245 660 5305 gumento
686 5235 826 5289 tueri
857 5251 874 5287 :
903 5234 987 5289 vel
1011 5235 1062 5290 ei
1086 5235 1324 5292 defuisse
1351 5243 1539 5292 censet
1563 5250 1667 5288 nou
1699 5235 1994 5288 vehemen—

403 5335 514 5380 tem
545 5325 719 5380 solum
744 5325 890 5380 illam
922 5326 1015 5380 Dei
1065 5327 1478 5396 aspirationem,
1512 5333 1568 5380 et
1590 5324 1830 5380 divinam
1857 5323 1987 5395 Osp~

405 5418 633 5490 μότητα,
659 5433 764 5488 qua
801 5417 1140 5486 impnlsusin
1177 5419 1382 5472 medios
1415 5432 1535 5473 sese
1576 5416 1771 5474 fluctus
1801 5418 1991 5486 protei-

405 5511 691 5576 pitaverat.
720 5519 776 5565 et
817 5510 1110 5564 satellitum
1167 5520 1400 5564 turmam
1453 5511 1646 5564 stricto
1671 5510 1852 5578 gladio
1893 5524 1992 5578 pro

403 5602 619 5657 Christo
644 5609 952 5658 certaturus
980 5603 1289 5669 invaserat,
1326 5603 1420 5656 sed
1461 5602 1650 5672 gratiae
1683 5604 1851 5658 etiam
1877 5601 1991 5658 elli-

405 5695 542 5748 eacis
573 5694 870 5754 auxilium;
906 5705 1071 5763 atque
1096 5694 1148 5748 id
1177 5704 1326 5748 recte
1360 5704 1416 5749 et
1442 5693 1712 5748 catbolice
1745 5693 1852 5749 dici
1892 5708 1989 5762 po-

2106 4699 2214 4738 non
2237 4682 2526 4756 relragari,
2565 4699 2626 4740 ac
2654 4700 2812 4741 nemo
2837 4687 3064 4756 proinde
3088 4696 3264 4756 potest
3295 4703 3399 4742 non
3439 4703 3692 4758 peccare.

2103 4775 2234 4843 Quae
2271 4792 2392 4830 cum
2421 4792 2488 4830 ex
2540 4778 2768 4831 adverso
2810 4779 3054 4848 opposita
3107 4795 3230 4835 esse
3264 4781 3574 4845 videantur,
3612 4784 3696 4837 sic

2103 4869 2394 4924 conciliata
2430 4869 2499 4924 ab
2541 4869 2634 4923 illo
2673 4869 2842 4925 fuisse
2889 4872 3168 4941 snspiror,
3211 4872 3449 4938 ἀπαθεῖς
3474 4875 3692 4945 quidem

2102 4973 2223 5015 esse
2268 4961 2446 5029 iustos
2497 4960 2752 5016 homines
2787 4977 2850 5018 ac
2894 4963 3208 5032 perfectos,
3249 4979 3417 5033 posse
3452 4980 3549 5022 eos
3584 4981 3691 5021 non

2105 5067 2358 5120 peccare,
2393 5053 2591 5107 divinis
2623 5052 2828 5124 legibus
2865 5069 3057 5122 parere
3087 5071 3246 5125 posse
3275 5074 3292 5124 ;
3325 5057 3570 5128 reliquos
3598 5074 3696 5114 ve-

2107 5159 2169 5198 ro
2193 5145 2439 5198 homines
2469 5154 2740 5213 praecepta
2772 5147 2954 5200 omnia
2975 5162 3198 5202 servare
3225 5163 3333 5202 non
3363 5164 3691 5218 possetnam

2097 5254 2126 5299 Δι
2155 5236 2284 5290 illud
2301 5235 2556 5304 Origenis
2578 5238 2853 5307 proprium
2879 5256 2898 5290 ι
2919 5237 3082 5293 fuisse
3101 5240 3319 5295 tradidit
3337 5240 3694 5315 Hieronymus

2101 5342 2332 5397 prooem.
2359 5326 2570 5399 Dialog.
2591 5329 2796 5384 advers.
2831 5329 3039 5401 Pelag.,
3060 5351 3086 5383 ι.
3117 5334 3451 5403 impossibile
3488 5345 3572 5392 est
3589 5336 3692 5391 bu.

2099 5435 2323 5474 manum
2353 5437 2382 5472 ει
2417 5420 2686 5491 principio
2721 5436 2894 5492 usque
2927 5425 2994 5478 ad
3046 5433 3276 5481 mortem
3306 5442 3415 5482 non
3464 5442 3694 5496 peccare

2097 5520 2360 5572 naturam
2387 5529 2402 5566 :
2431 5523 2488 5567 et
2518 5528 2738 5569 rursum
2779 5528 2902 5570 esse
2935 5517 3214 5584 possibile,
3244 5533 3366 5573 cum
3399 5535 3458 5574 se
3495 5521 3692 5590 aliquis

2099 5606 2174 5658 ad.
2207 5603 2430 5660 meliora
2454 5605 2813 5671 converterit,
2835 5606 2902 5660 ad
2926 5616 3132 5661 tantam
3162 5607 3538 5666 fortitudinem
3566 5627 3689 5681 per-

2097 5694 2312 5762 venire,
2333 5705 2392 5750 ut
2419 5695 2560 5764 ultra
2596 5711 2826 5766 peccare
2857 5714 2962 5753 non
2992 5700 3187 5770 possit.
3214 5718 3234 5752 ι
3257 5701 3476 5760 Petrum
3502 5713 3686 5759 autem

466 5879 512 5912 ⁹⁰
541 5880 728 5935 Matth.
763 5895 907 5945 xxvt,
930 5879 1000 5935 δι
1073 5879 1116 5913 ⁹¹
1151 5881 1304 5947 ibi«l.,
1331 5881 1420 5936 55.
1500 5883 1544 5915 θ’
1593 5879 1612 5934 l
1644 5879 1766 5936 Cor.
1807 5897 1919 5947 xu,
1957 5881 2008 5935 ‘5.

2115 5879 2134 5913 ³
2164 5879 2317 5938 Ioan.
2353 5895 2462 5950 vn,
2508 5881 2596 5939 '59.
2673 5884 2720 5916 θ’
2758 5883 2948 5941 Matth.
2978 5902 3032 5952 κ,
3066 5885 3154 5942 20.
