4170 6408
525 390 632 448 963

1809 405 1870 462 P.
1912 406 2228 464 DANIELIS
2262 407 2496 466 HUETII

3694 401 3812 484 set

523 509 608 564 vel
635 512 869 566 nondum
902 512 1068 568 fuisse
1099 516 1395 584 perfectum
1414 523 1648 590 censuit,
1670 537 1792 580 cum
1827 525 2106 582 Christum
2138 532 2184 588 Δ
2214 535 2287 594 ιο,
2329 542 2454 583 cum
2490 529 2610 585 sine
2655 531 2914 600 operibus
2938 531 3111 590 otiosa
3143 547 3228 591 est
3259 536 3424 605 ﬁdes;
3458 538 3592 594 adeo
3627 552 3684 594 ut
3724 545 3797 598 ita

524 605 782 672 negavit;
815 615 1038 674 accepto
1086 621 1268 664 autem
1321 624 1511 668 sancto
1545 614 1749 684 Spiritu
1788 617 1958 675 fuisse
1986 636 2111 691 per-

525 694 722 748 fectum
752 706 804 750 et
836 697 1048 768 ἀπαθῆ,
1078 701 1159 753 vel
1194 713 1416 772 prepter
1447 705 1720 761 ﬁrmatam
1750 709 2110 779 jurejurando

520 777 724 834 Christi
755 783 1194 841 vaticinationem
1225 789 1291 843 de
1320 790 1500 845 futuro
1524 795 1694 863 ipsius
1717 777 1960 867 peccato,
1981 817 2109 869 pec-

520 879 698 925 calum
727 874 899 928 vitare
932 893 1039 931 non
1079 881 1340 947 potuisse.
1362 883 1515 950 Quod
1554 898 1734 942 autem
1763 890 1839 944 ait
1870 908 1882 942 :
1922 911 1940 942 ι
1965 893 2108 960 Quo-

521 960 663 1013 niam
692 977 914 1019 necesse
935 977 1052 1021 erat
1078 969 1194 1023 ficri
1225 974 1366 1042 quod
1397 977 1712 1042 pranlictum
1731 992 1848 1036 erat
1867 999 1894 1037 a
1917 984 2098 1047 Jesu,»

520 1051 587 1104 ab
627 1052 923 1123 interprete
991 1059 1293 1126 profectum
1347 1064 1516 1119 fuisse
1571 1079 1775 1136 putem,
1826 1089 1949 1126 nam
1980 1077 2103 1130 Ori-

518 1158 685 1211 genes
722 1156 850 1203 tom.
884 1166 941 1202 Ill
978 1151 1270 1208 Comment.
1317 1156 1370 1209 in
1427 1156 1638 1227 (ἕρπει,
1690 1179 1838 1220 num.
1885 1165 1939 1232 6,
1978 1183 2102 1237 pag.

523 1234 606 1297 Η,
661 1234 818 1289 aliter
874 1240 1056 1293 sentit.
1117 1240 1290 1297 Verba
1337 1243 1456 1312 ejus
1483 1258 1606 1301 sunt
1648 1268 1662 1304 :
1704 1251 1778 1304 Οὐ
1828 1253 1934 1325 γὰρ
1979 1234 2103 1309 insi.

516 1323 1026 1395 ἔγνωσται,γίνεται
1047 1348 1061 1362 ’
1081 1332 1195 1386 ἀλλ’
1225 1335 1347 1399 ἐπεὶ
1387 1337 1629 1406 γίνεσθαι
1663 1323 1916 1414 ἔμελλεν,
1936 1348 2104 1417 ἐγνω-

517 1429 658 1465 σται.
701 1417 1000 1488 Διαστολῆς
1041 1420 1096 1474 δὲ
1149 1422 1336 1477 δεῖται.
1369 1428 1432 1479 Ei
1475 1430 1572 1499 μὲν
1613 1432 1721 1503 γὰρ
1763 1434 1842 1501 τὸ,
1884 1438 2102 1504 πάντως

513 1503 686 1567 ἔσται,
723 1508 862 1561 οὕτω
901 1527 984 1573 τις
1014 1514 1326 1585 ἐρμηνεύει,
1365 1519 1441 1582 ὡς
1490 1521 1733 1594 ἀνάγκην
1769 1522 1905 1581 εἶναι
1948 1532 2100 1599 γενέ-

516 1596 637 1650 σθαι
668 1600 727 1651 τὸ
763 1606 1211 1675 προεγνωσμένον
1232 1649 1245 1671 ,
1293 1610 1355 1662 οὐ
1393 1611 1644 1684 διδόαμεν
1688 1618 1835 1690 αὐτῷ
1859 1637 1872 1650 ·
1897 1596 1970 1674 οὐ-
1989 1623 2098 1696 γὰρ

512 1689 764 1760 ἐροῦμεν,
809 1695 946 1745 snsi:
984 1698 1358 1766 προέγνωσται
1394 1703 1593 1759 Ἰούδαν
1641 1710 1908 1783 προδότην
1942 1689 2098 1782 7;ng

514 1781 656 1846 σθαι,
678 1784 759 1836 ὅτι
786 1786 932 1839 πᾶσα
968 1788 1178 1860 ἀνάγκη
1198 1786 1266 1861 ἦν
1296 1793 1495 1850 Ἰούδαν
1522 1800 1788 1873 προδότην
1818 1806 2089 1872 γενέσθαι.

2213 627 2257 679 si
2313 626 2717 698 intelligendus.
2756 643 2915 698 posse
2945 630 3235 702 aliquando
3277 635 3593 700 hominem,
3621 639 3798 706 qualis

2213 720 2350 775 latro
2386 722 2507 788 fuit,
2537 723 2743 779 Christi
2777 725 2830 779 in
2867 735 3112 782 extremo
3139 729 3408 798 supplicio
3453 732 3660 795 socius,
3680 734 3794 788 sola

2212 812 2314 867 fide
2339 813 2645 882 iustificari,
2687 816 2832 871 nullo
2864 818 3024 872 etiam
3079 819 3374 876 accedente
3414 837 3580 892 opere
3612 816 3796 890 bono;

2212 906 2424 969 quando
2456 907 2666 962 scilicet
2699 907 2933 964 faciendi
2964 910 3086 981 ejus
3113 913 3237 967 data
3276 929 3384 968 non
3421 926 3504 970 est
3536 915 3791 983 facultas,

2207 993 2290 1047 vel
2327 995 2583 1050 occasio:
2627 1016 2647 1048 ‹
2689 997 2904 1053 Initium
2961 1003 3501 1072 namquejustificari
3533 1022 3562 1059 a
3597 1006 3729 1074 Deo,
3767 1029 3787 1060 ι

2204 1084 2468 1156 Origenes
2498 1087 2593 1143 lib.
2615 1103 2667 1142 tv
2700 1101 2984 1160 sequente,
3009 1110 3159 1152 num.
3190 1097 3240 1158 l,
3268 1111 3390 1166 pag.
3430 1097 3558 1159 525,
3596 1118 3613 1150 ι
3658 1099 3792 1154 fides

2203 1187 2286 1231 est
2320 1195 2438 1244 qua:
2484 1180 2661 1235 credit
2703 1182 2754 1235 in
2795 1182 3188 1252 juStificautem
3215 1203 3230 1242 :
3260 1197 3314 1240 et
3343 1188 3459 1243 haec
3503 1189 3634 1243 fides
3664 1205 3789 1244 cum

2196 1270 2490 1338 iustificata
2533 1273 2714 1339 fuerit,
2737 1283 2992 1344 tanquam
3014 1277 3168 1332 radix
3191 1281 3363 1334 imbre
3389 1292 3644 1351 suscepto
3677 1281 3789 1337 bte-

2202 1363 2368 1416 retin
2409 1363 2604 1418 anima:
2645 1364 2793 1429 solo,
2844 1375 2903 1420 ut
2936 1383 3060 1421 cum
3111 1384 3208 1437 per
3247 1369 3421 1440 legem
3479 1371 3570 1425 Dei
3613 1372 3786 1427 excoli

2201 1455 2449 1525 cmperit,
2479 1467 2702 1526 surgant
2733 1457 2784 1510 in
2823 1472 2884 1512 ea
2918 1459 3052 1512 rami
3080 1460 3170 1528 qui
3203 1460 3412 1516 fructus
3449 1477 3674 1531 Operum
3703 1465 3784 1519 fe-

2199 1557 2339 1601 rant.
2358 1545 2472 1602 Non
2498 1563 2628 1617 ergo
2653 1565 2719 1603 ex
2745 1550 2999 1620 operibus
3029 1553 3178 1605 radix
3205 1553 3452 1622 justitizc,
3479 1556 3570 1610 sed
3599 1572 3667 1611 ex
3697 1575 3786 1611 ra-

2195 1637 2567 1705 dicejustitiae
2604 1639 2813 1695 fructus
2840 1657 3063 1711 Operum
3096 1645 3312 1710 crescit,
3339 1664 3357 1696 ι
3394 1656 3449 1699 et
3489 1647 3648 1716 paulo
3686 1667 3784 1704 su-

2195 1730 2376 1795 perius
2405 1743 2525 1799 pag.
2571 1729 2676 1784 522
2707 1747 2718 1782 :
2755 1748 2776 1781 ι
2807 1729 2924 1784 Jam
2956 1748 3084 1787 sane
3108 1731 3476 1789 considerabis
3503 1777 3518 1801 ,
3551 1738 3596 1791 si
3631 1750 3688 1790 ut
3715 1739 3783 1793 de

2197 1814 2299 1870 fide
2325 1817 2524 1869 dictum
2553 1827 2658 1883 est,
2679 1820 2802 1886 quia
2831 1833 3127 1888 reputatum
3157 1834 3230 1876 est
3263 1825 3310 1877 ei
3339 1824 3408 1876 ad
3428 1825 3693 1892 justitiam
3710 1828 3779 1888 ’⁸,

515 1871 804 1939 Sequentia
826 1894 1040 1948 quoque
1073 1882 1261 1937 eodem
1286 1871 1895 1948 faciunt.Commodam
1926 1899 2090 1953 etiam
2127 1896 2170 1951 Β
2199 1910 2267 1960 im
2322 1919 2377 1964 ει
2410 1911 2478 1964 de
2526 1911 2648 1965 aliis
2699 1913 2990 1968 virtutibus
3035 1915 3144 1968 dici
3187 1917 3380 1985 possit,
3429 1919 3580 1987 quia.
3625 1921 3780 1974 verm

511 1965 806 2021 admittunt
843 1971 1260 2038 explicationem
1315 1991 1435 2045 qua:
1479 1983 1724 2039 subnexa
1763 1996 1891 2041 sunt
1922 1989 2093 2045 ineu-

512 2054 632 2106 dem
659 2053 1050 2120 Commentario
1074 2063 1128 2114 in
1152 2063 1481 2134 Mattfuenm,
1517 2079 1734 2126 tractat.
1755 2090 1918 2136 xxxv.
1943 2094 2090 2133 num.

510 2143 600 2211 88,
657 2162 780 2217 pag.
831 2150 956 2216 90l,
1019 2154 1133 2209 fieri
1187 2172 1291 2210 non
1343 2163 1586 2226 potuisse
1639 2175 1696 2219 ut
1745 2166 1936 2221 Petrus
1987 2186 2092 2226 non

509 2249 781 2307 peccaret,
819 2252 1104 2311 postquam
1145 2250 1465 2304 vaticinium
1512 2267 1669 2308 suum
1706 2260 2090 2328 jurejurando,

509 2330 692 2394 Amen,
724 2330 974 2389 Christus
1001 2337 1370 2394 confirmavit.
1393 2342 1524 2397 Nam
1548 2344 1630 2409 τὸ,
1654 2347 1966 2415 ﬁeriposse,
1993 2353 2094 2404 du-

508 2417 632 2486 plici
655 2422 813 2476 modo
841 2427 1132 2482 enuntiare
1165 2430 1356 2487 Graece
1383 2437 1558 2504 potuit
1591 2437 1855 2509 Origenes
1882 2437 1994 2496 οἷόν
2028 2443 2094 2497 τε

507 2505 669 2578 εῖναι,
708 2522 762 2568 et
785 2514 1009 2570 δυνατὸν
1036 2515 1205 2574 εἶναι·
1248 2538 1480 2592 quorum
1521 2528 1672 2597 prior
1701 2533 1940 2589 excludit
1992 2551 2090 2590 ne-

507 2605 839 2670 cessitatem,
893 2618 949 2661 et
1008 2625 1129 2664 cum
1176 2611 1431 2668 libertate
1485 2618 1552 2672 ad
1595 2621 1878 2690 opposita,
1912 2632 1971 2679 ut
2014 2626 2092 2680 lo-

506 2701 749 2758 quuntur
809 2698 1124 2763 consentit;
1180 2703 1448 2770 posterior
1507 2720 1638 2760 vero
1707 2711 2088 2768 necessitatem

504 2784 757 2852 includit,
786 2798 840 2842 et
870 2789 1179 2847 libertatem
1213 2796 1477 2852 excludit.
1505 2798 1884 2859 Distinctionis
1929 2806 2089 2877 hujus

506 2891 880 2947 argumentum
907 2898 1126 2939 arcesso
1149 2901 1178 2940 e
1214 2887 1335 2941 libr.
1385 2905 1421 2944 ll
1457 2903 1638 2946 contra
1668 2893 1899 2962 Celsum,
1937 2916 2086 2956 num.

505 2970 593 3029 18.
635 2973 724 3026 ubi
761 2975 840 3027 sic
871 2975 937 3029 de
969 2975 1208 3044 ejusdem
1255 2978 1407 3035 Judae
1454 2985 1760 3050 proditione
1799 2999 1855 3043 et
1883 2989 2087 3046 Christi

501 3062 758 3117 vaticiuio
786 3064 1024 3134 loquitur
1057 3069 1204 3140 τΟὐχ
1225 3068 1334 3124 οἷόν
1358 3089 1417 3125 τε
1438 3069 1504 3145 ἦν
1529 3074 1651 3128 οὔτε
1690 3077 1781 3132 τὸν
1809 3080 2089 3151 ἐγνωσμέ-

500 3170 590 3206 νον
610 3154 685 3219 ὡς
711 3156 1071 3226 προδώσοντα,
1095 3160 1168 3232 μὴ
1190 3163 1497 3233 προδοῦναι,
1515 3165 1636 3219 οὔτε
1663 3169 1754 3221 τὸν
1771 3169 2090 3242 ἐλεγχθέντα

500 3246 892 3318 ἀρνησόμενον,
935 3249 1009 3320 μὴ
1037 3253 1402 3323 ἀρνήσασθαι.
1451 3257 1615 3323 Quasi
1647 3261 1797 3315 dicas
1826 3279 1839 3321 :
1881 3281 1898 3313 ι
1925 3261 2086 3318 Nullo
2114 3251 2156 3308 Ο

503 3339 664 3392 modo
693 3338 934 3395 futurum
961 3353 1100 3396 erat.
1139 3364 1157 3395 ι
1199 3347 1265 3398 At
1290 3349 1446 3414 paulo
1478 3349 1705 3405 inferius
1744 3369 1891 3407 num.
1915 3354 1988 3408 20
2009 3358 2087 3411 sic

501 3429 666 3482 habet
707 3447 720 3482 :
754 3433 866 3484 Καὶ
907 3433 1026 3486 ὅλον
1047 3451 1109 3503 γε
1151 3437 1308 3490 τοῦτο
1341 3441 1398 3493 ὲν
1423 3444 1488 3512 τῇ
1531 3443 1838 3516 προγνώσει
1865 3447 1960 3500 τοῦ
1999 3447 2086 3500 θε-

500 3521 783 3587 σπίζοντος
819 3525 950 3578 αὐτὸ
982 3528 1239 3596 τυγχάνει
1276 3531 1502 3586 δυνατοῦ
1547 3535 1700 3600 ὄντος
1747 3539 1902 3592 τοῦδέ
1941 3557 2085 3605 τινος

498 3612 768 3679 γενέσθαι,
792 3615 946 3668 ἔσται
978 3617 1038 3670 τὸ
1067 3618 1250 3691 ἕτερον
1272 3623 1450 3677 αὐτῶν
1473 3626 1534 3679 τὸ
1564 3627 1620 3680 δέ
1645 3646 1714 3682 τι.
1745 3630 1853 3684 Καὶ
1884 3633 1942 3684 οὺ
1979 3650 2084 3702 φα-

501 3703 602 3774 μὲν
635 3704 717 3759 ὅτι
744 3708 772 3759 ό
807 3709 1200 3777 προγινώσκων
1230 3713 1441 3783 ὑφελὼν
1467 3717 1528 3770 τὸ
1562 3718 1785 3774 δυνατὸν
1819 3719 1958 3778 εἶναι
1989 3743 2084 3794 γε·

497 3795 682 3851 νέσθαι
707 3799 802 3852 καὶ
843 3801 918 3872 μὴ
941 3803 1192 3870 γενέσθαι
1231 3809 1392 3861 οἱονεὶ
1419 3811 1659 3866 τοιοῦτόν
1690 3832 1742 3868 τι
1763 3815 1910 3885 λέγει
1931 3834 1943 3846 ·
1963 3819 2080 3872 τόδε

496 3885 716 3952 πάντως
734 3888 906 3956 ἔσται,
929 3895 1021 3947 καὶ
1064 3895 1324 3952 ἀδύνατον
1351 3901 1553 3973 ἑτέρως
1581 3905 1834 3971 γενέσθαι
1855 3925 1869 3940 ’
1894 3919 1948 3963 et
1983 3910 2074 3964 lib.

495 3991 572 4030 vn
611 3979 899 4036 Comment.
933 3984 987 4037 in
1012 3985 1182 4055 Epist.
1221 3991 1290 4042 ad
1312 3990 1488 4058 Rom.,
1520 4011 1667 4054 num.
1703 3997 1754 4062 8,
1791 4015 1910 4070 pag.
1931 4000 2073 4056 605:

501 4086 522 4120 ι
561 4068 676 4124 Non
705 4086 834 4141 ergo
855 4077 979 4143 quia
1013 4079 1286 4148 propheta:
1309 4086 1704 4152 praedixerunt,
1725 4068 1926 4146 idcirco
1953 4108 2078 4163 pro-

494 4161 629 4216 didit
669 4161 837 4220 Judas
879 4184 893 4220 :
928 4170 1020 4222 sed
1070 4173 1195 4240 quia
1248 4173 1464 4230 futurus
1517 4191 1664 4234 esset
1700 4161 1979 4251 proditori,
2012 4203 2075 4244 ea

494 4269 614 4322 mue
645 4255 734 4310 ille
776 4272 841 4311 ex
874 4264 1133 4330 propositi
1160 4267 1242 4320 sui
1267 4269 1509 4336 nequitia
1542 4280 1790 4340 gesturus
1806 4285 1922 4329 erat
1946 4291 2078 4347 pras-

495 4345 751 4401 dixerunt
784 4352 1084 4418 pr0pbetaa,
1115 4371 1239 4409 cum
1273 4359 1459 4427 utique
1500 4359 1668 4418 Judas
1709 4365 1762 4419 in
1808 4345 2076 4436 potestate

496 4436 792 4502 habuisset,
831 4453 888 4496 ut
917 4456 1063 4499 esset
1107 4449 1302 4503 similis
1338 4451 1500 4507 Petro
1537 4465 1591 4508 et
1623 4453 1816 4512 Joanni
1844 4499 1860 4523 ,
1900 4462 1943 4514 si
1977 4477 2074 4515 vo-

494 4518 706 4578 luisset.
749 4544 766 4576 ι
818 4525 956 4582 Hinc
993 4531 1127 4584 adeo
1167 4550 1185 4582 ι
1235 4533 1396 4605 Legis
1453 4518 1869 4607 possibilitatem
1920 4561 2072 4602 asse-

495 4615 667 4669 ruisse
704 4635 725 4668 ›
751 4617 1040 4686 Origenem
1087 4622 1577 4698 Magdeburgenses
1628 4638 1912 4705 conquesti
1945 4651 2071 4696 sunt
2105 4607 2146 4662 θ

491 4715 638 4759 cent.
679 4723 758 4774 Ill,
790 4724 909 4780 cap.
932 4711 1016 4767 50.

560 4810 747 4868 XXIII.
788 4815 943 4872 Patet
983 4823 1145 4877 etiam
1182 4828 1698 4896 reprehensionibus
1748 4834 1902 4895 locus
1947 4838 2062 4895 Ori-

490 4905 644 4972 genis
681 4921 710 4960 e
741 4907 834 4961 lib.
867 4925 924 4964 ιιι
962 4913 1016 4966 iu
1055 4913 1225 4980 Epist.
1266 4921 1334 4972 ad
1372 4920 1552 4989 Rom.,
1595 4941 1744 4980 num.
1771 4928 1835 4996 9,
1866 4931 1918 4984 in
1955 4946 2064 5001 quo

488 4998 752 5066 exemplis
769 5009 825 5054 et
854 5005 1152 5060 rationibus
1174 5009 1549 5070 demonstrare
1580 5017 1768 5071 nititur
1789 5019 1901 5075 sola
1938 4998 2063 5090 fide,

487 5086 692 5157 absque
745 5088 867 5143 ullis
893 5094 1146 5160 operibus
1173 5097 1327 5169 legis,
1354 5101 1626 5157 hominem
1663 5107 1868 5175 justum
1903 5086 2064 5176 eﬂici,

484 5174 638 5242 juxta
670 5178 801 5233 illud
833 5183 1080 5250 Apostoli
1112 5187 1271 5244 Rom.
1305 5192 1580 5258 ttt,27,28
1615 5174 1674 5250 :r
1705 5197 1804 5252 Ubi
1833 5212 1914 5254 est
1937 5174 2066 5273 ergo

487 5267 740 5336 gloriatio
789 5272 1075 5332 ?Exclnsa
1128 5293 1234 5335 ρει.
1280 5283 1386 5336 Per
1429 5301 1587 5354 quam
1638 5289 1864 5360 legem?
1899 5293 2066 5351 facto-

489 5376 604 5413 rum
633 5363 656 5415 ?
683 5361 822 5428 Non,
857 5369 949 5420 sed
985 5386 1079 5438 per
1113 5371 1283 5442 legem
1338 5375 1482 5430 fidei.
1528 5379 1874 5438 Arbitramur
1918 5388 2062 5442 enim

479 5449 764 5515 justificari
793 5458 1064 5514 hominem
1096 5477 1192 5530 per
1227 5465 1408 5526 fidem,
1429 5468 1546 5524 sine
1574 5473 1833 5541 operibus
1865 5477 2056 5548 legis.»

481 5543 553 5594 At
585 5555 791 5598 certum
821 5561 904 5603 est
927 5562 1106 5607 tamen
1137 5557 1203 5610 de
1218 5558 1621 5624 justificationis
1653 5565 1818 5622 initiis
1851 5543 2062 5627 ibivdis-

481 5648 665 5688 serere
691 5635 1124 5707 Origenem,uon
1155 5646 1220 5700 de
1260 5664 1550 5719 progressu
1576 5653 1692 5722 ejus
1723 5665 1779 5712 ct
1800 5674 2058 5731 augmen-

551 5810 596 5842 ’³
632 5810 788 5866 Rom.
821 5830 891 5878 tv,
915 5814 969 5867 ὅ.

2197 2000 2392 2069 gratia,
2433 2001 2808 2057 misericordia
2861 2007 3152 2078 unicuique
3204 2009 3440 2076 reputari
3487 2020 3660 2076 potest
3712 2013 3782 2065 ad

2189 2094 2484 2159 justitiam,
2509 2103 2602 2148 aut
2648 2098 2936 2164 sapientia,
2969 2109 3061 2152 aut
3110 2101 3358 2166 scientia,
3392 2113 3486 2154 aut
3535 2117 3782 2156 mansue-

2197 2188 2344 2253 tudo,
2383 2197 2436 2242 et
2467 2187 2767 2252 humilitas,
2797 2191 2883 2245 vel
2918 2201 3065 2246 certe
3099 2193 3142 2247 si
3182 2195 3329 2246 omni
3363 2195 3605 2249 credenti
3647 2197 3780 2250 fides

2196 2279 2262 2332 ad
2287 2278 2556 2348 justitiam
2585 2290 2890 2349 rcputetur.
2924 2301 2942 2334 ι
2975 2282 3109 2338 Tum
3141 2286 3196 2338 in
3232 2284 3381 2339 Rom.
3411 2301 3483 2352 tv,
3513 2288 3602 2350 l8,
3624 2303 3773 2342 num.

2193 2369 2246 2438 6,
2282 2385 2403 2438 pag.
2432 2369 2528 2424 551
2565 2383 2578 2419 :
2621 2389 2640 2422 ι
2681 2371 2816 2427 Puto
2861 2377 3002 2442 quod
3057 2377 3228 2446 prima
3266 2376 3456 2432 salutis
3508 2379 3694 2446 initia,
3721 2390 3780 2434 θ’

2197 2461 2310 2530 ipsa
2345 2460 2714 2528 fundamenta,
2753 2464 2886 2519 fides
2938 2473 3021 2520 est
3055 2483 3067 2518 :
3116 2466 3395 2536 profectus
3426 2483 3556 2524 vero
3581 2479 3636 2524 et
3673 2486 3776 2525 au-

2193 2564 2410 2624 gmenta
2437 2555 2649 2610 aedificii
2674 2595 2689 2621 ,
2720 2573 2844 2626 spes
2885 2567 2968 2611 est
2999 2577 3013 2613 :
3041 2559 3320 2629 perfectio
3350 2572 3530 2616 autem
3563 2572 3618 2618 et
3663 2564 3776 2619 cul-

2194 2661 2315 2700 meu
2352 2650 2515 2702 totius
2561 2650 2762 2719 operis,
2811 2651 3071 2706 charitas.
3107 2671 3126 2704 ι
3173 2651 3338 2707 idem.
3395 2663 3527 2708 tom.
3581 2671 3669 2709 xu
3718 2658 3774 2711 in

2194 2737 2415 2804 Hatth.,
2447 2758 2600 2796 num.
2634 2741 2702 2796 27
2723 2783 2738 2806 ,
2770 2759 2893 2812 pag.
2929 2743 3053 2808 760,
3089 2744 3248 2799 fidem
3290 2747 3493 2816 absque
3520 2749 3775 2816 operibus

2191 2830 2425 2885 similem
2458 2847 2578 2887 esse
2601 2834 2730 2886 dicit
2767 2833 2889 2888 ficui
2933 2850 2962 2888 a
2993 2835 3207 2892 Christo
3229 2838 3504 2901 arefactae,
3543 2855 3662 2908 qua:
3689 2840 3773 2895 fu-

2194 2921 2261 2974 lia
2282 2930 2490 2976 tantum
2518 2922 2721 2994 absque
2759 2924 3021 2982 fructibus
3055 2930 3583 3001 ostentabat.ltaque
3621 2942 3772 3002 post-

2191 3028 2350 3082 quam
2376 3020 2608 3084 probare
2638 3027 2866 3070 conatus
2898 3027 2985 3071 est
3018 3018 3130 3072 sola
3185 3019 3291 3073 fide
3329 3021 3603 3076 hominem
3630 3021 3770 3078 eﬂit-i

2185 3101 2414 3171 justum,
2445 3104 2650 3173 absque
2679 3106 2936 3175 operibus
2965 3107 3118 3175 legis,
3145 3110 3331 3178 priore
3378 3111 3496 3166 loco
3541 3113 3663 3168 libri
3708 3131 3766 3170 Ill

2190 3193 2244 3246 in
2271 3191 2439 3262 Epist.
2463 3197 2532 3249 ad
2557 3195 2709 3250 Rom.
2737 3200 2922 3252 statim
2961 3199 3180 3268 subiicit
3214 3220 3359 3258 nttm.
3397 3206 3453 3270 9,
3484 3221 3605 3278 pag.
3631 3206 3768 3264 517:

2195 3301 2215 3338 ι
2248 3287 2356 3342 Sed
2390 3289 2639 3343 fortassis
2685 3290 2801 3345 haec
2851 3292 3051 3362 aliquis
3097 3294 3322 3351 audiens
3367 3299 3690 3362 resolvatur,
3713 3309 3770 3355 et

2186 3377 2323 3432 bene
2353 3379 2545 3450 agendi
2583 3381 2966 3450 negligentiam
3017 3385 3216 3452 capiat,
3265 3387 3533 3456 siquidem
3569 3389 3635 3442 ad
3679 3388 3771 3458 ju-

2185 3470 2529 3525 stificamlnm
2562 3473 2696 3527 fides
2720 3475 2832 3528 sola
2869 3475 3116 3532 sufﬁciat.
3165 3480 3245 3532 Ad
3276 3493 3437 3547 quem
3485 3481 3765 3547 dicemus,

2184 3563 2307 3631 quia
2334 3572 2454 3632 post
2492 3565 2940 3630 justificationem
2994 3569 3040 3623 si
3084 3569 3281 3638 injuste
3311 3571 3434 3640 quis
3463 3579 3620 3642 agat,
3645 3573 3768 3628 sine

2182 3651 2348 3707 dubio
2371 3653 2779 3722 justificationis
2811 3660 3044 3726 gratiam
3086 3663 3292 3729 Sprevit
3321 3679 3335 3728 ;
3379 3681 3398 3714 ›
3427 3673 3484 3717 et
3523 3675 3768 3731 posuno-

2183 3741 2306 3794 dttm
2337 3757 2486 3798 num.
2524 3743 2612 3808 £0,
2641 3760 2761 3815 pag.
2801 3745 2906 3800 5l9
2935 3764 2949 3799 :
2989 3766 3007 3799 ι
3036 3748 3187 3815 Quod
3213 3751 3256 3803 si
3296 3751 3537 3820 requirat
3567 3752 3767 3820 aliquis

2181 3833 2472 3898 curiosius,
2503 3835 2536 3888 ii
2567 3836 2657 3904 qui
2688 3850 2754 3891 ex
2789 3838 2893 3893 fide
2915 3837 3324 3906 justificantur,
3358 3857 3453 3912 per
3481 3858 3642 3912 quem
3668 3845 3764 3913 ju-

2184 3923 2519 3990 stilicentur;
2551 3926 2675 3983 licet
2716 3928 2966 3986 fortassis
3019 3932 3184 3985 multa
3227 3933 3281 3986 in
3330 3934 3434 3988 hoc
3470 3937 3763 3992 curiositas

2177 4011 2448 4077 videatur,
2480 4026 2656 4072 tamen
2681 4020 3070 4074 convenienter
3088 4021 3268 4077 dicere
3291 4039 3599 4091 possumus,
3618 4028 3762 4096 quod

2178 4106 2268 4173 qui
2292 4105 2360 4159 'ex
2387 4105 2916 4179 fidejustificautur,
2953 4113 3106 4168 initio
3147 4128 3214 4168 ex
3251 4113 3357 4170 flde
3392 4129 3630 4186 sumpto,
3663 4135 3764 4188 per

2177 4198 2616 4269 adimpletionem
2673 4205 2938 4258 bonorum
2989 4221 3211 4276 cperunt
3271 4221 3756 4278 consummantur;

2176 4298 2230 4344 et
2259 4293 2350 4360 qui
2376 4307 2474 4362 per
2500 4293 2659 4349 fidem
2679 4296 3071 4365 jnstificantur,
3091 4313 3119 4351 a
3145 4299 3304 4355 bonis
3324 4303 3585 4370 operibus
3604 4319 3761 4358 exor-

2176 4379 2244 4444 si,
2278 4395 2374 4449 per
2413 4383 2572 4438 fidem
2629 4401 2894 4442 summam
2950 4388 3339 4458 perfectionem
3392 4395 3690 4462 accipiunt.
3731 4416 3751 4448 ι

2175 4469 2421 4537 Quanam
2445 4489 2574 4544 ergo
2602 4476 2706 4531 fide
2730 4478 3073 4549 scripserunt
3099 4481 3590 4551 Magdeburgénses
3605 4496 3752 4541 cent.

2179 4577 2259 4628 ιιι,
2292 4579 2414 4634 cap.
2447 4564 2550 4632 l0,
2589 4565 2878 4637 Origeuem
2929 4589 2948 4622 ι
2979 4573 3390 4640 justificationis
3429 4574 3633 4630 fontem
3676 4576 3758 4630 fe-

2175 4654 2316 4708 cisse
2342 4653 2482 4709 bona
2515 4659 2727 4726 opera?
2754 4677 2773 4710 ι
3116 4681 3118 4684 ν

2251 4745 2444 4802 XXIV.
2476 4747 2552 4803 De
2587 4761 2814 4819 peccato
2835 4751 3060 4824 originis
3082 4757 3150 4810 ab
3178 4759 3386 4814 Adamo
3421 4759 3474 4813 in
3503 4759 3754 4815 homines

2172 4850 2468 4910 propagato
2492 4858 2597 4897 non
2653 4859 2758 4898 una
2789 4855 2874 4901 est
2919 4846 3153 4918 [prensis
3197 4855 3434 4924 episcopi
3488 4853 3752 4908 adversus

2171 4931 2554 4987 Adamantium
2573 4935 2814 5004 querela.
2837 4937 2887 4991 Is
2905 4947 3038 4994 tom.
3067 4941 3106 5004 Ι,
3126 4941 3215 4996 lib.
3252 4958 3325 5009 νι,
3351 4959 3470 5014 cap.
3495 4944 3748 5012 i7,post-

2173 5036 2334 5090 quam
2360 5021 2644 5093 Origeuem
2678 5025 2860 5083 fassus
2889 5040 2971 5084 est
2999 5031 3063 5086 de
3091 5045 3314 5102 peccato
3340 5035 3569 5104 originis
3593 5050 3623 5090 a
3650 5051 3748 5090 ca-

2175 5112 2370 5168 tholica
2397 5114 2636 5171 Ecclesia
2683 5119 2976 5176 dissentire
3016 5127 3332 5195 neutiquam
3363 5127 3559 5193 videri,
3596 5127 3752 5184 Pela-

2167 5205 2342 5275 gianis
2375 5217 2578 5273 tamen,
2604 5219 2665 5263 ut
2689 5213 2756 5264 de
2781 5227 2844 5266 ea
2877 5229 2935 5268 re
2956 5213 3087 5268 falsa
3118 5219 3496 5286 opinarentur,
3529 5232 3744 5290 portam

2168 5297 2447 5364 aperuisse
2471 5301 2626 5354 dicit.
2645 5301 2767 5357 Mox
2785 5321 2816 5358 ε
2833 5304 2976 5360 libro
2990 5323 3024 5361 ν
3040 5307 3552 5364 Commentariorum
3573 5313 3746 5381 ipsius

2163 5389 2218 5444 in
2247 5389 2419 5459 Epist.
2473 5393 2543 5446 ad
2574 5392 2727 5450 Rom.
2780 5399 3050 5467 praecipua
3078 5403 3286 5469 colligit
3312 5405 3511 5472 ca'pita,
3547 5405 3745 5474 quibus

2166 5481 2470 5536 doctrinam
2511 5484 2634 5556 ejus
2659 5503 2824 5558 super
2851 5491 2953 5546 hoc
2989 5507 3310 5563 argumento
3349 5495 3615 5550 contineri
3645 5511 3744 5564 pu-

2167 5580 2285 5640 tat;
2315 5589 2434 5643 quae
2450 5577 2789 5647 singulatim,
2815 5583 2909 5637 sed
2939 5585 3125 5654 paucis
3140 5587 3591 5658 examinabimus.
3620 5587 3744 5641 Pri-

2165 5679 2310 5719 mum
2344 5667 2444 5722 hoc
2477 5679 2562 5724 est
2593 5671 2877 5740 mundum,
2903 5675 2956 5730 in
2994 5691 3153 5746 quem
3189 5689 3472 5746 peccatum
3507 5680 3746 5738 intrasse
