4170 6476
431 421 540 480 963

1241 420 1817 479 ORIGENIANORUM
1857 422 1986 478 [ΑΒ.
2029 421 2093 489 ΙΙ,
2133 423 2288 478 CAP.
2329 419 2396 486 Il,
2436 418 2716 488 QUAEST.
2765 419 2875 476 VII.

3597 420 3704 478 966

434 536 596 594 docet
620 537 914 610 Apostolus
947 552 1046 609 per
1068 550 1354 608 peccatum
1387 538 1607 604 Adatni,
1630 549 1878 595 terrenos
1899 553 2020 594 esse
2046 547 2092 604 Α
2124 539 2254 592 tioni
2290 545 2485 608 quarta
2508 551 2754 594 connexa
2785 544 2904 600 est,
2939 536 3116 591 visum
3155 534 3326 591 fuisse
3380 533 3508 605 ipsi,
3551 551 3702 590 mor-

435 629 814 691 hotnines;2.
844 641 1076 686 mortem
1131 646 1253 701 quae
1302 633 1357 686 in
1418 646 1609 687 omnes
1658 631 2014 700 pertransiit,

435 727 666 772 mortem
687 734 808 774 esse
839 721 1056 784 animm,
1083 735 1190 774 non
1215 723 1492 791 corporis;
1525 724 1580 778 3.
1609 732 1838 777 mortem
1871 723 2017 777 illam

434 813 922 880 noupertransisse
954 813 1006 865 in
1036 829 1248 880 omnes,
1273 817 1366 870 sed
1389 818 1440 870 in
1469 817 1687 882 mullos,
1706 818 1798 887 qui
1825 834 2017 890 nempe

435 913 562 957 actu
601 915 996 972 peccaverunt;
1041 906 1098 959 4.
1132 923 1234 960 non
1265 907 1317 960 in
1365 924 1554 964 omnes
1587 925 1846 981 regnasse
1879 926 2017 966 mor-

433 998 568 1058 tem,
602 994 694 1047 sed
725 994 775 1046 in
806 1010 899 1048 eos
923 996 1290 1065 duntaxatqui
1313 1000 2017 1066 peccaveruntinsimilitu-

433 1082 616 1138 dinem
653 1087 1112 1153 praevaricationis
1145 1089 1311 1156 Adae;
1356 1090 1409 1143 5.
1463 1108 1569 1145 non
1603 1107 1793 1146 omnes
1823 1093 2003 1148 homi-

433 1190 553 1240 nes,
583 1178 678 1230 sed
715 1179 916 1231 multos
948 1180 1107 1235 unius
1135 1180 1337 1238 delicto
1368 1193 1688 1254 peccatores
1739 1185 1906 1240 fuisse
1934 1186 2016 1240 εἷς

433 1264 648 1328 fectos;
703 1267 756 1321 6.
788 1267 1070 1324 Christum
1138 1272 1320 1341 plures
1372 1276 1438 1328 ad
1489 1275 1655 1330 vitam
1693 1277 2011 1341 reduxisse,

432 1374 595 1429 quam
621 1360 883 1415 Adamum
922 1363 990 1416 ad
1023 1374 1292 1433 mortem;
1324 1367 1393 1420 '7.
1427 1367 1696 1421 Adamum
1733 1384 1854 1423 esse
1903 1372 2013 1424 for-

434 1463 576 1502 mam
600 1449 794 1516 futuri,
818 1454 941 1521 quia
964 1455 1171 1522 peccati
1203 1457 1372 1524 ipsius
1389 1458 1676 1527 exemplar
1707 1460 2010 1526 imitantes,

432 1552 750 1610 peccatores
775 1544 950 1599 effecti
1007 1558 1154 1602 sunt.
1212 1547 1574 1605 Observatum
1613 1564 1795 1606 autem
1846 1554 2010 1608 velim

431 1643 557 1687 ante
582 1636 786 1700 omnia,
820 1639 886 1690 ab
907 1639 1138 1709 Origene
1163 1641 1277 1695 haec
1301 1641 1677 1716 ἀλληγορικῶς
1695 1643 1859 1699 fuisse
1887 1661 2012 1714 pro-

430 1728 630 1795 posita,
674 1746 779 1784 non
828 1731 1176 1802 δογματικῶς
1215 1735 1474 1797 deﬁnita;
1518 1746 1810 1806 antequam
1863 1738 2008 1794 enim

430 1820 499 1874 ad
526 1835 590 1876 ea
617 1822 860 1886 accedat,
899 1825 1168 1894 explicato
1201 1825 1397 1882 littera:
1433 1843 1620 1882 sensu.
1667 1847 1686 1880 ι
1720 1828 2008 1884 Videamus

431 1927 596 1978 nunc,
635 1931 656 1964 ι
693 1914 869 1982 inquit
904 1891 1053 1969 num.
1087 1917 1140 1981 1,
1182 1932 1305 1987 pag.
1335 1919 1463 1982 545,
1504 1939 1522 1971 ι
1560 1919 1688 1988 quid
1728 1921 1892 1975 etiam
1925 1921 2012 1976 in-
2041 1891 2084 1946 Β

432 2004 602 2055 terior
632 2002 822 2056 habeat
855 2004 1188 2060 intellectus.
1221 2026 1239 2058 ι
1269 2009 1421 2074 Quod
1448 2024 1514 2064 ex
1542 2011 1713 2077 ipsius
1738 2011 2010 2080 opinatio-

443 2110 572 2147 num
605 2095 969 2152 inconstantia
1026 2109 1074 2152 et
1121 2099 1431 2155 diversitate
1467 2101 1663 2158 clarius
1688 2105 1849 2162 etiam
1890 2123 2012 2165 sese

427 2188 641 2255 prodet.
676 2187 807 2241 Nam
839 2191 1071 2260 primum
1094 2193 1236 2260 quod
1268 2195 1485 2258 attinet,
1512 2206 1796 2268 postquam
1830 2209 2007 2257 terre-

428 2291 528 2331 nos
555 2277 802 2333 homines
829 2289 885 2334 et
920 2281 1081 2334 rebus
1139 2283 1370 2337 terrenis
1409 2286 1623 2342 deditos
1649 2328 1666 2354 ,
1717 2289 2010 2359 allegorice

427 2371 687 2424 tnundum
724 2387 848 2426 esse
880 2373 1038 2437 dixit,
1099 2375 1151 2428 in
1204 2389 1363 2444 quem
1421 2388 1702 2445 peccatum
1761 2377 2006 2449 intravit,

426 2464 684 2518 mundum
708 2465 900 2521 deinde
927 2466 1086 2522 aliter
1112 2469 1354 2536 exponit,
1382 2483 1559 2540 eoque
1591 2473 1885 2543 signiﬁcari
1919 2477 2010 2531 do-

425 2565 513 2608 cet
533 2571 682 2609 num.
715 2557 764 2619 1,
808 2573 929 2628 pag.
968 2559 1092 2625 547,
1139 2578 1158 2612 ι
1191 2571 1468 2616 terrenum
1504 2565 1646 2620 hunc
1695 2566 1899 2632 locum,
1952 2569 2005 2624 iu

425 2660 533 2715 quo
562 2647 810 2704 homines
852 2650 1099 2706 habitant
1124 2668 1140 2715 ;
1170 2653 1256 2709 vel
1285 2665 1557 2710 terrenam
1593 2669 1645 2712 et
1665 2659 2004 2725 corporalem

424 2737 615 2803 vitam,
650 2741 829 2810 inqua
867 2757 1014 2798 mors
1048 2744 1215 2800 habet
1256 2746 1466 2814 locum;
1513 2750 1598 2802 cui
1634 2751 1856 2813 mundo,
1904 2753 2006 2808 hoc

425 2841 530 2892 est,
559 2841 786 2886 terrente
805 2833 1264 2900 vitm,cruciﬁxos
1287 2855 1346 2893 se
1364 2840 1550 2894 dicunt
1580 2843 1754 2897 sancti
1777 2851 1833 2898 et
1864 2861 2007 2898 mor-

426 2931 568 2978 tuos.
609 2943 628 2976 ι
669 2923 784 2978 Non
839 2927 1008 2983 multo
1059 2935 1240 2985 autem
1299 2931 1526 2986 inferius
1561 2949 1683 3004 pag.
1725 2935 1852 3001 549,
1900 2937 2004 2992 alia

423 3013 620 3070 habet:
654 3034 674 3067 ‹
709 3016 933 3072 Videtur
966 3020 1120 3087 mihi,
1156 3021 1354 3090 inquit,
1390 3024 1534 3093 quod
1572 3026 1659 3078 hic
1706 3029 2002 3097 Apostolus

423 3104 574 3160 illam
606 3115 847 3172 aetatem,
878 3125 996 3179 qua:
1028 3115 1267 3166 ttOudutn
1295 3115 1360 3167 ad
1393 3117 1750 3185 capacitatem
1779 3118 2003 3175 rationis

2126 638 2232 683 tem
2260 629 2406 682 illam
2431 631 2498 684 de
2527 644 2631 698 qua
2659 627 2862 683 Paulus
2895 628 3052 682 Rom.
3082 644 3134 696 v,
3161 627 3249 692 I4,
3281 643 3388 682 non
3421 627 3476 681 in
3508 641 3704 683 omnes

2120 735 2401 790 regnasse,
2435 723 2530 776 sed
2579 721 2630 774 iu
2661 735 2756 775 eos
2805 723 3094 783 duntaxat,
3127 719 3218 790 qui
3249 731 3616 788 peccaverunt
3646 720 3701 774 in

2117 813 2529 869 similitudinem
2557 813 3027 884 praevaricationis
3047 813 3199 867 Adze.
3226 811 3528 882 Utrobique
3557 828 3700 867 mor—

2117 915 2223 961 tem
2265 906 2473 972 peccati
2503 905 2752 974 intelligit
2782 923 2796 960 :
2832 920 2895 958 ac
2933 906 3162 975 proinde
3188 907 3387 974 pemlet
3411 906 3535 959 hinc
3565 921 3704 975 quo-

2117 1015 2221 1068 que
2257 1001 2446 1068 quinta
2476 999 2776 1060 accusatio,
2813 996 3112 1053 allirmasse
3140 997 3340 1066 ipsum,
3375 1013 3480 1050 nou
3505 1013 3700 1053 omnes

2117 1090 2388 1153 homines,
2413 1088 2506 1141 sed
2535 1087 2733 1140 multos
2765 1087 2926 1140 unius
2957 1086 3159 1139 delicto
3203 1094 3516 1153 peccatores
3576 1098 3702 1138 esse

2115 1180 2363 1236 eﬂectos.
2396 1179 2688 1248 Distinguit
2721 1187 2900 1232 autem
2925 1177 3189 1247 Origenes
3224 1176 3514 1230 transitum
3549 1191 3699 1230 mor-

2116 1275 2184 1326 tis
2203 1289 2230 1325 a
2251 1287 2414 1340 regno
2431 1272 2621 1326 mortis
2648 1289 2661 1326 :
2695 1291 2712 1321 ι
2738 1270 3027 1326 Peccatum
3047 1271 3212 1332 enim,
3241 1289 3259 1322 ›
3285 1266 3454 1336 inquit
3481 1270 3694 1330 num.I,

2114 1382 2236 1436 pag.
2294 1365 2398 1420 550
2430 1405 2444 1428 ,
2486 1384 2504 1415 ι
2547 1364 2865 1435 pertransiit
2913 1365 3079 1416 etiam
3139 1365 3195 1417 in
3245 1362 3446 1433 juslos,
3492 1374 3546 1417 et
3593 1361 3698 1417 levi

2114 1460 2348 1529 quadam
2379 1473 2474 1511 eos
2505 1457 2833 1526 contagione
2865 1457 3187 1524 perstrinxit
3217 1475 3231 1510 :
3268 1456 3324 1510 in
3358 1455 3692 1524 praevarica-

2116 1551 2324 1606 toribus
2358 1565 2508 1616 vero,
2533 1549 2584 1603 id
2619 1559 2748 1612 est,
2812 1548 2896 1602 his
2928 1549 3019 1618 qui
3057 1563 3114 1602 se
3147 1549 3194 1601 ei
3240 1557 3352 1604 tota
3407 1557 3594 1602 tuente
3631 1562 3697 1603 ac

2113 1644 2398 1716 devotione
2447 1642 2768 1712 subjiciunt,
2798 1657 3027 1711 regnum
3078 1650 3244 1705 tenet,
3283 1649 3338 1694 et
3365 1641 3510 1694 omni
3543 1649 3698 1709 pote-

2112 1745 2254 1790 state
2291 1735 2623 1788 dominatur.
2655 1754 2674 1786 ›
2712 1733 2779 1786 At
2815 1744 3045 1786 mortem
3074 1731 3220 1785 illam
3254 1747 3418 1800 super
3446 1747 3540 1784 eos
3566 1741 3694 1784 tau-

2115 1839 2227 1883 tum
2261 1842 2484 1897 regnum
2521 1826 2763 1880 tenuisse
2788 1826 3034 1895 vult,qui
3068 1824 3230 1879 simili
3259 1840 3398 1886 sese,
3431 1833 3489 1878 ιιι
3518 1824 3688 1878 Adam

2112 1921 2345 1976 crimine
2375 1919 2824 1988 inquinaverunt.
2865 1917 3184 1987 Quanquam
3239 1915 3363 1968 alibi
3400 1925 3686 1983 peceatum

2111 2012 2344 2079 originis
2375 2025 2541 2080 super
2573 2025 2766 2066 omnes
2803 2024 3063 2075 regnasse
3104 2011 3180 2061 ait
3211 2024 3227 2062 :
3264 2025 3284 2059 ι
3322 2005 3436 2060 Νοιι
3467 2021 3619 2075 ergo,
3663 2023 3684 2058 ι

2112 2102 2288 2172 inquit
2314 2115 2461 2154 num.
2489 2099 2544 2163 2,
2574 2115 2700 2169 pag.
2735 2099 2863 2166 554,
2903 2117 2921 2151 ι
2955 2098 3088 2153 nihil
3125 2099 3480 2166 peccantibus
3513 2095 3692 2163 nobis,

2111 2209 2263 2249 mors
2293 2193 2543 2263 regnavit
2571 2192 2624 2246 in
2656 2193 2856 2247 nobis:
2897 2210 2918 2245 ι
2953 2200 3009 2247 et
3034 2207 3159 2246 mox
3194 2211 3206 2246 :
3244 2208 3264 2242 ‹
3301 2188 3407 2244 Sed
3442 2187 3693 2257 regnavit

2111 2299 2260 2340 mors
2291 2285 2360 2339 ab
2391 2283 2562 2338 Adam
2600 2298 2775 2352 usque
2805 2283 2870 2338 ad
2901 2282 3120 2353 Moysen
3157 2283 3210 2336 in
3248 2298 3342 2338 eos
3365 2283 3456 2354 qui
3487 2299 3686 2352 pecca-

2111 2385 2310 2431 verunt
2362 2376 2414 2430 in
2451 2375 2862 2430 similitudinem
2909 2375 3377 2445 praevaricationis
3419 2375 3565 2430 Δότε.
3603 2373 3694 2432 Vi-

2111 2469 2278 2523 desne
2308 2476 2368 2520 ut
2397 2482 2429 2521 a
2454 2476 2680 2537 peccato
2712 2467 2919 2521 nullum
2967 2466 3168 2521 Paulus
3196 2466 3466 2521 excuset?
3501 2487 3520 2520 ι
3563 2466 3692 2521 Per-

2108 2560 2397 2636 trausiisse
2454 2571 2634 2615 autem
2690 2567 2922 2614 mortem
2959 2559 3012 2614 in
3061 2574 3252 2614 omnes
3285 2561 3495 2613 iteratis
3551 2560 3689 2616 locis

2108 2655 2308 2708 diserte
2343 2652 2564 2719 asserit,
2592 2661 2654 2706 ut
2682 2667 2804 2705 cum
2834 2667 2983 2705 num.
3021 2651 3072 2712 I,
3107 2666 3232 2720 pag.
3265 2650 3392 2715 547,
3435 2651 3688 2720 corporis

2109 2757 2336 2801 mortem
2379 2745 2627 2800 umbram
2665 2757 2788 2816 esse
2819 2743 2949 2797 dicit
2977 2744 3166 2798 mortis
3193 2744 3398 2813 peecati
3425 2760 3439 2808 ;
3474 2759 3536 2796 ac
3564 2758 3690 2812 pro-

2106 2837 2232 2891 inde
2274 2835 2482 2891 nullum
2525 2846 2702 2888 morte
2757 2833 2970 2903 peccati
3019 2848 3144 2888 esse
3199 2836 3518 2894 immunem,
3563 2833 3690 2902 quia

2106 2945 2426 3001 corpoream
2455 2937 2684 2984 mortem
2717 2943 2878 2981 nemo
2920 2926 3093 2980 vitare
3125 2935 3327 2996 potest.
3387 2925 3441 2978 Id
3495 2926 3689 2994 probat

2106 3025 2299 3079 deinde
2316 3020 2761 3078 commemoratis
2793 3020 3041 3088 priorum
3067 3027 3374 3087 temporum
3409 3018 3542 3071 viris
3563 3032 3658 3071 san
3681 3048 3690 3056 -

2104 3116 2296 3170 ctitate
2313 3111 2605 3178 nobilibus,
2628 3127 2767 3179 quos
2782 3126 2975 3166 omnes
2992 3121 3217 3181 peccato
3239 3110 3504 3165 obnoxios
3522 3107 3689 3162 fuisse

420 3199 670 3264 accessit,
696 3215 800 3253 non
823 3207 933 3254 tam
959 3201 1224 3268 homines,
1255 3219 1420 3273 quam
1452 3205 1711 3258 mundum
1751 3207 1986 3276 appella-
2028 3232 2070 3291 ρ
2107 3211 2466 3264 demonstrat.
2505 3204 2655 3258 Idetu
2683 3221 2791 3258 non
2829 3205 2996 3258 multo
3041 3213 3164 3274 post
3199 3202 3512 3264 conﬁrmat,
3549 3214 3688 3269 apo-

418 3289 580 3342 verit.
608 3307 627 3342 ι
659 3289 843 3343 Altera
883 3291 1101 3360 querela
1139 3291 1254 3347 haec
1304 3301 1411 3356 est,
1449 3294 1655 3348 dixisse
1707 3293 1997 3365 Origenem

419 3391 653 3437 ruortem
696 3399 816 3452 quae
850 3385 906 3438 in
949 3400 1140 3442 omnes
1173 3385 1421 3441 homines
1485 3389 1817 3455 pertransiit,
1858 3403 2003 3442 mor-

420 3484 530 3530 tem
553 3489 678 3529 esse
702 3477 919 3541 animae,
955 3492 1063 3531 non
1118 3480 1384 3548 corporis.
1425 3479 1623 3536 Fateor
1674 3491 1902 3535 mortem
1932 3481 1998 3535 il-

418 3567 528 3620 lam
557 3568 762 3632 passim
792 3567 964 3638 accipi
994 3570 1064 3625 ab
1089 3585 1156 3624 eo
1182 3585 1280 3640 pro
1309 3581 1482 3627 morte
1503 3573 1736 3642 peccati,
1769 3573 1886 3640 sed,
1925 3583 1984 3627 ut

418 3659 652 3728 reliqua,
716 3660 1017 3728 allegorica
1064 3676 1280 3718 sensu:
1328 3663 1486 3733 cujus
1543 3665 1735 3720 mortis
1767 3675 1999 3721 mortem

418 3767 738 3823 corpoream
765 3753 1014 3810 umbram
1046 3753 1282 3823 appellat
1311 3769 1466 3809 num.
1494 3756 1548 3822 1,
1572 3771 1695 3825 pag.
1728 3755 1854 3824 547,
1870 3759 1997 3826 quia

424 3863 445 3898 ι
482 3859 812 3915 quocunque
852 3845 944 3899 illa
976 3847 1281 3912 incesserit,
1316 3845 1460 3901 hanc
1496 3860 1728 3903 necesse
1762 3855 1846 3904 est
1865 3845 1998 3902 sub-

418 3939 595 4008 sequi,
624 3939 771 3993 velut
800 3939 1048 3994 umbram
1086 3953 1318 4007 corpus;
1353 3959 1372 3992 ι
1406 3945 1569 4009 atque
1599 3927 1802 3996 idcirco
1851 3953 1998 3993 mor-

417 4043 570 4086 tuum
626 4031 799 4087 fuisse
849 4031 1154 4098 Christum,
1183 4033 1312 4101 quia
1355 4047 1454 4102 pro
1501 4032 1660 4086 nobis
1695 4030 1873 4087 Iactus
1913 4040 1998 4086 est

414 4133 720 4194 peccatum.
740 4124 810 4178 At
835 4132 1063 4180 mortem
1090 4125 1259 4188 illam,
1277 4139 1440 4194 quam
1469 4139 1724 4194 regnasse
1743 4123 1810 4179 ab
1825 4122 1995 4178 Adam

412 4231 587 4288 usque
620 4218 688 4272 ad
723 4216 946 4288 Moysen
975 4218 1051 4272 ait
1073 4219 1374 4288 Apostolus
1430 4217 1591 4272 Rom.
1626 4233 1681 4284 v,
1715 4217 1805 4281 I4,
1847 4230 1995 4270 mor-

415 4322 520 4366 tem
549 4312 824 4380 corporis,
856 4321 910 4365 et
935 4312 1260 4366 descensum
1288 4311 1354 4364 ad
1402 4311 1608 4364 inferos
1665 4325 1774 4363 non
1823 4305 1993 4363 semel

411 4406 801 4475 interpretatur
837 4404 1100 4473 Origenes
1134 4403 1232 4459 lib.
1282 4419 1312 4455 v
1368 4404 1424 4456 in
1471 4401 1641 4471 Epist.
1686 4407 1756 4454 ad
1791 4399 1942 4455 Rom.
1974 4441 1989 4466 ,

409 4511 540 4567 puta
587 4513 710 4553 cum
741 4499 820 4552 ait
868 4513 1020 4552 num.
1051 4496 1124 4551 4:
1164 4515 1182 4547 ι
1227 4496 1510 4562 Quomodo
1553 4509 1709 4559 sane,
1743 4494 1826 4548 vel
1870 4509 1992 4560 quae

2103 3304 2354 3358 stolicum
2386 3301 2519 3356 illud
2556 3303 2856 3372 explanans
2886 3299 3047 3352 Rom.
3081 3313 3134 3363 v,
3167 3296 3270 3350 I8:
3295 3312 3314 3345 ι
3345 3294 3514 3364 Igitur
3546 3295 3688 3348 sicut

2101 3413 2200 3468 per
2224 3398 2384 3453 unius
2411 3395 2666 3450 delictum
2699 3395 2752 3451 in
2774 3407 2965 3448 omnes
2997 3390 3243 3445 homines
3271 3389 3322 3443 iu
3353 3387 3686 3443 condemna-

2104 3490 2326 3557 tionem,
2369 3507 2388 3540 ι
2421 3497 2530 3544 etc.
2555 3505 2575 3538 σ
2597 3487 2662 3542 Et
2697 3483 2964 3550 sulﬁcere,
3009 3502 3028 3535 ι
3059 3483 3234 3550 inquit
3258 3497 3412 3535 num.
3440 3480 3495 3543 4,
3527 3502 3542 3530 ι
3572 3480 3685 3536 I'Or-

2101 3583 2245 3638 sitan
2277 3590 2456 3650 potest
2485 3579 2786 3636 secundum
2820 3575 3126 3648 simplicem
3164 3574 3588 3644 expositionem,
3619 3580 3680 3627 ut

2097 3671 2348 3728 dicamus
2383 3671 2899 3726 condemnationem
2931 3683 3056 3724 esse
3115 3665 3302 3722 delicti
3335 3680 3679 3720 communem

2099 3766 2239 3820 hanc
2272 3775 2523 3829 mortem,
2544 3777 2663 3833 quae
2679 3762 2935 3818 omnibus
2959 3761 3130 3827 venit,
3150 3768 3206 3814 et
3231 3759 3438 3824 veniet,
3461 3758 3678 3813 etiamsi

2092 3853 2225 3922 justi
2256 3855 2578 3922 videantur;
2612 3873 2631 3907 ο
2667 3863 2833 3923 atque
2865 3853 3008 3907 hanc
3038 3865 3160 3906 esse
3186 3849 3320 3903 dicit
3347 3849 3675 3917 simplicem,

2097 3959 2204 3999 non
2260 3943 2612 4014 allegoricam
2662 3943 3088 4012 expositionem.
3147 3939 3258 3995 Nec
3305 3939 3680 4008 superioribus

2098 4045 2381 4105 repugnet,
2413 4036 2556 4105 quod
2577 4035 2656 4090 ait
2689 4051 2842 4092 num.
2874 4035 2931 4100 ἓ,
2958 4049 3081 4102 pag.
3118 4032 3245 4087 555.
3293 4051 3312 4084 ι
3344 4030 3458 4087 Non
3485 4047 3679 4086 omnes

2046 4168 2050 4174 .
2095 4125 2372 4191 homines,
2415 4124 2558 4180 sicut
2591 4124 2750 4192 solet,
2795 4125 2847 4178 in
2883 4123 3101 4179 ueteris
3129 4123 3281 4190 ponit
3312 4121 3675 4194 (Apostolus),

2093 4217 2186 4272 sed
2211 4218 2436 4281 multos,
2462 4216 2557 4287 qui
2589 4216 2753 4270 unius
2787 4215 2989 4270 delicto
3021 4223 3340 4284 peccatores
3388 4212 3672 4266 constituti

2093 4318 2254 4374 sunt;
2289 4328 2308 4360 ι
2361 4323 2484 4363 nam
2533 4323 2728 4364 omnes
2773 4307 2974 4361 multos
3019 4322 3140 4361 esse
3192 4304 3400 4359 fatetur
3433 4319 3579 4358 num.
3613 4303 3669 4372 5,

2093 4415 2217 4469 pag.
2267 4399 2393 4466 556,
2444 4401 2802 4470 consultaque
2836 4414 3024 4454 vocem
3085 4413 3262 4451 omnes
3295 4397 3363 4451 ab
3412 4396 3672 4466 Apostolo

2095 4490 2261 4545 fuisse
2282 4491 2565 4556 omissam,
2597 4510 2615 4542 ι
2653 4507 2720 4548 ne
2753 4491 2893 4545 forte
2921 4489 2966 4544 si
2993 4489 3222 4544 dixisset
3254 4505 3354 4558 per
3380 4489 3540 4542 unius
3589 4489 3672 4542 itt-

409 4591 790 4646 coudemnatio
817 4591 873 4645 in
909 4605 1101 4645 omnes
1144 4589 1395 4643 homines
1429 4587 1641 4642 venerit
1690 4587 1986 4640 videndum
2020 4578 2066 4634 D
2093 4584 2455 4638 obedientiam
2481 4592 2794 4651 peccatores
2825 4580 2995 4635 factos
3023 4596 3145 4636 esse
3170 4595 3381 4646 omnes,
3402 4589 3456 4634 et
3483 4595 3672 4634 neces-

407 4693 494 4740 cst
528 4702 542 4738 :
577 4693 632 4738 et
656 4683 904 4739 suﬂieere
933 4683 1164 4739 forsitan
1195 4691 1397 4751 potest,
1433 4679 1736 4736 secundum
1774 4679 1988 4747 simpli-

409 4793 526 4833 cem
547 4779 963 4848 expositionem,
988 4776 1307 4830 utdicamus
1328 4774 1841 4831 condemnationem
1866 4784 1990 4827 esse

407 4871 586 4926 delicti
621 4884 965 4925 communem
1014 4870 1156 4924 hanc
1183 4877 1416 4922 mortem
1454 4882 1578 4936 quas
1605 4867 1863 4922 omnibus
1892 4880 1989 4920 ve-

408 4967 489 5018 nit
519 4976 570 5020 et
597 4967 802 5027 veniet,
835 4963 1048 5018 etiamsi
1071 4963 1202 5034 justi
1226 4964 1535 5017 videantur.
1579 4980 1599 5014 ι
1641 4963 1988 5016 Existimavit

405 5074 535 5130 ergo
563 5060 824 5127 Origenes
853 5072 956 5109 non
983 5067 1267 5124 peccatum
1292 5055 1490 5118 solum,
1524 5054 1671 5122 quod
1708 5069 1854 5108 mors
1888 5063 1983 5109 est

407 5152 622 5210 auiuue,
647 5149 739 5203 sed
771 5156 998 5202 mortem
1035 5147 1202 5201 etiam
1232 5159 1550 5215 corpoream
1596 5144 1651 5197 iu
1679 5158 1842 5198 omne
1891 5159 1985 5213 ge-

405 5257 508 5296 nus
531 5243 824 5294 humanum
845 5255 938 5304 per
954 5238 1146 5292 Adami
1167 5239 1374 5308 lapsum
1397 5238 1562 5292 fuisse
1587 5237 1984 5300 transmissam,

405 5333 548 5405 quod
581 5334 768 5402 synodi
807 5331 1143 5386 Tridentium
1172 5333 1416 5394 decreto,
1479 5343 1616 5382 sess.
1647 5326 1702 5390 5,
1758 5342 1878 5380 ean.
1913 5326 1981 5388 2,

405 5430 624 5492 penitus
645 5437 1069 5480 consentaneum
1112 5434 1218 5480 est.
1255 5422 1310 5476 Id
1339 5420 1656 5486 Jausenius,
1681 5420 1830 5474 velut
1859 5435 1888 5472 a
1922 5435 1984 5474 se

405 5520 755 5583 dissentiens,
790 5519 1015 5571 minime
1047 5518 1355 5571 dissimulat
1391 5527 1521 5570 tom.
1550 5515 1590 5577 I,
1617 5516 1713 5568 lib.
1744 5529 1827 5577 ut,
1860 5527 1984 5582 cap.

406 5613 495 5667 15.
529 5610 712 5664 Tertia
742 5609 1050 5664 criminatio
1074 5609 1197 5664 talis
1234 5621 1334 5671 est,
1373 5608 1659 5662 censuisse
1713 5606 1984 5658 Adaman-

408 5705 563 5766 tium,
591 5713 820 5756 mortem
854 5702 998 5755 illam
1039 5717 1158 5770 quze
1207 5717 1264 5755 tn
1306 5715 1516 5765 oumes,
1549 5700 1702 5769 juxta
1749 5696 1978 5751 Paulum

405 5796 564 5853 Iiom.
591 5813 646 5862 v,
684 5796 766 5857 12,
793 5795 1126 5865 pertransiit,
1149 5795 1202 5848 iu
1229 5795 1426 5848 multos
1453 5799 1673 5847 tantum
1693 5800 1978 5858 pertrans-

406 5888 555 5959 iisse,
602 5891 693 5960 qui
740 5904 938 5958 nempe
987 5898 1110 5944 actu
1171 5896 1557 5957 peccaverunt.
1591 5885 1688 5940 Cui
1723 5882 1983 5938 crimina-

2095 4678 2242 4732 sario
2295 4674 2700 4742 subjunxisset;
2735 4674 2807 4728 ita
2855 4682 2909 4727 et
2951 4689 3048 4742 per
3091 4673 3253 4726 unius
3296 4671 3666 4726 obedientiam

2086 4769 2220 4838 justi
2245 4767 2648 4823 constituentur
2681 4781 2893 4830 omnes,
2947 4765 3224 4820 videretur
3259 4779 3324 4816 cx
3358 4760 3666 4830 lmjusmodi

2092 4861 2477 4932 promissionis
2540 4858 2840 4914 securitate
2897 4859 3166 4910 resolvere
3209 4856 3422 4910 animos
3472 4866 3664 4906 eorum

2092 4955 2294 5024 quibus
2343 4951 2564 5019 expedit
2604 4964 2724 5004 esse
2753 4947 2853 5003 sub
2905 4958 3068 5001 metu.
3112 4965 3131 4998 ι
3172 4945 3376 5000 Deinde
3407 4959 3555 4999 num.
3591 4943 3662 5009 5,

2090 5063 2216 5116 pag.
2245 5044 2372 5110 556,
2399 5044 2524 5108 557,
2558 5042 2704 5096 aliud
2732 5055 2854 5095 esse
2879 5046 3034 5092 docet
3066 5053 3329 5107 peccare;
3363 5036 3508 5089 aliud
3533 5049 3664 5104 pec-

2091 5149 2331 5193 catorem
2356 5151 2514 5201 esse;
2554 5148 2784 5203 peccare
2821 5147 3011 5185 ouines
3037 5130 3199 5182 etiam
3239 5129 3438 5197 justas,
3471 5141 3667 5196 pecca-

2092 5243 2238 5285 tores
2269 5243 2393 5284 esse
2426 5228 2516 5297 qui
2556 5241 2700 5295 saepe
2751 5225 3026 5292 peccando
3064 5237 3220 5275 usum
3275 5218 3532 5288 peccandi
3597 5232 3662 5271 ac

2091 5321 2538 5378 consuetudinem
2567 5325 2992 5381 contraxerunt;
3023 5322 3335 5383 peccatores
3356 5310 3523 5380 igitur
3543 5323 3663 5363 esse

2096 5415 2314 5476 multos,
2348 5427 2453 5466 non
2485 5426 2708 5476 omnes;
2737 5423 2966 5478 peccare
3001 5416 3180 5458 autem
3208 5405 3506 5456 universos.
3533 5400 3662 5454 Per-

2093 5508 2280 5576 spicua
2308 5520 2440 5561 vero
2468 5520 2529 5559 ea
2563 5509 2690 5557 sunt
2723 5517 2872 5554 num.
2899 5499 2952 5563 1,
2987 5515 3108 5567 pag.
3139 5496 3243 5551 544
3274 5515 3292 5548 ι
3324 5515 3336 5550 :
3362 5496 3426 5551 Et
3460 5505 3517 5550 ut
3542 5495 3660 5551 evi—

2093 5599 2309 5656 dentius
2333 5596 2648 5654 ostenderet
2683 5609 2874 5648 omnes
2903 5593 3148 5645 homines
3176 5601 3231 5642 et
3262 5590 3461 5644 multos
3493 5589 3668 5644 homi-

2093 5709 2192 5748 ncs
2220 5692 2360 5746 idem
2390 5704 2534 5752 esse,
2564 5687 2772 5741 addidit
2805 5685 2888 5738 his
2923 5701 2935 5736 :
2969 5683 3118 5738 Sicut
3152 5683 3293 5734 enim
3349 5699 3440 5750 per
3485 5681 3670 5735 iuobe-

2089 5786 2341 5839 dientiam
2402 5784 2558 5837 unius
2611 5780 2834 5832 hominis
2880 5789 3170 5846 peccatores
3225 5776 3496 5829 constituti
3543 5783 3666 5830 sunt

2093 5877 2268 5944 multi,
2297 5876 2374 5930 ita
2405 5885 2452 5929 et
2495 5891 2585 5944 rer
2616 5889 2769 5927 unius
2805 5869 3156 5926 obedientiam
3173 5870 3314 5940 justi
3343 5871 3666 5925 constituen-
