4170 6424
538 404 644 460 967

1811 395 1873 450 P.
1915 390 2235 451 DANIEIJS
2274 387 2508 447 HUETII

3701 394 3807 449 958

541 536 629 574 (ur
651 519 807 576 multi
831 519 895 572 “.
936 516 1003 574 Et
1022 516 1166 591 quod
1199 517 1451 586 superius
1497 530 1691 571 omnes
1732 516 1947 572 dixerat
2015 516 2117 572 ho-
2149 522 2196 577 Α
2231 516 2589 579 propagatum
2622 508 2942 577 neutiquam
2972 507 3212 563 excludit
3240 525 3254 560 :
3293 526 3312 559 ι
3346 509 3457 563 Aut
3488 508 3664 577 magis
3683 510 3817 563 sint»

542 611 742 673 mines,
796 609 887 663 hic
920 610 1109 663 eodem
1160 622 1327 662 sensu
1378 608 1577 661 mullos
1631 607 1976 674 nominavit;
2012 626 2033 660 ι
2066 616 2123 662 et

542 703 643 754 ista
675 716 824 755 num.
852 706 907 764 2,
942 716 1064 769 pag.
1102 701 1211 755 553
1239 716 1253 754 :
1289 719 1308 752 ι
1330 702 1556 756 Mortem
1588 710 1769 753 tamen
1794 700 1952 754 istam
1978 713 2122 755 com-

542 808 759 845 munem
798 792 1039 861 suscepit
1067 791 1363 863 (Christus)
1401 805 1524 846 cum
1562 791 1708 844 illam
1740 792 1974 859 peccati,
2001 805 2123 860 qua:

542 884 805 952 regnabat
830 883 882 935 iu
926 884 1203 949 omnibus,
1245 898 1351 937 non
1389 883 1676 953 receperit.
1714 901 1731 932 ι
1770 882 1837 937 Et
1868 897 2001 937 sane
2029 898 2124 937 ne-

542 974 743 1028 miuem
772 986 972 1028 vacnre
1022 983 1250 1041 peccato
1294 988 1615 1041 persuasum
1667 971 1890 1041 Origeni
1954 971 2124 1027 fuisse

537 1064 647 1133 jam
675 1066 807 1121 satis
832 1080 995 1136 supra
1020 1067 1545 1121 demonstravimus.
1576 1065 1802 1120 Sextum
1823 1066 1925 1120 hoc
1947 1066 1995 1119 ei
2016 1065 2123 1119 cri-

545 1171 669 1209 men
706 1156 983 1223 objicitur,
1021 1156 1335 1211 decrevisse
1367 1158 1569 1225 ipsum,
1604 1156 1884 1211 Christum
1940 1155 2124 1225 plures

544 1248 614 1303 ad
645 1249 810 1301 vitam
872 1250 1196 1313 reduxisse,
1245 1265 1407 1321 quam
1444 1250 1717 1303 Adamutn
1757 1250 1823 1303 ad
1866 1258 2120 1304 mortem.

544 1338 704 1405 Quod
755 1338 914 1393 facile
959 1355 1025 1393 ex
1076 1340 1454 1409 superioribus
1488 1338 1776 1401 refellitur,
1810 1355 1935 1394 nam
1966 1340 2012 1393 si
2068 1340 2120 1393 in

544 1444 734 1483 omnes
759 1441 986 1484 mortem
1020 1430 1135 1485 sive
1166 1431 1381 1495 animae,
1416 1430 1534 1485 sive
1554 1430 1801 1498 corporis
1826 1431 1893 1483 ab
1915 1430 2131 1485 Adamo

545 1520 869 1591 proﬂuxisse
921 1531 1075 1576 ratus
1106 1530 1189 1576 est
1243 1520 1527 1590 Origenes,
1579 1537 1687 1576 non
1735 1522 1919 1590 plures
1975 1531 2128 1576 certe

545 1627 709 1679 quam
742 1627 932 1666 omnes
962 1613 1027 1664 ad
1068 1610 1232 1663 vitam
1285 1610 1562 1665 Christum
1599 1612 1879 1666 reduxisse
1911 1610 2125 1680 opinari

546 1702 741 1771 potuit.
798 1702 1070 1757 Praeterea
1102 1718 1381 1773 exponens
1426 1703 1554 1757 illud
1590 1704 1837 1772 Apostoli
1871 1702 2030 1757 Korn.
2067 1718 2121 1771 ν,

547 1794 616 1850 15
652 1815 664 1849 :
699 1815 717 1847 ι
757 1797 812 1850 Si
838 1800 982 1851 enim
1018 1797 1182 1852 unius
1236 1796 1432 1853 delicto
1493 1797 1647 1851 multi
1706 1797 1907 1851 mortui
1955 1805 2122 1863 sunt;

2224 601 2462 670 pliciter,
2500 619 2521 652 ι
2548 601 2722 669 inqit
2754 615 2909 655 num.
2953 600 3008 664 i,
3055 614 3177 670 pag.
3202 600 3333 664 550,
3370 619 3389 651 ι
3427 600 3817 669 accipiendum

2222 692 2458 756 videtur,
2485 700 2546 745 et
2574 691 2877 746 similitudo
2926 692 3400 761 praevaricationis
3429 692 3571 745 Ade
3606 691 3820 758 absque

2225 782 2407 852 aliqua
2461 783 2807 839 discussione
2848 783 3201 849 recipienda,
3261 792 3320 837 ut
3375 785 3482 839 hoc
3553 797 3817 838 sermone

2224 891 2417 932 omnes
2444 878 2536 947 qui
2566 892 2633 933 ex
2681 878 2853 932 Adam
2883 879 3309 947 praevaricatore
3339 878 3453 933 nati
3486 887 3641 943 sunt,
3678 878 3821 932 indi-

2224 971 2340 1025 cari
2369 970 2679 1035 videantur,
2721 981 2778 1025 et
2813 973 3014 1028 habere
3044 972 3099 1026 in
3148 972 3460 1041 semetipsis
3496 970 3822 1025 similitudi-

2225 1076 2350 1117 nem
2373 1063 2840 1131 praevaricationis
2859 1064 3001 1133 ejus,
3030 1079 3136 1118 non
3166 1064 3339 1118 solum
3362 1077 3426 1118 ex
3456 1065 3696 1127 semine,
3725 1064 3819 1119 sed

2226 1169 2291 1210 ex
2326 1154 2670 1210 institutione
2692 1166 3030 1224 susceptam.
3068 1175 3091 1207 ι
3125 1154 3227 1210 Ubi
3255 1165 3541 1223 peccatum
3580 1155 3820 1225 originis

2226 1246 2436 1303 semine
2473 1248 2874 1311 transmissum,
2902 1256 2960 1302 et
3006 1257 3312 1319 peccatum,
3372 1248 3454 1301 uti
3490 1248 3816 1316 appellant,

2232 1337 2467 1402 actuale,
2493 1336 2838 1392 institutione
2865 1348 3176 1407 susceptqu
3204 1338 3468 1407 agnoscit.
3496 1336 3611 1391 Nec
3644 1338 3825 1392 multo

2229 1437 2353 1499 post
2375 1443 2528 1485 num.
2559 1428 2614 1491 2,
2642 1443 2768 1499 pag.
2796 1426 2926 1494 553,
2951 1430 3080 1494 554,
3109 1430 3417 1485 doctrinam
3446 1431 3704 1484 eamdem
3737 1430 3812 1483 in—

2228 1521 2430 1587 culcat,
2452 1521 2653 1575 docens
2680 1521 2931 1577 homines
2973 1544 2992 1571 ο
3030 1537 3138 1576 non
3163 1531 3270 1575 tam
3310 1531 3508 1575 natura
3544 1522 3734 1591 urgeri
3762 1523 3818 1575 in

2229 1621 2467 1665 mortem
2495 1612 2726 1680 peccati,
2753 1627 2916 1681 quam
2971 1612 3319 1681 discipulatu,
3358 1630 3377 1663 ι
3418 1620 3475 1667 et
3528 1621 3817 1680 peccatum

2235 1721 2256 1755 ι
2289 1718 2394 1757 non
2428 1703 2601 1757 solum
2648 1705 2971 1766 nativitatis,
3008 1704 3102 1759 sed
3146 1715 3200 1759 et
3246 1703 3517 1759 doctrinae
3535 1720 3682 1771 esse,
3719 1724 3740 1757 ι
3765 1713 3819 1758 et

2227 1792 2507 1849 Christum
2521 1796 2798 1849 contraria
2824 1797 3119 1851 contrariis
3146 1797 3487 1866 opposuisse,
3511 1796 3827 1863 vitiumque

546 1885 718 1939 multo
746 1888 920 1956 magis
965 1887 1139 1955 gratia
1175 1886 1267 1941 Dei
1325 1896 1381 1941 et
1410 1886 1614 1941 donum
1658 1888 1713 1941 in
1753 1887 1927 1955 gratia
1965 1887 2131 1943 unius
2156 1901 2200 1955 Β
2229 1884 2359 1939 illud
2390 1900 2487 1955 per
2531 1888 2940 1954 generationem
2982 1896 3347 1952 contractum,
3390 1903 3493 1958 per
3523 1902 3824 1958 regenera-

546 1978 786 2033 hominis
807 1977 931 2033 .Iesu
962 1978 1164 2034 Christi
1198 1979 1251 2033 in
1277 1982 1458 2050 plures
1487 1979 1810 2044 abundavit,
1844 1998 1867 2031 ι
1898 1978 2128 2050 opponit

547 2072 778 2140 gratiam
804 2071 1006 2125 Christi
1036 2082 1260 2139 peccato
1295 2071 1511 2137 Adami,
1542 2083 1598 2126 et
1650 2071 1911 2140 quidquid
1944 2072 2129 2126 utrin-

548 2177 654 2226 que
685 2162 996 2217 hominibus
1029 2163 1154 2216 boni
1190 2162 1273 2217 vel
1312 2163 1439 2216 mali
1476 2162 1579 2216 fuit
1610 2162 1985 2232 importatum,
2040 2163 2131 2217 in-

546 2251 727 2306 vicem
755 2261 1012 2305 accurate
1034 2252 1335 2316 contendit,
1368 2265 1467 2305 nec
1491 2251 1675 2320 plures
1707 2253 1883 2321 gratia
1918 2250 2129 2307 Christi

548 2343 869 2400 sublevatos
925 2343 1092 2400 fuisse
1126 2344 1405 2413 observat,
1448 2359 1611 2415 quam
1650 2354 1881 2415 peccato
1932 2345 2127 2400 Adami

550 2436 777 2493 allectos
802 2446 858 2494 et.
892 2439 944 2493 in
974 2438 1221 2494 deterius
1263 2447 1651 2494 commutatus.
1694 2438 1967 2495 Praeclare
1996 2454 2133 2495 vero

551 2526 834 2581 Paulinam
889 2529 1222 2582 sententiam
1271 2529 1357 2583 his
1406 2529 1591 2585 verbis
1617 2538 1842 2584 enarrat
1868 2545 2017 2583 num.
2049 2529 2085 2583 2
2108 2570 2124 2594 ,

551 2634 672 2690 pag.
702 2619 847 2675 552:
887 2639 907 2672 ι
938 2620 1242 2677 Ostendere
1282 2622 1393 2676 vult
1422 2624 1568 2691 quod
1607 2621 1778 2677 multo
1826 2625 1900 2678 sit
1932 2621 2131 2677 fortior

552 2712 663 2766 vita
703 2729 864 2783 quam
896 2730 1063 2782 mors,
1089 2726 1141 2769 et
1162 2714 1373 2785 justitia
1407 2730 1573 2785 quam
1608 2727 1919 2786 peccatum,
1948 2723 2006 2770 et
2036 2730 2133 2786 per

552 2801 657 2857 hoc
678 2804 931 2871 educere,
964 2806 1057 2875 qui
1086 2807 1130 2859 si
1168 2804 1239 2860 ita
1271 2821 1368 2875 per
1398 2818 1683 2876 peccatum
1718 2821 1868 2861 mors
1898 2821 2131 2877 regnare

554 2893 607 2946 in
630 2895 885 2951 omnibus
908 2898 1105 2966 potuit,
1138 2900 1413 2970 accipiens
1444 2914 1510 2953 ex
1547 2900 1707 2953 unius
1751 2899 1993 2954 hominis
2050 2899 2131 2953 in-

556 2988 867 3044 obedientia
905 2989 1139 3054 initium,
1166 3001 1371 3060 quanto
1408 2991 1685 3061 potentius
1712 3001 1769 3047 et
1792 2992 2008 3062 dignius
2034 3006 2135 3062 per

547 3078 815 3147 justitiam
845 3080 954 3134 vita
980 3081 1247 3149 regnabit,
1286 3081 1501 3136 initium
1535 3082 1813 3152 accipiens
1837 3097 1935 3152 per
1968 3083 2133 3137 unius

548 3171 912 3227 obedientiam
937 3173 1177 3228 Christi?
1212 3195 1231 3228 ι
1267 3175 1373 3230 Sed
1408 3184 1464 3230 et
1498 3190 1551 3247 p.
1579 3176 1708 3236 555.
1745 3192 1764 3226 ι
1796 3174 2131 3245 simpliciore

2229 1975 2435 2029 tionem
2464 1976 2804 2041 abolevisse;
2834 1986 2893 2031 et
2908 1987 3191 2047 peccatum
3231 1993 3331 2048 per
3357 1977 3559 2032 malam
3594 1978 3820 2033 institu-

2229 2067 2431 2122 tionem
2492 2069 2831 2135 admissum,
2896 2070 3103 2126 salubri
3152 2070 3402 2126 doctrina
3451 2071 3815 2126 coercuisse:

2229 2165 2394 2227 atque
2427 2157 2632 2212 ideirco
2663 2158 2951 2228 discipulis
2982 2160 3099 2214 suis
3132 2175 3237 2214 non
3264 2161 3506 2216 dixisse:
3534 2180 3554 2213 ι
3582 2159 3685 2226 ite,
3722 2161 3820 2215 ba-

2230 2250 2442 2318 ptizate
2470 2264 2664 2306 omnes
2686 2261 2909 2322 gentes;
2951 2270 2972 2303 ι
3001 2252 3136 2307 sed:
3184 2270 3205 2304 ι
3254 2251 3352 2319 ite,
3380 2253 3581 2308 docete
3626 2266 3821 2308 omnes

2230 2352 2441 2412 gentes,
2472 2344 2818 2413 baptizautes
2846 2360 2944 2400 eos
2971 2344 3027 2399 in
3054 2346 3273 2399 nomine
3321 2344 3527 2413 Patris,
3577 2356 3634 2402 et
3669 2345 3819 2411 Filii,

2229 2441 2287 2487 et
2325 2432 2569 2503 Spiritus
2594 2434 2773 2489 sancti
2803 2434 2904 2487 ".s
2938 2433 3077 2488 Tum
3112 2434 3189 2489 ita
3220 2435 3538 2491 concludit:
3578 2454 3599 2489 ι
3625 2437 3821 2492 Sciens

2229 2539 2363 2594 ergo
2393 2532 2686 2595 utrumque
2710 2541 2833 2581 esse
2860 2526 2913 2580 in
2947 2528 3129 2596 culpa,
3156 2537 3452 2597 utrumque
3509 2530 3821 2585 remedium

2230 2616 2399 2681 dedit,
2443 2628 2503 2671 ut
2527 2618 2808 2687 generatio
2834 2619 3086 2674 mortalis
3111 2621 3528 2690 regeneratione
3560 2622 3819 2690 baptismi

2233 2717 2557 2771 mutaretur,
2592 2720 2647 2764 et
2681 2710 2983 2780 impietatis
3017 2710 3325 2765 doctrinam
3355 2712 3612 2767 doctrina
3642 2716 3814 2783 pieta-

2232 2802 2302 2856 tis
2327 2802 2661 2857 ext-luderet.
2696 2821 2715 2854 ι
2746 2800 2873 2856 Plus
2899 2802 3120 2870 prodest
3147 2804 3213 2856 ad
3244 2806 3668 2874 oppugnandum
3697 2805 3816 2859 Ori-

2230 2909 2444 2962 genetn,
2480 2896 2713 2963 quodex
2747 2894 2836 2947 illo
2867 2893 3106 2948 referunt
3138 2894 3356 2951 Catenae
3390 2898 3439 2950 itt
3472 2896 3722 2952 Psaltnos
3744 2897 3815 2951 ad

2232 2986 2368 3053 psal.
2424 3001 2613 3049 ttulit,
2652 2984 2686 3037 6
2715 3025 2731 3046 ,
2788 3001 2911 3055 pag.
2965 2985 3091 3045 7i8.
3150 2986 3300 3055 Μηδὲ
3330 2986 3565 3053 ἕκαστος
3586 2989 3687 3059 τὴν
3718 2987 3816 3042 τοῦ

2243 3082 2417 3153 Ἀδὰμ
2475 3080 2761 3151 παρακοήν
2814 3081 3101 3150 φοϐεῖταιο
3142 3081 3345 3152 ταύτην
3387 3083 3500 3155 γὰρ
3556 3084 3813 3155 ὑπῃνιξάο

2235 3173 2374 3244 μεθα
2426 3174 2660 3242 πτέρναν
2701 3172 2931 3243 ἀνομίας
2963 3168 3139 3226 εἶναι’
3171 3173 3347 3238 οὐδεὶς
3385 3175 3498 3246 γὰρ
3534 3175 3604 3228 δι’
3657 3174 3817 3229 ἄλλον

555 3264 831 3318 intellectu
868 3283 886 3315 ι
921 3265 1027 3319 dici
1059 3281 1219 3335 posse
1247 3276 1435 3322 censet
1465 3267 1649 3336 plures
1684 3267 1795 3321 vita
1832 3265 2007 3321 fuisse
2031 3269 2131 3321 do—

2233 3262 2433 3319 κακίαν
2468 3260 2916 3326 καταδικάζεται.
2961 3263 3168 3328 Quibus
3228 3263 3456 3331 originis
3514 3276 3810 3333 peceatum,

554 3361 714 3408 natos
734 3370 763 3408 a
791 3356 1034 3423 Christo,
1066 3372 1230 3425 quam
1264 3368 1440 3414 morte
1482 3358 1710 3413 aﬂ‘ectos
1771 3359 1839 3412 ab
1871 3360 2082 3412 Adamn
2110 3375 2127 3425 ;

553 3444 681 3514 quia
712 3446 952 3501 Adamus
979 3448 1229 3504 homines
1268 3458 1480 3505 tantum
1511 3465 1543 3504 a
1580 3465 1642 3505 se
1675 3450 1938 3504 oriundos
1984 3448 2135 3504 letho

553 3537 737 3605 dedit;
769 3536 1025 3593 Christus
1053 3549 1236 3594 autem
1264 3555 1369 3595 non
1393 3540 1518 3596 illos
1550 3550 1782 3605 tantum,
1833 3538 1930 3595 sed
1955 3539 2137 3608 ipsum

553 3629 721 3683 etiam
756 3631 1025 3683 Adatnum
1078 3630 1202 3685 vita:
1253 3632 1508 3686 reddidit.
1544 3650 1565 3683 ι
1614 3632 1883 3702 Sicergo,
1933 3630 2131 3700 inquit,

555 3721 738 3790 plures
762 3720 1015 3776 Christus
1047 3723 1257 3776 reducit
1281 3722 1346 3777 ad
1372 3723 1561 3789 vitam,
1598 3740 1763 3794 quam
1782 3725 1953 3779 Adam
1978 3723 2136 3777 duxit

556 3812 624 3866 ad
657 3824 926 3877 mortem;
962 3815 1088 3882 quia
1140 3815 1303 3868 etiam
1336 3815 1509 3885 ipsum
1540 3815 1746 3880 Adam,
1775 3816 1870 3885 qui
1917 3818 2137 3871 caeteris

556 3919 722 3957 causa
752 3905 961 3959 exstitit
990 3906 1202 3971 mortis,
1244 3906 1497 3961 Christus
1523 3907 1797 3962 revocavit
1818 3907 1882 3961 ad
1905 3908 2133 3963 vitam.)

558 3994 839 4050 Postremo
869 3998 1086 4053 tandem
1121 3999 1173 4054 id
1229 3999 1283 4054 in
1317 3997 1551 4070 Origene
1579 4001 1761 4069 culpat
1813 3999 2132 4067 Jansenius,

556 4090 698 4156 quod
729 4088 1076 4144 aiiirmaverit
1100 4092 1366 4145 Atlatnutu
1389 4107 1511 4147 esse
1534 4092 1765 4147 formam
1792 4094 1982 4157 futuri,
2008 4096 2137 4164 quia

556 4180 767 4249 peccati
802 4180 972 4249 ipsius
1002 4182 1283 4251 exemplar
1314 4181 1615 4249 imitantes,
1655 4195 1977 4253 peccatores
2002 4185 2137 4241 eiic-

553 4271 627 4325 cti
659 4281 805 4326 sunt.
843 4272 1035 4327 Exstat
1082 4272 1212 4328 illud
1238 4274 1456 4343 quidem
1490 4290 1615 4329 cum
1649 4275 1771 4331 aliis
1818 4276 1942 4332 libri
1977 4277 2139 4346 hujus

555 4364 729 4433 quinti
759 4367 813 4418 in
847 4364 1139 4433 Epistolum
1171 4368 1241 4421 ad
1263 4367 1529 4423 Romanos
1559 4370 1717 4436 locis,
1761 4381 1877 4425 tum
1909 4388 2139 4442 presser-

559 4457 654 4509 titu
690 4472 838 4511 num.
871 4456 931 4522 5,
976 4473 1100 4528 pag.
1134 4458 1262 4525 557,
1318 4460 1401 4514 his
1449 4460 1675 4516 verbis:
1726 4480 1745 4514 ι
1782 4462 1943 4517 Dedit
2004 4478 2137 4533 ergo

555 4546 730 4600 Adam
783 4549 1167 4617 peccatoribus
1224 4547 1455 4603 fortnam
1515 4565 1613 4619 per
1653 4551 2133 4621 inobedientiam;

556 4638 806 4692 Christus
830 4653 957 4692 vero
995 4654 1026 4693 e
1075 4641 1352 4695 contrario
1374 4640 1542 4711 justis
1589 4642 1823 4697 formam
1877 4658 1974 4713 per
1999 4645 2134 4699 obe-

557 4729 816 4783 dientiam
846 4731 1120 4798 posuit....
1152 4730 1443 4799 Propterea
1467 4732 1615 4787 enim
1646 4742 1703 4788 et
1732 4735 1849 4803 ipse
1884 4733 2135 4788 obedienc

557 4822 731 4889 {actus
791 4830 868 4875 est
922 4838 1089 4891 usque
1120 4823 1189 4875 ad
1221 4834 1441 4877 mortem
1473 4824 1546 4887 ’⁷,
1575 4833 1635 4878 ιιι
1678 4825 1777 4895 qui
1809 4826 2135 4881 obedientize

555 4912 674 4981 ejus
706 4923 1013 4983 sequuntur
1055 4914 1386 4983 exemplum,
1432 4914 1563 4981 justi
1615 4916 2022 4971 constituantur
2064 4918 2135 4970 ab

560 5005 673 5075 ipsa
709 5004 1105 5073 justitia,sicut
1137 5006 1210 5059 illi
1238 5005 1615 5061 inobedientite
1639 5007 1871 5060 formam
1899 5021 2138 5075 sequen-

561 5107 641 5154 tes
672 5099 957 5153 constituti
1016 5103 1143 5153 sunt
1193 5107 1532 5167 peccatores.
1577 5118 1597 5151 ι
1635 5096 1830 5151 Verum
1883 5096 2133 5166 repetitis

558 5204 773 5261 quoque
806 5190 928 5245 libri
975 5190 1218 5256 ejusdem
1252 5191 1582 5246 testimoniis
1608 5190 1877 5244 Adatuum
1932 5190 2135 5243 idcirco

561 5282 788 5337 formam
830 5283 993 5336 futuri
1030 5284 1232 5337 dictum
1269 5284 1609 5353 pronuntiat,
1638 5283 1784 5352 quod
1818 5280 2022 5336 Christi
2054 5293 2137 5350 ty-

559 5389 683 5446 pum
718 5378 1019 5445 prmferret.
1053 5378 1209 5444 Quod
1243 5378 1432 5446 adjicit
1466 5388 1649 5432 autem
1679 5391 1775 5446 per
1805 5376 2135 5445 praevarica-

561 5469 761 5521 tionem
790 5470 1106 5524 hominibus
1131 5470 1365 5525 iorntam
1388 5472 1649 5539 peccandi
1674 5469 1969 5538 praebuisse
1990 5467 2136 5522 Ada-

561 5576 729 5625 mum,
758 5572 917 5627 atque
958 5563 1027 5615 ita
1062 5572 1376 5631 peccatores
1400 5562 1728 5616 constitutos
1788 5559 1960 5615 fuisse
1996 5559 2136 5613 mul—

562 5656 664 5711 tus,
698 5660 979 5717 peccatum
1013 5652 1159 5703 aliud
1193 5652 1421 5722 originis
1444 5666 1509 5705 ex
1546 5654 1770 5706 traduce
1798 5652 1851 5705 in
1886 5651 2137 5705 homines

644 5826 691 5857 9‘
723 5823 875 5878 “om.
910 5842 961 5891 v,
1002 5826 1087 5879 19.
1151 5826 1194 5859 ³⁷
1232 5826 1459 5897 Philipp.
1494 5845 1551 5895 tt,
1582 5828 1633 5883 8.
1711 5830 1755 5861 ”
1786 5828 1974 5884 Matth.
2002 5830 2303 5897 san,?.0.

2233 3355 2526 3425 debitaque
2555 3355 2656 3423 ipsi
2686 3354 2952 3424 supplicia
2982 3355 3198 3423 penitus
3235 3353 3525 3408 tolluntur.
3552 3352 3658 3409 Sed
3682 3368 3817 3422 pne-

2220 3458 2319 3521 .ter
2346 3449 2639 3504 sublestam
2661 3446 2987 3502 Catenarum
3012 3445 3196 3508 iidem,
3231 3446 3435 3500 faciunt
3455 3462 3559 3517 pro
3589 3446 3817 3515 Origene

2239 3555 2389 3595 sana:
2426 3541 2596 3607 ipsius
2625 3552 2793 3606 super
2840 3538 2942 3591 hoc
2978 3546 3323 3606 argumento,
3376 3544 3431 3591 et
3495 3538 3816 3593 orthodoxa:

2236 3633 2524 3688 sententia!
2578 3631 2747 3686 variis
2809 3645 3015 3699 sparsa:
3066 3629 3236 3693 locis,
3277 3629 3423 3683 velut
3477 3630 3670 3684 homil.
3700 3630 3817 3684 8m

2234 3725 2431 3789 Lerit.,
2466 3738 2614 3778 num.
2649 3724 2705 3788 3,
2732 3722 2823 3777 ubi
2848 3722 3099 3776 homines
3136 3722 3189 3775 in
3242 3722 3625 3791 iniquitatibus
3672 3737 3813 3776 cou-

2235 3819 2363 3887 cipi,
2391 3827 2446 3873 et
2472 3818 2525 3871 in
2550 3817 2785 3887 peccatis
2814 3816 2967 3872 nasci
2993 3814 3213 3879 asserit,
3241 3824 3405 3884 atque
3440 3814 3652 3870 idcirco
3675 3814 3809 3869 scri-

2235 3922 2387 3979 ptttnt
2417 3924 2574 3965 esse:
2620 3924 2639 3960 ι
2682 3908 2851 3963 Nemo
2887 3908 3121 3962 mundus
3150 3924 3179 3961 a
3228 3907 3409 3969 surde,
3447 3923 3517 3961 ne
3554 3907 3601 3963 si
3654 3905 3810 3959 unius

2236 4001 2342 4055 diei
2378 4002 2449 4055 sit
2473 4003 2583 4055 vita
2611 4000 2731 4068 ejus
2755 4002 2801 4032 ’ν
2838 4020 2859 4051 ι
2894 4001 3230 4073 (quanquam
3284 4000 3473 4055 homil.
3510 4000 3582 4055 i2
3632 4001 3687 4054 in
3716 3997 3811 4053 Le-

2236 4096 2354 4160 st't.,
2396 4110 2547 4149 num.
2580 4094 2637 4159 4,
2660 4102 2714 4149 et
2743 4094 2935 4148 homil.
2968 4094 3110 4149 “in
3136 4093 3266 4149 Luc.
3302 4097 3495 4150 sordes
3526 4096 3647 4149 illas
3678 4104 3813 4163 quas

2239 4194 2524 4239 nascentes
2544 4185 2946 4251 contrahimus,
2971 4200 3001 4239 a
3031 4195 3258 4252 peccato
3278 4186 3585 4256 distinguit,
3601 4198 3655 4242 et
3680 4201 3810 4240 con-

2237 4278 2508 4347 ceptionis
2537 4288 2705 4347 atque
2728 4288 2885 4333 ortus
2925 4279 3245 4348 spurcitiem
3285 4290 3342 4334 et
3396 4279 3694 4335 foeditatem
3736 4276 3812 4332 si-

2238 4370 2484 4440 gniﬁcari
2525 4369 2730 4440 putat),
2776 4370 2973 4440 alioqui
3002 4371 3329 4440 baptismum
3378 4372 3621 4441 parvulis
3649 4372 3701 4425 in
3730 4383 3814 4422 re-

2240 4462 2557 4516 missionem
2589 4470 2939 4530 peccatorum
2957 4460 3195 4516 cOnferri
3220 4462 3467 4527 solitum,
3495 4475 3817 4533 supervaca-

2242 4567 2403 4607 neum
2435 4553 2553 4609 fore
2584 4563 2641 4609 et
2689 4553 2954 4609 inutilem.
2984 4552 3145 4609 Paria
3192 4555 3421 4625 replicat
3456 4565 3589 4611 tom.
3642 4571 3708 4610 xv
3760 4552 3815 4606 in

2240 4643 2464 4709 Matth,
2492 4661 2641 4702 num.
2675 4645 2771 4708 23,
2808 4661 2934 4717 pag.
2993 4645 3137 4712 686,
3166 4655 3221 4701 et
3273 4647 3545 4716 baptismo
3579 4645 3817 4702 decernit

2240 4737 2482 4808 abstergi
2508 4738 2723 4803 sordes,
2760 4753 2901 4807 quas
2940 4748 3230 4795 nascentes
3273 4740 3690 4805 contrahimus;
3740 4738 3815 4787 vi-

2239 4829 2441 4885 delicet
2467 4843 2774 4900 peccatum,
2813 4832 2970 4900 juxta
3010 4831 3142 4886 illud
3177 4831 3397 4887 Davidis
3427 4831 3622 4902 psalmi
3655 4845 3709 4891 ι..
3746 4827 3814 4880 7:

2244 4939 2264 4972 ι
2302 4920 2442 4977 Ecce
2489 4922 2637 4977 enim
2686 4920 2738 4976 in
2795 4924 3170 4991 iniquitatibus
3200 4934 3496 4994 conceptus
3562 4937 3705 4985 sum,
3765 4927 3816 4969 el

2241 5012 2296 5066 in
2326 5014 2571 5082 peccatis
2604 5014 2859 5083 concepit
2885 5028 2973 5069 me
3017 5024 3189 5070 mater
3215 5030 3357 5068 mea.
3392 5031 3411 5065 ι
3454 5012 3606 5069 Unde
3657 5007 3814 5066 solvi—

2244 5115 2353 5168 tur,
2391 5114 2451 5157 ut
2476 5104 2527 5158 id
2558 5107 2737 5160 obiter
2762 5106 2965 5169 dicam,
3016 5107 3312 5176 impactum
3358 5104 3690 5176 Origenistis
3711 5101 3811 5155 cri-

2242 5213 2366 5253 men
2392 5197 2645 5259 aiterum,
2679 5199 2961 5253 censuisse
2993 5199 3139 5266 ipsos
3169 5206 3391 5268 peccata
3425 5214 3530 5253 non
3585 5193 3696 5249 tolli
3722 5202 3811 5258 per

2242 5289 2598 5358 baptismum,
2622 5291 2718 5343 sed
2754 5290 2884 5359 tegi.
2914 5289 3052 5345 Hinc
3077 5291 3191 5360 ipse
3223 5289 3513 5345 Janscnius
3530 5288 3810 5355 Origenem

2243 5379 2309 5431 de
2332 5387 2563 5445 peccato
2607 5378 2838 5448 originis
2865 5393 2972 5433 non
2997 5380 3169 5433 videri
3205 5394 3235 5433 a
3273 5379 3541 5433 catholica
3573 5372 3808 5430 doctrina

2243 5457 2516 5522 dissidere
2541 5469 2827 5524 confessus
2854 5481 2968 5525 est:
3005 5470 3131 5525 hinc
3186 5470 3359 5540 ipsum
3391 5486 3521 5524 sana
3570 5464 3810 5521 docuisse

2245 5559 2311 5615 de
2334 5557 2529 5613 eﬂ'ectu
2567 5561 2845 5629 baptismi,
2885 5574 2980 5628 per
3008 5575 3131 5613 eum
3160 5574 3353 5627 nempe
3377 5556 3569 5628 deponi
3609 5544 3808 5623 peccati

2244 5651 2457 5714 sordes,
2482 5660 2535 5705 et
2558 5666 2719 5705 omne
2774 5667 3039 5706 noxarum
3091 5667 3264 5721 genus
3298 5648 3498 5703 auferri
3531 5643 3812 5717 pltedicalti

2384 5831 2770 5891 ⁵³⁰1υ1ιιιιῆίὶο
