2085 3202
176 208 229 237 969

566 205 854 235 ORIGENIANORUM
873 205 936 233 LIB.
954 204 986 239 ll,
1003 205 1080 234 CAP.
1102 205 1133 239 ll,
1150 204 1290 238 QUIEST.
1310 204 1366 233 VII.

1752 207 1803 235 970

179 267 434 302 lagdebnrgeuses,
448 272 519 294 cem.
540 274 582 296 ut.
599 274 659 300 cap.
682 266 726 293 10.
742 266 770 293 Si
785 267 850 301 quid
866 266 892 292 in
910 266 963 293 illis
978 271 998 297 Α
1015 273 1064 293 nos
1078 265 1159 292 Deum
1174 265 1208 292 ad
1224 264 1322 291 nobilia
1335 265 1457 299 quasdam
1473 265 1499 292 in
1517 265 1596 293 terris
1608 266 1729 293 obeunda
1743 274 1803 294 mu-

178 317 269 341 tamen
280 312 482 339 Commentariis
494 313 522 338 in
531 311 677 343 Epistolam
688 312 722 338 ad
734 311 864 338 Romam):
873 313 965 339 ortho-

179 359 257 386 doxae
272 358 333 385 ﬁdei
347 365 443 391 parum
456 362 669 384 consentaneum
681 361 817 388 occurret.
833 357 964 384 memine-

181 404 215 431 rit
229 402 451 433 eruditusJector
465 409 519 429 non
537 406 591 429 tam
616 402 724 429 illorutn
750 407 887 429 auctorem
905 402 965 428 exi-

179 449 342 477 stimandum
355 455 415 475 esse
429 447 590 483 Origenem,
607 455 688 482 quam
702 447 830 474 Ruﬁnum
844 456 851 480 ;
871 455 885 474 a
912 455 965 482 quo

180 499 300 522 nontam
331 493 514 528 interpretati,
539 500 620 528 quam
651 494 737 521 recusi
759 499 787 521 et.
812 493 965 528 iuterpolati

180 545 264 573 sunt;
281 540 409 567 Ruﬁnum
425 544 516 567 autem
535 545 588 567 tant
605 547 689 574 prave
709 540 742 568 de
755 544 867 575 peccato
882 540 967 575 origi-

181 587 223 614 nis
237 586 368 618 sensisse,
385 590 415 613 ut
430 586 500 621 apud
519 586 733 621 Carthagiuense
747 586 890 613 concilium
903 593 966 621 pro-

182 632 268 661 fessus
283 632 320 660 sit
334 632 477 660 Ccelestius
502 639 534 659 se
558 632 593 659 ab
618 639 652 659 eo
673 632 810 666 accepisse
836 632 965 659 nefarium

183 678 246 704 illud
268 679 374 712 dogma.
398 679 537 704 traducem
559 678 661 712 peccati
687 685 739 704 non
754 685 826 710 esse,
841 684 869 704 ut
885 679 967 705 refert

182 723 345 757 Augustinus
361 723 408 749 lib.
423 731 440 749 tt
456 723 493 749 De
506 729 605 757 peccat.
625 723 735 757 origin.,
751 731 813 756 cap.
835 724 862 750 5.

218 767 330 794 Notetur
369 768 477 794 interim
510 767 633 802 capitalis
658 767 812 803 Hieronymi
838 769 966 795 adversus

182 813 326 847 Origcnem
349 813 528 844 insimulatio,
555 813 581 839 in
605 821 656 848 qtta
677 814 774 840 desiuit
797 814 863 841 liber
886 814 966 848 ipsius

184 858 278 885 tertius
292 860 417 884 adversus
436 857 591 892 Pelagianos
608 867 617 885 .'
632 868 641 884 ι
662 859 737 891 Quod
754 859 776 886 si
790 859 899 893 injusla,
925 859 966 885 in~

183 903 253 937 qttil,
271 904 346 930 vobis
361 903 539 938 (Pelagianis)
555 905 660 931 videtur
673 905 822 931 alienorum
844 906 966 932 remissio

184 955 368 984 peccatorum,
381 958 439 984 quia
451 951 481 983 [tt
497 959 542 983 per
554 951 723 984 baptismum,
735 959 786 985 qua
797 959 848 978 non
867 952 967 986 indiget

183 996 228 1029 qtti
246 1004 359 1030 peccare
373 1005 425 1023 non
439 997 526 1030 potuit
543 1006 549 1024 :
568 997 683 1024 transite
699 997 732 1023 ad
754 998 894 1024 Amasium
923 1005 968 1024 ve-

183 1047 282 1073 strum,
295 1042 339 1076 qui
350 1043 486 1076 praeterita
501 1042 526 1069 in
541 1043 618 1069 etnlis
628 1044 776 1076 etantiqua
789 1043 885 1069 delicta
900 1043 967 1070 solvi

183 1088 248 1114 dicit
265 1089 290 1114 iu
304 1088 458 1121 baptismo;
486 1092 516 1114 ut
538 1088 615 1122 cujus
634 1088 660 1115 in
687 1088 792 1115 caeteris
806 1089 969 1115 auctoritate

184 1133 324 1165 dttcimini,
335 1133 416 1160 etiam
433 1134 459 1160 in
473 1133 523 1160 hac
543 1139 621 1167 parte
638 1141 758 1160 errorem
775 1134 938 1168 sequamini.
957 1144 965 1159 ι

185 1179 323 1205 Antasium
338 1179 422 1211 illtttn,
436 1179 579 1213 Origeuem
601 1179 731 1214 intelligo,
752 1181 828 1213 quasi
850 1180 885 1206 ab
903 1179 970 1205 ada-

188 1227 285 1250 mando
300 1224 435 1251 diceretttr
445 1225 630 1255 Adamantius,
644 1225 683 1252 sic
694 1226 727 1251 ab
740 1225 854 1251 amando
869 1225 969 1252 dictum

185 1269 335 1296 Atuasium.
363 1269 448 1302 Quem
464 1277 526 1295 cum
544 1274 655 1303 peccata
686 1270 711 1296 iu
738 1270 808 1296 cmlo
824 1269 858 1296 al)
874 1269 971 1296 animis

185 1315 303 1341 admissa
312 1315 459 1341 credidisse
469 1314 531 1341 fassi
542 1315 636 1346 situlus,
646 1316 740 1342 eadem
755 1316 885 1350 baptismo
899 1315 970 1342 ablui

185 1366 293 1394 putasse
310 1369 361 1387 non
385 1369 514 1394 negamus
528 1371 533 1388 :
554 1363 575 1388 si
598 1362 678 1388 modo
695 1364 860 1389 concedatur
876 1369 969 1396 νεα-ηε

187 1410 242 1431 ttttu
258 1413 364 1439 qttoqttc
384 1407 553 1440 propaginis,
570 1407 604 1433 ab
620 1408 724 1433 Adatuo
747 1409 909 1439 derivatum,
925 1415 972 1434 e0-

185 1450 245 1477 dcttt
266 1451 400 1485 baptismo
422 1451 506 1478 deleri
523 1453 666 1478 censuisse
679 1453 760 1479 ctiam
779 1453 884 1486 ipsum;
899 1452 971 1487 quod

187 1504 267 1522 unum
282 1496 308 1522 itt
323 1498 467 1530 ptzesentia
487 1499 712 1532 propugnaudum
728 1499 910 1533 suscepimus.

222 1541 305 1569 XXV.
319 1541 448 1577 Superest
463 1543 519 1576 jam
538 1549 566 1570 ut
583 1544 615 1570 de
630 1544 687 1570 suis
707 1544 779 1570 circa
796 1543 971 1579 praedestina-

187 1588 288 1615 tionem
309 1589 417 1622 placitis
430 1588 562 1623 Origenes
575 1597 686 1616 causam
712 1590 795 1617 dicat.
818 1589 973 1616 Meminisse

185 1640 250 1668 ergo
263 1638 369 1668 oportet.
387 1634 468 1661 toties
477 1634 533 1667 jam
552 1642 567 1660 a
581 1635 659 1661 nobis
673 1634 811 1661 decantati
826 1633 971 1668 dogmatis,
986 1624 1007 1652 θ

186 1686 240 1713 quo
255 1684 358 1706 tuentes
378 1684 525 1714 antequam
555 1680 733 1707 illabereutur
747 1679 910 1714 corporibus
924 1679 973 1705 du-

187 1725 259 1752 xisse
272 1726 355 1752 vitam
371 1725 396 1752 in
412 1725 482 1752 ctelo
506 1727 682 1756 asseveravit,
695 1730 723 1752 et
743 1733 791 1760 pro
803 1730 863 1753 acta
876 1726 912 1752 ibi
930 1725 971 1751 vel

188 1776 261 1798 recte
275 1770 316 1797 vel
326 1771 395 1798 tnale
407 1771 472 1803 vita,
484 1770 586 1805 partim
601 1770 754 1804 angelicum
771 1771 894 1797 ordinent
910 1770 974 1797 ade—

187 1821 258 1850 ptas,
276 1816 373 1850 partim
398 1816 424 1843 in
446 1820 547 1843 terram
566 1816 650 1843 fuisse
665 1816 808 1848 detrusas;
833 1824 883 1843 nec
898 1816 973 1844 varia

187 1861 273 1888 solutn
289 1868 415 1896 corpora,
430 1862 590 1897 variamque
610 1862 717 1889 vivendi
733 1863 759 1889 itt
775 1862 855 1889 terris
868 1867 970 1890 sortem

188 1911 281 1933 nactas
289 1914 358 1940 esse,
368 1908 414 1934 sed
429 1908 533 1934 varium
545 1907 626 1934 etiam
642 1907 735 1941 gratia;
753 1907 850 1934 divinat
866 1907 974 1934 modum

188 1952 272 1979 fuisse
288 1954 465 1987 promcritas,
483 1960 603 1987 vasaque
615 1952 706 1980 lictilia
723 1952 764 1980 vel
788 1960 881 1984 aurea,
907 1959 974 1980 con-

189 1999 306 2025 tumelia:
317 1999 358 2026 vel
374 1999 484 2026 honoris
496 1998 579 2026 fuisse
590 1998 716 2031 elIectas;
733 1998 770 2024 ita
787 2003 875 2025 tamen
893 2003 975 2025 utea-

188 2044 249 2071 dem
268 2044 373 2071 arbitrii
399 2045 525 2071 libertate
543 2049 662 2076 utentes.
684 2052 751 2071 nova
766 2045 862 2079 gratia:
886 2044 976 2071 incre-

190 2095 279 2116 tueuta
303 2097 458 2124 capessere,
486 2096 512 2117 et
533 2090 566 2117 ad
582 2090 736 2124 superiores
752 2090 848 2116 iterum
882 2089 974 2116 revehi

189 2135 299 2169 gradus,
312 2136 354 2163 vel
370 2137 404 2163 ad
423 2136 566 2163 inferiores
595 2136 680 2163 relabi
704 2136 820 2169 possint.
836 2135 874 2162 Ac
888 2140 974 2162 totum

190 2183 216 2208 itt
237 2182 288 2209 hac
305 2187 463 2217 argumento
478 2182 538 2208 libri
555 2181 664 2209 secundi
677 2182 745 2215 Περὶ
760 2180 861 2215 ἀρχῶν
875 2189 974 2208 nonum

188 2233 270 2263 caput
284 2229 424 2255 contrivit.
450 2229 502 2255 Sed
521 2232 547 2255 et
571 2228 640 2254 idcnt
659 2232 753 2262 aperte
771 2227 854 2254 tradit
874 2227 922 2254 lib.
936 2234 974 2254 vn

1016 311 1071 344 nia,
1087 311 1183 338 deinde
1198 317 1264 337 vero
1279 315 1340 344 post
1355 311 1458 338 obitum
1473 311 1505 338 ad
1523 311 1647 346 gloriam,
1660 312 1802 339 existima-

1017 357 1063 383 vit.
1081 356 1139 391 (44)
1152 356 1182 383 ld
1198 355 1303 382 duobus
1319 356 1452 390 praecipue
1472 356 1537 384 locis
1558 356 1665 388 asserit,
1686 364 1801 391 quorum

1015 403 1090 436 prior
1104 407 1147 430 est
1166 402 1213 429 lib.
1229 410 1237 429 I
1256 403 1284 429 in
1300 401 1386 435 Epist.
1398 402 1432 428 ad
1448 401 1535 434 Rom.,
1547 410 1621 430 num.
1632 403 1665 436 -3,
1687 402 1801 431 Paulum

1017 448 1052 475 ibi
1065 455 1080 475 a
1092 453 1187 475 ventre
1204 449 1299 476 matris
1312 456 1368 476 suac
1380 453 1522 483 propterea
1535 454 1704 484 segregatum
1718 449 1802 477 luisse

1016 494 1081 522 dicit
1110 494 1138 521 in
1158 493 1331 530 Evangelium
1357 495 1415 527 Dei,
1443 495 1506 530 quia
1527 504 1537 520 ‹
1552 501 1647 522 causas
1671 494 1697 521 in
1722 502 1755 522 eo
1775 500 1803 522 et

1018 540 1128 570 merita,
1140 539 1238 574 quibus
1262 540 1288 567 in
1313 541 1365 568 hoc
1379 540 1516 576 segregari
1530 540 1663 572 debuerit,
1680 541 1746 568 vidit
1757 541 1802 568 ille

1016 591 1095 618 quem
1120 593 1172 612 tton
1191 585 1257 613 latet
1280 594 1365 614 mens.
1391 586 1518 614 Praevidit
1530 586 1603 614 enim
1627 587 1698 622 quod
1717 587 1801 614 abun-

1017 630 1126 657 dantius
1139 638 1219 665 quam
1235 632 1326 659 caeteri
1343 639 1437 659 omnes
1451 632 1622 659 laboraturus
1636 637 1708 660 esset
1724 633 1750 659 in
1766 632 1802 659 E—

1017 676 1142 710 vangelio
1217 676 1279 704 Haec
1295 685 1372 712 ergo.
1392 682 1419 704 et
1438 677 1520 704 multa
1540 678 1592 705 alia
1606 677 1648 705 his
1660 677 1757 705 similia
1775 678 1801 705 itt

1016 726 1050 746 eo
1067 721 1099 747 de
1110 725 1205 748 ventre
1224 721 1319 748 matris
1330 722 1480 756 praevidens
1489 721 1577 754 Jesus,
1597 730 1645 757 pro
1660 722 1702 750 his
1713 730 1803 758 segre-

1017 766 1089 800 gavit
1107 773 1168 792 eum
1188 766 1214 792 in
1232 766 1416 801 Evangeliutn.
1430 776 1439 793 »
1466 767 1499 795 Et
1516 775 1578 795 mox
1594 777 1601 795 :
1621 777 1631 793 t
1644 767 1716 801 Quos
1733 775 1802 803 prat-

1018 813 1097 840 scitit
1113 813 1183 841 Deus
1202 814 1267 841 tales
1293 814 1398 843 futuros
1417 819 1446 843 ut
1461 814 1570 843 Christo
1580 823 1610 843 se
1626 815 1653 842 in
1671 816 1804 850 passioni-

1018 858 1068 885 bus
1081 858 1294 891 conformarent,
1307 860 1380 894 ipsos
1395 860 1475 887 etiam
1490 860 1642 888 confortnes
1654 868 1686 888 ac
1702 861 1805 889 similes

1018 904 1142 938 imaginis
1158 904 1216 938 ejus
1229 905 1428 939 praedestinavit
1442 909 1468 933 et
1479 904 1580 941 glorite.
1597 905 1728 934 Praecedit
1738 913 1804 941 ergo

1019 950 1187 984 praescientia
1205 951 1250 977 Dei
1270 957 1317 984 per
1328 959 1407 985 quam
1421 956 1569 979 noscuntur
1580 952 1625 987 qui
1640 952 1666 979 in
1682 959 1712 979 se
1727 951 1804 979 labe-

1019 1002 1065 1022 res
1074 999 1102 1022 et
1115 996 1229 1023 virtutes
1244 996 1361 1024 habituri
1375 997 1440 1027 sint.
1455 1001 1482 1024 et
1496 998 1531 1024 ita
1543 998 1743 1033 prmdestinatio
1759 1005 1804 1025 se-

1020 1041 1132 1076 quitur;
1150 1049 1200 1069 nec
1223 1046 1311 1069 tatnen
1335 1050 1429 1069 rursus
1454 1043 1698 1078 prazdestinationis
1722 1050 1803 1071 causa

1020 1089 1160 1123 putabitur
1187 1089 1369 1123 praescientia.
1392 1088 1467 1122 Quod
1486 1090 1558 1117 enim
1586 1090 1655 1125 apud
1681 1090 1806 1118 homines

1021 1134 1232 1169 uniuscujusque
1251 1134 1376 1161 meritum
1398 1139 1528 1170 pensatur
1542 1142 1574 1162 ex
1591 1135 1735 1170 praeteritis
1755 1142 1803 1170 go-

1021 1181 1082 1212 stis,
1095 1180 1146 1207 hoc
1160 1181 1228 1214 apud
1241 1180 1326 1207 Deum
1343 1179 1480 1214 iudicatur
1492 1187 1524 1208 ex
1541 1180 1646 1208 futuris.
1660 1190 1669 1207 ι
1685 1181 1806 1209 Habetur

1021 1225 1097 1253 locus
1123 1225 1192 1252 alter
1219 1225 1266 1253 lib.
1282 1233 1318 1252 vn
1339 1225 1482 1253 Comment.
1510 1227 1537 1253 in
1551 1226 1636 1261 Epist.
1662 1228 1696 1254 ad
1717 1227 1805 1260 Rom.,

1021 1279 1096 1299 nttm.
1108 1270 1135 1303 8,
1150 1271 1194 1299 ubi
1208 1272 1324 1306 hocApo
1342 1272 1406 1298 toli‘
1421 1272 1568 1306 explanans
1586 1281 1593 1299 :
1611 1281 1620 1298 t
1631 1272 1703 1306 Quos
1716 1277 1805 1300 autent

1021 1317 1231 1352 praedestinavit,
1248 1317 1297 1344 hos
1317 1322 1343 1343 et
1356 1318 1462 1344 vocarit
1478 1326 1484 1345 :
1500 1322 1528 1345 et
1548 1325 1615 1353 quos
1625 1318 1743 1350 vocavit,
1755 1318 1806 1346 hos

1020 1367 1048 1389 et
1061 1362 1237 1397 justiﬁeavit;
1253 1369 1320 1396 quos
1339 1367 1427 1389 autem
1441 1361 1608 1396 justiﬁcavit.
1624 1361 1684 1391 illos
1701 1367 1728 1390 et
1745 1362 1804 1398 glo—

1022 1406 1148 1439 r‘tﬁcavlt,
1162 1416 1171 1432 ›
1191 1407 1306 1442 primum
1334 1407 1412 1434 aliter
1428 1407 1612 1441 accipiendum
1639 1408 1718 1436 docet
1731 1408 1805 1441 illud.

1025 1461 1035 1478 t
1048 1460 1115 1487 quos
1131 1452 1277 1486 praescivit,
1291 1461 1301 1478 ι
1329 1452 1469 1487 superiore
1491 1457 1730 1481 commemoratum
1747 1461 1808 1485 ver-

1022 1497 1119 1530 siculo,
1131 1503 1213 1532 quam
1231 1496 1310 1531 vulgo
1330 1497 1415 1530 accipi
1437 1496 1528 1526 solet:
1547 1497 1609 1532 quia
1627 1497 1651 1524 si
1670 1497 1688 1524 ii
1704 1501 1807 1524 tantum

1023 1548 1239 1578 praznoscuntur,
1255 1543 1301 1577 qui
1315 1543 1559 1578 pradestinantur;
1574 1543 1620 1578 qui
1636 1551 1689 1571 non
1705 1543 1809 1579 praede-

1023 1589 1169 1622 stinantur,
1195 1589 1287 1623 utique
1301 1595 1353 1616 non
1377 1593 1583 1623 praenoscuntur
1605 1589 1807 1624 :cognitionem

1024 1643 1089 1671 ergo
1101 1635 1173 1662 illam
1189 1642 1238 1670 pro
1255 1635 1358 1662 amoris
1376 1642 1457 1668 nexu,
1472 1641 1499 1662 et
1513 1634 1624 1661 aﬂ‘ectus
1641 1634 1748 1662 vinculo
1760 1642 1807 1662 su-

1025 1681 1149 1708 mendam
1176 1681 1271 1715 probal
1292 1681 1381 1707 multis
1396 1680 1542 1715 Scriptura
1559 1680 1728 1712 testimoniis,
1743 1684 1807 1715 puta

1025 1728 1099 1755 isto:
1119 1737 1127 1752 ι
1140 1726 1273 1761 Cognovit
1296 1727 1424 1753 Dominus
1444 1734 1492 1753 eos
1506 1726 1550 1760 qui
1572 1730 1636 1753 sunt
1653 1726 1712 1761 eius
1721 1726 1742 1758 ³,
1759 1735 1769 1752 ι
1782 1726 1809 1753 id

1024 1778 1066 1800 est
1089 1772 1185 1808 diligit,
1208 1780 1269 1799 cum
1285 1776 1374 1799 tamen
1398 1780 1447 1799 nec
1460 1779 1505 1799 eos
1521 1772 1566 1806 qui
1591 1779 1644 1799 tton
1668 1776 1733 1798 sunt
1750 1772 1810 1807 ejus

1024 1817 1132 1851 ignoret
1147 1826 1152 1843 :
1169 1817 1350 1851 prtecognosci
1364 1825 1428 1851 ergo
1443 1824 1489 1844 eos
1504 1825 1517 1843 a
1535 1816 1589 1844 Deo
1600 1816 1665 1849 vult,
1683 1825 1692 1842 t
1705 1816 1731 1843 in
1748 1817 1810 1851 qui-

1025 1862 1085 1895 bus,
1099 1862 1190 1889 sciens
1207 1861 1299 1896 quales
1315 1867 1414 1893 essent,
1433 1869 1552 1888 amorem
1567 1868 1647 1889 suum
1660 1861 1731 1889 Deus
1744 1860 1811 1889 καὶ·

1025 1913 1154 1942 ctumque
1174 1908 1321 1942 posuisset.
1339 1917 1349 1934 ι
1368 1907 1470 1940 Quaerit.
1487 1907 1658 1942 postmodum
1676 1915 1730 1942 quo
1746 1915 1810 1935 sen-

1024 1961 1056 1981 su
1074 1953 1303 1988 interpretandum
1322 1953 1358 1980 sit
1372 1953 1436 1980 illud
1449 1953 1568 1987 Apostoli
1582 1961 1589 1979 :
1610 1962 1620 1979 t
1632 1953 1707 1987 Quos
1722 1960 1811 1981 voca-

1025 1998 1076 2031 vit,
1088 1998 1138 2026 bos
1148 2002 1175 2026 et
1188 1998 1357 2032 jttstiﬁcavit,
1367 2007 1378 2024 ο
1394 2005 1456 2025 cum
1467 1998 1543 2025 multi
1560 1998 1646 2026 vocati
1661 1999 1726 2031 sint,
1742 2006 1810 2034 pau-

1026 2045 1050 2071 ci
1067 2044 1157 2072 electi.
1174 2043 1330 2078 Respondet
1344 2043 1441 2078 duplex
1460 2051 1520 2071 esse
1534 2044 1684 2072 vocationis
1705 2051 1810 2079 genus;

1026 2090 1100 2117 aliud
1116 2089 1264 2117 secundum
1279 2089 1458 2124 propositum,
1476 2096 1530 2116 non
1547 2089 1670 2117 vocantis
1690 2088 1747 2122 Dei,
1763 2089 1811 2117 sed

1026 2138 1113 2164 vocati
1126 2136 1255 2169 hominis,
1272 2143 1326 2170 quo
1337 2135 1464 2163 virtutem
1481 2134 1672 2171 amplectitur;
1693 2135 1810 2170 quicun-

1026 2190 1078 2217 que
1091 2187 1178 2210 autem
1206 2182 1347 2208 vocatione
1369 2180 1501 2209 eiusmodi
1517 2181 1602 2208 vocati
1624 2180 1690 2213 sint,
1717 2180 1768 2208 hos
1783 2184 1812 2208 et

1023 2229 1184 2264 justiﬁcatos
1199 2235 1259 2255 esse
1283 2237 1289 2254 ι
1315 2227 1386 2254 aliud
1406 2234 1467 2255 esse
1482 2227 1632 2255 vocationis
1646 2234 1741 2263 genus,
1757 2234 1811 2255 non

188 2275 216 2301 iu
231 2273 317 2309 Epist.
333 2275 367 2301 ad
388 2274 476 2306 Rom.,
491 2281 566 2301 num.
580 2274 623 2305 17,
641 2273 705 2300 illttd
717 2273 859 2300 Paulinum
872 2274 880 2288 '
895 2280 974 2300 enar-
990 2292 1012 2319 υ
1026 2275 1174 2303 secundum
1195 2275 1294 2302 bonum
1319 2274 1496 2308 propositum,
1517 2281 1571 2308 quo
1585 2278 1715 2301 vocantur
1729 2272 1812 2301 etiam

195 2328 259 2347 rans
276 2328 282 2347 :
304 2330 313 2346 t
328 2321 424 2347 Antth
453 2320 534 2347 habet
563 2324 721 2354 potestatem
737 2319 833 2354 ﬁgulus
849 2318 917 2350 luti,
940 2325 974 2346 ex

188 2367 282 2394 eadem
296 2375 384 2394 massa
402 2366 492 2394 facere
501 2366 574 2393 aliud
587 2366 697 2399 quidem
722 2372 771 2392 vas
792 2364 818 2391 itt
834 2364 976 2395 honorem,

188 2413 262 2439 aliud
281 2420 345 2440 vero
361 2413 387 2440 in
399 2413 593 2440 contumeliatn
607 2412 618 2439 ἵ
636 2422 645 2438 ι

223 2460 455 2492 Quemadmodum
483 2464 571 2486 autem
599 2458 747 2485 arbitratus
770 2460 811 2483 est
840 2456 976 2483 Adaman-

190 2508 254 2541 tius,
274 2515 334 2542 quaa
346 2507 449 2535 anobis
459 2512 535 2542 gesta
553 2512 616 2534 sunt
631 2507 714 2538 olitn,
737 2510 882 2539 antequam
906 2512 969 2531 cor-

189 2562 253 2588 pora
264 2555 429 2587 subiremus,
449 2561 560 2580 causam
582 2553 690 2581 dedisse
714 2552 779 2583 Deo,
798 2559 846 2578 cur
873 2554 978 2578 mentes

190 2605 300 2628 nostras
316 2600 432 2628 terrenis
443 2600 519 2627 hisce
533 2599 650 2626 molibus
667 2598 830 2632 implicaret,
851 2597 922 2623 adeo
947 2601 977 2623 ut

189 2647 223 2673 ad
238 2647 308 2673 hanc
324 2646 350 2673 in
363 2646 444 2673 terris
455 2646 589 2680 agendam
601 2645 683 2671 vitam
696 2643 767 2671 Deus
775 2650 825 2670 nos
835 2642 976 2677 praedesti-

191 2692 309 2725 naverit,
325 2700 358 2719 ex
372 2692 493 2726 praevisis
505 2691 540 2718 ab
552 2690 626 2718 omni
640 2694 712 2717 retro
725 2696 783 2716 atvo
794 2688 898 2715 meritis
914 2687 975 2715 vitte

191 2738 263 2765 illius
281 2739 306 2765 in
320 2738 389 2765 caelo
404 2738 551 2770 traductae;
569 2737 605 2762 ita
619 2743 653 2762 ex
671 2735 793 2769 praevisis
805 2734 909 2761 meritis
922 2737 977 2760 ter-

192 2785 286 2811 restris
300 2784 377 2817 hujus
391 2783 452 2810 vitm
464 2790 544 2818 quam
558 2789 628 2809 nunc
643 2781 757 2816 agimus,
772 2780 977 2814 przedestiuasse

227 2839 235 2854 ¹
254 2839 330 2866 Rom.
347 2847 384 2872 tx,
400 2839 445 2865 21.

483 2838 492 2853 ¹
511 2838 589 2865 Rom.
607 2844 664 2868 vttt,
678 2836 723 2863 50.
761 2835 771 2850 ³
785 2834 806 2861 ll
821 2834 893 2862 Tim.
910 2841 940 2866 tt,
954 2832 998 2860 19.

1028 2320 1147 2355 reprobi,
1161 2327 1194 2347 ne
1206 2320 1311 2348 meritis
1323 2318 1456 2346 alliciendi
1468 2319 1557 2354 pinnis
1576 2319 1628 2347 hoc
1638 2323 1749 2346 utantur
1762 2318 1811 2347 ob-

1028 2370 1116 2399 tentu,
1138 2366 1241 2394 idcirco
1253 2373 1315 2394 sese
1327 2366 1410 2393 fuisse
1423 2372 1438 2391 a
1453 2365 1551 2393 virtute
1562 2364 1674 2397 alienos,
1689 2364 1754 2399 quia
1769 2364 1813 2392 de-

1027 2411 1109 2440 fuerit
1129 2411 1180 2440 sibi
1197 2412 1314 2439 vacatio.
1344 2411 1373 2439 Si
1390 2411 1451 2446 quis
1471 2415 1561 2439 autent
1583 2411 1752 2446 propositum
1778 2410 1812 2438 il.

1028 2457 1085 2490 lud,
1101 2457 1248 2485 secundum
1262 2457 1334 2491 quod
1347 2457 1437 2484 vocari
1453 2463 1502 2483 nos
1516 2464 1530 2482 a
1546 2456 1601 2483 Deo
1617 2455 1686 2483 dixit
1698 2455 1812 2490 Aposto-

1027 2504 1079 2537 lus,
1098 2504 1133 2531 ad
1151 2503 1236 2531 Deum
1256 2503 1351 2530 referri
1375 2502 1452 2535 velit,
1476 2501 1596 2529 futurum
1618 2501 1683 2529 illud
1704 2508 1811 2536 quoque

1026 2549 1161 2585 posterius
1174 2554 1249 2577 recto
1262 2549 1386 2576 humana
1400 2548 1547 2575 voluntatis
1558 2546 1706 2582 proposito,
1721 2553 1754 2574 ac
1767 2553 1812 2573 re-

1026 2596 1122 2630 ligiosa
1142 2599 1240 2628 mente,
1255 2599 1283 2622 et
1301 2594 1397 2622 salutis
1416 2594 1563 2621 desiderio.
1579 2594 1691 2621 Demum
1703 2592 1731 2620 id
1748 2592 1813 2620 sub-

1027 2638 1132 2667 nectit:
1151 2647 1161 2665 ‹
1177 2638 1233 2666 Hoc
1250 2646 1315 2674 ergo
1329 2644 1410 2673 pacto
1429 2645 1516 2673 neque
1529 2639 1555 2665 in
1568 2638 1736 2673 praescientia
1752 2636 1813 2670 Dei,

1027 2684 1069 2712 vel
1084 2684 1190 2718 salutis,
1207 2685 1250 2712 vel
1267 2684 1426 2719 perditionis
1448 2688 1548 2711 nostra
1571 2690 1653 2711 causa
1675 2681 1812 2713 consistit,

1028 2737 1117 2765 neque
1130 2729 1290 2764 iustiﬁcatio
1303 2737 1337 2757 ex
1351 2729 1407 2757 sola
1418 2729 1558 2756 voluntate
1573 2727 1710 2763 pendebit,
1724 2733 1814 2762 neque

1029 2776 1175 2812 gloriﬁcari
1206 2777 1241 2804 de
1260 2780 1354 2804 nostra
1383 2776 1491 2810 penitus
1517 2779 1652 2810 potestate
1676 2773 1814 2801 sublatum

225 2883 284 2920 (Ut)
313 2883 347 2911 Id
366 2884 467 2920 duobus
500 2881 712 2920 prtzcipueklocis
737 2881 841 2920 tigerit,
867 2884 920 2908 etc.
935 2877 980 2907 Vit

1022 2878 1103 2906 etiam
1129 2878 1228 2907 librum
1256 2876 1294 2905 De
1323 2877 1439 2905 oratione
1469 2884 1545 2905 num.
1557 2875 1585 2909 6,
1606 2882 1668 2910 pag.
1682 2872 1814 2907 207-209,

192 2926 219 2947 et
233 2915 327 2947 'hoinil.
342 2919 375 2946 14
388 2920 415 2946 in
428 2915 522 2950 Numt,
538 2915 613 2945 nutu.
627 2916 656 2949 2,
669 2924 728 2952 pag.
745 2915 806 2943 5‘25.

330 2967 466 2997 ΡΑτιιοι.
482 2966 541 2996 Gn.
559 2964 657 2995 XVII.

1600 2954 1636 2984 3i
