4170 6396
575 375 670 430 9η
1852 388 1908 441 P.
1954 389 2262 443 DANIEHS
2301 388 2527 444 "UETII
3699 396 3806 451 973

572 507 691 562 est;
725 519 742 551 ο
785 512 835 554 et
864 503 1020 570 paulo
1045 503 1268 560 inferius
1304 524 1317 560 :
1355 526 1372 559 ι
1402 508 1468 563 Ut
1499 517 1675 564 autem
1703 511 1845 568 scias
1867 514 1992 581 quia
2029 530 2132 567 non
2165 519 2208 572 Α
2239 513 2456 566 scimus.
2497 511 2840 569 Vocationem
2866 527 3077 582 quoque
3099 512 3242 566 illam
3279 511 3576 568 secundum
3601 527 3799 584 prapo-

573 590 625 642 in
654 592 992 659 przescientia
1037 595 1125 649 Dei
1175 596 1464 667 unicuique
1487 600 1677 655 salutis
1699 617 1860 656 causa
1885 605 2126 671 ponitur,
2234 604 2393 657 situm
2427 603 2676 669 hominis,
2719 619 2880 671 quam
2911 619 3094 658 revera
3131 603 3438 674 Pelagianis
3472 605 3660 660 tribuit
3687 607 3804 661 Au-

570 683 662 737 sed
691 683 740 735 in
775 684 1050 751 proposito
1090 696 1144 739 et
1173 687 1382 742 actibus
1411 689 1545 754 suis,
1583 692 1702 746 vide
1733 691 1954 746 Paulum
1983 693 2004 724 ⁶
2035 709 2128 747 ve-
2232 695 2477 764 gustinus
2527 695 2622 752 lib.
2655 711 2690 749 ll
2739 694 2934 749 Contra
2982 699 3115 749 duas
3162 697 3312 765 epist.
3367 695 3801 767 Pelagianorum,

570 785 773 829 rentem
805 790 870 830 ne
902 776 1037 832 forte
1065 792 1185 832 cum
1218 779 1338 834 aliis
1365 782 1759 850 praedicaverit,
1796 783 1909 852 ipse
1937 801 2130 854 repro-
2233 799 2337 839 non
2390 786 2461 838 ita
2513 795 2692 839 tuetur
2715 785 2996 855 Origenes,
3042 797 3100 840 ut
3147 803 3250 842 non
3279 788 3442 843 etiam
3465 791 3801 845 vocationem

567 866 667 920 bus
688 867 964 934 eﬁiciatur,
1012 885 1289 928 macerare
1319 887 1516 943 corpus
1541 890 1719 942 suum,
1767 885 1823 932 et
1863 877 2131 949 subjicere
2231 879 2524 932 secundum
2560 879 2894 948 propositum
2934 879 3027 934 Dei
3071 879 3160 935 hic
3189 880 3414 952 intelligi
3451 896 3609 952 posse
3631 881 3803 936 fatea-

567 959 832 1014 servituti.
862 980 880 1013 »
2234 979 2354 1032 tur;
2399 985 2522 1023 nam
2555 970 2806 1039 proponit
2847 981 3132 1041 utramque
3159 983 3212 1026 et
3249 973 3535 1028 sententiae
3572 988 3683 1028 sua:
3711 989 3802 1028 ac-

635 1049 824 1108 XXVI.
867 1053 1019 1108 Dolet
1056 1053 1257 1124 lprensi
1299 1057 1550 1126 episcopo
1589 1059 1790 1115 dixisse
1818 1059 2126 1130 Origenem,
2233 1062 2560 1114 connnodat.
2601 1059 2858 1127 Quamvis
2881 1071 3058 1116 autem
3085 1077 3244 1116 unam
3277 1062 3422 1116 illam
3444 1064 3678 1133 priorem
3707 1066 3801 1119 de-

561 1143 1084 1208 prtedestinatiouem
1112 1145 1347 1214 pendere
1391 1162 1457 1200 ex
1489 1150 1732 1216 praevisis
1763 1154 1968 1206 meritis
1992 1172 2006 1208 :
2034 1170 2128 1207 νο·
2231 1152 2497 1216 fenderet,
2525 1153 2924 1221 astipulatorem
2951 1154 3176 1208 haberet
3212 1155 3685 1224 Chrysostomum,
3719 1157 3800 1211 sic

558 1233 833 1288 sationem
871 1235 983 1289 ﬁeri
1016 1239 1309 1291 secundum
1354 1241 1686 1308 propositum
1728 1243 1986 1305 hominis.
2024 1260 2128 1300 non
2232 1245 2283 1298 in
2312 1243 2468 1297 Rom.
2511 1259 2664 1307 xvm,
2686 1244 2780 1306 28,
2812 1245 3162 1299 disserentem
3193 1262 3208 1298 :
3246 1244 3506 1316 Πρόθεσιν
3535 1245 3591 1298 δὲ
3615 1246 3803 1299 ἐνταῦ-

559 1323 658 1379 Dei
687 1343 700 1378 :
732 1326 1063 1380 vocationem
1095 1329 1390 1382 secundum
1415 1333 1746 1398 propositum
1785 1335 1901 1400 Dei,
1937 1353 2005 1391 ex
2039 1339 2129 1392 bo-

2229 1335 2298 1388 Θά
2321 1352 2502 1405 φησιν,
2553 1335 2640 1387 ἶνα
2691 1336 2764 1404 μὴ
2795 1335 2854 1388 τὸ
2883 1337 2990 1388 πᾶν
3024 1338 3088 1406 τῇ
3120 1335 3307 1406 κλήσει
3345 1335 3440 1406 δῷ,
3478 1337 3599 1389 ἐπεὶ
3631 1337 3802 1402 οὕτως

559 1419 649 1473 nis
673 1419 948 1474 hominum
997 1420 1282 1476 desideriis
1325 1433 1504 1491 aptam
1538 1439 1657 1479 esse
1701 1435 1755 1480 et
1778 1441 2076 1482 connexam
2111 1449 2124 1483 :

2227 1427 2448 1498 ἔμελλον
2492 1429 2586 1480 καὶ
2627 1427 2881 1497 ’Έλληνες
2929 1427 3249 1496 ἀντιλέγειν,
3301 1429 3393 1482 καὶ
3435 1430 3692 1483 Ἰουδαῖοι.
3739 1431 3801 1482 Ei

562 1525 781 1565 causam
809 1511 1049 1567 eamdem
1077 1526 1193 1566 esse
1224 1513 1414 1568 salutis
1443 1525 1497 1568 et
1528 1516 1912 1584 damnationis,
1938 1536 2128 1589 nempe

2227 1521 2335 1592 γὰρ
2358 1523 2390 1592 ἡ
2420 1521 2609 1591 κλῆσις
2630 1523 2787 1592 ἢρκει
2811 1521 2989 1592 μόνον,
3016 1522 3157 1584 τίνος
3175 1523 3356 1574 ἕνεκεν
3379 1522 3440 1574 οὐ
3459 1523 3654 1585 πάντες
3675 1521 3802 1574 ὲσώ-

564 1604 828 1673 rcligiosre
859 1605 1056 1658 mentis
1087 1604 1376 1659 desideria.
1405 1604 1536 1672 Quae
1572 1608 1750 1660 omnia
1777 1608 1830 1662 in
1874 1609 2013 1663 idem
2047 1609 2127 1662 τεο·

2227 1612 2430 1682 θησαν;
2469 1613 2566 1665 Διά
2593 1613 2771 1680 τοῦτο,
2799 1612 2981 1682 φησὶν,
3020 1612 3118 1681 οὐχ
3148 1613 3180 1682 ἡ
3222 1611 3408 1682 κλῆσις
3441 1611 3618 1682 μόνον,
3667 1611 3802 1665 ἀλλὰ

562 1708 623 1747 re
652 1694 923 1747 recidunt.
949 1692 1183 1747 Olfemlit
1228 1707 1441 1762 quoque
1463 1693 1636 1762 ipsum
1662 1709 1938 1763 perperam
1966 1710 2123 1766 expo-

2225 1703 2366 1772 καὶὴ
2395 1701 2647 1772 πρόθεσις
2675 1702 2784 1753 τῶν
2811 1699 3161 1770 καλουμένων
3184 1700 3282 1770 τὴν
3314 1701 3582 1772 σωτηρίαν
3610 1701 3798 1772 εἰργά-

561 1785 697 1838 situs
757 1784 995 1854 Apostoli
1048 1784 1289 1838 locus':
1355 1803 1374 1836 ι
1429 1784 1614 1840 Posuit
1681 1785 1820 1841 Deus
1861 1787 2123 1851 membra,

2231 1809 2380 1845 σατο.
2427 1792 2502 1844 Οὐ
2539 1791 2646 1862 γὰρ
2674 1791 3062 1861 ἠναγκασμένη
3111 1789 3332 1858 γέγονεν
3368 1791 3403 1861 ἡ
3431 1790 3644 1860 κλῆσις,
3681 1791 3799 1843 οὐδὲ

562 1877 981 1945 unumquodque
998 1890 1181 1930 eorum
1215 1876 1266 1928 in
1292 1877 1689 1942 corpore,sicut
1717 1877 1901 1942 voluit,
1929 1897 1947 1928 ›
1976 1880 2128 1946 quasi
2163 1865 2204 1920 Β

2163 1865 2204 1920 Β
2235 1882 2590 1953 βεϐιασμένη-
2616 1884 2813 1945 πάντες
2841 1881 2973 1950 γοῦν
3010 1880 3336 1952 ἐκλήθησαν,
3366 1880 3480 1935 ἀλλ’
3512 1881 3574 1934 οὐ
3605 1881 3801 1944 πάντες

563 1965 812 2020 voluntas
851 1966 940 2018 illa
966 1965 1030 2018 ad
1059 1965 1384 2031 membrum,
1410 1983 1515 2022 non
1551 1971 1615 2020 ad
1651 1969 1812 2021 Deum
1843 1970 2128 2038 pertineat.
2234 1977 2569 2047 ὑπήκουσαν.
2617 1995 2642 2026 εΔ
2662 1963 2995 2044 Proposit'um
3024 1984 3202 2028 autem
3233 1974 3319 2028 hic
3348 1973 3499 2038 dicit,
3529 1987 3595 2028 ne
3628 1983 3799 2027 totum

561 2055 737 2111 Locus
765 2057 1110 2111 habeturlib.
1147 2073 1196 2110 IX
1241 2058 1526 2114 Comment.
1563 2061 1616 2112 in
1645 2057 1813 2126 Epiu-
1851 2061 1920 2112 ad
1952 2059 2126 2120 Romo.
2231 2066 2498 2122 vocationi
2535 2066 2736 2120 tribuat
2781 2087 2793 2121 :
2828 2065 2909 2121 sic
2947 2066 3090 2119 enim
3127 2064 3512 2119 contradicturi
3554 2075 3710 2118 erant
3745 2075 3803 2119 et

563 2161 712 2200 ηιηη·
739 2147 796 2213 δ’
827 2162 950 2216 ρεεο
981 2147 1085 2203 648
1117 2168 1130 2201 ε
1164 2165 1183 2198 ι
1217 2146 1394 2201 νοιυίι
1415 2159 1621 2212 amem,
1655 2148 1848 2216 ίηίιιιίιν
1884 2150 2020 2204 Deus
2040 2166 2128 2205 56-
2230 2157 2403 2214 Graeci
2443 2169 2498 2212 et
2519 2156 2710 2212 Judaei.
2748 2156 2878 2210 Nam
2910 2155 2955 2210 si
2983 2153 3250 2211 sulliceret
3279 2154 3390 2209 sola
3422 2155 3652 2217 vocatio,
3693 2170 3801 2225 qua

561 2240 800 2292 cumlum
857 2239 1120 2293 rationem
1153 2240 1236 2294 vel
1277 2254 1590 2293 mensuram
1626 2239 1747 2294 ﬁdei
1805 2255 1924 2309 qua:
1949 2249 2032 2296 est
2076 2242 2128 2296 in
2233 2250 2298 2303 de
2324 2263 2486 2303 causa
2520 2263 2623 2300 non
2648 2261 2837 2301 omnes
2859 2245 2993 2300 salvi
3024 2244 3152 2299 facti
3190 2244 3352 2298 sunt?
3379 2243 3690 2314 Propterea,
3720 2247 3802 2298 in-

565 2330 744 2395 uobis,
769 2330 853 2384 vel
882 2329 1052 2383 voluit
1085 2329 1151 2382 ad
1189 2329 1240 2384 id
1272 2330 1414 2398 quod
1455 2329 1693 2399 expedit.
1728 2329 1838 2384 Nisi
1874 2330 2012 2385 forte
2055 2333 2127 2386 ita
2229 2343 2366 2412 quis,
2401 2356 2505 2394 non
2532 2337 2643 2393 sola
2667 2338 2899 2402 vacatio,
2933 2337 3027 2392 sed
3055 2346 3110 2391 et
3133 2337 3470 2406 propositum
3496 2351 3680 2391 eorum
3709 2336 3802 2406 qui

563 2422 754 2492 aliquis
780 2435 835 2479 et
867 2426 970 2480 hoc
1003 2427 1130 2481 velit
1166 2427 1464 2499 intelligere
1494 2448 1508 2484 :
1548 2431 1689 2484 Deus
1725 2433 1896 2500 posuit
1930 2433 1984 2485 in
2015 2447 2129 2484 cor-
2233 2439 2512 2494 vocantur,
2539 2429 2766 2483 salutem
2815 2436 3090 2496 operatum
3129 2439 3212 2482 est
3243 2441 3260 2480 :
3291 2443 3388 2482 nec
3432 2427 3576 2482 enim
3613 2439 3803 2482 coacta

559 2531 683 2581 pore
707 2518 1108 2586 unumquodque
1135 2521 1440 2585 membrum,
1465 2531 1618 2590 prout
1636 2523 1818 2586 voluit,
1850 2533 1908 2577 ιιι
1941 2527 2127 2589 voluit,
2231 2521 2368 2578 facta
2405 2531 2487 2576 est
2525 2521 2758 2585 vocatio,
2799 2533 2972 2588 neque
3006 2519 3264 2573 violenta.
3305 2520 3506 2575 Omnes
3545 2535 3676 2590 ergo
3706 2536 3803 2575 vo-

563 2605 630 2661 ad
652 2608 938 2661 membrum
974 2609 1143 2680 magis
1171 2611 1459 2676 referatur,
1498 2612 1601 2668 hoc
1635 2624 1738 2678 est,
1766 2625 1916 2681 prout
1948 2617 2126 2682 voluit,
2229 2617 2334 2670 cati
2368 2596 2513 2677 sum,
2565 2614 2657 2668 sed
2686 2629 2788 2666 non
2813 2625 3006 2665 omnes
3049 2612 3387 2667 obedierunt.
3417 2631 3436 2664 ι
3483 2613 3800 2668 Assentien-

567 2705 726 2762 prout
752 2696 932 2767 elegit,
956 2708 1118 2768 prout
1145 2714 1366 2768 operam
1391 2702 1558 2767 dedit,
1584 2717 1651 2758 ne
1675 2705 1919 2760 videatur
1946 2707 2013 2762 de
2034 2709 2129 2763 ho-
2229 2720 2336 2762 tem
2388 2720 2600 2776 quoque
2655 2705 2876 2758 haberet
2925 2703 3343 2769 Theodoretum,
3405 2713 3461 2759 et
3513 2714 3802 2773 perpetuos

561 2787 704 2840 tuine
737 2789 946 2842 arbitrii
984 2799 1220 2858 potestas
1248 2791 1472 2850 auferri.
1503 2812 1522 2846 ι
2228 2796 2592 2868 (Zhrysostomi
2634 2794 2868 2849 asseclas
2905 2793 3388 2864 Theophylaclum,
3448 2803 3501 2848 et
3533 2793 3800 2850 (Ecume—

629 2877 1157 2936 Praadeslinationem
1212 2884 1456 2950 praevisis
1514 2886 1722 2941 meritis
1764 2889 2128 2958 postposuisse
2229 2890 2398 2954 nitnu,
2430 2887 2637 2941 etalios
2689 2886 2993 2941 nonnullos.
3047 2886 3268 2941 Vocatio
3297 2895 3476 2939 autem
3503 2886 3798 2940 secundum

557 2968 844 3040 orilienem
877 2973 1098 3028 minime
1141 2975 1336 3028 mirum
1384 2986 1490 3043 est,
1519 2993 1640 3033 cum
1680 2982 2028 3048 quastionem
2066 2982 2130 3037 il-
2229 2980 2556 3050 propositum
2595 2978 2708 3042 Dei,
2742 2979 2884 3047 quod
2910 2978 3238 3046 propositum
3259 2992 3324 3031 ex
3356 2979 3651 3046 pchpectis
3675 2978 3796 3030 ani-

558 3061 664 3115 lam
697 3063 887 3119 leviter
914 3073 1122 3118 tantum
1155 3075 1211 3120 et
1231 3066 1594 3135 perfunctorie
1616 3071 1894 3127 delibarin-
1934 3075 2128 3129 vetusti
2229 3088 2330 3127 ma:
2375 3073 2477 3141 piis
2517 3071 2801 3127 desideriis
2844 3070 3094 3140 pendeat,
3130 3081 3396 3140 quatenus
3425 3085 3547 3126 cum
3575 3069 3798 3139 reliquis

557 3153 743 3210 Patres
781 3154 1083 3226 Pelagianis
1112 3159 1442 3226 temporibus
1479 3162 1836 3232 antiquiores.
1880 3173 1938 3217 ut
1965 3165 2126 3220 disci-
2152 3208 2193 3266 Ο
2229 3165 2534 3218 Adamantii
2594 3163 2862 3234 dogmatis
2905 3163 3160 3226 cohaeret,
3227 3163 3418 3218 merito
3462 3179 3492 3216 a
3538 3161 3799 3217 Jansenio

557 3263 676 3302 mus
702 3262 770 3303 ex
799 3249 1042 3318 epistolis
1079 3249 1330 3321 Prosperi
1372 3262 1426 3307 et
1459 3251 1646 3306 Hilarii
1691 3253 2024 3310 Arelatensis
2057 3255 2122 3311 ad
2154 3249 2193 3266 "
2225 3255 2564 3326 eXploditur;
2598 3270 2721 3309 nam
2741 3254 2825 3324 pia
2854 3254 3118 3308 desideria
3149 3255 3216 3307 ab
3240 3253 3518 3308 hominum
3549 3253 3661 3308 sola
3696 3269 3796 3307 vo-

555 3341 934 3411 Augustinum,
960 3343 1162 3413 ριξηηεί
1197 3343 1375 3398 solitis
1415 3344 1583 3413 ipsius
1614 3345 1767 3401 libris
1801 3346 1875 3400 De
1917 3347 2122 3416 prwde-
2225 3350 2427 3404 lumate
2469 3349 2712 3413 derivat;
2750 3349 2946 3417 quibus
2995 3348 3292 3417 perspectis
3341 3347 3624 3418 desideriis
3663 3361 3790 3417 pro-

554 3435 837 3488 stinatione
878 3444 1178 3489 sanctorum
1222 3446 1269 3490 et
1323 3438 1460 3490 dono
1507 3440 1923 3506 perseverantia,
1964 3450 2019 3494 et
2055 3455 2121 3494 ex
2223 3451 2386 3512 ponat
2429 3439 2570 3495 Deus
2593 3441 2739 3510 ipsos
2772 3454 2987 3503 vocare,
3031 3449 3247 3508 tumque
3291 3439 3521 3508 primum
3561 3439 3790 3507 gratiam

555 3525 753 3595 prioris
780 3525 921 3580 illius
951 3527 1231 3597 AuguStini
1265 3527 1382 3582 libri
1420 3529 1594 3598 capite
1618 3529 1704 3592 14,
1733 3539 1787 3584 et
1813 3531 2124 3600 posterioris
2222 3531 2287 3584 ad
2336 3531 2387 3584 id
2417 3538 2772 3599 opportunam
2818 3529 3097 3597 largiatur.
3147 3527 3280 3580 llinc
3320 3525 3479 3581 aliine
3532 3526 3792 3596 quiddam

555 3618 737 3688 capite
768 3618 860 3671 20.
900 3617 955 3671 In
990 3633 1051 3673 ea
1098 3619 1297 3688 quippe
1334 3619 1502 3672 fuisse
1545 3623 1809 3674 sententia
1842 3621 2118 3689 Irenaeum,
2221 3619 2392 3688 carpit
2420 3619 2472 3672 in
2504 3618 2734 3686 Origene
2763 3616 3050 3672 Jansenius
3079 3626 3208 3672 tom.
3240 3618 3279 3680 Ι,
3316 3617 3406 3671 lib.
3445 3633 3560 3683 νιιι,
3591 3632 3709 3686 cap.
3736 3619 3795 3682 4,

553 3709 1122 3780 etChrysostonnun;
1154 3711 1246 3765 sed
1278 3719 1482 3781 etpost
1516 3710 1855 3781 Pelagianam
1884 3724 2118 3777 aetatem,
2222 3713 2362 3778 quod
2410 3711 2616 3766 scilicet
2662 3709 2860 3764 dixerit
2915 3709 3170 3764 salutaris
3221 3709 3476 3763 doctrina:
3521 3723 3790 3778 praecepta

555 3801 982 3865 Theodoretum,
1013 3801 1492 3872 Theophylactum,
1522 3801 1930 3869 (Ecumenium,
1961 3805 2122 3860 altos-
2220 3802 2494 3858 Christum
2542 3801 2848 3858 hominibus
2900 3802 3213 3866 tradidisse,
3260 3810 3420 3870 prout
3445 3798 3666 3856 aﬁ'ectos
3696 3815 3792 3856 eos

553 3908 659 3962 que
698 3891 1001 3960 complures
1029 3892 1342 3947 tralatitium
1372 3902 1476 3948 est.
1499 3893 1632 3948 Cum
1665 3902 1722 3948 et
1747 3895 1988 3949 eamdem
2025 3897 2121 3950 ho-
2219 3908 2340 3949 esse
2370 3896 2538 3958 novit,
2574 3895 2840 3963 ﬁdemque
2860 3893 2963 3948 sibi
3003 3893 3342 3948 adhibituros
3385 3894 3686 3963 praesensit.
3721 3893 3792 3946 E-

554 3985 749 4054 dieque
790 3999 820 4038 a
856 3985 990 4040 viris
1043 3985 1324 4039 catholicis
1369 3996 1760 4056 propugnatam
1808 3988 2117 4055 videamus;
2220 3987 2435 4056 quidem
2463 3972 2568 4039 non
2603 3986 2815 4050 dubito,
2847 3986 2928 4039 uti
2951 3999 3112 4056 supra
3141 3985 3279 4052 dixi,
3311 3985 3587 4054 Opinatum
3627 3984 3794 4039 fuisse

551 4087 606 4129 et
632 4077 1126 4140 hanc,»a|teramve
1153 4076 1228 4130 illi
1261 4077 1561 4146 Oppositam
1605 4081 1852 4149 persequi
1883 4096 2121 4135 Slllllmo-
2220 4074 2526 4144 Origenem,
2564 4088 2630 4128 ex
2664 4073 2763 4129 hac
2800 4073 3130 4142 praenotione
3181 4083 3388 4128 motum
3434 4073 3600 4128 fuisse
3627 4073 3790 4130 Chri-

553 4183 668 4221 rum
697 4167 1022 4223 auctoritate
1049 4169 1363 4233 pontiﬁcum
1410 4169 1589 4225 liceat.
1624 4172 1733 4227 Nec
1765 4175 1898 4226 adeo
1941 4182 2119 4229 tamen
2220 4179 2362 4223 stum
2391 4169 2458 4223 ad
2488 4167 2717 4237 primam
2753 4167 2857 4222 illis
2900 4167 3132 4234 gratiam
3166 4163 3578 4236 impertiendam
3617 4184 3631 4219 :
3664 4182 3791 4236 pro-

551 4260 835 4314 seutentia:
867 4261 992 4314 huic
1019 4261 1388 4329 patrocinatus
1419 4273 1502 4318 est
1525 4263 1901 4325 Adamantius.
1931 4275 1988 4318 ut
2013 4280 2119 4319 non
2220 4269 2512 4330 ptereaque
2548 4259 2746 4313 nullam
2783 4259 3216 4329 Semipelagiano
3252 4258 3376 4312 huic
3404 4258 3577 4312 errori
3607 4257 3790 4312 defen-

550 4351 877 4406 contrariam
915 4353 1077 4407 etiam
1120 4354 1410 4423 aliquando
1436 4355 1631 4410 sectari
1669 4359 1816 4410 visus
1860 4355 1952 4410 sit.
1984 4354 2118 4408 Nam
2219 4350 2422 4404 sionem
2455 4350 2818 4405 obtendimns.
2852 4349 2948 4405 Sin
2988 4351 3059 4405 ita
3094 4350 3352 4404 sensisset
3375 4347 3656 4418 Origenes,
3688 4350 3790 4402 do-

549 4442 645 4497 lib.
678 4457 751 4497 vn
794 4445 851 4495 in
897 4441 1065 4511 Epist.
1116 4446 1184 4497 ad
1232 4445 1408 4508 Rom.,
1443 4460 1590 4499 num.
1619 4445 1705 4509 i5,
1738 4445 1852 4500 haec
1877 4445 2068 4498 scribit
2101 4461 2115 4497 :
2221 4441 2393 4495 ctrina
2445 4455 2541 4495 sua
2579 4440 2701 4496 illos
2746 4440 3004 4496 imbuisse
3047 4440 3344 4506 Christum,
3389 4454 3525 4509 quos
3565 4439 3664 4508 ipsi
3694 4453 3792 4508 per

553 4555 573 4586 ι
603 4535 709 4591 Sed
742 4537 854 4592 haec
889 4539 1071 4591 omnia
1097 4553 1162 4592 eo
1193 4550 1460 4607 spectant,
1497 4547 1555 4592 ut
1581 4539 1709 4593 illud
1755 4539 1943 4608 probet
1971 4539 2118 4608 Δρο-
2147 4541 2198 4601 ι)
2219 4533 2404 4602 gratia:
2432 4545 2544 4587 suae
2581 4547 2729 4587 mere
2749 4533 2996 4602 gratuitae
3025 4532 3281 4586 auxilium
3302 4545 3618 4586 assensnros
3647 4546 3791 4600 prte-

549 4627 740 4691 stolus,
764 4628 908 4697 quod
946 4629 990 4684 si
1014 4629 1100 4684 vel
1138 4629 1311 4693 Isaac,
1343 4629 1427 4682 vel
1469 4627 1638 4684 Jacob
1670 4643 1771 4699 pro
1795 4629 1883 4683 his
1907 4629 2114 4684 meritis
2220 4634 2478 4689 noverat,
2506 4625 2589 4679 vel
2616 4625 2857 4680 futurum
2882 4635 2937 4679 et
2961 4625 3248 4694 praevisum
3275 4638 3597 4678 consensum
3625 4637 3792 4678 occa-

547 4718 704 4774 eleeti
738 4718 964 4774 fuissent
1005 4735 1034 4774 a
1079 4721 1190 4776 Deo
1224 4736 1344 4790 qua:
1377 4722 1428 4775 in
1461 4736 1624 4776 carne
1649 4721 1807 4791 positi
1844 4721 2114 4792 acquisie-
2216 4717 2423 4771 sionem
2455 4716 2676 4772 Christo
2714 4717 3083 4785 impertienda:
3127 4731 3241 4771 sua:
3287 4717 3546 4770 doctrina:
3579 4724 3634 4770 et
3664 4729 3794 4784 gra-

547 4818 688 4873 rant,
711 4816 766 4863 et
783 4823 878 4878 per
901 4823 1061 4878 opera
1082 4811 1261 4865 carnis
1276 4809 1567 4879 iustiﬁcari
1599 4811 1945 4877 meruissem,
1978 4828 2109 4883 pos-
2219 4809 2305 4862 tiae
2326 4809 2634 4876 praebuisse,
2665 4824 2768 4863 non
2797 4818 2852 4863 ut
2901 4809 3229 4876 praeberetur
3268 4807 3618 4875 promeritam
3654 4807 3794 4862 luis-

546 4906 632 4954 set
659 4899 844 4969 utique
868 4900 1044 4955 meriti
1071 4916 1258 4957 eorum
1300 4903 1475 4972 gratia
1501 4905 1567 4956 ad
1599 4903 1962 4972 posteritatem
1993 4918 2115 4960 car-
2217 4914 2307 4960 se;
2345 4899 2446 4954 hoc
2471 4910 2554 4955 est
2582 4899 2811 4969 gratiam
2845 4913 2997 4953 suam
3033 4907 3090 4952 et
3126 4898 3427 4952 doctrinam
3467 4911 3570 4952 non
3605 4912 3672 4951 ex
3704 4897 3759 4950 fu

547 4991 634 5045 nis
668 5005 881 5062 quoque
909 5002 963 5046 et
992 4993 1266 5064 sanguinis
1315 4994 1606 5063 pertinere.
1641 4992 1794 5049 Nunc
1829 5009 1958 5050 vero
1987 5009 2110 5050 cum
2218 4991 2352 5044 turis
2378 5005 2562 5045 eorum
2591 4989 2816 5052 meritis.
2849 4989 2942 5042 θεά
2969 4990 3068 5042 hac
3105 5001 3400 5041 consensus
3423 4985 3602 5041 Oblata
3630 5001 3795 5041 0008-

544 5081 739 5137 electio
766 5098 975 5147 eorum,
1008 5099 1115 5138 non
1138 5099 1203 5140 ex
1225 5085 1476 5154 operibus
1504 5082 1648 5139 facta
1674 5085 1764 5149 sit,
1791 5085 1883 5140 sed
1903 5100 1969 5141 ex
1990 5101 2114 5156 pro-
2217 5083 2368 5138 sione
2394 5083 2667 5138 Christum
2712 5083 2877 5136 fuisse
2913 5080 3184 5150 Iargitum,
3231 5079 3441 5149 magnis
3478 5079 3663 5148 utique
3691 5094 3790 5147 pa-

543 5172 721 5242 posito
751 5173 868 5236 Dei,
908 5184 963 5227 et
983 5189 1049 5227 ex
1096 5174 1335 5227 vocantis
1388 5173 1638 5238 arbitrio,
1699 5175 2109 5244 promissionum
2219 5175 2389 5230 tronis
2421 5188 2542 5229 sese
2572 5183 2848 5238 tueretur;
2884 5182 3011 5242 puta
3039 5171 3358 5239 Augustino,
3390 5170 3506 5240 qui,
3545 5170 3789 5224 uthabct

545 5266 717 5335 gratia
743 5280 847 5319 non
875 5264 926 5319 in
953 5263 1078 5320 ﬁliis
1113 5266 1591 5337 carnisimpletur,
1617 5269 1709 5321 sed
1736 5267 1788 5320 in
1816 5267 1939 5321 ﬁliis
1966 5268 2059 5322 Dei
2093 5285 2109 5321 :
2213 5264 2500 5320 Jansenius
2555 5279 2719 5334 supra
2779 5264 2996 5317 laudato
3027 5261 3168 5327 loco,
3219 5261 3272 5316 in
3317 5259 3544 5330 epistola
3579 5259 3671 5324 49,
3718 5263 3789 5313 ad

548 5356 652 5410 hoc
680 5365 766 5409 est
805 5354 896 5423 qui
936 5355 1186 5410 similiter
1226 5364 1285 5409 ut
1332 5357 1429 5424 ipsi
1461 5371 1526 5410 ex
1571 5358 1846 5425 proposito
1881 5357 1972 5411 Dei
2007 5356 2108 5411 eli-
2215 5355 2554 5426 Deogratias,
2582 5364 2771 5424 quaest.
2805 5354 2858 5419 2,
2888 5357 3044 5408 docet
3089 5373 3105 5404 ι
3127 5362 3254 5406 tunc
3283 5352 3516 5406 voluisse
3547 5350 3784 5406 homini-

544 5454 766 5515 gumur,
801 5455 856 5500 et
905 5447 1236 5516 adoptantur
1277 5447 1329 5499 in
1363 5447 1520 5501 ﬁlios.
1551 5466 1569 5499 ι
1607 5445 1826 5510 Verum,
1879 5457 1939 5500 ut
1970 5459 2110 5517 saepe
2214 5448 2316 5501 bus
2344 5460 2602 5514 apparere
2639 5445 2935 5508 Christum,
2967 5453 3022 5498 et
3063 5445 3204 5514 apud
3234 5458 3330 5497 eos
3365 5441 3648 5512 praedicari
3683 5442 3785 5495 do-

545 5535 682 5600 dixi,
716 5551 907 5605 parum
931 5538 1055 5592 huic
1077 5538 1217 5592 libro
1244 5537 1642 5608 adiungendum
1665 5547 1746 5592 est
1773 5537 1920 5602 ﬁdei,
1946 5553 2106 5607 quem
2215 5538 2446 5592 ctrinam
2477 5553 2654 5604 suam,
2693 5539 2906 5606 quando
2958 5535 3185 5600 sciebat,
3221 5544 3276 5588 et
3305 5533 3396 5588 ubi
3430 5532 3631 5587 sciebat
3661 5545 3791 5585 esse

547 5628 850 5684 Ruﬁnianis
887 5631 1294 5699 opinationibus
1335 5645 1616 5699 aspersum
1671 5639 1728 5685 et
1775 5631 2107 5700 inquinatttm
2216 5631 2307 5701 qui
2339 5631 2391 5686 in
2435 5645 2554 5687 eam
2594 5631 2808 5686 fuerant
2838 5629 3134 5697 credituri;
3165 5647 3184 5680 ι
3229 5637 3284 5682 et
3317 5625 3595 5696 aliquanto
3619 5632 3780 5695 post:

619 5803 827 5860 l’lCor.
858 5821 932 5870 Ix,
963 5807 1051 5860 27.
1129 5809 1150 5841 '
1175 5808 1190 5861 1
1215 5810 1338 5864 Cor.
1368 5824 1460 5876 xu,
1495 5808 1580 5863 18.
