4170 6400
399 451 460 476 ωδν

363 477 464 513 tuo

1138 446 1712 514 OlllGENIANORUM
1757 455 1884 514 LIB.
1925 461 1990 522 ιι,
2033 454 2184 518 CAP.
2226 457 2286 526 II,
2329 453 2605 526 QUIEST.
2651 448 2784 512 vm.

3503 447 3605 510 07$

369 600 386 630 ε
415 579 552 643 Ouid
576 588 706 649 ergo
737 581 930 634 mirum
961 579 1004 635 si
1039 590 1144 634 tam
1179 583 1486 640 inlidelibus
1513 584 1724 653 plenum
1754 584 1938 635 orbem
1970 588 2012 642 Α
2045 584 2289 651 poribus,
2326 598 2390 636 ex
2433 595 2604 649 eaque
2630 578 2946 632 diversitate
2982 577 3164 630 mundi
3199 575 3610 631 consonantiam

364 681 632 724 terrarum
667 672 917 726 Christus
949 673 1227 742 prioribus
1256 677 1467 728 saeculis
1493 685 1738 740 noverat,
1781 686 1837 727 ut
1859 675 1938 728 eis

364 778 651 830 apparere,
697 764 782 818 vel
834 765 1119 832 pr:edicari
1181 765 1374 819 merito
1415 766 1600 833 nollet,
1656 782 1790 835 quos
1841 781 1938 821 nec

363 855 562 920 verbis,
599 871 698 909 nec
731 857 1008 910 miraculis
1047 856 1160 910 suis
1204 856 1510 911 credituros
1543 873 1663 912 esse
1689 857 1938 927 praescie-

363 947 491 1000 bat?
517 967 535 998 ι
566 957 619 1000 et
647 946 1055 1018 Chrysoslomo,
1081 947 1170 1016 qui
1198 963 1364 1004 serm.
1399 949 1432 1002 4
1455 950 1509 1002 in
1545 947 1712 1016 Epist.
1744 951 1813 1001 ad
1832 948 1936 1002 Co-

365 1039 515 1102 loss.,
559 1040 624 1091 ad
666 1054 808 1095 vers.
840 1039 910 1092 25
941 1041 1021 1094 sic
1061 1041 1223 1094 habet
1263 1056 1277 1092 :
1328 1039 1386 1091 Ὀ
1417 1038 1524 1110 γὰρ
1556 1039 1689 1103 Θεὸς
1721 1041 1820 1093 οὐκ
1872 1041 1938 1093 ἁο

370 1129 545 1201 θρὸως
596 1129 776 1183 πάντα
822 1133 986 1192 ποιεῖ,
1035 1130 1171 1184 ἀλλὰ
1229 1129 1493 1201 κέχρηται
1546 1131 1939 1200 συγκαταϐἁσει

361 1219 447 1272 διὰ
488 1220 584 1290 τὴν
614 1219 812 1290 πολλὴν
845 1222 1006 1275 αὐτοῦ
1042 1223 1466 1295 φιλανθρωπίαν.
1512 1223 1620 1276 Καὶ
1652 1223 1807 1276 τοῦτο
1855 1222 1938 1277 αῖ-

360 1325 472 1363 τιον
500 1313 594 1366 τοῦ
629 1313 724 1366 νῦν
755 1313 1156 1384 παραγενέσθαι
1186 1315 1276 1368 τὸν
1299 1313 1550 1386 Χριστὸν,
1583 1311 1718 1367 ἀλλὰ
1743 1314 1818 1386 μὴ
1844 1315 1941 1368 πά-

363 1402 451 1456 λαι
478 1421 491 1432 ·
522 1423 540 1456 ι
568 1405 708 1460 Deus
743 1405 888 1460 enim
923 1423 1028 1462 non
1061 1419 1280 1477 repente
1309 1408 1436 1461 lacit
1457 1408 1659 1471 omnia,
1685 1409 1778 1462 sed
1813 1423 1938 1476 pro-

363 1503 484 1560 pter
527 1509 793 1549 summam
847 1511 996 1549 suam
1053 1496 1447 1552 humanitatem
1490 1512 1610 1553 sese
1653 1497 1810 1553 rebus
1850 1513 1942 1553 ac-

363 1585 692 1639 commodat.
748 1585 812 1639 Et
840 1585 956 1640 haec
985 1601 1148 1640 causa
1197 1597 1300 1651 est,
1346 1603 1442 1643 cur
1478 1603 1617 1642 nunc
1665 1589 1940 1643 advenerit

365 1671 641 1738 Servator,
675 1691 778 1730 non
811 1676 939 1732 olim
968 1694 984 1745 ;
1012 1695 1029 1728 ι
1081 1679 1224 1747 quod
1255 1677 1429 1734 fusius
1477 1679 1697 1734 disserit
1732 1681 1785 1734 in
1833 1680 1940 1734 line

363 1765 599 1821 homilize
628 1767 904 1834 ejusdem;
960 1780 1013 1824 et
1045 1768 1284 1834 Sedulio,
1339 1771 1429 1840 qui
1464 1773 1517 1824 in
1554 1766 1774 1826 Roman.
1814 1783 1937 1837 vm,

359 1856 453 1925 28,
495 1860 828 1928 propositum
858 1861 988 1916 illud
1030 1862 1123 1916 Dei
1153 1863 1224 1916 ibi
1260 1863 1667 1933 intelligendum
1699 1878 1822 1920 esse
1854 1864 1939 1918 di-

363 1951 460 2014 cit,
513 1969 532 2001 ‹
561 1952 853 2006 secundum
887 1954 1031 2024 quod
1087 1954 1368 2024 proposuit
1411 1955 1624 2009 salvare
1666 1956 1779 2011 sola
1811 1957 1933 2025 lide,
1969 1939 2012 1994 Β

362 2057 497 2109 quos
547 2049 858 2112 prazscierat
893 2045 1262 2101 credituros.»
1323 2045 1474 2101 Ferri
1526 2049 1694 2102 etiam
1734 2058 1935 2118 posset,

361 2133 505 2200 quod
546 2134 694 2188 addit
719 2134 999 2205 Origenes,
1037 2154 1142 2193 non
1171 2155 1235 2194 ex
1283 2140 1396 2196 sola
1425 2141 1519 2195 Dei
1546 2141 1824 2196 voluntate
1853 2142 1939 2212 ju-

362 2224 745 2280 stiﬁcatiouem
790 2237 1033 2282 nostram
1085 2232 1344 2298 pendere,
1385 2247 1560 2301 neque
1608 2231 1832 2286 salutem
1873 2235 1939 2288 de

366 2327 547 2370 nostra
583 2318 800 2385 penitus
819 2333 943 2376 esse
971 2330 1238 2390 potestate
1261 2323 1562 2388 sublatam;
1595 2339 1720 2379 nam
1752 2326 1939 2396 gratiae

358 2409 760 2477 justilicationis
805 2413 971 2467 libere
1013 2415 1281 2470 consentit
1309 2415 1488 2479 homo,
1522 2432 1550 2469 a
1585 2431 1689 2484 qua
1726 2417 1938 2472 dissen-

363 2503 470 2557 tire
507 2511 718 2572 potest;
768 2512 823 2560 et
849 2505 1084 2560 salutem
1121 2517 1379 2561 aaternam
1429 2508 1797 2562 dissentiendo
1839 2525 1937 2577 po-

367 2605 472 2650 test
499 2597 766 2661 amittere,
788 2596 944 2666 juxta
973 2599 1290 2654 Tridentiua
1336 2599 1537 2669 placita
1565 2599 1700 2670 (45).
1735 2601 1936 2655 Verum

365 2688 701 2743 commodam
732 2703 946 2744 omnem
981 2691 1481 2762 interpretationem
1507 2691 1800 2746 excludunt
1821 2707 1940 2760 quae

365 2779 586 2847 apponit
615 2775 904 2848 Origenes,
956 2799 973 2830 ι
1003 2796 1106 2834 non
1148 2782 1199 2834 in
1232 2779 1572 2850 praescientia
1607 2778 1700 2834 Dei
1730 2781 1938 2834 unicui-

363 2881 468 2936 que
498 2869 691 2924 salutis
725 2885 944 2925 causam
983 2871 1130 2940 poni,
1181 2871 1278 2925 sed
1315 2872 1368 2925 in
1399 2872 1676 2942 proposito
1719 2881 1774 2926 et
1803 2873 1940 2927 acti-

362 2963 462 3016 bus
493 2963 638 3025 suis;
668 2980 686 3013 s
737 2963 1033 3017 excludunt
1081 2973 1138 3016 et
1189 2963 1397 3031 reliqua
1440 2962 1751 3018 Adamantii
1800 2978 1939 3032 pra:-

363 3051 591 3120 scripta,
623 3053 764 3107 unde
797 3054 911 3108 lucc
945 3053 1384 3122 proliciscuntur.
1408 3050 1537 3106 Jure
1565 3067 1780 3122 quoque
1809 3053 1940 3108 Pau-

363 3143 458 3198 lini
495 3143 618 3212 Ioci,
642 3146 732 3214 qui
757 3143 977 3200 exstatl
1006 3144 1132 3200 Cor.
1161 3160 1260 3210 xu,
1289 3143 1380 3210 18,
1413 3146 1686 3214 proposita
1724 3146 1792 3200 ab
1821 3144 1940 3200 Ori-

361 3249 520 3302 gene,
553 3251 655 3290 non
693 3247 897 3292 asserta
929 3246 1104 3292 tamen
1131 3239 1200 3292 ab
1224 3251 1310 3300 eo,
1349 3251 1522 3306 neque
1558 3237 1784 3292 omnino
1815 3252 1940 3306 pro-

364 3327 489 3379 bata
545 3327 854 3398 esplicatio,
907 3337 1095 3399 utpote
1139 3329 1374 3384 absurda
1415 3337 1472 3384 et
1511 3329 1742 3384 violenta
1778 3327 1938 3384 refel-

363 3416 510 3474 Iitur.

905 3510 1228 3579 QUAESTIO
1268 3510 1403 3571 VIII.

993 3619 1059 3658 DE
1093 3620 1304 3658 ASTRIS.

364 3731 405 3750 ι.
447 3694 636 3750 Utrum
691 3707 836 3749 astra
886 3697 1121 3748 animata
1150 3711 1294 3766 esse,
1333 3695 1499 3750 Deum
1535 3713 1840 3766 cognoscere
1885 3707 1934 3750 et

431 3767 655 3832 precari,
687 3782 898 3832 peccare
935 3782 1106 3834 posse,
1126 3765 1427 3835 judicatum
1475 3767 1562 3822 iri.
1601 3765 1671 3818 iac
1709 3767 1933 3819 salutent

433 3851 641 3896 sperare
673 3846 718 3890 et
756 3852 904 3904 posse
938 3833 1180 3904 Conseqai
1211 3833 1462 3902 Origenes
1493 3837 1839 3905 afﬁrmaverit.
1869 3835 1931 3889 ll.

435 3911 478 3960 A
513 3908 690 3958 multis
723 3907 807 3958 hic
833 3907 1093 3973 arguitur.
1135 3905 1220 3959 III.
1266 3905 1379 3958 Nec
1413 3905 1719 3972 defensione
1758 3915 1934 3958 tamen

433 3987 593 4030 caret.
637 3975 724 4029 IV.
772 3975 922 4029 Viam
970 3975 1072 4042 ipsi
1095 3977 1163 4028 ad
1194 3975 1248 4027 id
1270 3975 1586 4028 credendum
1635 3983 1931 4028 straverunt

430 4048 656 4108 antiqui.
700 4045 760 4102 ν.
800 4043 986 4098 Utrum
1024 4045 1278 4098 sideribus
1327 4044 1630 4113 futurorum
1661 4043 1934 4114 signiﬁca-

433 4118 626 4170 tionem
667 4134 698 4168 a
756 4115 860 4170 Deo
891 4117 1196 4182 impressam
1242 4115 1521 4183 putaverit.
1581 4115 1663 4168 \‘I.
1707 4117 1786 4166 An
1828 4121 1932 4167 tres

431 4187 629 4254 priores
654 4186 932 4239 creationis
957 4187 1070 4238 dies
1105 4186 1218 4238 sine
1247 4186 1374 4250 sole,
1404 4187 1532 4238 luna
1557 4196 1605 4237 et
1643 4185 1807 4238 stellis
1829 4197 1935 4237 non

433 4257 598 4326 fuisse
623 4258 922 4310 decreverit.
1876 4287 1884 4296 ι

432 4349 472 4403 Ι.
515 4349 653 4414 Quid
685 4345 944 4418 Origenes
971 4348 1038 4400 de
1074 4348 1234 4401 astris
1281 4345 1514 4402 senserit
1546 4343 1930 4415 exploraturis,

364 4441 613 4495 animane
659 4455 722 4494 ea
750 4450 805 4494 et
852 4453 1088 4510 corpore
1119 4447 1373 4494 constare
1404 4438 1477 4492 sit
1517 4437 1832 4501 arbitratus,
1860 4451 1928 4490 an

361 4545 591 4600 corpora
619 4545 740 4586 esse
775 4530 1041 4595 inanima,
1097 4544 1310 4584 rursum
1346 4530 1590 4584 iteranda
1648 4536 1776 4583 sunt
1813 4542 1935 4597 quae

2040 671 2400 734 eiliorescere,
2429 670 2578 724 addit
2609 668 2868 738 quasdam
2896 682 2962 720 ex
2989 667 3075 721 his
3105 682 3224 735 quae
3252 684 3270 715 ι
3301 665 3612 720 melioribus

2041 765 2252 819 meritis
2278 776 2424 830 sunt,
2483 766 2549 818 ad
2577 761 2946 816 exornandum
2985 760 3168 814 mundi
3223 769 3422 814 statum
3464 774 3612 813 com-

2039 858 2148 927 pati
2174 857 2417 924 reliquis,
2453 865 2508 910 et
2551 853 2781 908 ollicium
2823 853 3065 922 praebere
3100 851 3468 915 inferioribus,
3504 864 3612 919 quo

2039 960 2137 1016 per
2184 947 2288 1000 hoc
2315 945 2606 1014 participes
2653 943 2923 998 exsistant
2960 942 3237 1012 patientia:
3283 940 3608 996 Creatoris:

2041 1037 2336 1092 secundum
2399 1036 2540 1105 quod
2594 1034 2884 1104 Apostolus
2941 1034 3057 1104 ipse
3113 1033 3280 1088 dicit6
3317 1051 3329 1086 :
3372 1032 3612 1087 Vanitati

2039 1129 2185 1184 enim
2217 1138 2466 1183 creatura
2511 1127 2748 1196 subjecta
2787 1138 2870 1182 est
2911 1142 3017 1180 non
3043 1125 3248 1191 volens,
3273 1125 3366 1180 sed
3395 1134 3615 1195 propter

2039 1236 2162 1274 eum
2192 1226 2284 1290 qui
2317 1222 2612 1291 subjecerit
2659 1221 2712 1274 in
2749 1234 2923 1290 spem.
2957 1235 2976 1270 ι
3023 1217 3176 1286 Quod
3200 1216 3265 1272 de
3293 1219 3454 1272 astris
3493 1217 3613 1272 sine

2039 1314 2206 1369 dubio
2239 1314 2642 1384 intelligendum
2667 1321 2769 1368 est.

2112 1405 2223 1462 Nec
2274 1407 2514 1460 animam
2570 1405 2836 1460 duntaxat
2889 1404 3162 1459 sideribus
3189 1403 3428 1458 additam
3468 1417 3610 1470 esse,

2039 1501 2134 1553 sed
2167 1511 2230 1554 ea
2253 1497 2414 1553 etiam
2445 1497 2656 1551 ratione
2680 1496 2899 1566 pollere,
2933 1495 3099 1549 Deum
3126 1509 3474 1565 cognoscere,
3504 1493 3614 1547 lau-

2041 1593 2172 1647 dare
2203 1605 2267 1644 ac
2318 1589 2526 1658 precari
2561 1601 2710 1643 ratus
2739 1598 2842 1643 est.
2866 1586 2999 1640 Nam
3029 1597 3155 1642 tom.
3183 1603 3279 1640 xm
3313 1589 3367 1640 in
3398 1586 3613 1650 Matth.,

2038 1697 2190 1737 num.
2225 1681 2316 1744 30,
2353 1681 2466 1735 hate
2499 1680 2751 1750 leguntur
2783 1698 2796 1732 :
2837 1679 3069 1732 Ἀτοπον
3098 1678 3206 1749 γὰρ
3238 1677 3414 1746 λέγειν
3453 1678 3514 1730 τὸ
3556 1677 3615 1743 ἐξ

2037 1775 2264 1846 οὐρανοῦ
2291 1776 2384 1829 καὶ
2411 1776 2514 1846 γῆς
2543 1775 2637 1828 καὶ
2661 1774 2766 1827 τῶν
2790 1775 2848 1827 ὲν
2876 1777 3058 1838 αὐτοῖς
3083 1773 3352 1844 σύστημα,
3385 1772 3513 1826 ὥστ’
3535 1773 3612 1826 εἰ-

2039 1871 2160 1922 πεῖν
2187 1867 2254 1920 ἂν
2278 1868 2356 1920 ὅτι
2387 1865 2561 1936 ἥλιος,
2589 1865 2680 1920 καὶ
2715 1865 2932 1936 σελήνη,
2969 1865 3062 1918 καὶ
3088 1867 3116 1918 ὁ
3146 1866 3304 1934 χορὸς
3328 1865 3436 1916 τῶν
3465 1863 3616 1917 ἀστέ-

2040 1975 2170 2028 ρων,
2223 1957 2316 2012 καὶ
2365 1958 2415 2010 οἱ
2455 1958 2513 2009 ὲν
2543 1957 2649 2026 ὅλῳ
2677 1956 2756 2027 τῷ
2793 1956 2984 2028 κόσμῳ
3032 1957 3207 2027 τούτῳ
3242 1955 3462 2025 ἄγγελοι
3513 1954 3614 2007 οὐκ

2038 2050 2280 2119 ἔγνωσαν
2308 2049 2368 2103 τὺ
2393 2049 2644 2121 ἀληθινὸν
2672 2050 2806 2120 φῶς,
2835 2050 2929 2104 καὶ
2971 2049 3294 2118 ἀγνοοῦντες
3327 2049 3458 2102 αὐτὸ
3489 2049 3616 2119 ἐτή-

2039 2158 2214 2212 ρησαν
2245 2140 2342 2212 τὴν
2367 2141 2794 2212 ὲπιτεταγμένην
2824 2142 3003 2205 αὐτοῖς
3033 2142 3142 2194 ἀπὸ
3164 2140 3298 2194 Θεοῦ
3327 2139 3498 2206 τάξιν.
3544 2141 3616 2194 At

2040 2234 2180 2289 libro
2202 2251 2234 2288 v
2264 2245 2446 2289 contra
2470 2234 2632 2301 Cels.,
2663 2250 2812 2290 num.
2840 2235 2928 2302 ID,
2952 2251 3076 2305 pag.
3105 2235 3233 2300 585,
3269 2244 3411 2288 astra
3437 2235 3614 2304 appel-

2039 2326 2112 2380 lat
2143 2323 2257 2390 ζῶα
2281 2327 2473 2396 λογικὰ
2505 2327 2600 2381 καὶ
2624 2326 2906 2392 σπουδαῖα,
2933 2328 3027 2380 καὶ
3051 2325 3387 2396 φωτισθέντα
3409 2325 3484 2397 τῷ
3511 2343 3616 2396 φωι

2037 2419 2091 2471 τὶ
2112 2418 2211 2489 τῆς
2225 2419 2475 2488 γνώσεως
2491 2417 2595 2477 ὕπὸ
2612 2419 2713 2490 τῆς
2734 2420 2943 2489 σοφίας,
2965 2421 3086 2491 ἣτις
3110 2420 3256 2473 ἐστὶν
3277 2418 3613 2490 ἀπαύγασμα

2040 2509 2216 2578 φωτὸς
2242 2508 2433 2562 ἀϊδίου.
2487 2510 2684 2564 Eadem
2717 2524 2904 2578 preces
2933 2509 3131 2565 oﬂ'erre
3156 2511 3262 2564 Deo
3293 2527 3388 2580 per
3425 2512 3612 2577 unige-

2041 2601 2218 2654 nitum
2277 2599 2394 2670 ejus
2414 2601 2632 2665 Filium,
2670 2602 2954 2672 ipsumque
2983 2601 3204 2656 laudare
3241 2603 3432 2670 probat
3459 2617 3607 2655 num.

2041 2694 2127 2755 l5,
2164 2707 2227 2748 ex
2257 2693 2476 2748 Davidis
2503 2693 2697 2763 psalm.
2723 2709 2944 2758 chvm,
2965 2695 3020 2759 5,
3054 2695 3087 2748 αι
3118 2711 3133 2746 :
3163 2712 3181 2745 ι
3204 2694 3440 2748 Laudate
3465 2709 3614 2762 eum,

2039 2802 2230 2842 omnes
2266 2787 2433 2842 stellae
2472 2800 2528 2842 et
2560 2787 2738 2842 lumen
2787 2805 2800 2840 :
2846 2787 3060 2842 laudate
3105 2805 3250 2851 eum.
3291 2788 3414 2843 οωιί
3449 2787 3616 2842 εωΙο-

1984 2925 1993 2932 .
2042 2893 2184 2931 rum.
2211 2896 2230 2928 ι
2268 2877 2387 2945 Quo
2435 2887 2491 2933 et
2523 2879 2654 2935 illud
2687 2879 2854 2934 refert
2894 2895 2964 2934 ex
2999 2880 3170 2950 Epist.
3201 2882 3265 2934 ad
3314 2881 3468 2935 Rom.
3496 2895 3614 2943 vni,

2048 2971 2206 3026 I9-2I
2265 2985 2281 3025 :
2338 2990 2358 3023 ε
2396 2970 2741 3042 Exspectatio
2794 2983 3059 3030 creaturae
3110 2975 3491 3029 revelationem
3548 2973 3614 3027 Iis

2043 3062 2238 3118 liorum
2275 3062 2366 3118 Dei
2405 3073 2698 3133 exspectat.
2739 3064 2973 3120 Vanitati
3017 3066 3163 3122 enim
3196 3075 3450 3121 creatura
3485 3066 3616 3120 sub-

2036 3155 2182 3225 jecta
2211 3166 2294 3211 est
2331 3171 2434 3210 non
2468 3156 2676 3220 volens,
2714 3159 2808 3212 sed
2843 3169 3066 3228 propter
3091 3172 3214 3212 eum
3253 3158 3345 3227 qui
3379 3158 3615 3226 subjecit

2043 3263 2162 3301 eam
2203 3249 2255 3302 in
2297 3263 2394 3318 spe
2430 3265 2446 3302 :
2491 3249 2617 3317 quia
2648 3259 2703 3302 et
2753 3249 2864 3317 ipsa
2911 3257 3159 3304 creatura
3215 3248 3529 3303 liberabitur
3579 3265 3611 3302 a

2039 3341 2298 3394 servitute
2321 3338 2684 3407 corruptionis
2719 3339 2771 3393 in
2808 3340 3107 3395 libertatem
3158 3339 3342 3409 gloriae
3377 3340 3609 3394 liliormu

2040 3433 2132 3487 Dei
2159 3450 2173 3498 ;
2205 3449 2222 3484 ι
2257 3443 2310 3488 et
2341 3432 2430 3487 lib.
2465 3448 2558 3486 vm
2589 3434 2772 3502 operis
2810 3431 3052 3500 ejusdem
3096 3447 3246 3486 num.
3277 3430 3346 3485 66
3385 3449 3399 3484 :
3431 3431 3613 3501 Εὐφηε

2041 3525 2249 3598 μοῦμεν
2278 3521 2369 3580 οὖν
2393 3526 2566 3597 ἥλιον,
2602 3526 2797 3596 inquit,
2823 3524 2898 3589 ὡς
2919 3524 3082 3579 καλὸν
3116 3524 3251 3579 Θεοῦ
3279 3524 3615 3597 δημιούργη-

2040 3633 2116 3686 μα
2142 3616 2235 3670 καὶ
2258 3619 2386 3680 τοὺς
2418 3617 2614 3688 νόμους
2641 3616 2912 3685 φυλάσσον
2938 3615 3098 3680 Θεοῦ,
3131 3617 3224 3668 καὶ
3256 3614 3453 3669 ἀκοῦον
3478 3615 3573 3668 τοῦ
3595 3632 3608 3645 ·

2036 3710 2242 3763 Αἰνεῖτε
2259 3709 2350 3762 τὸν
2374 3709 2598 3780 Κύριον,
2614 3710 2763 3778 ἥλιος
2788 3709 2880 3762 καὶ
2902 3709 3114 3780 σελήνη.
3131 3709 3224 3762 καὶ
3247 3708 3343 3779 ὅση
3365 3707 3613 3778 δύναμις,

2037 3801 2252 3870 ὑμνεῖτε
2284 3801 2374 3854 τὸν
2403 3802 2641 3871 Πατέρα,
2677 3801 2882 3854 καὶτὸν
2910 3801 2972 3870 δη
2982 3800 3236 3872 μιουργὺν
3255 3799 3350 3852 τοῦ
3379 3798 3574 3862 παντός
3597 3817 3610 3829 ’

2037 3901 2092 3944 et
2150 3891 2312 3960 paulo
2366 3901 2507 3960 post,
2561 3907 2712 3945 num.
2745 3892 2815 3946 (i7
2851 3909 2864 3944 :
2902 3890 3209 3962 ’Υμνοῦμέν
3240 3907 3303 3958 γε
3329 3891 3480 3954 Θεὸν,
3519 3893 3615 3945 καὶ

2034 3982 2123 4034 τὸν
2151 3983 2428 4054 Μονογενῆ
2468 3983 2656 4048 αὑτοῦ,
2692 3983 2766 4046 ὡς
2796 3984 2890 4036 καὶ
2928 3983 3096 4052 ἥλιος,
3137 3982 3230 4036 mi.
3269 3982 3483 4053 σελήνη,
3518 3983 3612 4036 καὶ

2034 4075 2226 4145 ἄστρα,
2263 4075 2357 4128 καὶ
2385 4077 2534 4128 πᾶσα
2583 4077 2616 4145 ἡ
2646 4075 2873 4145 οὐρανία
2931 4074 3193 4145 στρατιά·
3237 4075 3464 4144 ὑμνοῦσι
3499 4075 3610 4147 γὰρ

2036 4168 2236 4230 πάντες
2261 4160 2430 4232 οὗτοι,
2477 4167 2619 4230 Θεῐος
2657 4168 2809 4231 ὄντες
2831 4167 2989 4238 χορὸς
3026 4167 3162 4238 μετὰ
3180 4167 3288 4220 τῶν
3316 4170 3374 4220 ὲν
3405 4167 3613 4239 ἀνθρώ-

2009 4265 2158 4321 ’ποις
2197 4257 2419 4311 δικαίων
2447 4257 2538 4311 τὸν
2586 4258 2677 4310 ἐπὶ
2709 4259 2843 4310 πᾶσι
2871 4256 3026 4323 Θεὸν,
3081 4255 3172 4309 καὶ
3215 4255 3305 4309 τὸν
3333 4255 3612 4325 Μονογενῆ

2034 4348 2220 4404 αὑτοῦ.

2108 4441 2309 4498 Eadem
2352 4443 2588 4512 peccatis
2613 4455 2733 4498 esse
2771 4440 3044 4506 obnoxia;
3099 4453 3196 4494 nec
3232 4449 3374 4493 astra
3426 4436 3608 4504 modo,

2037 4536 2132 4589 sed
2158 4533 2432 4589 elementa
2461 4534 2650 4599 etiam,
2691 4547 2755 4587 ac
2803 4532 3032 4603 proinde
3068 4530 3330 4599 judicium
3360 4529 3450 4584 Dei
3481 4528 3609 4583 oliui

363 4631 476 4677 tam
511 4637 652 4692 saepe
674 4637 838 4692 supra
869 4621 1226 4677 disseruimus
1272 4641 1286 4676 :
1317 4630 1523 4677 mentes
1555 4631 1680 4675 ante
1701 4633 1931 4688 corpora
1966 4644 2010 4699 ι)
2041 4624 2289 4678 subitura
2329 4622 2468 4688 fore,
2499 4622 2771 4678 sententia
2823 4622 2992 4691 ipsius
3035 4631 3142 4687 eSt,
3175 4621 3260 4674 his
3292 4619 3610 4690 consignata

359 4714 608 4769 conditas
651 4714 930 4783 opinatum
958 4712 1364 4778 Adamantium,
1416 4727 1482 4767 ac
1513 4727 1611 4783 pro
1645 4711 1853 4766 meritis
1881 4709 1936 4764 in

361 4805 538 4868 varia,
579 4806 843 4873 variaque
867 4817 1098 4874 corpora
1139 4804 1418 4870 detrusas;
1463 4804 1723 4874 quasdam
1757 4811 1935 4858 autem

360 4910 428 4952 ex
462 4896 568 4952 illis
593 4911 718 4966 quae
744 4911 847 4952 non
881 4899 1115 4966 pessime
1139 4911 1261 4952 sese
1281 4897 1599 4966 gessissent,
1631 4896 1939 4951 animandis

361 4989 496 5044 solis
515 5001 571 5043 et
601 4989 762 5054 lunae,
790 4989 1128 5058 aliorumque
1156 4989 1396 5044 siderum
1425 4988 1763 5058 corporibus,
1792 5003 1942 5042 mune

359 5083 539 5152 doque
561 5081 880 5135 illustrando
905 5095 970 5134 ac
1006 5083 1340 5144 exon-nando,
1380 5080 1542 5135 nobili
1572 5080 1786 5134 scilicet
1817 5094 1938 5134 mu-

361 5173 478 5228 neri
508 5173 676 5228 fuisse
704 5172 1007 5243 prmlectas.
1048 5173 1102 5226 Id
1132 5187 1294 5241 supra
1322 5173 1435 5242 jam
1469 5171 1762 5226 delibatum
1794 5184 1938 5224 nunc

360 5277 428 5318 eo
452 5265 614 5318 etiam
657 5265 888 5333 amplius
928 5265 1264 5333 probandum
1295 5274 1397 5320 est.
1441 5263 1532 5318 Sic
1562 5263 1796 5317 habetur
1823 5261 1938 5329 qui-

357 5355 482 5408 dem
519 5365 663 5410 tomo
693 5373 707 5410 ι
734 5355 985 5425 Origenis
1012 5356 1069 5410 in
1093 5355 1277 5420 Joan.,
1317 5370 1463 5408 num.
1499 5355 1588 5418 l7,
1635 5353 1731 5408 καὶ
1759 5353 1868 5424 γὰρ
1897 5355 1932 5423 ἡ

356 5447 503 5519 ψυχὴ
529 5447 622 5500 τοῦ
649 5447 798 5518 ἡλίου
829 5450 889 5500 ὲν
919 5446 1156 5517 σώματι.
1185 5445 1298 5501 Hoc
1326 5455 1435 5512 est,
1470 5462 1490 5496 ι
1509 5446 1692 5500 anima
1727 5445 1882 5510 solis,
1907 5462 1926 5495 ο

358 5551 465 5591 non
497 5537 644 5602 Eliaa,
688 5547 749 5592 ut
791 5539 971 5606 inepte
1006 5538 1170 5591 vertit
1220 5537 1508 5606 interpres.
1547 5534 1711 5590 Libro
1741 5550 1869 5590 vero
1892 5550 1928 5590 ιι

356 5629 501 5697 Περὶ
547 5627 770 5697 ἀρχῶν,
833 5643 956 5698 cap.
985 5629 1042 5692 9.
1095 5643 1244 5682 ιιυιιι.
1279 5627 1333 5692 7,
1381 5637 1666 5696 postquam
1723 5627 1932 5682 animas

353 5725 515 5793 juxta
545 5725 772 5778 virtutes
799 5738 863 5778 ac
895 5723 1087 5776 merita
1115 5721 1343 5778 diversis
1366 5720 1548 5776 sanxit
1569 5720 1782 5776 adnecti
1805 5735 1931 5776 cor-

428 5821 451 5852 ⁶
479 5816 637 5873 Rom.
660 5832 779 5882 vut,
803 5816 894 5870 20.
960 5817 980 5847 "
1008 5815 1136 5870 ibid.
1170 5813 1263 5872 ‘22.

429 5911 540 5986 (45)
564 5909 805 5967 Trident.
839 5925 1015 5978 conc.,
1051 5925 1182 5967 sess.
1217 5923 1292 5977 vt,
1317 5925 1433 5981 cap.
1470 5910 1525 5976 5,
1553 5918 1603 5966 ct
1635 5925 1760 5966 can.
1783 5909 1835 5965 4.

2040 4713 2216 4770 verbis
2245 4715 2432 4769 homil.
2457 4714 2491 4768 4
2511 4715 2567 4768 in
2588 4713 2808 4778 Exeo/1.,
2831 4727 2978 4768 num.
3007 4714 3028 4766 l
3063 4729 3078 4766 :
3113 4729 3132 4762 ‹
3157 4710 3416 4766 Futurum
3446 4719 3529 4764 est
3553 4717 3612 4763 ut

2039 4805 2091 4859 in
2125 4805 2426 4873 diejudicii
2458 4820 2562 4859 non
2589 4805 2764 4860 solum
2813 4805 2995 4870 homo,
3027 4804 3121 4859 sed
3154 4802 3318 4858 etiam
3354 4802 3608 4856 universa

2038 4897 2277 4952 conditio
2297 4897 2589 4966 judicetur.
2621 4897 2806 4952 Omnis
2843 4897 3042 4966 quippe
3077 4907 3318 4950 creatura
3346 4893 3606 4964 congemi-

2037 4989 2134 5040 scit
2164 4999 2212 5040 et
2233 4988 2472 5042 condolet
2493 4989 2535 5043 ⁷.
2573 4987 2630 5042 Si
2674 4989 2853 5044 omnis
2890 4997 3135 5042 creatura
3176 4983 3526 5054 congemiscit
3554 4991 3610 5037 et

2035 5079 2306 5142 condolet,
2338 5090 2426 5136 est
2451 5091 2631 5136 autem
2664 5091 3035 5135 creaturarum
3069 5092 3194 5148 pars
3229 5086 3374 5132 terra
3407 5085 3462 5130 et
3492 5088 3607 5128 cm-

2035 5171 2168 5235 lum,
2199 5181 2253 5226 et
2274 5180 2472 5227 caetera
2512 5186 2738 5240 quaeque
2768 5185 2888 5237 quae
2912 5169 3012 5225 sub
3053 5168 3192 5224 calo
3224 5175 3368 5232 sunt,
3398 5173 3454 5220 et
3486 5179 3608 5234 quae

2033 5277 2197 5331 super
2223 5263 2411 5327 celos,
2436 5271 2493 5316 et
2523 5262 2841 5318 liberabitur
2869 5261 3048 5315 omnis
3081 5267 3332 5314 creatura
3377 5273 3406 5310 a
3440 5257 3609 5310 servi-

2036 5363 2149 5409 tute
2170 5355 2540 5424 corruptionis
2577 5355 2632 5409 in
2667 5353 2968 5408 libertatem
2995 5352 3180 5422 gloria:
3229 5350 3459 5404 ﬁliorum
3485 5349 3606 5414 Dei,

2039 5445 2162 5514 quis
2186 5445 2293 5501 scit
2317 5454 2374 5500 et
2400 5446 2470 5500 de
2525 5455 2690 5509 terra,
2730 5459 2800 5498 au
2829 5443 3127 5499 secundum
3156 5451 3403 5496 naturam
3445 5456 3606 5494 suam

2038 5536 2094 5590 in
2117 5537 2296 5607 aliquo
2320 5547 2542 5607 peccato
2573 5543 2816 5592 teneatur
2841 5535 3111 5590 obnoxia?
3141 5534 3197 5588 Si
3229 5535 3372 5589 enim
3401 5531 3603 5586 animal

2036 5640 2142 5697 est,
2174 5631 2223 5686 si
2253 5632 2593 5688 rationabilis
2614 5641 2714 5696 est,
2738 5632 2782 5687 si
2808 5631 3016 5701 indiget
3042 5631 3318 5687 auditione
3337 5629 3605 5686 sermonis

2036 5723 2332 5794 prophetici
2368 5723 2634 5781 dicentis:
2672 5722 2892 5778 Attende
2916 5721 3100 5777 caelum
3124 5722 3402 5792 et-loquar,
3431 5729 3478 5775 et
3504 5733 3606 5773 aue
