4170 6460
597 466 707 524 975

597 683 742 736 ribus
773 682 997 751 percipe,
1027 692 1168 735 terra
1186 683 1207 713 ’
1335 695 1505 749 quare
1532 696 1637 735 non
1666 692 1823 735 terra:
1848 689 1901 733 et
1924 676 2168 744 aerisju-

599 774 798 828 dicium
829 771 1195 825 sitfuturum?
1218 790 1238 824 ι
1295 770 1351 825 ld
1384 771 1580 825 deinde
1611 770 1802 839 probat
1831 769 1997 823 variis
2023 767 2162 823 Scri-

596 878 770 936 ptura:
793 865 1147 930 testimoniis;
1176 875 1289 919 tum
1320 865 1470 919 addit
1500 883 1514 917 :
1543 884 1562 917 ι
1581 865 1765 933 Capax
1793 874 1896 922 est.
1926 863 2165 931 inquam,

596 957 788 1029 (terra)
818 968 881 1013 ut
909 957 1106 1012 animal
1145 957 1298 1026 juxta
1342 956 1577 1026 partium
1616 953 1934 1024 qualitates.
1967 962 2024 1007 et
2068 949 2164 1004 bo-

596 1066 787 1107 norum
822 1060 1064 1113 actuum,
1094 1058 1151 1104 et
1180 1048 1472 1113 malorum,
1505 1046 1559 1101 in
1591 1048 1789 1117 quibus
1822 1056 1914 1099 ant
1949 1047 2160 1101 laudem

595 1153 864 1199 mereatur
890 1152 986 1197 aut
1029 1156 1268 1210 poenam.
1298 1157 1316 1192 ι
1381 1138 1558 1208 Super
1592 1150 1681 1194 eo‘
1704 1148 1966 1206 praterea
2022 1137 2165 1207 quod

592 1237 821 1292 habetur
853 1235 1040 1290 Matth.
1074 1250 1220 1299 xxtv,
1254 1234 1343 1296 55,
1372 1233 1571 1287 Caelum
1592 1243 1638 1286 et
1669 1242 1807 1286 terra
1842 1232 2162 1285 transibunt.

599 1345 619 1379 ε
641 1326 750 1382 Cur
777 1326 1000 1389 cadum,
1032 1327 1225 1396 inquit,
1252 1325 1709 1395 prmtergreditur.
1730 1338 1851 1377 cum
1882 1333 2025 1377 terra
2043 1336 2166 1390 per-

593 1421 811 1484 transit,
851 1421 953 1474 nisi
988 1422 1114 1488 qnia
1155 1418 1414 1473 transitus
1450 1418 1530 1471 sui
1559 1416 1802 1485 quaedam
1828 1415 1988 1484 digna
2024 1414 2163 1470 fece-

590 1512 803 1568 runth
853 1513 1031 1581 Atque
1081 1512 1198 1567 haec
1242 1520 1640 1566 commentatur
1682 1510 1738 1564 in
1785 1508 1914 1563 illud
1962 1507 2159 1564 Ezecb.

590 1621 703 1669 xtv,
736 1605 841 1659 15:
878 1623 897 1657 ε
919 1603 1087 1660 Terra
1117 1618 1223 1657 non
1249 1603 1557 1671 peccaverit
1583 1603 1735 1667 mihi,
1758 1612 1817 1657 ut
1840 1606 2160 1672 praevarice-

589 1707 678 1753 tur
724 1697 1109 1766 praevaricans,
1157 1695 1445 1751 extendam
1504 1708 1721 1747 manum
1771 1708 1948 1749 meam
2001 1710 2163 1765 super

586 1802 733 1851 eam,
766 1797 821 1842 et
845 1796 1123 1842 conteram
1156 1786 1362 1856 virgam
1395 1785 1551 1855 panis
1572 1784 1707 1854 ejus.
1730 1803 1750 1837 ι
1783 1783 2008 1839 Frustra
2032 1799 2161 1841 vero

587 1880 729 1934 dicta
772 1880 884 1935 haec
921 1878 989 1933 ab
1017 1878 1251 1945 Origene
1280 1893 1375 1947 per
1408 1876 1842 1947 prosopopmiam
1883 1878 2160 1932 existimat

1899 462 1957 517 P.
1998 459 2317 516 DANIELIS
2353 461 2588 519 HUETII

479 603 537 639 ου.
597 590 870 644 diuitem
891 588 1042 643 verba
1074 590 1182 643 oris
1219 589 1320 643 mei
1340 588 1397 653 ’ς
1432 597 1487 641 et
1524 606 1537 642 :
1569 590 1731 650 Audi.
1761 588 1968 650 mlum,
2008 596 2054 638 et
2078 603 2175 638 au-
2206 589 2251 643 Α
2282 584 2388 638 Deo
2417 594 2469 637 et
2497 583 2665 648 Patri,
2700 594 2824 639 tunc
2855 585 3019 639 etiam
3068 584 3167 639 ista
3201 584 3501 639 animantia
3535 601 3658 641 cum
3706 586 3857 653 prius

3754 467 3858 522 976

2280 689 2501 743 regnum
2544 675 2743 731 Christi
2799 677 2998 731 fuerint
3046 676 3260 744 effecta,
3322 678 3483 733 simul
3534 692 3657 733 cum
3707 679 3855 732 omni

2276 780 2442 836 regno
2481 767 2644 823 etiam
2680 767 2823 823 Patri
2867 771 3101 839 regenda
3152 770 3409 823 traditum
3463 770 3571 834 iri;
3619 780 3681 825 ut
3731 784 3855 825 cum

2277 857 2413 913 Deus
2469 860 2574 913 erit
2622 861 2802 915 omnia
2861 863 2913 915 in
2969 862 3261 927 omnilms,
3335 864 3500 917 etiam
3574 864 3675 919 ista
3730 878 3855 918 cum

2274 949 2382 1003 sint
2433 965 2497 1005 ex
2546 952 2831 1018 omnibus,
2896 953 2970 1008 sit
3026 964 3082 1008 et
3129 953 3183 1007 in
3237 954 3354 1010 istis
3399 954 3541 1011 Deus
3594 957 3739 1012 sicut
3797 955 3853 1010 in

2273 1042 2543 1097 omnibus.
2564 1061 2583 1094 ι

2345 1134 2405 1189 ΙΙ.
2447 1133 2759 1205 Opportuna
2812 1136 2911 1191 fuit
2968 1137 3055 1191 illa
3086 1136 3339 1210 Origenis
3393 1140 3725 1196 adversariis
3781 1141 3849 1195 ad

2274 1223 2446 1292 ipsum
2496 1226 2911 1280 insimulandum
2960 1230 3197 1284 occasio.
3251 1228 3581 1299 Theophilus
3614 1233 3851 1286 Alexan-

2272 1318 2459 1372 drinus
2489 1318 2681 1372 Pasch.
2726 1321 2879 1389 epist.
2914 1322 2936 1375 l
2974 1332 3029 1376 et
3060 1320 3097 1374 2
3132 1322 3273 1375 inter
3301 1324 3561 1378 damnosa
3608 1325 3725 1395 ejus
3767 1324 3850 1380 ef—

2272 1410 2378 1463 fata
2414 1411 2565 1478 ponit
2595 1410 2744 1464 illud.
2779 1410 2937 1465 Ponit
2974 1420 3031 1465 et
3063 1411 3424 1483 Hieronymus
3457 1413 3512 1468 in
3545 1415 3710 1485 epist.
3751 1414 3843 1479 59,

2268 1499 2336 1552 ad
2365 1497 2606 1564 Avitum,
2644 1515 2763 1571 cap.
2792 1502 2912 1567 1-3,
2942 1509 2996 1556 et
3029 1501 3080 1555 iu
3105 1502 3261 1572 epist.
3295 1502 3383 1567 6i,
3410 1505 3477 1558 ad
3505 1503 3845 1572 Pammaeh.,

2268 1607 2389 1662 cap.
2416 1592 2482 1653 5,
2516 1603 2681 1663 atque
2730 1596 2779 1647 Id
2821 1608 2941 1648 esse
2985 1595 3061 1647 ait
3098 1594 3293 1665 dogma
3324 1596 3605 1668 gentilium
3631 1638 3647 1665 ,
3692 1609 3749 1653 et
3778 1615 3846 1653 ex

2268 1692 2421 1751 parte
2442 1681 2803 1738 Platonicum.
2830 1685 3055 1740 Orosius
3080 1685 3131 1739 in
3147 1686 3557 1742 Commonitorio
3582 1690 3648 1743 ad
3663 1689 3847 1760 Augu-

2269 1778 2472 1830 stinum
2528 1778 2899 1848 opinationem
2956 1779 3095 1834 hanc
3138 1776 3467 1849 Origenistis
3517 1782 3843 1851 quibusdam

2268 1879 2377 1919 suae
2407 1868 2585 1922 aetatis
2609 1868 2877 1935 ascribit;
2910 1882 3138 1938 eamque
3172 1869 3349 1924 valide
3383 1871 3637 1926 convellit
3664 1872 3845 1943 Angu-

589 1971 778 2026 Sixtns
816 1969 1075 2025 Senensis
1124 1969 1371 2023 Biblioth.
1408 1968 1502 2023 lib.
1539 1984 1590 2031 ν,
1626 1970 1806 2023 adnot.
1855 1967 1982 2034 242,
2012 1977 2067 2022 ut
2097 1983 2149 2024 et

2265 1958 2442 2012 stinus
2467 1957 2518 2012 in
2546 1958 2727 2013 libello
2755 1969 2939 2013 contra
2963 1957 3399 2014 Priscillianistas
3421 1973 3468 2015 et
3488 1960 3843 2033 Ongenistas,

585 2061 848 2117 doctrina:
880 2061 1045 2131 ipsius
1078 2061 1415 2115 connexione
1461 2057 1805 2114 manifestum
1838 2068 1941 2114 est.
1974 2057 2161 2115 Melius

583 2152 804 2223 Origeni
838 2152 1109 2208 consuluit
1140 2151 1545 2218 Genehrardus,
1600 2152 1937 2220 respondens
1994 2151 2162 2207 fuisse

585 2246 701 2299 haec
728 2244 1052 2314 inquirendo
1090 2254 1144 2298 et
1166 2242 1485 2298 disserendo
1524 2243 1893 2311 pronuntiata.
1939 2241 2077 2310 Quin
2106 2251 2162 2297 et

582 2350 682 2404 spe
728 2335 891 2390 futuri
935 2347 1080 2391 astra
1128 2334 1250 2389 duci
1291 2336 1488 2390 asserit
1526 2334 1623 2389 lib.
1667 2349 1740 2388 vn
1791 2348 1965 2390 contr.
1995 2335 2154 2403 Cels.,

582 2442 737 2483 num.
760 2426 866 2494 65;
923 2442 1048 2481 nam
1079 2436 1365 2497 postquam
1399 2427 1646 2481 eumdem
1684 2426 1837 2482 Pauli
1881 2427 2058 2483 locum
2090 2444 2157 2485 ex

582 2522 819 2593 Epistola
846 2524 911 2577 ad
935 2521 1092 2576 Rom.
1120 2525 1188 2578 ad
1215 2524 1393 2579 sidera
1420 2523 1626 2587 retulit,
1654 2523 1930 2594 sultjungit
1951 2524 2027 2597 μὴ
2047 2525 2157 2581 δεῖν

575 2613 646 2667 τὰ
672 2613 764 2666 ἐπὶ
790 2616 857 2684 τῇ
878 2612 1090 2682 δουλείᾳ
1113 2614 1213 2683 τῆς
1235 2613 1460 2685 φθορᾶς,
1493 2614 1587 2667 καὶ
1610 2615 1703 2668 ἐπὶ
1734 2618 1801 2687 τῇ
1837 2618 2156 2690 ματαιότητι

577 2703 1013 2776 ὑποτεταγμένα,
1043 2705 1139 2758 καὶ
1175 2707 1262 2759 ἐπ’
1284 2706 1457 2759 ἑλπίδι
1485 2706 1756 2778 κρείττονι
1778 2708 1952 2762 ταῦτα
1980 2710 2154 2782 πράτ-

576 2811 758 2860 τοντα,
791 2796 849 2849 ὲν
877 2793 1033 2867 χώρᾳ
1059 2796 1222 2867 τιμᾷν
1248 2795 1408 2851 Θεοῦ.
1447 2796 1583 2864 Spes
1618 2807 1799 2852 autem
1831 2799 1947 2854 haec
1977 2809 2064 2855 est
2091 2801 2157 2855 li-

577 2887 808 2943 hertatis
834 2886 1120 2942 et.futur:e
1153 2885 1507 2955 sejunctionis
1535 2901 1564 2941 a
1605 2887 1927 2956 corporibus
1958 2891 2154 2957 quibus

574 2980 861 3050 c0njuncta
893 2988 1042 3045 sunt,
1076 2990 1132 3034 et
1175 2978 1385 3035 salutis.

644 3071 717 3125 At
736 3083 898 3125 omne
932 3070 986 3125 id
1011 3081 1386 3138 argumentum
1417 3069 1669 3124 exhausit
1699 3068 1794 3125 lib.
1828 3086 1844 3125 ι
1874 3070 2015 3139 Περὶ
2049 3071 2152 3139 dp-

574 3159 731 3230 χῶν,
766 3174 887 3229 cap.
916 3158 947 3211 7
970 3197 985 3223 ,
1016 3159 1159 3214 unde
1193 3158 1310 3213 loca
1355 3158 1537 3228 aliqua
1580 3157 2148 3229 selegitlustiniauus,

572 3261 629 3306 et
660 3250 781 3305 ﬁdei
807 3250 1186 3319 comparandae
1213 3250 1386 3320 gratia
1413 3250 1466 3304 in
1494 3252 1602 3305 fine
1626 3252 1870 3321 epistolae
1896 3267 2006 3307 suae
2028 3267 2147 3321 qua:

570 3353 655 3398 est
681 3344 748 3396 ad
772 3342 1009 3408 Menam,
1031 3339 1234 3395 retulit.
1272 3340 1509 3395 Primum
1535 3343 1750 3411 quidem
1783 3358 1936 3398 num.
1961 3344 1998 3397 2
2023 3345 2147 3398 stel-

575 3438 656 3493 las
684 3454 714 3491 a
748 3436 954 3507 peccati
1004 3446 1235 3503 contage
1277 3436 1547 3490 immunes
1599 3449 1704 3490 non
1750 3448 1871 3491 esse
1911 3436 2149 3491 ostendit

572 3543 635 3582 ex
668 3525 786 3582 Jobi
818 3540 960 3592 xxv,
996 3526 1065 3581 5:
1108 3542 1128 3577 ι
1168 3524 1350 3580 Stella:
1388 3540 1491 3580 non
1539 3534 1662 3581 sunt
1694 3528 1905 3582 mundae
1936 3527 1990 3581 in
2016 3542 2149 3582 con-

572 3627 759 3689 spectu
791 3616 930 3687 ejus.
958 3636 977 3671 »
1016 3615 1169 3684 Quod
1193 3626 1253 3671 ιιι
1283 3616 1474 3672 melius
1504 3625 1733 3682 astruat,
1759 3630 1854 3672 eas
1878 3632 2002 3674 esse
2029 3633 2149 3688 pro-

572 3712 667 3766 bat
695 3709 983 3777 animalia;
1016 3710 1158 3779 quod
1208 3708 1458 3764 mandata
1508 3724 1539 3763 a
1585 3709 1695 3765 Deo
1724 3710 1974 3766 dicantur
2004 3710 2145 3766 acci-

572 3817 739 3875 pere;
787 3802 1045 3858 mandare
1084 3811 1264 3855 autem
1305 3800 1436 3870 ipsis
1461 3798 1650 3867 Deum,
1688 3811 1749 3855 ut
1775 3801 1933 3857 statis
1961 3815 2146 3855 move-

570 3904 735 3950 antur
761 3895 1134 3965 temporibus;
1192 3902 1369 3948 motus
1399 3906 1528 3948 vero
1561 3892 1684 3949 illos
1715 3906 1889 3963 neque
1929 3891 2141 3948 absolvi

568 4000 728 4057 posse
753 3985 871 4041 sine
898 3988 1113 4050 anima;
1147 3999 1322 4056 neque
1345 3985 1461 4040 sine
1501 3995 1645 4040 mou.
1686 3999 1808 4041 esse
1835 4000 1997 4055 posse
2019 3999 2143 4054 qua:

569 4079 751 4134 anima
776 4078 1000 4147 praedita
1030 4079 1139 4132 sint
1165 4091 1182 4133 :
1216 4092 1316 4132 nec
1344 4076 1522 4130 anima
1553 4077 1728 4132 solum
1751 4114 1768 4141 ,
1805 4077 1902 4132 sed
1948 4084 2002 4131 et
2050 4090 2141 4130 ra-

569 4176 716 4230 tione
755 4173 997 4246 pollere;
1044 4189 1109 4229 ac
1158 4173 1384 4243 proinde
1420 4173 1756 4228 incrementa
1795 4186 1991 4243 capere
2019 4172 2141 4227 sine

568 4267 730 4321 dubio
759 4267 995 4330 virtutis,
1026 4266 1108 4320 vel
1139 4266 1487 4320 decrementa
1517 4282 1531 4318 :
1562 4266 1629 4318 ad
1662 4264 1777 4318 haec
1802 4263 2013 4318 animas
2039 4277 2140 4316 an-

569 4357 830 4426 tiquiores
874 4357 1271 4411 recentioribus
1304 4357 1545 4411 siderum
1578 4356 1902 4425 corporibus
1932 4358 2139 4409 extrin-

2263 2063 2382 2117 cap.
2407 2050 2563 2118 8—H,
2597 2050 2810 2120 duoque
2848 2051 3123 2122 dOgmati‘s
3170 2052 3330 2120 hujus
3364 2053 3714 2110 fundamenta
3757 2056 3843 2110 la-

2260 2141 2518 2208 befactat,
2578 2158 2863 2214 perversas
2909 2143 3165 2199 nimirum
3213 2146 3657 2216 interpolationes
3697 2145 3843 2202 Pau-

2260 2232 2385 2290 lina:
2437 2234 2599 2306 hujus
2632 2241 2918 2292 sententia:
2942 2237 3025 2293 ":
3069 2236 3350 2293 «Vanitati
3397 2241 3541 2293 enim
3586 2251 3839 2295 creatura

2258 2324 2499 2393 subjecta
2531 2339 2614 2383 est
2642 2344 2746 2383 non
2784 2329 2988 2393 volens,
3037 2330 3129 2385 sed
3174 2339 3397 2400 propter
3423 2345 3546 2384 eum
3578 2332 3667 2401 qui
3704 2332 3839 2387 sub-

2252 2416 2381 2487 jecit
2406 2432 2525 2473 eam
2554 2418 2605 2473 in
2635 2433 2759 2489 spe;
2793 2438 2813 2472 »
2849 2429 2902 2475 et
2934 2420 3089 2475 istius
3113 2435 3232 2489 quae
3257 2427 3435 2475 exstat
3462 2417 3583 2475 Jobi
3610 2435 3712 2487 xv,
3743 2421 3835 2486 15,

2262 2530 2279 2562 ι
2308 2509 2440 2566 (Σωιί
2468 2526 2573 2566 non
2604 2522 2730 2567 sunt
2757 2513 2941 2566 mundi
2968 2514 3021 2565 in
3056 2524 3349 2582 conspectu
3384 2513 3537 2582 ejus;
3560 2531 3579 2565 ι
3619 2514 3706 2567 cui
3738 2514 3837 2569 ad-

2254 2612 2411 2658 sonat
2436 2603 2524 2658 illa
2542 2619 2662 2675 cap.
2690 2620 2818 2672 xxv,
2835 2619 2973 2660 vers.
2991 2604 3045 2670 5,
3079 2622 3097 2655 ι
3126 2604 3307 2660 Stellae
3334 2619 3439 2658 non
3465 2612 3595 2659 sunt
3624 2606 3837 2661 munda

2254 2695 2308 2750 in
2364 2705 2654 2767 conspectu
2710 2698 2849 2766 ejus.
2879 2715 2899 2749 ι
2957 2696 3276 2766 Quanquam
3316 2696 3437 2751 sine
3486 2710 3673 2751 errore
3725 2697 3831 2752 dici

2254 2802 2415 2857 posse
2462 2789 2713 2845 concedit
2752 2804 2820 2842 ne
2861 2787 3085 2859 angelos
3118 2788 3335 2858 quidem
3378 2788 3587 2844 ratione
3632 2788 3834 2845 divinae

2247 2882 2473 2953 justitia
2524 2883 2705 2954 justos
2750 2896 2905 2946 esse;
2945 2898 3008 2938 ac
3044 2884 3269 2954 proinde
3299 2882 3344 2937 si
3380 2883 3538 2939 detur
3563 2882 3833 2940 sideribus

2254 2979 2436 3033 inesse
2484 2976 2746 3047 angelos;
2796 2976 3139 3046 perspicuum
3186 2974 3305 3031 fore
3351 2976 3428 3030 ait
3479 2990 3577 3031 cur
3629 2975 3831 3030 dixerit

2250 3069 2419 3127 Jobus
2447 3069 2633 3124 stellas
2659 3083 2764 3123 non
2792 3083 2914 3123 esse
2954 3068 3186 3123 mundas
3213 3068 3265 3122 in
3296 3077 3587 3138 conspectu
3612 3066 3723 3122 Dei.
3762 3068 3831 3122 At

2252 3175 2432 3220 utrum
2467 3164 2694 3217 rationis
2723 3169 3005 3231 compotes
3036 3160 3263 3230 spiritus
3306 3160 3391 3215 his
3440 3159 3610 3214 insint
3634 3158 3830 3216 lucidis

2251 3257 2571 3328 corporibus
2604 3254 2815 3308 nescire
2849 3267 2908 3308 se
2936 3252 3155 3316 fatetur,
3183 3262 3237 3307 et
3269 3263 3425 3307 caute
3458 3251 3827 3320 indagandum

2250 3359 2457 3404 ntonet.
2507 3347 2637 3403 Utut
2668 3354 2753 3402 est
2778 3386 2794 3410 ,
2836 3360 2903 3400 ex
2936 3346 3221 3415 Augusuni
3270 3335 3594 3401 auctoritate
3637 3346 3829 3402 multis

2245 3442 2555 3513 opinionem
2595 3441 2754 3495 isiam
2793 3438 3047 3509 Origenis
3097 3440 3373 3509 impugnat
3410 3439 3689 3511 Remigius
3720 3441 3825 3495 Re-

2247 3533 2450 3588 mensis
2474 3533 2529 3587 in
2558 3530 2711 3586 Rom.
2740 3547 2855 3593 vm.
2882 3530 2973 3585 20.
2999 3531 3294 3602 Consurgit
3316 3541 3371 3587 et
3387 3532 3647 3587 adversus
3676 3532 3823 3587 illam

2243 3625 2583 3684 Justinianus
2618 3626 2671 3681 in
2707 3625 2939 3696 epistola
2976 3626 3045 3680 ad
3073 3624 3308 3689 Menam,
3336 3634 3391 3680 et
3422 3624 3603 3681 Basilii
3639 3634 3824 3679 aucto-

2246 3721 2463 3775 ritatem
2494 3717 2771 3785 adsciscit,
2819 3718 2907 3787 qui
2957 3718 3143 3773 bomil.
3172 3717 3207 3773 ὅ
3250 3718 3303 3773 in
3334 3718 3592 3774 ﬂexam.
3621 3719 3821 3789 Orige-

2243 3825 2365 3865 nem
2394 3811 2590 3880 carpit,
2613 3811 2756 3880 quod
2802 3825 2972 3880 aquas
3000 3826 3121 3879 quae
3155 3825 3319 3881 supra
3353 3820 3408 3865 et
3454 3810 3594 3865 inl‘ra
3632 3811 3815 3866 tinua-

2244 3910 2484 3957 mentum
2513 3910 2678 3965 sunt,
2710 3903 2935 3971 angelos
2964 3904 3171 3973 tropice
3199 3904 3509 3977 significare
3536 3904 3817 3970 docuerit;

2244 4008 2343 4049 nec
2397 3993 2598 4050 idcirco
2642 4009 2804 4050 sensu
2856 3996 3139 4066 pmditum
3177 3998 3381 4053 animal
3415 3998 3819 4053 ﬁrmamentum

2239 4102 2361 4144 esse
2392 4089 2583 4155 tradit,
2612 4091 2757 4161 quod
2788 4090 3015 4161 gloriam
3049 4091 3141 4146 Dei
3171 4102 3409 4160 enarret,
3433 4093 3673 4165 alioquin
3699 4095 3821 4149 ani-

2241 4180 2401 4236 malia
2434 4180 2619 4237 futura
2654 4197 2854 4248 rorem,
2892 4193 2949 4238 et
2971 4184 3244 4253 pruinam,
3277 4193 3334 4240 et
3361 4186 3639 4257 abyssum,
3672 4185 3817 4256 quod

2238 4272 2304 4326 iis
2345 4272 2561 4329 laudem
2587 4274 2681 4329 Dei
2714 4275 2973 4345 propheta
3006 4278 3369 4333 commendet.
3404 4276 3570 4334 Sexto
3597 4279 3814 4334 demum

2236 4378 2303 4419 ex
2337 4366 2809 4422 anatbematismis
2841 4368 2968 4423 huic
2997 4366 3292 4425 Justiniani
3321 4370 3566 4439 epistolae
3608 4370 3816 4425 subne-

567 4462 728 4502 secus
758 4448 917 4502 inseri
958 4448 1152 4518 probat
1196 4447 1429 4518 primum
1463 4447 1675 4502 ratione
1701 4449 1824 4514 bac,
1850 4447 1990 4516 quod
2013 4462 2135 4501 cum

2252 4458 2320 4512 tis
2346 4457 2536 4512 eadem
2562 4458 2675 4513 haec
2699 4457 2952 4529 Origenis
2983 4462 3254 4516 sententia
3280 4460 3347 4516 de
3381 4462 3656 4518 sideribus
3687 4465 3814 4517 ani-

567 4539 818 4593 humanse
844 4540 1057 4603 animae,
1104 4554 1225 4609 quae
1269 4538 1398 4594 dum
1445 4538 1721 4594 hominum
1765 4539 1960 4594 animae.
1987 4548 2131 4605 sunt,

2238 4549 2399 4604 matis
2423 4548 2756 4605 confoditur.
2794 4550 2851 4605 In
2887 4566 2994 4620 quo
3036 4565 3170 4606 sane
3210 4551 3381 4608 miror
3410 4555 3605 4621 ecquid
3639 4554 3706 4609 de
3738 4557 3814 4612 si-

568 4630 853 4697 inferiores
891 4638 1017 4684 sunt
1047 4631 1281 4684 siderum
1332 4631 1557 4696 animis,
1606 4632 1925 4702 corporibus
1962 4631 2136 4686 bomi-
2169 4641 2213 4696 D
2238 4640 2461 4696 ἀρτίως
2483 4653 2707 4711 Meam
2726 4642 3003 4705 obnoxiis,
3028 4643 3096 4699 de
3115 4658 3304 4699 eorum
3331 4659 3426 4714 spe
3450 4656 3502 4701 οι
3528 4645 3706 4702 tum”
3729 4663 3813 4702 sa.

566 4739 694 4778 num
741 4722 848 4778 sint
900 4723 1270 4793 antiquiores,
1323 4723 1617 4778 verisimile
1668 4724 1739 4778 sit
1796 4722 2133 4791 antiquiores

566 4830 687 4870 esse
716 4829 929 4883 quoque
956 4815 1190 4870 siderum
1231 4814 1439 4869 animas
1479 4814 1717 4870 siderum
1763 4815 2083 4884 corporibus
2116 4833 2129 4869 :

2233 4731 2349 4788 lute
2371 4748 2439 4788 ne
2464 4732 2684 4788 verbum
2708 4733 2924 4803 quidem
2948 4734 2999 4788 in
3022 4735 3492 4792 anatbematismis
3518 4737 3811 4807 imperator

2235 4825 2324 4880 ille
2352 4824 2571 4889 fecerit,
2601 4840 2725 4880 cum
2755 4824 2873 4893 ejus
2903 4834 3079 4881 tamen
3107 4826 3270 4881 verba
3299 4828 3413 4897 ipsa
3440 4845 3470 4883 e
3500 4830 3594 4885 lib.
3620 4847 3637 4885 ι
3667 4831 3809 4899 Περὶ

566 4905 759 4975 probat
806 4906 1036 4975 idipsum
1082 4907 1279 4961 deinde
1306 4922 1466 4976 supra
1498 4907 1733 4963 adducto
1766 4907 1914 4962 Pauli
1950 4907 2071 4963 loco
2102 4922 2133 4962 e
2230 4913 2469 4984 ἀρχῶν,
2496 4931 2618 4986 cap.
2641 4916 2673 4970 7
2695 4956 2712 4982 ,
2760 4918 2923 4987 petita
2962 4927 3346 4987 repmsentet,
3393 4920 3595 4989 quibus
3623 4923 3809 4977 verbis

564 4996 796 5053 Roman.
849 5014 967 5060 VIII.
1020 4998 1219 5065 19—22;
1278 5000 1569 5055 vanitatem
1623 5000 1822 5069 quippe
1873 4999 2129 5070 appellari
2231 5006 2495 5062 etanima
2518 5005 2790 5063 sideribus
2821 5006 3097 5073 tribuitur,
3122 5018 3179 5063 et
3206 5007 3288 5063 sol
3316 5008 3591 5065 inducitur
3620 5011 3807 5066 dicens

564 5109 760 5164 corpus
788 5094 916 5149 illud
944 5097 1261 5161 :ethereunt,
1302 5096 1444 5164 quod
1482 5093 1648 5150 invita
1669 5095 1816 5151 subit
1848 5095 2027 5150 anima
2057 5098 2132 5148 si-

564 5186 728 5251 deris,
758 5201 983 5257 sperans
1015 5188 1253 5242 futurum
1281 5196 1341 5243 ut
1369 5188 1583 5258 expleto
1609 5187 1711 5243 hoc
1739 5187 2038 5242 ministerio
2065 5187 2130 5240 li-

562 5275 786 5333 beretur
815 5296 834 5330 c
854 5295 883 5331 a
924 5280 1183 5334 servitute
1218 5280 1581 5351 corruptionis
1610 5289 1665 5335 et
1688 5279 1963 5341 vanitatis,
2006 5295 2127 5334 cum

563 5368 948 5437 redemptionis
994 5372 1177 5441 gloria:
1212 5372 1447 5427 ﬁliorum
1485 5372 1578 5427 Del
1627 5381 1841 5443 tempus
1893 5372 2127 5428 advene-

564 5458 673 5524 rit;
705 5478 727 5513 ι
764 5462 919 5532 cujus
958 5465 1063 5517 voti
1100 5465 1441 5534 adeptionem
1486 5464 1615 5518 dum
1665 5472 1983 5534 exspectat,
2041 5476 2135 5532 ge-

566 5568 730 5618 mere,
748 5566 804 5612 et
827 5576 847 5610 ε
884 5567 1071 5627 utpote
1093 5558 1340 5614 affectum
1364 5559 1651 5615 habentem
1672 5574 1799 5630 erga
1822 5573 1917 5614 eos
1938 5558 2134 5626 quibus

564 5648 856 5716 ministrat,
883 5653 1167 5709 condolere
1197 5673 1211 5709 :
1244 5673 1264 5707 ι
1306 5655 1520 5709 denmm
1558 5663 1735 5709 autem
1766 5654 2026 5708 servitute
2059 5651 2132 5706 li-

565 5740 808 5795 beratum
844 5745 934 5809 iri,
978 5764 997 5796 ι
1026 5754 1080 5800 et
1116 5760 1237 5800 cum
1288 5746 1568 5801 tradiderit
1602 5745 1854 5799 Christus
1887 5757 2114 5810 regnum

2236 5105 2495 5163 pmtare
2542 5097 2761 5153 dissolvi
2807 5106 2864 5152 et
2904 5111 3025 5153 esse
3065 5111 3188 5152 cum
3216 5096 3437 5152 Christo
3467 5100 3536 5165 “,
3582 5102 3675 5155 sed
3710 5116 3803 5155 ne-

2236 5189 2531 5244 cessarium
2565 5189 2742 5260 magis
2785 5206 2905 5246 esse
2939 5203 3158 5245 manere
3206 5189 3260 5243 in
3298 5205 3549 5261 corpore,
3584 5203 3806 5262 propter

2235 5280 2624 5336 revelationem
2686 5281 2920 5337 ﬁliorum
2956 5282 3069 5348 Dei,
3101 5291 3157 5337 et
3180 5287 3367 5338 eadem
3396 5285 3595 5340 acriter
3621 5301 3804 5355 repre-

2235 5369 2436 5425 hendat
2460 5371 2516 5425 in
2549 5372 2776 5441 epistola
2810 5372 2879 5433 ad
2913 5375 3161 5445 quintum
3182 5375 3491 5439 concilium,
3519 5392 3680 5446 quem
3715 5392 3804 5432 re-

2236 5458 2341 5514 fert
2361 5460 2672 5527 Cedrenus;
2711 5479 2873 5519 unum
2901 5465 2953 5520 id
2981 5465 3304 5535 culpandum
3340 5480 3405 5520 ac
3433 5465 3798 5522 damnandum

2233 5552 2559 5621 susceperit,
2589 5554 2734 5623 quod
2770 5554 2884 5609 suis
2923 5566 3101 5611 tamen
3134 5570 3239 5610 non
3283 5565 3433 5611 caret
3462 5558 3701 5626 patronis
3732 5572 3802 5612 ac

2232 5643 2629 5701 defensoribus.
2672 5644 2902 5701 Ruﬁnus
2934 5662 3150 5718 quoque
3178 5648 3499 5705 Palaestinus
3531 5649 3585 5703 in
3618 5649 3803 5707 libello

2233 5734 2309 5790 De
2334 5736 2457 5802 ﬁde,
2492 5737 2794 5794 doctrinam
2836 5739 2976 5795 hanc
3008 5741 3313 5797 Adamantii
3346 5739 3603 5811 gravibus
3641 5756 3798 5814 argu-

636 5916 656 5945 ⁸
694 5916 843 5968 Deut.
873 5931 1040 5979 χχιιι,
1070 5916 1122 5968 l.
1198 5918 1218 5948 ’
1242 5916 1359 5971 lsai.
1392 5932 1428 5984 ι,
1456 5919 1510 5972 2.
1589 5921 1632 5951 ¹⁰
1662 5919 1822 5977 Rom.
1853 5934 1967 5985 vnt,
2000 5920 2087 5975 20.

2252 5918 2439 5989 Pltilip.
2475 5931 2514 5983 ις
2546 5916 2636 5971 9.5.
