4170 6426
387 387 452 443 9Ἰ
461 385 493 439 7

1200 332 1772 439 ontosstauonun
1808 381 1937 437 LIB.
1982 382 2049 447 ιι,
2090 382 2241 438 CAP.
2287 381 2351 449 n,
2392 376 2668 449 olimst.
2715 376 2845 434 vnt.

3520 383 3626 438 978

388 507 582 560 mentis
609 496 1322 573 eliditfuudam'entumque
1357 503 1569 558 subruit
1602 504 1654 556 in
1680 504 1783 558 hoc
1807 502 1954 559 Scri-
1982 510 2027 563 Α
2054 504 2107 559 in
2155 518 2251 574 spe
2278 521 2293 570 ;
2338 504 2465 569 quia
2525 509 2745 574 sperant
2786 499 2945 555 etiam
2978 498 3138 567 hujus
3168 499 3365 555 laboris
3395 511 3624 570 gratiam

385 607 557 665 plura?
584 594 707 651 loco
733 596 1104 662 constitutum,
1134 594 1235 650 Job
1276 609 1402 662 xxv,
1438 594 1506 649 5:
1544 614 1563 647 ι
1590 595 1748 648 Astra
1776 605 1951 649 autem

387 703 493 742 non
542 698 669 742 sunt
723 689 921 743 munda
972 688 1026 742 in
1060 697 1353 757 conspectu
1391 686 1527 755 ejus.
1571 686 1754 755 Neque
1785 686 1950 752 enim,

386 782 593 848 inquit,
630 797 695 836 es
736 796 800 837 eo
830 781 973 851 quod
1023 797 1127 836 non
1166 792 1292 835 sunt
1323 781 1517 834 munda
1568 780 1623 835 in
1663 790 1952 850 conspectu

385 873 511 936 Dei,
560 872 680 927 ideo
714 873 965 927 dicuntur
1001 871 1251 927 animalia
1274 911 1290 937 ,
1326 872 1562 940 alioquin
1604 872 1764 925 etiam
1805 885 1951 925 men-

383 974 533 1020 strua
583 965 869 1020 mulierum
933 966 1001 1019 ah
1047 964 1179 1034 ipsis
1227 964 1481 1019 animalia
1533 973 1948 1035 nuncupentur;

382 1068 438 1114 et
470 1059 680 1128 leprosa
716 1057 933 1123 domus,
974 1058 1230 1127 quoniam
1262 1070 1329 1112 ue
1369 1056 1469 1109 ista
1498 1055 1713 1126 quidem
1752 1054 1952 1111 munda

381 1158 508 1205 sunt
552 1152 691 1219 apud
726 1150 916 1215 Deum,
982 1146 1277 1203 secundum
1339 1147 1510 1219 legem
1542 1146 1732 1218 Moysi.
1786 1145 1950 1201 Multa

377 1242 521 1296 enim
546 1256 731 1297 eorum
763 1257 885 1312 quae
921 1243 1037 1298 sine
1067 1243 1249 1298 anima
1279 1249 1427 1306 sunt,
1462 1240 1677 1295 ratione
1715 1239 1948 1308 quadam

379 1349 520 1405 saepe
562 1333 788 1406 legimus
826 1335 1123 1389 immunda.
1175 1352 1193 1384 ι
1222 1334 1312 1387 Ait
1354 1333 1515 1387 etiam
1560 1330 1787 1385 Rufinus
1837 1330 1951 1385 haec

380 1425 678 1495 Scriptura:
718 1426 836 1481 loca
876 1427 929 1480 in
960 1426 1242 1489 sententia:
1269 1441 1380 1481 suae
1416 1423 1636 1478 tutelam
1662 1421 1948 1491 Origenem

378 1527 697 1572 convertere
726 1534 741 1572 :
774 1535 792 1570 ι
817 1515 911 1572 Sol
944 1516 1194 1602 cognovit
1237 1530 1484 1572 occasum
1517 1528 1697 1577 suum,
1745 1532 1764 1565 ι
1804 1512 1947 1570 Psal.

376 1621 492 1674 cur,
521 1607 633 1675 i9;
697 1618 752 1664 et
810 1608 1005 1662 illum:
1051 1626 1070 1660 ι
1106 1608 1218 1679 Ego
1272 1606 1526 1662 omnibus
1580 1604 1751 1660 stellis
1801 1620 1951 1658 Inan-

376 1698 523 1763 davi,
563 1717 581 1751 ι
622 1698 769 1753 Isaias
793 1713 919 1761 xcv,
939 1697 1024 1752 η.
1071 1697 1308 1766 Denique
1336 1695 1671 1766 Nicephorus
1701 1693 1792 1748 lib.
1820 1709 1949 1759 xvu,

378 1805 500 1860 cup.
541 1790 635 1856 28,
683 1804 923 1845 errorem
984 1789 1127 1843 hunc
1181 1790 1246 1843 de
1284 1789 1538 1845 animatis
1585 1787 1852 1843 sideribus
1896 1789 1947 1840 in

376 1884 564 1952 quinta
592 1883 797 1954 synodo
825 1882 1139 1937 damnatum
1177 1880 1343 1936 fuisse
1376 1891 1584 1936 narrat.

445 1973 531 2030 Ill.
575 1974 642 2027 At
678 1979 801 2026 eum
845 1973 1094 2042 quamvis
1138 1971 1284 2023 omni
1329 1970 1686 2026 affirmatione
1732 1980 1950 2023 asseve-

376 2076 528 2117 rasse
573 2063 722 2117 visus
774 2062 846 2117 sit
892 2060 1168 2132 Origenes,
1220 2063 1321 2116 hoc
1379 2071 1556 2116 tamen
1605 2059 1949 2131 pronuntiato

375 2153 598 2209 lectoris
627 2154 864 2207 animum
898 2154 1186 2223 occupavit
1214 2153 1265 2207 in
1297 2152 1558 2222 prooemio
1598 2149 1723 2205 libri
1750 2148 1950 2219 prioris

376 2245 615 2312 ejusdem
650 2245 790 2314 Περὶ
835 2245 1072 2316 ἀρχῶν,
1106 2261 1252 2299 ηυιη.
1290 2244 1358 2299 10
1387 2262 1400 2298 :
1425 2244 1540 2299 «De
1583 2242 1697 2298 sole
1744 2252 1945 2306 autem,

374 2349 430 2392 ct
466 2339 619 2403 luna,
655 2352 711 2394 et
744 2339 932 2401 stellis,
974 2349 1155 2393 utrum
1199 2337 1495 2391 animantia
1531 2336 1660 2400 sint,
1709 2351 1777 2389 an
1821 2350 1951 2388 exa-

378 2429 544 2493 nima,
575 2427 864 2482 manifeste
890 2442 996 2481 non
1033 2426 1299 2492 traditur;
1335 2446 1355 2480 s
1409 2442 1528 2495 quae
1558 2426 1722 2481 verba
1754 2425 1949 2493 repetit

374 2516 691 2589 Pamphilus
726 2519 777 2572 in
810 2519 1084 2588 Apologia.
1127 2516 1318 2587 Capite
1366 2530 1579 2586 quoque
1608 2516 1667 2571 Η
1704 2515 1827 2571 libri
1859 2529 1947 2570 se-

373 2608 616 2677 quentis,
672 2624 820 2663 num.
850 2608 919 2675 '1,
970 2608 1118 2663 velut
1169 2608 1409 2663 incertus
1446 2618 1501 2662 et
1541 2606 1780 2662 titubans
1826 2605 1941 2660 ait:

377 2715 397 2747 ι
423 2696 555 2751 Cum
585 2712 748 2767 ergo,
781 2697 930 2752 verbi
964 2698 1135 2765 gratia
1156 2737 1171 2764 ,
1224 2699 1292 2752 ad
1327 2696 1572 2753 ctelestia
1604 2696 1719 2752 loca
1757 2711 1945 2765 perve-

374 2789 549 2844 nerint
578 2790 775 2854 sancti,
806 2800 931 2846 tunc
963 2789 1076 2860 jam
1113 2792 1375 2845 rationem
1406 2800 1675 2845 astrorum
1704 2802 1801 2860 per
1835 2788 1947 2843 sin-

372 2879 495 2949 gula
546 2880 942 2948 pervidebunt,
997 2892 1052 2937 et
1100 2883 1214 2937 sive
1265 2881 1562 2936 animantia
1607 2889 1733 2936 sunt
1763 2919 1779 2946 ,
1834 2881 1949 2935 sive

372 2971 630 3042 quidquid
657 2972 783 3028 illud
810 2982 911 3038 est,
942 2974 1425 3043 comprehendent.
1459 2993 1477 3026 ι
1509 2972 1573 3026 Et
1603 2981 1751 3028 tomo
1773 2973 1949 3040 primo

372 3065 426 3117 in
454 3062 748 3128 Joannem,
782 3081 931 3123 num.
952 3064 1049 3130 40,
1082 3081 1204 3136 pag.
1233 3065 1330 3131 4‘2,
1367 3064 1711 3135 hyperbolice
1745 3066 1946 3119 dictum

372 3156 679 3225 suspicatur
703 3172 731 3209 a
752 3154 892 3211 Jobo
911 3196 927 3222 ,
958 3167 1102 3211 astra
1141 3172 1273 3225 pura
1306 3174 1411 3210 non
1448 3170 1568 3211 esse
1592 3170 1773 3211 coram
1801 3155 1910 3209 Deo

372 3246 481 3301 Καὶ
519 3246 628 3318 γὰρ
665 3246 865 3301 ἄτοπον
907 3247 1047 3319 ὑπὲρ
1086 3246 1444 3318 ἀνθρωπίνων
1498 3246 1595 3319 μὲν
1636 3244 1799 3300 αὐτὸν
1846 3246 1949 3315 φά-

374 3356 523 3393 σκειν
562 3339 975 3412 ἁμαρτημάτων
1026 3338 1318 3409 γεγεῦσθαι
1350 3338 1601 3404 θανάτου,
1632 3340 1733 3393 οὐκ
1768 3338 1850 3392 ἐτι
1892 3339 1950 3392 δὲ

372 3432 466 3487 uati.
495 3432 634 3503 ὑπὲρ
660 3431 821 3487 ἄλλον
860 3432 1003 3498 τινὸς
1032 3431 1182 3504 παρὰ
1213 3432 1321 3485 τῶν
1347 3430 1646 3507 ἀνθρώπων
1683 3434 1741 3485 ὲν
1771 3432 1951 3503 ἁμαρ-

369 3526 576 3594 τήμασι
624 3523 1018 3595 γεγενημένου,
1060 3516 1171 3576 οἷον
1203 3523 1344 3594 ὑπὲρ
1386 3522 1630 3595 ἄστρων·
1681 3523 1802 3577 οὐδὲ
1840 3523 1951 3577 τῶν

370 3616 586 3686 ἄστρων
636 3615 855 3681 πάντως
886 3615 1142 3689 καθαρῶν
1184 3616 1353 3670 ὄντων
1393 3614 1623 3670 ἐνώπιον
1659 3616 1753 3669 τοῦ
1789 3615 1947 3680 Θεοῦ,

370 3705 447 3767 ὡς
492 3706 550 3758 ὲν
589 3705 667 3778 τῷ
709 3704 829 3758 Ἰὼϐ
878 3705 1213 3776 ἀνέγνωμεν.
1261 3704 1473 3776 Ἀστρα
1519 3705 1578 3758 δὲ
1620 3706 1681 3758 οὐ
1732 3704 1950 3777 καθαρὰ

371 3795 602 3851 ἐνώπιον
642 3797 833 3851 αὐτοῦ’
873 3800 923 3852 εἰ
956 3798 1029 3869 μὴ
1062 3798 1171 3869 ἄρα
1201 3797 1573 3868 ὑπερδολικῶς
1610 3798 1766 3853 τοῦτο
1794 3797 1947 3869 εῖρη·

369 3904 482 3944 ται.
529 3890 759 3945 Homilia
787 3890 1006 3945 demunt
1040 3893 1093 3945 in
1115 3891 1403 3947 Jeremiam
1434 3891 1644 3946 decima
1664 3931 1678 3955 ,
1714 3907 1865 3945 num.
1889 3892 1946 3955 6,

372 3983 674 4054 explanans
713 3985 847 4041 illud
880 3984 1081 4042 Jerem.
1113 4001 1216 4050 xu,
1249 3986 1284 4039 4
1305 4027 1319 4046 ,
1361 4003 1379 4036 ι
1408 3984 1703 4053 Quousque
1746 3984 1949 4054 lugebit

372 4084 540 4137 terra.
565 4093 585 4127 ι
627 4084 827 4131 terram
870 4090 1068 4144 corpus
1109 4091 1231 4131 esse
1261 4076 1338 4131 ait
1372 4076 1552 4129 anima
1583 4082 1639 4129 et
1662 4090 1824 4130 sensu
1851 4089 1948 4130 ca-

372 4185 520 4234 rens,
547 4168 642 4225 sed
674 4178 836 4225 terra:
862 4170 1084 4225 nomine
1112 4169 1371 4241 appellari
1402 4169 1654 4239 angelum
1682 4178 1841 4225 terra:
1869 4183 1949 4224 as-

370 4263 692 4329 sistentem,
750 4276 813 4316 ac
878 4261 1062 4315 itidem
1124 4276 1316 4332 aqua,
1367 4260 1694 4326 clementis,
1750 4271 1807 4316 et
1860 4276 1950 4315 re-

370 4355 472 4409 bus
529 4353 780 4424 singulis.
846 4353 977 4420 Quae
1037 4354 1180 4409 inter
1229 4352 1630 4408 ecclesiasticos
1696 4353 1949 4407 doctores

370 4443 655 4501 tritissima
689 4454 773 4499 est
806 4445 1014 4515 opinio,
1057 4446 1297 4500 animata
1330 4458 1451 4499 esse
1483 4443 1661 4499 sidera
1703 4458 1801 4513 per
1838 4442 1950 4497 for-

2058 595 2125 649 ab
2153 610 2220 650 eo
2263 595 2355 665 qui
2396 596 2628 666 subjecit
2670 610 2784 651 eas.
2834 591 3068 664 ideoque
3116 585 3492 662 propter'eum
3534 609 3622 649 su-
3708 654 3711 655 ν

2058 685 2281 749 stineut,
2308 685 2358 739 id
2378 695 2464 740 est
2506 694 2727 756 propter
2754 686 2873 755 ejus
2898 686 3253 741 voluntatem,
3287 682 3395 740 Nec
3430 684 3624 739 mirum

2057 779 2101 833 si
2135 779 2406 848 patienter
2438 779 2743 843 sustinent,
2774 793 2898 832 cum
2942 780 3119 834 sciant
3160 780 3622 836 Doniinunrsunnt

2056 880 2113 926 et
2142 870 2455 927 Creatorem
2486 872 2750 935 omnium,
2778 872 2893 926 sive
2922 886 3046 941 qua:
3087 873 3140 926 in
3175 873 3333 939 ccelo,
3363 874 3474 928 sive
3501 890 3625 943 quas

2058 966 2111 1019 in
2145 972 2291 1020 terra
2338 972 2496 1030 sunt,
2537 964 2840 1034 suscepisse
2871 964 3042 1020 nostri
3074 965 3317 1034 corporis
3356 964 3622 1033 fragilita-

2059 1065 2186 1111 tem.
2218 1074 2238 1108 ›
2284 1056 2487 1112 Deinde
2523 1073 2537 1109 :
2582 1072 2601 1107 ι
2634 1054 2776 1110 Illius
2826 1071 2959 1126 ergo
3008 1056 3281 1112 imitantes
3324 1056 3620 1113 bonitatem

2056 1149 2304 1205 caelestes
2336 1158 2604 1204 creaturae
2624 1186 2640 1212 ,
2684 1148 2808 1203 licet
2837 1148 3228 1219 ingemiscant,
3261 1148 3406 1219 quod
3434 1148 3623 1205 mundi

2058 1241 2217 1311 hujus
2246 1240 2472 1295 vanitati
2504 1239 2756 1308 subjectae
2783 1240 2891 1295 sint
2913 1279 2930 1305 ,
2958 1240 3312 1295 consolantur
3353 1256 3414 1297 se
3444 1252 3620 1298 tamen

2057 1334 2196 1403 quod
2244 1333 2623 1387 liberabuntur
2661 1348 2691 1387 a
2733 1334 2994 1389 servitute
3045 1333 3405 1401 corruptionis
3451 1335 3504 1389 in
3559 1336 3624 1390 Ii-

2058 1423 2323 1477 bertatcm
2381 1422 2585 1492 glorias.
2614 1441 2634 1475 ι
2676 1422 3006 1492 Augustinus
3048 1437 3262 1492 quoque
3316 1423 3411 1478 lib.
3456 1441 3494 1480 ll
3547 1424 3623 1479 De

2057 1512 2241 1568 Cenes.
2275 1516 2345 1569 ad
2380 1515 2533 1568 litter.
2560 1554 2577 1581 ,
2613 1523 2668 1568 et
2698 1514 2751 1569 in
2782 1512 3052 1568 Enchirid.
3083 1515 3152 1567 ad
3174 1514 3425 1571 Laurent.
3448 1557 3462 1581 ,
3499 1531 3620 1586 cap.

2056 1606 2147 1674 58,
2181 1607 2248 1662 de
2275 1620 2362 1671 eo,
2401 1613 2585 1675 utpote
2622 1620 2681 1660 re
2723 1606 2952 1660 obscura
2978 1613 3033 1660 et
3054 1606 3281 1671 incerta,
3310 1601 3536 1663 detitm‘e
3564 1624 3623 1663 se

2056 1698 2202 1753 nolle
2228 1698 2524 1768 quidquam
2550 1696 2806 1752 declarat.
2846 1694 2982 1753 Hinc
3014 1698 3130 1767 ipse
3161 1696 3411 1768 Origenis
3440 1714 3624 1771 repre—

2058 1790 2261 1845 hensor
2311 1789 2673 1860 Hieronymus
2711 1790 2766 1843 in
2800 1787 3001 1842 Eccles.
3031 1805 3071 1853 ι,
3104 1787 3158 1854 6,
3200 1789 3413 1845 dubitat
3444 1806 3622 1847 annon

1983 1870 2025 1924 Β
2052 1880 2326 1937 sideribus
2356 1880 2589 1934 animam
2614 1879 2875 1934 Salomon
2905 1880 3097 1936 adesse
3132 1882 3405 1950 putaverit
3433 1897 3450 1947 ;
3481 1890 3533 1939 et
3566 1884 3623 1938 in

2053 1970 2245 2041 Ephes.
2282 1986 2335 2037 ι,
2369 1970 2441 2024 22
2463 2011 2479 2036 ,
2526 1985 2594 2025 ne
2625 1971 2802 2025 sidera
2832 1969 3050 2040 quidem
3100 1971 3216 2041 ipsa
3255 1974 3454 2028 munda
3502 1989 3623 2031 esse

2049 2079 2233 2119 coram
2275 2063 2408 2129 Deo,
2436 2077 2610 2132 eaque
2638 2062 2945 2118 Servatoris
2986 2064 3280 2119 adventum
3326 2064 3624 2123 formidare

2049 2155 2261 2212 scribit.
2292 2153 2447 2211 Unde
2471 2154 2523 2208 in
2547 2152 2773 2223 epistola
2798 2153 2886 2221 6i,
2932 2156 2999 2209 ad
3045 2152 3358 2211 Pammach.
3378 2194 3395 2221 ,
3418 2171 3537 2227 cap.
3564 2155 3623 2225 ὅ,

2050 2248 2118 2304 de
2169 2247 2278 2303 hoc
2324 2259 2491 2316 agens
2545 2247 2836 2316 dogmate:
2870 2265 2889 2297 ι
2920 2245 3037 2301 Non
3082 2257 3187 2313 est,
3231 2248 3430 2318 inquit,
3460 2248 3622 2306 istius

2051 2338 2313 2407 temporis
2338 2347 2528 2392 contra
2561 2339 2758 2407 dogma
2789 2338 3067 2407 gentilium
3086 2378 3101 2403 ,
3143 2347 3199 2394 et
3222 2353 3289 2395 ex
3315 2350 3470 2410 parte
3498 2339 3621 2396 Pla-

2052 2430 2288 2485 tonicum
2318 2429 2576 2491 scribere,
2604 2439 2731 2487 ante
2765 2444 2937 2485 annos
2963 2429 3135 2485 ferme
3162 2431 3350 2487 decem
3392 2433 3445 2487 in
3473 2448 3621 2489 com-

2051 2520 2328 2577 mentariis
2357 2520 2726 2587 Ecclesiastis,
2764 2530 2818 2575 et
2854 2521 3233 2589 explanatione
3265 2519 3518 2590 Epistolae
3550 2522 3621 2576 ad

2050 2614 2309 2685 Ephesios
2361 2614 2597 2668 arbitror
2638 2628 2857 2669 sensum
2906 2612 3072 2667 animi
3118 2613 3221 2668 mei
3267 2614 3623 2682 prudentibus

2048 2707 2397 2778 explicatum.
2428 2726 2447 2760 ι
2486 2706 2614 2774 Quae
2656 2722 2780 2761 cum
2828 2706 2926 2774 ipsi
2962 2706 3188 2762 fuissent
3231 2723 3260 2760 a
3298 2706 3491 2764 Rufino
3519 2709 3621 2763 ob-

2045 2799 2186 2868 jecta
2222 2796 2475 2853 Invectiv.
2503 2812 2521 2852 ι
2551 2798 2754 2852 crimen
2786 2797 2943 2852 diluit
2964 2796 3184 2866 Apolog.
3225 2798 3317 2854 lib.
3352 2816 3391 2865 ι,
3425 2816 3545 2869 cap.
3566 2801 3617 2857 l.

2051 2887 2190 2955 Quin
2248 2888 2411 2942 etiam
2469 2885 2967 2943 Pseudo-Clemens
3023 2888 3076 2943 in
3134 2887 3619 2959 Recognitiontbus,

2050 2979 2142 3035 lib.
2184 2995 2239 3045 v,
2298 2988 2353 3035 et
2404 2980 2471 3033 Β.
2504 2976 2680 3035 Moses
2730 2978 2832 3034 ben
2890 2977 3146 3047 Maimon,
3198 2981 3406 3038 animas
3460 2982 3623 3037 astris

2050 3070 2331 3143 amngunt.
2376 3072 2618 3142 Denique
2660 3070 2719 3125 S.
2747 3070 2985 3126 Thomas
3026 3071 3117 3125 lib.
3151 3086 3189 3125 II
3240 3083 3408 3129 contr.
3440 3071 3621 3138 Gent.,

2004 3207 2016 3224 .
2051 3179 2172 3234 cap.
2202 3163 2306 3227 70.
2345 3162 2411 3216 ad
2446 3162 2571 3218 fidei
2601 3162 2902 3218 doctrinam
2939 3163 3212 3229 pertinere
3239 3173 3437 3235 negat,
3472 3175 3620 3219 astra

2049 3254 2287 3308 animata
2350 3253 2639 3313 dicantur,
2694 3266 2762 3304 an
2826 3249 3104 3315 inanima;
3157 3252 3299 3307 unde
3352 3253 3625 3307 testimare

2052 3347 2174 3401 licet
2210 3360 2320 3415 quo
2347 3359 2572 3400 numero
2589 3344 2892 3401 .lnstiuiani-
2912 3345 3392 3401 auathematismos
3411 3345 3620 3401 habue-

2053 3440 2143 3505 rit,
2188 3439 2279 3509 qui
2308 3438 2666 3493 afﬁrmantem
2695 3438 3023 3492 sententiam
3053 3436 3387 3492 confodiunt.

2122 3530 2210 3586 IV.
2246 3531 2398 3587 Viam
2440 3528 2663 3597 Origeui
2712 3529 2781 3584 ad
2841 3529 2892 3583 id
2948 3528 3138 3597 dogma
3189 3528 3626 3599 praemonstravit

2050 3622 2238 3687 Plato,
2278 3622 2370 3693 qui
2429 3622 2482 3675 in
2532 3619 2728 3676 Timaeo
2770 3620 2896 3675 cteli
2947 3621 3181 3674 animam
3231 3620 3455 3675 rationis
3501 3635 3624 3677 esse

2049 3723 2356 3785 compotem
2380 3712 2479 3777 sit,
2508 3727 2685 3782 eaque
2715 3710 2851 3766 nihil
2881 3728 2909 3764 a
2944 3710 3053 3765 Deo
3079 3713 3425 3780 praestantius
3454 3710 3624 3767 fuisse

2051 3816 2428 3877 procreatum;
2465 3815 2521 3861 et
2555 3805 2608 3859 in
2643 3802 2955 3873 Epinomidc
2988 3801 3131 3857 θεῖον
3163 3804 3420 3871 praedicat
3466 3804 3625 3873 γένος

2048 3898 2286 3971 ἄστρων,
2335 3896 2587 3968 σώματος
2646 3895 2745 3966 μὲν
2786 3894 2948 3964 τυχὸν
2984 3894 3300 3958 καλλίστου,
3344 3894 3521 3965 ψυχῆς
3565 3895 3623 3949 δὲ

2048 3989 2537 4060 εὐδαιμονεστάτης
2579 4003 2638 4041 τε
2672 3987 2768 4053 καὶ
2798 3986 3048 4058 ἀρίστης.
3095 3985 3540 4041 Prtemonstravit
3568 3997 3627 4041 et

2049 4080 2271 4146 Thales,
2308 4080 2501 4135 Ionica:
2537 4086 2701 4133 sectae
2726 4078 2998 4146 princeps,
3036 4077 3126 4146 qui
3164 4080 3325 4133 rebus
3356 4077 3626 4133 universis

2051 4178 2284 4230 animam
2342 4171 2638 4228 tribuebat.
2697 4168 3148 4224 Praemonstravit
3191 4178 3247 4223 et
3287 4168 3624 4240 Pythagoras

2049 4266 2142 4338 qui
2182 4274 2328 4320 astra
2388 4264 2523 4319 deos
2571 4276 2692 4318 esse
2738 4261 3017 4317 censebat.
3065 4260 3628 4316 Praemoustravernnt

2053 4367 2110 4415 et
2133 4357 2315 4422 stoici,
2366 4363 2424 4411 et
2458 4354 2596 4423 ipse,
2644 4354 2690 4408 si
2726 4352 3042 4419 Plutarcho,
3072 4352 3381 4407 Alexandro
3412 4352 3626 4422 Aphro-

2049 4452 2234 4513 disaeo,
2268 4458 2325 4506 et
2360 4448 2483 4503 aliis
2515 4446 2816 4511 credimus,
2844 4446 3187 4502 Aristoteles.
3224 4446 3467 4501 Platonis
3498 4461 3625 4501 seu-

369 4553 511 4593 mam
547 4537 891 4593 assistentem
921 4545 977 4592 et
1004 4537 1397 4602 cohaerentem,
1437 4549 1542 4590 non
1574 4535 1943 4591 intromissam
1978 4542 2023 4598 1]
2053 4544 2278 4601 tentiam
2309 4557 2376 4598 ac
2410 4542 2526 4611 ipsa
2572 4540 2961 4610 propemodum
3005 4539 3171 4593 verba
3211 4552 3309 4607 pro
3337 4552 3487 4591 more
3523 4552 3625 4592 suo

367 4638 423 4682 et
456 4627 862 4682 inl'ormantem.
905 4628 1082 4696 Atque
1114 4642 1180 4683 ex
1219 4627 1306 4681 his
1337 4627 1472 4682 satis
1519 4635 1668 4696 patet
1699 4626 1948 4697 Origenis

370 4721 657 4780 haesitatio.

438 4811 519 4866 Ad
560 4812 677 4866 lucc
725 4809 1040 4882 Pamphilus
1086 4811 1140 4865 in
1189 4809 1542 4880 responsione
1586 4811 1655 4865 ad
1697 4819 1944 4864 octavam

367 4904 843 4969 criminationem,
893 4904 1183 4973 unicuique
1224 4902 1661 4958 Christianorum
1701 4901 1780 4955 fas
1823 4915 1948 4957 esse

367 4994 499 5050 dicit
527 5002 674 5049 astra
714 4995 950 5049 animata
994 4996 1079 5049 vel
1120 5011 1225 5048 non
1268 4995 1509 5048 animata
1544 5006 1810 5059 censere;
1846 5007 1946 5049 nec

365 5088 621 5158 cuiquam
654 5089 929 5158 opinionis
962 5088 1279 5144 alterutrius
1322 5101 1486 5143 causa
1520 5086 1796 5141 haereseos
1826 5087 1947 5141 itm-

366 5183 591 5236 reudam
637 5198 760 5236 ese
797 5192 1000 5248 notam,
1048 5197 1223 5251 «prop
1247 5196 1308 5236 er
1357 5182 1459 5235 hoc
1511 5180 1653 5250 quod
1710 5195 1814 5235 non
1872 5181 1942 5234 ita

364 5285 553 5345 aperte
591 5275 659 5329 de
705 5275 789 5329 his
832 5275 1092 5329 traditum
1125 5285 1209 5329 est
1253 5275 1303 5328 in
1337 5273 1641 5343 apostolica
1672 5273 1943 5344 praedica-

364 5379 574 5423 tone.»
636 5368 789 5435 Quod
845 5369 1022 5437 ipsqu
1067 5383 1179 5439 prae
1220 5383 1280 5423 se
1330 5367 1452 5421 tulit
1486 5367 1845 5424 Adamantius
1889 5368 1943 5422 in

363 5463 630 5533 prooemio
662 5461 920 5515 librorum
942 5462 1081 5530 Περὶ
1111 5458 1332 5530 ἀρχῶν,
1375 5476 1525 5515 num.
1554 5461 1643 5526 10,
1680 5462 1755 5515 uti
1788 5476 1948 5530 supra

362 5554 724 5612 ostendimus.
757 5554 977 5610 Pcuitus
1006 5569 1139 5608 vero
1157 5552 1460 5623 origcnizat
1498 5552 1839 5615 Ambrosius,
1869 5554 1948 5609 sic

364 5648 636 5703 disserens
684 5647 735 5701 in
779 5647 937 5715 epist.
963 5645 1056 5712 58,
1105 5646 1172 5701 ad
1217 5643 1613 5700 Horontianum
1659 5664 1671 5699 :
1717 5664 1733 5697 ι
1766 5646 1945 5701 Stella:

364 5740 575 5796 nebulis
632 5740 879 5796 obductae
931 5748 1249 5805 vanescunt,
1285 5754 1402 5807 quin
1451 5738 1722 5793 sustinent
1784 5740 1944 5793 mini-

364 5830 514 5888 sterii
542 5831 700 5903 hujus
732 5830 990 5888 mundani
1025 5846 1174 5899 usus,
1217 5845 1323 5887 non
1356 5841 1548 5901 sponte
1591 5832 1777 5901 utique
1802 5873 1815 5900 ,
1846 5833 1939 5888 sed

2050 4636 2238 4694 retulit
2269 4634 2463 4701 Philo;
2504 4648 2626 4687 nam
2662 4633 2716 4686 in
2750 4631 2887 4686 libro
2913 4630 3055 4701 Περὶ
3076 4630 3183 4687 τοῦ
3217 4628 3627 4699 θεοπέμπτους

2048 4727 2201 4785 εἶναι
2248 4726 2390 4793 τοὺς
2422 4725 2695 4794 ὀνείρους
2719 4763 2734 4792 ,
2768 4732 2824 4777 et
2859 4722 2987 4778 alibi
3023 4732 3169 4778 astra
3210 4738 3318 4777 non
3371 4719 3625 4775 animalia

2050 4820 2230 4882 modo,
2286 4821 2379 4873 sed
2428 4829 2639 4875 mentes
2680 4817 2846 4870 etiam
2885 4815 3205 4884 purissimas
3235 4829 3357 4869 esse
3403 4812 3621 4867 asserit.

2050 4912 2108 4970 lu
2141 4912 2282 4967 libro
2316 4922 2494 4965 tamen
2523 4910 2601 4964 Ite
2633 4910 2818 4962 mundi
2856 4906 3099 4973 api/icio,
3132 4917 3186 4961 et
3231 4906 3404 4960 altero
3432 4904 3506 4957 De
3546 4905 3626 4973 gi-

2048 5005 2320 5076 gantibus,
2358 5018 2422 5056 ea
2453 5016 2572 5057 esse
2618 5001 2732 5055 vult
2758 5001 2824 5054 δι’
2847 5001 2967 5054 ὅλου
3002 4998 3265 5054 σπουδαῖα
3313 5000 3500 5066 (quam
3527 5010 3623 5049 vo-

2051 5112 2169 5152 cem
2198 5095 2477 5164 usurpavit
2498 5093 2782 5164 Origenes)
2826 5095 2921 5147 καὶ
2945 5092 3150 5155 παντὸς
3178 5089 3505 5143 ἀνεπίδεκτα
3528 5103 3627 5139 κα-

2050 5187 2151 5242 κοῦ
2170 5227 2185 5252 ,
2214 5187 2309 5241 καὶ
2345 5186 2601 5257 ἀκήρατα
2621 5226 2636 5250 ,
2664 5186 2807 5256 quod
2834 5185 3053 5256 Origeni
3083 5199 3189 5238 non
3218 5182 3440 5251 placuit.
3486 5178 3625 5233 Huic

2030 5292 2263 5348 quoque
2310 5277 2377 5332 ad
2423 5292 2542 5332 eam
2595 5278 3000 5346 capessendam
3042 5275 3355 5347 Opinionem
3414 5271 3627 5341 praaivit

2044 5367 2297 5423 Clemens
2327 5366 2731 5423 Alexandrinus
2759 5367 2812 5421 in
2846 5366 3056 5436 Eclogis
3091 5365 3161 5419 ἐκ
3192 5363 3312 5418 τῶν
3341 5377 3628 5432 προφητι-

2046 5457 2192 5513 κῶν.
2233 5458 2608 5513 Perseveravit
2635 5469 2817 5512 autem
2860 5458 2929 5512 ad
2962 5467 3200 5512 nostram
3230 5464 3445 5510 aetatem
3492 5454 3624 5508 illud

2046 5555 2115 5608 de
2160 5552 2416 5607 animatis
2456 5552 2728 5606 sideribus
2759 5550 3043 5620 placitum,
3077 5549 3504 5619 defensoresque
3536 5550 3629 5604 ha-

2043 5646 2163 5703 buit
2218 5648 2362 5702 viros
2409 5647 2690 5717 quantivis
2746 5647 2906 5718 pretii
2969 5647 3281 5716 Tychoncm
3337 5655 3394 5701 et
3442 5646 3625 5717 Kepp-

2042 5738 2239 5794 ferum.

2119 5832 2181 5887 ν.
2215 5831 2547 5904 Augustinus
2576 5832 2672 5889 lib.
2705 5849 2735 5885 v
2768 5830 2843 5889 De
2871 5834 3015 5889 civit.
3046 5831 3165 5902 Dei,
3196 5847 3316 5904 cap.
3347 5833 3398 5899 l,
3431 5845 3620 5888 eorum
