4170 6408
609 372 713 425 979

1898 371 1959 426 P.
1999 370 2313 425 DANIELIS
2353 368 2581 425 HUETII

3711 363 3811 426 989

610 488 897 541 confutans
947 487 1138 556 dogma
1169 488 1260 556 qui
1306 506 1324 536 ι
1352 488 1467 542 sine
1514 488 1606 543 Dei
1658 489 1933 543 voluntate
1982 491 2169 545 decer-
2200 496 2247 551 Α
2274 504 2326 541 vt
2358 498 2540 541 contra
2566 485 2771 539 Cezsatn
2814 483 3006 551 legitur
3031 497 3179 535 num.
3206 481 3295 545 50,
3325 482 3416 545 5i,
3448 481 3553 535 falli
3587 498 3697 549 eos,
3721 491 3805 553 qui

614 594 747 632 nere
772 579 1061 646 opinamur
1094 580 1269 633 sidera
1290 579 1417 647 quid
1450 595 1691 650 agamus,
1725 582 1805 634 vel
1847 580 1972 649 quid
2001 580 2167 634 bono-

615 684 733 721 rum
766 669 1078 733 habeamus,
1121 668 1450 723 malorumve
1498 672 1797 738 patiamur;
1833 689 1852 720 ι
1887 671 2000 724 haec
2039 670 2170 723 sub-

609 756 825 826 jungit:
868 776 885 807 ι
918 758 1068 823 Quod
1104 758 1149 811 si
1176 758 1432 812 dicuntur
1463 760 1631 815 stella:
1654 760 1964 829 signiﬁcare
1989 763 2170 829 potius

614 848 737 910 ista,
769 862 927 916 quam
961 849 1152 912 facere,
1194 858 1255 902 ιιι
1293 851 1445 918 quasi
1475 852 1675 905 locutio
1706 853 1949 920 quaedam
1976 852 2050 905 sit
2078 852 2167 905 illa

613 940 812 1009 positio
850 942 1148 1008 praedicens
1179 945 1376 1009 futura,
1403 960 1507 999 non
1539 959 1701 1013 agens
1723 944 1853 1014 (non
1880 945 2025 997 enim
2052 960 2167 999 me-

613 1030 868 1086 diocriter
906 1032 1183 1087 doctorum
1209 1034 1485 1089 hominum
1522 1033 1828 1104 [Origenem
1861 1032 2033 1104 notat]
2071 1034 2170 1087 fuit

611 1122 715 1178 ista
752 1125 1062 1194 sententia),
1114 1142 1218 1179 non
1246 1128 1459 1195 quidem
1488 1128 1559 1181 ita
1590 1126 1761 1181 solent
1783 1127 1925 1195 loqui
1961 1128 2168 1181 mathe-

612 1212 818 1275 matici,
852 1222 911 1265 ut
945 1214 1090 1267 verbi
1121 1214 1295 1283 gratia
1321 1214 1523 1279 dicant,
1550 1214 1692 1268 Mars
1722 1216 1791 1268 ita
1832 1215 2040 1282 positus
2069 1215 2168 1269 ho-

618 1301 868 1357 micidam
924 1304 1222 1372 significat;
1272 1309 1365 1360 sed
1419 1306 1740 1360 homicidam
1791 1306 1938 1360 facit.
1970 1325 1987 1357 ι
2053 1306 2166 1369 His,

613 1390 857 1460 inquam,
884 1393 1172 1465 Origeuem
1201 1396 1512 1465 designasse
1530 1398 1766 1451 creditus
1794 1407 1877 1452 est
1907 1415 1920 1450 :
1958 1412 2082 1451 nam
2115 1400 2167 1449 in

613 1494 679 1533 eo
700 1481 1002 1550 fragmento
1029 1487 1171 1553 quod
1203 1501 1233 1539 e
1262 1485 1765 1540 Commentariorum
1806 1490 1972 1557 ipsius
1996 1491 2051 1542 in
2072 1488 2169 1543 Gc-

610 1574 777 1625 nesim
820 1584 968 1628 torno
1001 1576 1063 1630 Ill
1110 1588 1422 1648 excerptum
1454 1579 1720 1635 Eusebius
1751 1580 2166 1651 Prwparatiortis

609 1666 919 1734 evangelica:
969 1669 1108 1722 libro
1142 1681 1302 1725 sexto
1345 1673 1609 1737 inseruit,
1657 1676 1820 1729 astris
1863 1676 2164 1731 futurorum

611 1756 791 1810 inesse
817 1757 1262 1821 signiﬁcationem
1300 1762 1551 1829 aﬁirmat,
1592 1780 1739 1817 num.
1765 1766 1832 1828 5,
1863 1767 1897 1821 9
1925 1777 1983 1820 et
2012 1783 2129 1835 seq.
2148 1807 2161 1831 ,

612 1863 718 1902 non
761 1850 921 1902 etiam
952 1866 1197 1917 causam,
1233 1856 1374 1921 quod
1408 1855 1611 1910 faciunt
1636 1858 1972 1913 Genethliaci
2001 1878 2015 1923 ;
2048 1876 2166 1914 mo-

612 1950 722 1993 tum
754 1954 883 2007 ergo
916 1940 979 1995 iis
1007 1957 1035 1995 a
1072 1942 1177 1996 Deo
1205 1953 1262 1996 et
1286 1946 1533 1998 ordinem
1562 1947 1814 2011 inditum,
1844 1957 1903 1999 ut
1932 1948 2056 2002 inde
2086 1948 2171 2001 [ιι-

611 2038 854 2083 turorum
910 2031 1268 2103 cognitionem
1316 2034 1489 2103 angeli
1536 2035 1821 2094 hauriant:
1866 2036 2019 2104 cujus
2049 2039 2170 2103 qui-

609 2120 731 2172 dem
776 2121 1098 2189 cognitionis
1144 2121 1506 2192 adeptionem,
1544 2138 1667 2179 cum
1715 2127 1859 2181 vires
1890 2140 2170 2195 superaret

607 2210 895 2275 humanas,
924 2213 992 2266 ab
1020 2212 1226 2283 angelis
1250 2216 1518 2281 apostatis
1546 2216 1596 2269 in
1629 2216 1875 2271 homines
1900 2218 2079 2286 aliqua
2100 2234 2167 2274 ex

608 2308 761 2368 parte
824 2300 989 2355 fuisse
1038 2303 1454 2365 transmissam;
1512 2306 1718 2359 nullam
1771 2317 1952 2359 autem
2001 2308 2169 2362 libero

607 2392 833 2446 arbitrio
863 2394 968 2446 vim
1008 2394 1090 2447 vel
1126 2394 1505 2447 necessitatem
1550 2394 1679 2448 hinc
1712 2395 1923 2450 inferri.
1966 2394 2169 2451 Praeter

607 2482 965 2552 Augustinum
999 2486 1113 2538 haec
1138 2485 1490 2539 vehementer
1515 2486 1780 2554 castigant
1804 2484 2030 2540 Ruﬁnus
2059 2486 2163 2540 Pa-

608 2573 847 2629 laestinas
879 2574 931 2627 iu
967 2574 1147 2628 libello
1174 2573 1251 2627 De
1286 2574 1391 2642 ﬁde
1411 2616 1427 2639 ,
1457 2585 1511 2629 et
1535 2574 1829 2645 Procopius
1854 2576 2077 2630 Gazteus
2110 2578 2165 2629 in

604 2667 737 2721 Gen.
769 2684 826 2733 ι,
880 2668 976 2733 14,
1011 2668 1104 2737 qui
1132 2669 1198 2722 ab
1223 2668 1454 2738 Origene
1478 2708 1492 2732 ,
1526 2683 1686 2737 quem
1720 2670 1771 2722 in
1803 2669 1924 2724 aliis
1952 2670 2018 2724 ad
2045 2684 2165 2723 ver-

605 2760 729 2812 bum
770 2758 883 2812 tere
916 2758 1181 2827 sequitur,
1222 2759 1322 2815 hac
1356 2759 1409 2812 in
1449 2769 1603 2828 parte
1630 2760 1897 2816 discessit.

675 2851 817 2907 Sane
846 2851 894 2905 si
942 2852 1115 2905 futura
1151 2852 1316 2905 multa
1353 2867 1460 2906 non
1507 2853 1575 2905 ab
1617 2852 1779 2907 astris
1810 2852 2161 2921 praenuntiari

604 2947 887 3009 duntaxat,
920 2944 1015 2999 sed
1043 2953 1098 2998 et
1129 2944 1263 2998 ellici
1290 2945 1514 2999 dixisset
1537 2942 1818 3013 Origenes,
1843 2955 1896 3000 et
1924 2946 2159 3001 siderum

604 3036 805 3089 viribus
834 3050 1061 3103 corpora
1099 3037 1212 3089 haec
1242 3044 1454 3091 terrena
1483 3036 1646 3089 variis
1690 3036 1827 3091 allici
1866 3037 2072 3101 modis,
2105 3044 2162 3090 et

603 3127 669 3181 ad
708 3127 819 3179 haec
864 3126 1023 3181 illave
1069 3126 1399 3181 commoveri
1449 3135 1504 3179 et
1548 3126 1834 3193 inclinari,
1871 3127 1923 3180 in
1970 3130 2156 3182 eadem

602 3228 745 3271 esset
776 3232 939 3271 causa
982 3232 1046 3271 ac
1070 3217 1535 3286 Apostelesmatici
1568 3232 1779 3283 omnes,
1809 3227 1864 3272 et
1910 3218 2157 3275 hodierni

604 3308 907 3374 astrologia:
936 3310 1170 3376 patroni,
1199 3323 1431 3376 quorum
1454 3310 1743 3372 sententia,
1772 3309 1979 3378 integra
2003 3310 2161 3363 modo

603 3407 851 3450 servetur
895 3398 1111 3451 humani
1150 3398 1375 3454 libertas
1430 3401 1663 3466 arbitrii,
1715 3402 1986 3456 haereseos
2034 3411 2156 3455 nota

604 3488 857 3541 immunis
887 3499 988 3543 est.
1025 3490 1093 3542 At
1121 3506 1243 3543 cum
1267 3491 1716 3561 signiﬁcationem
1746 3494 1917 3548 solum
1949 3493 2157 3549 futuro-

606 3593 747 3640 rum,
780 3578 961 3632 itidem
991 3588 1049 3632 ut
1075 3579 1333 3650 Synesius
1359 3582 1451 3637 lib.
1480 3581 1557 3636 De
1586 3586 1877 3647 insomniis,
1904 3600 2008 3640 non
2038 3601 2161 3639 eau-

604 3686 720 3725 sam
753 3671 915 3725 astris
943 3672 1295 3740 ascripserit,
1326 3674 1489 3729 illaesa
1524 3674 1729 3729 arbitrii
1780 3676 2027 3730 libertate
2051 3718 2065 3740 ,
2096 3693 2161 3731 co

602 3762 784 3817 minus
828 3763 991 3817 etiam
1047 3764 1281 3820 decretis
1343 3766 1599 3821 Ecclesiae
1654 3768 1967 3821 adversatur
2018 3768 2161 3823 illius

599 3856 823 3925 opinio;
853 3873 1011 3926 quam
1044 3872 1294 3912 manasse
1318 3873 1349 3912 e
1381 3856 1774 3912 Platonicorum
1797 3860 1997 3915 scholis
2028 3863 2161 3915 satis

600 3956 825 4014 apparet
867 3963 933 4002 ex
973 3946 1165 4002 Plotini
1200 3947 1339 4005 Enn.
1374 3965 1434 4016 ιι,
1485 3949 1578 4003 lib.
1603 3967 1640 4016 ι,
1683 3966 1803 4020 cap.
1851 3952 1876 4004 1
1911 3964 1967 4006 et
2007 3952 2061 4017 7,
2107 3962 2162 4005 et

604 4036 742 4092 Enn.
771 4055 864 4105 ιιι,
924 4038 1019 4092 lib.
1052 4055 1091 4102 ι,
1122 4054 1243 4108 cap.
1272 4043 1338 4103 6,
1375 4028 1532 4108 quem
1577 4053 1794 4097 secutus
1836 4054 1919 4097 est
1954 4043 2159 4099 Macro-

598 4128 718 4183 bius
750 4129 843 4184 lib.
878 4145 891 4181 l
934 4131 990 4183 in
1021 4130 1205 4187 Somn.
1244 4130 1390 4199 Scip.
1411 4169 1429 4195 ,
1471 4147 1586 4200 cap.
1616 4133 1667 4187 I.
1856 4200 1861 4211 ι

668 4219 800 4272 Cum
845 4218 992 4274 ineo
1020 4231 1220 4285 autem,
1258 4222 1399 4290 quod
1445 4222 1705 4287 diximus,
1756 4223 2075 4294 fragmento,
2106 4236 2161 4279 et

599 4309 725 4365 alibi
759 4324 973 4378 quoque
1000 4350 1015 4376 ,
1055 4326 1274 4367 causam
1328 4316 1632 4368 futurorum
1681 4314 1949 4370 sideribus
1983 4318 2159 4371 neuti-

598 4416 761 4471 quam
811 4404 991 4458 inesse
1044 4420 1237 4473 magno
1294 4414 1491 4461 conatu
1519 4406 1780 4475 Origenes
1830 4409 2156 4476 probaverit,

2270 594 2395 633 vera
2422 579 2629 632 dierum
2657 591 2749 629 sex
2781 575 2955 641 spatia
2993 573 3227 643 Ionsem
3262 574 3314 626 in
3344 576 3524 626 mundi
3557 580 3806 631 narranda

2270 670 2543 725 creatione
2585 668 2921 735 signiﬁcasse
2967 676 3165 734 putant
3196 686 3209 719 ε
3246 682 3490 736 quosque
3520 682 3576 721 se
3612 668 3664 721 in
3703 672 3812 725 suis

2270 766 2337 813 ad
2361 756 2598 812 Genesim
2623 756 3024 811 Commentariis
3060 756 3320 810 relellisse
3343 758 3437 810 ait.
3479 757 3534 809 In
3565 774 3669 825 quo
3693 759 3810 812 Phi-

2271 851 2446 903 lonem
2500 859 2720 903 secutus
2780 859 2883 909 est,
2937 849 3091 916 cujus
3148 850 3263 901 lucc
3312 847 3470 902 verba
3511 859 3635 902 sunt
3676 850 3808 903 lib.t

2271 940 2523 1008 Allegor.,
2568 938 2772 1010 Εὖηθες
2813 939 2951 991 πάνυ
2977 940 3037 991 τὸ
3062 938 3267 991 οἴεσθαι
3301 938 3361 1002 ἒξ
3386 938 3634 1009 ἡμέραις,
3659 940 3693 1009 ἦ
3720 956 3814 992 κα-

2270 1030 2421 1083 θόλου
2456 1030 2632 1099 χρόνῳ
2665 1030 2865 1098 κόσμον
2898 1030 3196 1097 γεγονέναι.
3250 1029 3450 1097 Nempe
3482 1030 3593 1083 haec
3622 1033 3813 1097 tropice

2272 1122 2615 1189 intelligenda
2658 1123 3084 1191 explicandaque
3134 1123 3388 1175 censebat
3429 1121 3711 1191 Origenes,
3758 1134 3817 1177 ut

2271 1213 2374 1265 alia
2407 1214 2681 1280 pleraque,
2722 1214 2773 1265 in
2814 1214 3013 1280 quibus
3043 1212 3334 1281 allegorico
3376 1213 3554 1265 sensui
3597 1214 3814 1267 nimium

2273 1302 2533 1367 tribuens,
2586 1303 2827 1356 nativum
2855 1312 2913 1358 et
2972 1304 3265 1357 litteralem
3312 1304 3669 1357 subvertehat.
3717 1304 3813 1368 Qui

2269 1393 2524 1459 quoniam
2549 1406 2707 1446 error
2728 1409 2885 1448 suum
2918 1394 3020 1448 sibi
3049 1393 3286 1461 postulat
3309 1407 3534 1446 examen
3555 1428 3572 1455 ,
3601 1394 3817 1447 verbum

2270 1495 2375 1535 non
2418 1480 2635 1535 addam.

2833 1551 3160 1618 ΩυᾹΞΒΤΙΟ
3199 1549 3288 1606 ΙΧ.

2586 1660 2650 1698 DE
2698 1659 3129 1698 BESUBRECTIONE
3162 1657 3508 1697 IOKTUORUI.

2270 1734 2313 1787 I.
2352 1734 2533 1789 Status
2558 1738 2862 1804 quwstionis
2892 1738 3225 1803 proponitur.
3263 1735 3334 1804 I|._
3355 1734 3602 1804 Doctrina
3636 1732 3816 1801 Orige-

2352 1807 2432 1855 nis
2473 1808 2536 1857 de
2562 1802 2939 1857 resurrectione
2968 1802 3292 1857 enucleatur.
3321 1802 3405 1856 Ill.
3446 1802 3628 1856 Utrum
3650 1821 3818 1855 resur-

2350 1877 2630 1927 rectionem
2682 1875 2918 1927 absolute
2961 1876 3244 1927 sustulerit.
3305 1872 3390 1925 IV.
3444 1872 3557 1924 Hoc
3612 1875 3821 1925 crimine

2347 1955 2627 2012 purgatur.
2665 1942 2725 1995 V.
2764 1941 2950 1995 Utrum
2983 1944 3216 2009 corporis
3262 1944 3683 2012 resurrectionem
3728 1944 3819 1994 ad-

2346 2011 2568 2073 miserit,
2614 2012 2789 2065 carnis
2828 2013 3090 2078 inﬁciatus
3130 2015 3218 2065 sit.
3251 2012 3333 2065 Vl.
3368 2011 3434 2067 In
3466 2028 3523 2063 eo
3546 2014 3696 2063 etiam
3724 2014 3817 2063 lur-

2344 2084 2495 2146 sitat,
2534 2092 2579 2133 et
2624 2081 2913 2133 multorum
2948 2096 3197 2149 prwterea
3240 2099 3451 2133 assensu
3482 2082 3688 2149 gaudet.
3712 2080 3813 2132 VII.

2346 2150 2536 2203 Utrum
2582 2162 2628 2203 et
2662 2151 2919 2219 quomodo
2962 2167 3179 2219 corpora
3214 2153 3268 2203 in
3302 2153 3675 2219 resurrectione
3705 2166 3818 2201 mu-

2343 2230 2508 2273 tatum
2546 2222 2614 2271 iri
2649 2217 3038 2273 existimaverit.
3081 2218 3210 2273 VIII.
3247 2219 3346 2271 Hic
3378 2236 3581 2288 quoque
3607 2217 3818 2271 Patruus

2344 2290 2544 2357 aliquot
2569 2291 2906 2342 consensione
2958 2306 3013 2341 se
3058 2299 3247 2341 tuetur.
3281 2288 3368 2341 IX.
3410 2290 3489 2340 An
3532 2304 3741 2353 corpora
3768 2292 3818 2339 in

2346 2360 2728 2412 resurrectione
2782 2360 3036 2424 splia’rica
3093 2358 3275 2424 futura
3342 2358 3710 2410 nutamarerit.
3757 2357 3817 2409 Χ.

2343 2426 2529 2481 Utrum
2554 2431 2737 2494 impios
2768 2429 3097 2494 afﬁrmarerit
3125 2433 3423 2496 neutiquam
3456 2429 3510 2479 in
3532 2429 3679 2479 vitam
3706 2430 3823 2478 red-

2338 2499 2525 2551 ituros.
2570 2497 2660 2550 XI.
2703 2497 2851 2550 Unde
2892 2513 3040 2550 suam
3061 2501 3513 2550 deresurrectione
3537 2499 3818 2550 doctrinam

2340 2569 2598 2631 hauserit,
2627 2568 2883 2635 aperitur.
2932 2566 3041 2619 XII.
3091 2565 3360 2619 Nonnulla
3397 2568 3470 2618 ad
3525 2568 3637 2635 ejus
3666 2582 3816 2635 excu-

2340 2640 2593 2690 sationem
2620 2633 2812 2703 pra'ter
2838 2637 3107 2702 superiora
3141 2635 3479 2703 colliguntur.
3530 2634 3661 2689 XIII.
3704 2633 3816 2697 Quo

2341 2724 2495 2759 sensu
2529 2707 2720 2759 dixerit
2770 2717 3100 2773 peccatorum
3136 2721 3348 2759 causam
3398 2709 3470 2757 ad
3516 2721 3698 2771 corpus
3734 2720 3810 2756 rc-

2338 2776 2484 2845 ferri.

2340 2869 2379 2921 Ι.
2418 2887 2436 2919 ι
2466 2866 2831 2921 Transeamus
2881 2866 3005 2918 hinc
3054 2866 3119 2919 ad
3174 2865 3591 2919 famosissimum
3637 2866 3703 2919 de
3745 2880 3822 2918 re-

2268 2959 2614 3015 surrectione
2641 2959 2822 3012 carnis
2856 2967 2911 3010 et
2937 2956 3181 3025 corporis
3212 2957 3591 3024 quaestionem.
3617 2976 3634 3007 ι
3682 2956 3823 3009 Licet

2262 3051 2412 3105 enim
2451 3049 2529 3105 ttti
2552 3050 2729 3104 verbis
2756 3048 3061 3117 Hieronymi
3093 3048 3249 3115 epist.
3281 3048 3370 3111 til,
3398 3050 3469 3099 ad
3496 3048 3820 3111 Pammaclt.,

2186 3160 2229 3217 ο
2264 3155 2381 3209 cap.
2426 3139 2478 3202 7,
2512 3140 2612 3194 hoc
2646 3150 3021 3207 argumentum
3078 3139 3339 3191 adversus
3386 3140 3675 3208 Origenetn
3706 3154 3822 3207 per-

2261 3232 2559 3299 sequentis.
2589 3228 2838 3283 Coltzeret
2862 3240 3041 3283 autem
3068 3230 3153 3282 illa
3182 3244 3395 3298 quoque
3426 3245 3556 3283 cum
3584 3232 3819 3298 superio-

2262 3321 2435 3385 ribus,
2490 3336 2614 3373 nam
2666 3329 2808 3373 statu
2863 3321 3165 3373 animarum
3196 3330 3321 3373 ante
3357 3322 3501 3375 hanc
3528 3323 3690 3373 vitam
3730 3336 3821 3374 ex-

2260 3413 2487 3483 quisito,
2533 3412 2768 3479 ipsarum
2813 3424 3030 3479 quoque
3078 3409 3254 3462 futura
3308 3418 3425 3477 post
3483 3411 3621 3463 hanc
3666 3410 3823 3462 vitam

2262 3520 2382 3560 sors
2402 3504 2731 3573 exploranda
2759 3510 2840 3557 est
2870 3518 2883 3553 :
2920 3501 3173 3554 nimirum
3197 3500 3413 3555 solasne
3436 3516 3505 3555 ac
3536 3501 3821 3561 solitarias,

2262 3610 2329 3648 an
2408 3593 2722 3661 coniunctas
2806 3592 3120 3659 corporibus
3189 3592 3385 3660 quibus
3476 3593 3824 3646 convixerunt

2260 3696 2592 3755 postremum
2626 3685 2903 3739 subituras
2926 3682 3215 3748 judicium,
3248 3682 3555 3751 iisdemque
3580 3682 3825 3749 deinceps

2262 3777 2573 3832 adhaesurus
2609 3774 2993 3828 autumaverit.
3051 3774 3123 3827 Ac
3176 3789 3428 3842 magnum
3464 3775 3707 3843 proiecto
3733 3773 3823 3825 ha-

2262 3869 2509 3923 beremus
2538 3868 2602 3921 ad
2635 3866 2948 3934 quaestionis
2975 3863 3121 3917 illius
3155 3864 3541 3918 tractationem
3570 3877 3820 3930 compen-

2260 3961 2429 4021 dium,
2456 3959 2498 4013 si
2534 3958 2691 4026 hnjus
2718 3956 3022 4023 argumenti
3053 3965 3110 4007 et
3140 3954 3280 4006 tituli
3315 3954 3480 4009 libris
3514 3956 3584 4009 ab
3619 3967 3682 4007 eo
3703 3968 3828 4006 cou-

2261 4049 2478 4117 scriptis
2511 4049 2775 4115 temporis
2829 4045 3159 4100 diuturnitas
3205 4044 3572 4112 pepercisset;
3611 4026 3826 4110 etquae.

2261 4154 2475 4210 cunque
2510 4140 2562 4192 in
2615 4139 2683 4191 iis
2730 4137 2859 4189 olim
2900 4136 3122 4190 luerunt
3178 4136 3533 4204 reprehensa,
3590 4145 3824 4188 veterum

2263 4238 2611 4284 monumenta
2644 4243 2753 4294 prae
2781 4241 2839 4279 se
2871 4226 3112 4281 ferrent:
3148 4226 3212 4278 de
3238 4239 3296 4278 se
3325 4225 3527 4293 quippe
3557 4227 3673 4292 ipse
3704 4238 3823 4275 nar-

2262 4332 2345 4375 rat
2374 4322 2467 4376 lib.
2503 4337 2538 4374 ll
2569 4318 2711 4385 Περὶ
2761 4317 2981 4385 ἀρχῶν,
3006 4332 3125 4385 cap.
3156 4318 3246 4381 10,
3272 4333 3419 4369 num.
3466 4319 3520 4376 l.
3552 4315 3829 4386 publicatis

2264 4412 2375 4465 suis
2423 4410 2499 4463 De
2538 4418 2912 4461 resurrectione
2962 4403 3458 4467 lucubrationibus,
3525 4422 3543 4453 ι
3597 4403 3825 4457 ollensos

600 4493 766 4547 miror
816 4493 865 4547 id
928 4495 977 4548 ei
1032 4496 1221 4564 dogma
1285 4496 1516 4551 alﬁctum
1559 4521 1569 4551 ;
1610 4498 1692 4550 ὅτι
1749 4498 2004 4569 ποιητικὴ
2054 4500 2159 4553 τῶν
2192 4499 2524 4568 unosdam
2565 4499 2617 4551 in
2660 4495 3029 4550 ecclesiastica
3081 4497 3202 4559 tide,
3239 4494 3395 4562 quasi
3449 4494 3593 4549 velut
3646 4493 3822 4554 stulte,

599 4585 982 4654 πραττομένων
1025 4589 1058 4656 ἡ
1104 4588 1454 4659 ἀστρονομία,
1492 4608 1509 4639 ι
1538 4592 1921 4643 astronomiam
1970 4606 2155 4645 eorum

596 4690 718 4741 «pne
776 4676 910 4728 ﬁunt
967 4691 1185 4731 causam
1239 4692 1377 4741 esse,
1408 4698 1427 4730 ι
1475 4681 1617 4747 quod
1666 4681 1805 4733 inter
1849 4683 1953 4735 alia
1984 4683 2155 4736 eidem

596 4765 914 4833 exprobrari
976 4768 1132 4822 solita
1197 4769 1407 4823 decimo
1465 4771 1581 4825 loco
1650 4782 1893 4827 recenset
1949 4788 2155 4843 anony-

596 4872 717 4911 mus
752 4869 941 4912 auctor
972 4859 1243 4928 Apologia:
1297 4878 1392 4929 pro
1426 4861 1684 4931 Origene,
1728 4865 1867 4933 apud
1908 4864 2155 4919 Photium

595 4949 716 5003 cod.
741 4964 910 5002 cxvu.

668 5036 752 5091 Vl.
788 5039 990 5093 Praeter
1028 5041 1470 5110 superiora,illud
1488 5056 1705 5111 quoque
1728 5043 2153 5111 reprehendendi

596 5145 760 5187 eausa
783 5146 814 5185 e
832 5132 922 5185 lib.
944 5149 993 5186 tv
1011 5133 1145 5200 Περὶ
1164 5133 1384 5203 ἀρχῶν,
1404 5149 1551 5187 ιιιιιη.
1582 5134 1670 5196 lli,
1697 5134 2155 5191 recitatlustinia-

597 5232 698 5271 nus
728 5219 795 5273 ad
829 5218 1031 5273 calcem
1057 5224 1212 5287 epist.
1241 5222 1307 5273 ad
1333 5222 1575 5274 Menam:
1610 5222 1705 5284 Τίς
1735 5222 1857 5274 νοῦν
1885 5223 2021 5293 ἔχων
2045 5228 2156 5295 ὁρί-

595 5304 741 5370 ζεται
765 5310 1004 5381 πρώτην,
1021 5314 1110 5365 καὶ
1126 5314 1399 5384 δευτέραν,
1423 5315 1515 5366 καὶ
1530 5316 1715 5386 τρίτην
1741 5317 1972 5386 ἡμέραν,
1990 5319 2155 5370 ἐσπέν-

599 5414 696 5468 ραν
726 5416 784 5450 τε
810 5402 902 5452 καὶ
930 5404 1137 5472 πρωῖαν
1161 5405 1327 5474 χωρὶς
1355 5406 1504 5474 ἡλίου
1532 5407 1808 5474 γεγονέναι
1833 5446 1847 5470 ,
1880 5408 1973 5460 καὶ
2002 5407 2158 5477 σελή-

596 5501 717 5552 νης,
751 5488 845 5539 καὶ
889 5491 1165 5561 ἀστέρων;
1218 5512 1236 5543 ι
1268 5494 1397 5559 Quis
1447 5498 1641 5550 mentis
1687 5512 1906 5565 compos
1961 5508 2160 5551 statuat

599 5578 853 5641 primum,
890 5590 944 5632 ct
978 5585 1290 5648 secundum,
1325 5594 1379 5638 et
1426 5588 1642 5640 tertium
1667 5588 1832 5651 diem,
1874 5597 1927 5642 et
1967 5605 2156 5658 vespe~

601 5680 739 5730 ram,
771 5673 831 5719 ac
857 5673 1175 5726 matutinum
1206 5685 1417 5743 tempus
1440 5680 1556 5733 sine
1578 5680 1691 5733 sole
1721 5679 1904 5741 fuisse,
1938 5689 1988 5733 et
2012 5679 2154 5740 luna.

605 5759 658 5812 ct
689 5752 934 5813 Stellish
975 5757 1071 5811 Cui
1115 5770 1167 5815 et
1195 5762 1322 5818 illud
1377 5775 1547 5839 potest
1579 5768 1816 5837 adjungi,
1870 5770 2009 5847 quod
2054 5770 2147 5824 ltb.

2262 4600 2317 4646 et
2375 4590 2591 4659 penitus
2636 4589 2959 4657 insipienter
3008 4588 3076 4640 de
3121 4588 3523 4641 resurrectione
3562 4587 3826 4645 crederet,

2268 4680 2541 4749 prtrcipue
2572 4680 2878 4733 haereticos.
2932 4696 2950 4728 ι
3008 4676 3230 4729 Multum
3266 4692 3485 4745 quoque
3513 4678 3827 4747 prodessent

2264 4773 2330 4825 ad
2369 4771 2530 4839 hujus
2552 4771 2856 4839 argumenti
2876 4769 3287 4825 illustrationetu
3307 4768 3627 4821 Hammonis
3643 4766 3826 4820 Adria-

2266 4864 2520 4932 nopoliue
2559 4864 2680 4917 libri
2716 4863 2973 4916 adversus
3048 4861 3332 4928 Origencm
3378 4876 3541 4928 super
3579 4875 3642 4912 ea
3682 4874 3826 4926 quac—

2263 4953 2440 5007 stione
2465 4953 2673 5021 scripti,
2706 4954 2750 5006 si
2778 4955 2859 5006 vel
2880 4961 3220 5021 superessent
3258 4952 3358 5015 illi,
3382 4953 3465 5005 vel
3498 4951 3825 5005 tantumdem

2265 5049 2414 5095 certe
2438 5057 2505 5095 ex
2533 5043 2599 5095 iis
2632 5043 3009 5110 depromptum
3035 5041 3375 5109 pervenisset
3405 5042 3472 5094 ad
3508 5055 3632 5104 nos,
3660 5053 3825 5106 quau-

2265 5142 2375 5186 tum
2404 5149 2435 5185 e
2461 5132 2715 5185 Methodii
2750 5146 2915 5199 opere
2944 5133 3183 5199 ejusdem
3219 5131 3446 5184 instituti
3492 5130 3827 5199 Epiphanius

2262 5234 2317 5276 et
2352 5223 2577 5277 Photius
2604 5233 2919 5290 excerptum
2972 5235 3278 5276 servarunt.
3316 5220 3515 5275 Verum
3561 5228 3827 5275 vetustate

2262 5317 2597 5382 consumptis
2633 5315 2717 5366 his
2761 5316 3330 5379 commentationibus,
3371 5316 3475 5368 hac
3508 5328 3612 5380 ope
3656 5310 3821 5365 desti’

2264 5407 2387 5463 tuti.
2441 5408 2636 5473 partim
2690 5422 2756 5459 ex
2801 5405 3046 5476 Origenis
3112 5409 3419 5473 dogmatum
3481 5402 3822 5475 ἀλληλουχίᾳ,

2267 5499 2461 5565 partim
2511 5514 2575 5551 ex
2627 5498 2857 5552 aliorum
2900 5499 3455 5567 expostulationibus,
3509 5498 3710 5565 partim
3758 5508 3821 5543 ex

2263 5586 2380 5652 ejus
2412 5588 2653 5655 scriptis,
2690 5588 2993 5656 cujusmodi
3049 5589 3116 5641 ad
3167 5599 3405 5642 nostram
3460 5590 3822 5655 pervenerunt

2262 5686 2499 5744 mtatcnt,
2546 5679 2673 5749 quid
2725 5680 2823 5750 ipsi
2879 5680 3056 5735 visum
3104 5681 3171 5734 sit
3207 5696 3303 5750 pro
3349 5679 3562 5734 viribus
3603 5678 3827 5731 a‘stimev

2264 5785 2401 5830 unus.
