4170 6428
420 389 517 446 981

1229 371 1801 447 ORIGENIANORUM
1844 392 1965 446 LIB.
2006 390 2068 456 ιι,
2109 391 2258 446 ων.
2301 390 2364 458 ιι,
2402 390 2680 458 QUAEST.
2717 390 2804 446 ix.

3542 385 3649 448 98%

497 509 561 565 ll.
606 508 757 576 Quod
797 509 841 563 si
878 523 991 563 rem
1018 509 1252 578 primum
1284 527 1348 566 ex
1376 514 1637 568 doctrinm
1671 515 1840 584 ipsius
1869 524 1980 569 tex-
2011 518 2054 572 Λ
2087 528 2185 567 nec
2213 513 2374 566 ullam
2404 513 2628 582 proinde
2660 520 2995 567 mortuorum
3023 522 3145 564 esse
3167 505 3642 563 resurrectionem.

424 608 543 652 tura
575 607 824 668 spectare
855 598 1109 662 velimus,
1159 603 1467 657 meminisse
1514 615 1731 673 oportet
1763 620 1981 661 accusa-

425 702 536 744 tum
585 689 753 746 fuisse
807 706 953 758 eum,
1007 695 1152 761 quod
1200 695 1434 750 animam
1489 698 1658 751 solam
1709 699 1980 753 hominem

421 780 778 841 constituere,
827 789 948 848 post
999 780 1305 847 Platonem,
1336 785 1535 840 dixerit
1566 805 1578 838 :
1610 797 1665 840 et
1697 789 1838 856 quod
1866 789 1982 842 ani-

425 879 542 920 mas
567 882 663 935 pro
692 869 932 936 peccatis
971 868 1022 923 in
1059 871 1208 923 varia
1240 887 1495 942 corpora,
1529 876 1608 929 sic
1641 886 1897 945 tanquam
1929 880 1979 931 in

423 957 635 1014 vincula
681 960 960 1026 coniectas
1009 962 1312 1025 tradiderit,
1367 975 1424 1018 ut
1469 981 1632 1034 supra
1668 969 1982 1024 observavi—

425 1065 564 1104 mus.
594 1049 796 1104 Ferunt
829 1061 1088 1119 praeterea
1127 1068 1445 1122 persuasum
1490 1056 1658 1110 fuisse
1698 1056 1800 1121 illi,
1840 1057 1981 1111 Ada-

425 1155 569 1193 mum
605 1150 822 1209 pr0pter
873 1157 1066 1196 noxam
1105 1146 1318 1199 mortali
1369 1145 1536 1200 fuisse
1565 1163 1794 1217 corpore
1825 1151 1981 1204 indu-

423 1238 562 1292 tum,
591 1245 698 1299 quo
721 1230 875 1298 prius
900 1234 1145 1300 carebat,
1176 1249 1296 1288 cum
1317 1237 1637 1292 immortalis
1666 1255 1693 1292 a
1725 1242 1831 1295 Deo
1857 1240 1980 1295 fuis-

421 1330 502 1374 set
533 1332 878 1388 procreatus;
909 1324 1276 1394 pelliceasque
1303 1328 1535 1392 tunicas,
1568 1345 1702 1398 quas
1744 1334 1792 1386 ei
1838 1332 1978 1389 Deus

421 1420 542 1478 post
583 1413 1083 1481 praevaricationem
1111 1419 1566 1489 circumposuisse
1591 1423 1807 1490 dicitur,
1846 1427 1975 1480 nihil

422 1504 592 1560 luisse
622 1507 766 1560 aliud
798 1521 961 1575 quam
1002 1523 1232 1576 corpora
1283 1514 1532 1568 mortalia
1573 1532 1587 1579 ;
1618 1531 1740 1572 ossa
1771 1533 1899 1572 vero
1928 1529 1981 1573 et

421 1610 611 1650 carnes
663 1610 805 1664 quas
871 1607 998 1650 ante
1053 1610 1332 1666 peccatum
1403 1603 1656 1660 habuisse
1715 1607 1977 1662 Adamum

424 1687 702 1756 Scriptura
759 1699 1174 1754 commemorat,
1210 1707 1403 1746 carnes
1440 1709 1562 1749 esse
1593 1695 1976 1764 intelligiliilcs,

421 1790 475 1834 et
524 1795 645 1834 ossa
691 1779 1076 1848 intelligibilia.
1118 1779 1249 1834 Cum
1301 1781 1469 1851 igitur
1514 1785 1741 1839 mortale
1785 1802 1979 1856 corpus

2084 605 2268 674 Itaque
2318 605 2649 674 Augustinus
2707 607 2773 658 ad
2827 603 3249 670 Quodvultdeum
3299 601 3429 654 liter.
3488 595 3657 660 xcun,’

2085 697 2537 750 resurrectionem
2592 696 2661 750 ab
2717 694 2970 763 Origenis
2998 693 3358 748 sectatoribus
3392 697 3641 758 negatam

2083 789 2289 842 scribit.
2320 787 2696 857 Hieronymus.
2717 787 2768 840 in
2811 786 2968 854 epist.
3002 785 3099 851 59,
3134 783 3198 837 ad
3230 781 3402 845 Avit.,
3433 795 3556 848 cap.
3588 779 3639 838 1,

2083 879 2287 933 dixisse
2331 877 2624 948 Origenem
2677 878 2839 931 tradit
2881 895 2899 926 ι
2945 875 3257 945 corporales
3309 871 3642 928 substantias

2083 972 2298 1039 penitus
2338 970 2641 1037 dilapsuras
2673 988 2688 1036 ;
2740 980 2832 1022 aut
2857 979 3007 1023 certe
3044 969 3095 1022 in
3145 967 3247 1020 line
3271 965 3509 1020 omnium
3541 963 3642 1015 hoc

2081 1078 2205 1118 esse
2259 1062 2436 1129 futura
2483 1077 2738 1131 corpora,
2767 1063 2909 1130 quod
2942 1075 3084 1114 nunc
3122 1067 3204 1114 est
3232 1059 3418 1121 aather,
3446 1063 3499 1108 et
3533 1068 3640 1106 coe-

2086 1152 2219 1216 lum,
2257 1153 2381 1207 etsi
2433 1156 2573 1222 quod
2619 1153 2764 1207 aliud
2812 1168 3009 1222 corpus
3051 1149 3322 1205 sincerius
3354 1158 3408 1202 et
3455 1147 3642 1215 purius

2084 1243 2304 1314 intelligi
2338 1253 2551 1311 potest;
2585 1263 2602 1295 ι
2639 1253 2748 1297 tum
2779 1245 2928 1298 addit
2957 1262 2968 1296 :
3024 1261 3040 1293 ι
3080 1241 3235 1307 Quod
3281 1255 3400 1294 cum
3432 1242 3502 1292 ita
3544 1238 3638 1300 sit,

2080 1333 2208 1400 quid
2259 1335 2328 1387 de
2371 1334 2769 1388 resurrectione
2819 1334 3015 1388 sentiat
3063 1332 3406 1401 perspicuum
3452 1337 3552 1382 est.
3617 1347 3634 1378 ι

2082 1424 2286 1480 Deinde
2333 1427 2496 1481 verba
2539 1425 2790 1494 Origenis
2845 1426 2896 1480 in
2969 1425 3212 1479 eamdem
3267 1421 3638 1490 conspirantia

2080 1515 2408 1569 sententiam
2440 1515 2794 1585 sequentibus
2816 1513 3086 1583 capitibus
3119 1513 3387 1582 producit.
3430 1510 3638 1566 Similia

2080 1607 2256 1676 carpit
2296 1608 2347 1660 in
2415 1607 2621 1663 Joanne
2684 1606 3162 1678 Jerosolymitano,
3217 1605 3375 1673 epist.
3429 1604 3517 1670 6|,
3573 1604 3638 1657 ad

2081 1697 2398 1754 Pammach.
2453 1700 2570 1765 Quo
2617 1709 2672 1754 et
2739 1698 2869 1753 illud
2921 1699 3156 1767 pertinet
3228 1698 3369 1765 quod
3427 1696 3641 1763 scripsit

2082 1789 2173 1844 lib.
2222 1805 2294 1843 χιι
2341 1791 2395 1844 in
2437 1788 2625 1843 Ezech.
2686 1805 2795 1843 ιιι
2833 1807 2854 1843 ι
2885 1787 3002 1842 Νοη
3027 1790 3169 1855 quod
3205 1787 3359 1855 juxta
3407 1785 3639 1840 saevissi-

422 1871 774 1925 adventitium
811 1871 940 1941 quid
981 1886 1044 1924 ac
1077 1881 1398 1926 extraneum
1423 1889 1545 1930 esse
1568 1877 1860 1932 arbitratus
1885 1879 1977 1944 sit,
2013 1848 2056 1906 Β
2086 1897 2227 1935 mam
2259 1881 2508 1935 haeresim
2538 1896 2768 1949 corpora
2798 1881 3057 1936 abolenda
3088 1878 3394 1934 credamus.
3418 1898 3437 1930 ι
3467 1879 3644 1932 Theo-

421 1966 669 2032 sequitur
695 1967 824 2022 inde
849 1973 1175 2036 necessario,
1222 1977 1534 2046 expurgatis
1583 1979 1840 2047 peccatis,
1884 1993 1984 2032 exs

423 2057 730 2128 solutisque
783 2061 1090 2130 suppliciis,
1155 2064 1381 2121 liberam
1437 2068 1650 2123 tandem
1698 2068 1983 2138 aliquando

424 2152 683 2215 animam,
721 2155 1193 2224 corporaliumque
1246 2161 1568 2226 compedum
1615 2161 1854 2230 pondere
1883 2177 1981 2216 ex-

426 2254 706 2297 oneratam
739 2261 1044 2316 resurgere.
1080 2247 1210 2302 Nam
1244 2250 1286 2304 si
1319 2265 1474 2318 pmna
1505 2263 1585 2305 est
1610 2263 1830 2323 gestare
1858 2269 1982 2307 cor-

422 2349 545 2401 pus,
576 2345 791 2400 gestare
813 2349 962 2392 certe
979 2353 1176 2409 corpus
1197 2341 1411 2395 desinet
1445 2344 1644 2408 anima,
1673 2360 1792 2398 cum
1825 2360 1981 2414 paena

425 2426 684 2480 cessabit.
742 2428 950 2496 Corpus
993 2429 1119 2482 illud
1160 2429 1422 2500 intelligo,
1469 2433 1614 2500 quod
1655 2434 1709 2488 in
1756 2435 1980 2490 sceleris

424 2515 618 2569 lnelam
650 2518 818 2571 subiit
845 2518 980 2587 ipsa,
1010 2535 1172 2587 grave
1220 2520 1346 2573 illud
1377 2537 1588 2590 nempe,
1627 2531 1899 2577 terrenum
1929 2531 1985 2578 et

421 2623 681 2662 earneum
709 2624 725 2670 ;
760 2625 864 2662 non
896 2609 1024 2663 illud
1053 2620 1234 2665 autem
1266 2612 1484 2680 quicum
1539 2623 1821 2681 procreata
1870 2615 1981 2683 pri-

423 2712 570 2750 mum
613 2705 668 2751 et
723 2712 752 2750 a
785 2698 894 2752 Deo
937 2699 1169 2754 formata
1218 2710 1319 2755 est.
1397 2700 1534 2757 Huic
1583 2705 1981 2759 consectarium

421 2797 522 2849 est,
568 2787 805 2841 futurum
836 2797 894 2841 tit
924 2791 1104 2843 anima
1135 2791 1496 2845 humanorum
1553 2793 1698 2846 illam
1741 2795 1982 2864 conﬁgu-

429 2877 694 2931 ralionein
768 2878 1131 2933 membrorum
1176 2895 1204 2932 a
1245 2894 1305 2934 se
1346 2881 1581 2947 abjiciat,
1622 2893 1806 2951 utpote
1863 2899 1983 2952 qua:

422 2969 606 3021 carnei
648 2970 897 3036 corporis
942 2970 1155 3038 propria
1198 2971 1268 3024 sit
1304 2987 1319 3036 ;
1375 2973 1654 3026 meliorem
1702 2984 1879 3028 autem
1927 2984 1984 3029 et

423 3057 806 3126 perfectiorein
856 3058 1085 3112 fortnam
1127 3061 1410 3129 suscipiat,
1453 3072 1511 3114 ut
1548 3078 1668 3130 quae
1700 3063 1751 3117 in
1790 3063 1982 3120 melius

2082 1972 2261 2041 philus
2291 1972 2691 2028 Alexandrinus
2720 1973 2889 2042 Epist.
2934 1971 3122 2025 Pasch.
3153 1971 3190 2024 2
3231 1989 3244 2024 :
3301 1989 3320 2022 ‹
3365 1972 3510 2026 Inter
3541 1987 3644 2026 cae-

2085 2073 2197 2117 tera
2227 2065 2390 2118 etiam
2423 2065 2879 2119 resurrectionem
2909 2079 2939 2118 a
2969 2066 3218 2130 mortuis,
3246 2080 3368 2134 quae
3398 2079 3520 2133 spes
3551 2078 3642 2118 sa-

2084 2155 2210 2210 lutis
2240 2164 2439 2210 nostra:
2474 2165 2581 2218 est,
2613 2156 2686 2208 ita
2719 2155 3019 2224 corrumpit
3051 2165 3108 2209 et
3147 2156 3310 2210 violat
3337 2152 3642 2226 (Origenes)

2083 2258 2141 2301 ut
2173 2247 2368 2300 audeat
2394 2247 2575 2301 dicere
2598 2261 2826 2315 corpora
2855 2257 3034 2302 nostra
3059 2262 3274 2301 rursum
3309 2245 3640 2314 corruptioni

2082 2347 2138 2391 et
2167 2337 2325 2390 morti
2357 2336 2694 2405 subjacentia
2722 2337 2974 2390 suscitari
3001 2355 3014 2403 ;
3061 2355 3080 2388 ι
3113 2346 3168 2390 et
3198 2346 3381 2404 postea
3407 2353 3419 2388 :
3454 2353 3473 2386 ι
3507 2333 3646 2388 Dicit

2083 2441 2311 2496 corpora
2343 2442 2466 2496 qua:
2493 2438 2783 2497 resurgunt
2816 2437 2935 2496 post
2965 2426 3127 2480 multa
3159 2426 3373 2490 sweula,
3415 2427 3468 2478 in
3498 2426 3642 2478 nihi-

2082 2517 2190 2571 lum
2227 2517 2593 2580 dissolvenda,
2643 2531 2742 2570 nec
2785 2516 2963 2569 futura
3014 2515 3239 2583 aliquid,
3281 2515 3382 2569 nisi
3425 2529 3544 2568 cum
3576 2515 3642 2568 de

2081 2610 2344 2672 caelorum
2377 2608 2752 2664 mansionibus
2795 2608 2989 2662 anima:
3020 2608 3086 2660 ad
3131 2606 3387 2661 inferiora
3427 2607 3645 2674 dilapsae

2083 2700 2410 2771 indiguerint
2436 2700 2611 2765 nobis,
2638 2715 2760 2769 qua:
2789 2700 2904 2752 aliis
2940 2713 3158 2752 rursum
3197 2698 3345 2762 ﬁant,
3376 2697 3646 2765 prioribus

2081 2793 2301 2846 omnino
2322 2791 2546 2860 deletis;
2588 2810 2606 2844 ι
2658 2801 2772 2845 tum
2835 2790 3015 2845 infra:
3067 2789 3264 2856 ιριιοά
3311 2790 3379 2852 si,
3416 2800 3476 2843 ut
3509 2788 3645 2843 falso

2083 2889 2232 2950 putat
2286 2881 2568 2950 Origenes,
2632 2895 2739 2936 non
2789 2881 2960 2935 solum
3012 2880 3386 2949 corruptibile,
3440 2881 3534 2935 sed
3589 2887 3648 2934 et

2084 2972 2310 3026 mortale
2339 2987 2535 3042 corpus
2571 2981 2658 3027 est
2686 2972 3073 3036 suscitandum,
3123 2987 3254 3041 ergo
3279 2987 3442 3026 unum
3479 2980 3646 3034 atque

2085 3065 2223 3118 idem
2265 3067 2544 3134 corruptio
2588 3074 2643 3119 et
2677 3065 3028 3134 incorruptio.
3070 3085 3090 3116 ι
3133 3065 3286 3120 Alter
3333 3065 3448 3134 ejus
3497 3064 3646 3120 locus

423 3159 648 3213 mutata,
680 3159 735 3202 et
769 3148 1077 3218 perfectiori
1109 3151 1274 3203 statui
1307 3152 1513 3204 reddita
1539 3153 1643 3218 sit;
1686 3153 1978 3209 formarum
2006 3184 2050 3242 ϐ
2085 3155 2342 3211 adversus
2374 3155 2513 3210 hanc
2543 3155 2790 3211 haeresim
2820 3169 2884 3209 ex
2920 3155 3150 3224 quadam
3177 3156 3397 3224 epistola
3427 3156 3493 3208 ad
3516 3170 3642 3208 san-

421 3251 602 3296 autem
654 3243 896 3295 omnium
946 3257 1071 3296 cum
1109 3241 1503 3312 perfectissima
1560 3244 1632 3298 sit
1690 3246 1976 3313 sphaerica,

420 3334 662 3388 futurum
688 3348 902 3401 quoque
930 3342 990 3387 ut
1024 3335 1078 3388 in
1117 3334 1332 3403 globum
1381 3336 1579 3392 anima:
1623 3337 1979 3405 perfectiores

421 3439 451 3476 a
484 3422 712 3478 mortuis
755 3423 1026 3477 suscitata:
1073 3424 1454 3479 rotundentur.
1492 3425 1571 3480 Ex
1609 3440 1672 3481 ea
1716 3442 1976 3496 printer-ea

422 3511 748 3574 assertione,
798 3525 919 3580 quae
958 3511 1157 3566 animis
1190 3527 1288 3580 pro
1323 3515 1613 3570 criminum
1662 3518 1820 3572 modo
1853 3532 1978 3573 cor-

419 3617 552 3670 pora
587 3602 706 3672 plus
742 3603 986 3657 minusve
1025 3618 1206 3658 crassa
1267 3603 1465 3672 imponi
1494 3606 1704 3671 sciscit,
1749 3608 1981 3664 eliicitur

421 3691 576 3757 illud,
624 3691 896 3746 diversum
938 3690 1056 3746 fore
1101 3695 1413 3762 resurgendi
1459 3697 1976 3768 modum;splendi-

422 3781 653 3850 diusqne
681 3795 746 3834 ac
769 3780 1024 3836 subtilius
1052 3782 1280 3837 inituras
1303 3797 1500 3851 corpus
1525 3785 1756 3851 animas,
1782 3803 1903 3857 quae
1926 3791 1976 3843 in

423 3872 715 3926 virtutibus
763 3886 904 3936 sese,
956 3873 1082 3926 dum
1131 3873 1186 3926 in
1231 3875 1394 3930 terris
1431 3883 1622 3944 agunt,
1666 3877 1980 3948 diligentius

423 3971 718 4026 exercent;
747 3978 867 4031 qua:
891 3973 1078 4018 contra
1112 3973 1470 4032 prorumpunt
1501 3965 1555 4019 in
1581 3965 1734 4033 vitia,
1766 3969 1983 4025 densio-

425 4053 575 4104 ribus
600 4067 663 4105 ac
697 4053 1007 4108 rudioribus
1037 4055 1352 4122 corporibus
1372 4054 1682 4124 adjunctum
1712 4057 1798 4112 iri.
1830 4057 1982 4115 Nunc

424 4151 601 4197 ntrutn
647 4143 906 4198 doctrinas
955 4160 1065 4200 snas
1129 4146 1374 4200 ordinem
1434 4161 1498 4200 ae
1541 4148 1978 4203 consecutionem

421 4233 683 4304 Origenes
739 4237 995 4300 tenuerit,
1059 4253 1124 4290 ex
1185 4237 1412 4290 aliorum
1485 4237 1978 4305 criminationibus,

422 4327 700 4396 ipsiusque
728 4329 970 4397 scriptis,
993 4330 1375 4399 expendamus.

490 4437 580 4492 lll.
611 4439 941 4494 Accusatnm
971 4454 1092 4494 eum
1141 4439 1307 4493 refert
1343 4439 1680 4510 Pamphilus,
1726 4447 1868 4514 quod
1897 4461 1981 4500 re-

2085 3257 2201 3302 ctos
2236 3248 2327 3316 qui
2356 3257 2511 3302 erant
2545 3247 2598 3300 in
2630 3247 2794 3311 Seeti,
2821 3247 3154 3314 depromitur
3186 3262 3217 3300 a
3248 3246 3555 3300 Justiniano
3583 3247 3635 3299 in

2084 3338 2311 3406 epistola
2350 3339 2415 3392 ad
2467 3338 2718 3394 Menam:
2769 3353 2975 3394 necnon
3023 3346 3078 3392 et
3122 3338 3273 3392 locus
3316 3353 3384 3392 ex
3418 3338 3644 3408 epistola

2085 3428 2269 3499 Cyl-illi
2294 3429 2360 3482 ad
2393 3429 2686 3484 monachos
2711 3428 2800 3496 qui
2833 3438 2987 3482 erant
3017 3428 3069 3481 in
3099 3426 3271 3492 Phua,
3302 3443 3410 3497 quo
3436 3427 3647 3496 signiﬁ-

2087 3527 2243 3570 catur
2280 3517 2612 3572 anathemati
2635 3518 2935 3586 subjectum
2970 3517 3135 3572 fuisse
3167 3519 3476 3588 Origenem,
3501 3519 3644 3586 quod

2088 3616 2418 3662 mortuorum
2455 3610 2907 3664 resurrectionem
2941 3609 3383 3680 negaverit.iluic
3403 3609 3648 3679 epistolae

2087 3702 2154 3752 ad
2177 3697 2388 3754 Menam
2421 3701 2693 3770 geminum
2729 3700 3077 3771 subiungitur
3111 3718 3179 3756 ex
3213 3701 3442 3770 Origene
3492 3704 3648 3756 testi-

2087 3794 2329 3848 monium
2351 3795 2454 3849 hoc
2471 3810 2660 3849 errore
2689 3810 3004 3864 aspersum;
3038 3796 3181 3850 aliud
3205 3812 3271 3850 ex
3299 3796 3388 3850 lib.
3419 3812 3456 3850 ιι
3507 3795 3647 3864 Περὶ

2090 3882 2312 3954 ἀρχῶν,
2356 3900 2463 3953 quo
2491 3900 2718 3954 corpora
2767 3885 2835 3941 ab
2877 3888 3132 3942 omnibus
3165 3886 3488 3956 depositum,
3515 3896 3568 3939 et
3594 3888 3648 3940 in

2090 3976 2316 4029 nihilum
2349 3975 2626 4031 redactum
2659 3977 2725 4030 iri
2756 3977 3036 4044 statuitur,
3061 3991 3183 4032 cum
3202 3975 3504 4032 Deoomnia
3525 3979 3651 4031 sub-

2081 4063 2380 4132 jicientur;
2411 4080 2730 4136 rursumque
2757 4067 2936 4123 futura
2973 4083 3224 4137 corpora,
3270 4069 3315 4123 si
3352 4067 3645 4124 rationales

2089 4171 2119 4209 a
2149 4157 2518 4225 superioribus
2546 4158 2906 4214 descendant:
2946 4159 3089 4214 aliud
3133 4176 3203 4215 ex
3251 4160 3391 4216 libro
3421 4169 3638 4230 quarto,

2087 4263 2194 4316 quo
2221 4249 2360 4302 idem
2397 4248 2753 4316 signiﬁcatur.
2781 4251 3036 4318 Queritur
3082 4263 3342 4322 praeterea
3387 4251 3648 4308 Justinia-

2091 4354 2189 4393 nus
2222 4340 2359 4406 apud
2402 4340 2645 4407 quintam
2687 4345 2975 4411 synodum.
3009 4345 3060 4397 in
3085 4345 3310 4411 epistola
3355 4361 3512 4412 quam
3549 4345 3648 4400 de-

2089 4429 2306 4498 scripsit
2328 4429 2626 4496 Cedrenus,
2658 4431 2926 4486 allirmare
2964 4434 3320 4504 Origenistas,
3347 4435 3470 4490 Ὅτι
3507 4451 3646 4488 παν-

423 4527 819 4583 surrectionem
851 4537 1186 4582 mortuorum
1213 4526 1462 4583 absolute
1488 4531 1791 4600 sustulerit,
1820 4544 1982 4602 atque
2016 4531 2058 4586 D
2087 4521 2245 4592 τελής

2087 4521 2245 4592 τελής
2275 4522 2390 4574 ἐστι
2411 4522 2537 4574 ’τῶν
2578 4523 2846 4591 σωμάτων
2891 4523 3182 4595 ἀναίρεσις,
3213 4524 3376 4580 αὐτοῦ
3414 4525 3507 4578 τοῦ
3539 4527 3650 4578 Κυ-

424 4618 567 4673 hanc
620 4619 1058 4673 criminationem
1097 4619 1330 4686 septimo
1372 4619 1492 4675 loco
1537 4623 1764 4689 positam
1794 4626 1981 4680 confu-

424 4719 522 4763 tat.
571 4709 905 4796 Epiphapius
944 4710 1074 4765 hair.
1114 4726 1254 4776 LXIV,
1307 4725 1425 4778 cap.
1476 4713 1562 4776 11,
1611 4724 1862 4767 conatum
1908 4717 1987 4769 ait

423 4819 544 4858 eum
574 4804 625 4857 iit
659 4802 1046 4857 Commentario
1097 4806 1149 4856 in
1187 4804 1448 4871 psalmum
1477 4821 1516 4868 ι,
1558 4807 1652 4858 Ἐκ
1701 4807 1810 4861 τῶν
1845 4807 1990 4861 κατὰ

424 4895 586 4964 φύσιν
607 4897 737 4966 ἡμῖν
774 4895 1174 4966 συμϐαινόντων
1206 4895 1500 4967 ἀνατρέψαι
1532 4897 1630 4966 τῆς
1661 4897 1830 4968 αὐτῆς
1861 4902 1988 4953 ἀνα-

425 4987 666 5050 στάσεως
717 4988 872 5057 ἡμῶν
917 4988 974 5038 ὲν
1021 4986 1247 5059 ἀληθείᾳ
1287 4986 1495 5050 ἐλπίδος
1533 4986 1630 5058 τὴν
1675 4988 1980 5058 ὁμολογίαν.

429 5093 449 5126 ι
480 5075 556 5130 Ex
591 5077 658 5130 iis
712 5077 866 5144 ipsis.
916 5090 1036 5143 qua;
1088 5077 1410 5129 naturaliter
1434 5076 1588 5130 nobis
1611 5078 1894 5142 eveniunt,
1929 5078 1981 5134 id

427 5167 647 5236 assequi
704 5177 763 5220 ut
814 5166 1231 5221 resurrectionis
1273 5177 1471 5221 nostra;
1517 5180 1640 5221 cum
1688 5182 1784 5236 spe
1833 5179 1982 5223 certa

425 5256 766 5323 coniunctam
808 5255 1199 5325 professionem
1256 5254 1497 5310 funditus
1545 5256 1780 5312 tolleret.
1833 5256 1979 5312 ldem

426 5361 549 5416 cap.
599 5347 672 5402 63
719 5346 948 5401 subdole
987 5361 1108 5400 eum
1148 5347 1224 5400 ait
1276 5356 1329 5400 et
1361 5345 1513 5403 vafre
1569 5350 1983 5405 resurrectionis

430 5453 629 5495 nomen
659 5439 969 5504 admittere,
1003 5454 1116 5493 rem
1149 5439 1320 5510 ipsam
1351 5438 1581 5493 inliciari
1603 5455 1618 5494 :
1644 5440 1846 5510 quippe
1871 5457 1987 5495 eor-

427 5546 528 5601 pus
555 5533 864 5602 neutiquam
895 5545 1197 5602 resurgere,
1215 5530 1309 5585 sed
1336 5529 1504 5584 solam
1534 5533 1768 5585 animam
1801 5533 1987 5587 decer-

429 5629 557 5684 nat;
614 5619 849 5674 animam
903 5631 1081 5675 autem
1149 5635 1254 5675 non
1318 5634 1629 5690 resurgere,
1698 5636 1819 5690 qua:
1880 5635 1986 5675 non

432 5711 598 5778 cadit,
641 5725 740 5766 nec
777 5712 1176 5784 exstinguitur;
1211 5727 1411 5782 corpus
1458 5727 1670 5781 quoque
1700 5712 1851 5779 juxta
1904 5713 1984 5781 ip-

425 5805 536 5862 sius
580 5806 788 5863 saneita
827 5821 934 5862 non
964 5821 1283 5877 resurgere;
1329 5805 1648 5873 nihiligitur
1677 5820 1982 5874 resurgere,

2093 4614 2207 4685 ρίου
2251 4612 2467 4684 πρώτου
2511 4614 2910 4686 ἀποτιθεμένου.
2947 4616 3008 4668 τὸ
3053 4615 3183 4670 ἴδιον
3210 4616 3388 4686 σῶμα,
3417 4615 3650 4670 καὶτῶν

2089 4707 2290 4762 λοιπῶν
2363 4707 2636 4772 ἁπάντων,
2705 4709 2798 4762 καὶ
2855 4709 2936 4762 ὅτι
3007 4708 3427 4779 ἀνακομίζονται
3488 4709 3649 4762 πάλιν

2092 4799 2330 4860 ἅπαντες
2387 4797 2464 4861 εἰς
2517 4797 2614 4868 τὴν
2663 4798 2830 4868 αὐτὴν
2869 4797 3050 4860 ὲνάδα,
3095 4799 3188 4851 καὶ
3230 4798 3467 4866 γίνονται
3509 4797 3646 4861 νόες,

2092 4889 2233 4943 καθὰ
2260 4890 2354 4942 καὶ
2387 4891 2443 4943 ὲν
2489 4893 2555 4960 τῇ
2607 4890 2942 4962 προῦπάρξει
2990 4890 3303 4960 ἐτύγχανον.
3362 4909 3380 4941 ι
3409 4890 3648 4959 Corpora

2090 4981 2302 5050 penitus
2333 4982 2579 5045 interire,
2622 4981 2741 5049 ipso
2782 4981 3010 5036 Domino
3061 4984 3292 5052 primum
3349 4983 3650 5048 deponente

2088 5073 2360 5142 proprium
2387 5087 2613 5142 corpus,
2641 5083 2696 5127 et
2740 5073 2960 5140 reliquis
3001 5074 3251 5128 omnibus
3293 5091 3308 5138 ;
3363 5081 3417 5126 et
3462 5086 3652 5127 onmes

2088 5179 2276 5219 rursus
2297 5165 2362 5216 ad
2392 5167 2633 5218 eamdem
2666 5166 2922 5220 unitatem
2958 5166 3158 5228 redire,
3189 5177 3243 5218 et
3267 5174 3476 5219 mentes
3512 5164 3650 5227 ﬁeri,

2089 5254 2399 5323 cuiusmodi
2446 5264 2602 5310 antea
2644 5265 2819 5310 erant.
2867 5275 2888 5307 ι
2931 5255 3115 5325 Itaque
3145 5265 3365 5326 prepter
3387 5256 3650 5330 sublatam

2092 5361 2377 5414 corporum
2430 5348 2884 5404 resurrectionem
2925 5350 3236 5404 damnatum
3279 5343 3449 5403 fuisse
3491 5364 3518 5402 a
3567 5363 3655 5419 sy-

2097 5443 2237 5494 nodo
2285 5439 2472 5507 quinta
2512 5438 2798 5509 Origenem
2843 5448 3070 5494 testatur
3117 5439 3340 5494 Pbotius
3381 5439 3434 5492 in
3477 5437 3656 5492 libello

2097 5530 2174 5585 De
2200 5532 2436 5600 synodis,
2482 5539 2539 5584 et
2577 5541 2768 5584 auctor
2807 5531 3047 5584 incertus
3090 5530 3251 5584 libelli
3299 5528 3377 5582 De
3417 5529 3656 5597 synodis,

2095 5623 2184 5690 qui
2218 5623 2268 5675 in
2302 5620 2579 5676 Justellina
2617 5621 2940 5675 Bibliotheca
2955 5623 3096 5689 juris
3128 5621 3367 5674 canonici
3424 5621 3658 5676 insertus

2091 5722 2190 5776 est,
2223 5723 2275 5767 et
2300 5728 2472 5767 canon
2502 5713 2712 5782 primus
2741 5714 2927 5783 synodi
2975 5713 3319 5782 quiniscxttc,
3360 5719 3413 5765 et
3458 5711 3657 5765 Cedre-

2098 5819 2224 5860 nus.
2258 5803 2525 5861 Placitum
2563 5805 2687 5862 huic
2740 5806 2880 5861 idem
2912 5807 3191 5881 ascribunt
3233 5805 3568 5874 Sophronius
3600 5803 3653 5856 iu
