4170 6464
478 372 584 426 983

1783 379 1842 433 Ρ.
1884 375 2201 432 DANELIS
2239 375 2472 432 HUETll

3612 378 3718 433 984

475 487 702 554 epistola
748 490 814 544 ad
869 489 1144 561 Sergium,
1177 501 1230 546 et
1276 507 1580 564 anonymus
1614 495 1753 563 apud
1799 494 2049 549 Photium
2079 496 2125 553 Α
2155 491 2385 545 mediam
2417 492 2655 546 tenuisse
2696 491 2834 545 viam
2871 491 3010 547 inter
3047 492 3352 548 Catholicos
3378 507 3563 548 veram
3588 508 3712 548 car-

474 577 596 631 cod.
626 595 799 642 cxvii,
828 591 885 635 et
920 581 1154 639 Joannes
1181 585 1549 642 Damascenus
1581 588 1630 642 in
1675 588 1811 643 libro
1843 587 1916 641 De
1941 589 2041 643 lue-

474 671 700 736 resibus,
733 683 788 727 et
815 674 1208 733 Constantinus
1258 679 1687 752 HarmenOpolus
1714 681 1768 735 in
1798 680 1936 736 libro
1965 682 2042 736 De

474 765 651 828 sectis,
704 778 760 820 et
811 777 942 822 ante
989 785 1112 823 eum
1173 771 1372 842 Glycas
1429 775 1717 829 Annalium
1763 784 1903 845 part.
1956 789 2039 840 tu,

471 858 722 920 quamvis
795 869 949 921 parte
1002 876 1052 914 tv
1107 877 1332 933 corpora
1373 867 1588 933 quidem
1642 878 2038 928 resurrectnra,

471 947 565 1000 sed
595 963 700 1002 non
735 950 924 1006 eadem
959 955 1237 1009 censuisse
1265 956 1436 1023 ipsum
1472 967 1768 1014 asseveret.
1800 959 2042 1028 Denique

469 1034 735 1104 Cyriacus
759 1042 899 1108 apud
935 1040 1245 1098 Simeonem
1291 1043 1710 1113 Metapbrastem
1734 1048 1934 1102 dixisse
1963 1049 2040 1102 ait

468 1124 808 1196 Origenistas
861 1131 1022 1188 Novae
1069 1133 1262 1191 Laurae
1297 1137 1351 1191 in
1395 1136 1708 1202 Palaestina,
1751 1157 1772 1193 ι
1811 1155 2038 1209 corpora

469 1229 654 1273 nostra
683 1236 804 1290 qnte
833 1221 1182 1278 habuerimus
1209 1241 1276 1280 ex
1314 1229 1736 1294 resurrectione,
1785 1245 1906 1286 esse
1938 1247 2037 1302 pe-

467 1311 618 1365 nitus
653 1323 884 1369 ventura
913 1316 979 1369 ad
1008 1315 1315 1382 interitum,
1345 1329 1400 1372 et
1430 1319 1632 1375 Christi
1664 1322 1848 1390 primi.
1875 1341 1894 1375 ι

536 1399 627 1456 IV.
657 1403 740 1458 Ab
769 1405 853 1461 his
884 1406 1202 1465 criminibus
1251 1420 1448 1482 purgat
1483 1411 1870 1468 Adamantium
1895 1416 2039 1483 quod

469 1509 633 1563 supra
661 1497 1177 1566 demonstravimus,
1207 1514 1451 1559 creatum
1491 1504 1648 1568 nihil,
1695 1520 1764 1560 ex
1823 1507 2042 1564 decreta)

469 1587 742 1658 Origenis,
791 1605 1021 1661 corpore
1059 1608 1276 1660 carere,
1327 1597 1469 1651 unde
1516 1598 1763 1666 sequitur
1785 1600 1869 1654 vel
1904 1600 2040 1669 inju-

466 1681 605 1734 riam
639 1681 763 1736 huic
796 1681 1001 1751 facere,
1044 1685 1136 1756 qui
1180 1687 1418 1742 sensisse
1461 1703 1587 1744 eum
1619 1688 1800 1744 l'erunt
1827 1691 2042 1758 penitus

464 1771 754 1828 interitura
783 1790 1038 1845 corpora,
1074 1786 1130 1832 et
1177 1779 1230 1832 in
1275 1778 1502 1837 nihilum
1551 1781 1913 1846 dissolvenda,
1948 1781 2038 1840 vel

2151 579 2236 634 nis
2287 583 2741 636 resurrectionem
2778 589 3014 646 tuentes,
3061 591 3118 636 et
3162 583 3448 638 hmreticos
3479 581 3715 638 Marcio.

2145 683 2291 734 nem,
2339 669 2601 738 Apellem,
2663 668 3016 726 Valentinum
3063 680 3118 726 et
3160 670 3391 740 Martem,
3461 688 3710 729 resurre-

2145 762 2380 817 ctionem
2413 762 2625 818 nonnisi
2658 763 2710 817 in
2745 763 3122 833 phantasmate
3154 763 3389 820 futuram
3440 767 3716 822 arbitran-

2149 861 2250 908 tes.
2284 871 2302 904 ι
2332 853 2444 908 Sibi
2492 863 2673 908 autem
2726 864 3012 924 utramque
3048 856 3333 924 displicere
3388 857 3714 913 sententiam

2153 945 2377 1014 (asserit
2429 945 2721 1016 Origenes)
2777 947 2965 1018 fugere
2995 964 3052 1003 se
3084 958 3137 1002 et
3179 957 3491 1005 nostrorum
3524 966 3717 1006 carnes

2146 1035 2334 1104 (verba
2387 1046 2513 1092 sunt
2558 1036 2898 1108 Hieronymi)
2937 1048 2994 1094 et
3051 1038 3428 1096 haereticorum
3484 1041 3714 1111 phanta-

2144 1142 2339 1193 smata,
2371 1131 2495 1197 quia
2534 1139 2764 1198 utraque
2817 1144 2943 1197 pars
2989 1131 3040 1183 in
3085 1131 3416 1186 contrarium
3435 1132 3598 1187 nimia
3619 1135 3713 1200 sit,-

2143 1221 2266 1276 aliis
2295 1221 2346 1275 id
2375 1221 2677 1276 volentibus
2704 1235 2764 1274 se
2792 1235 2914 1275 esse
2941 1222 3083 1288 quod
3117 1224 3353 1287 luerunt,
3383 1224 3507 1279 aliis
3527 1238 3714 1281 resur-

2152 1314 2451 1368 rectionem
2477 1328 2766 1383 corporum
2791 1313 3014 1368 omnino
3044 1315 3450 1385 denegantibus.
3490 1335 3511 1372 ο

2216 1404 2282 1460 ν.
2323 1405 2574 1463 Ostendit
2608 1406 2772 1461 etiam
2823 1421 2930 1460 non
2966 1408 3181 1476 penitus
3219 1408 3486 1464 sublatam
3534 1409 3604 1465 ab
3647 1426 3714 1466 eo

2143 1495 2312 1551 fuisse
2343 1511 2630 1568 corporum
2659 1497 3136 1562 resurrectionem,
3157 1499 3298 1568 quod
3335 1510 3522 1554 narrat
3553 1500 3711 1555 Pam-

2142 1587 2324 1656 philus
2363 1588 2414 1642 in
2442 1587 2719 1656 Apologia,
2756 1607 2775 1638 ι
2800 1603 2922 1643 eum
2949 1604 3150 1657 corpus
3177 1591 3394 1660 quidem
3431 1606 3714 1660 resurgere

2141 1679 2412 1744 conliteri,
2441 1692 2661 1734 carnem
2691 1694 2820 1733 vero
2855 1695 3073 1750 negare.
3101 1699 3120 1733 ο
3162 1679 3308 1736 Idem
3348 1683 3400 1736 in
3428 1698 3494 1738 eo
3529 1683 3710 1752 culpat

2146 1769 2480 1835 Methodius,
2510 1770 2564 1825 in
2598 1770 2740 1827 libro
2775 1770 2855 1826 De
2880 1774 3284 1838 resurrectione,
3308 1789 3415 1844 quo
3441 1774 3543 1830 hoc
3587 1775 3714 1832 Ori-

466 1864 643 1934 ipsum
695 1877 868 1934 certe,
918 1867 1072 1938 juxta
1119 1886 1323 1928 morem
1385 1871 1707 1943 scriptum,
1761 1875 2040 1932 interitum
2073 1862 2115 1921 Β
2146 1863 2300 1932 genis
2332 1863 2526 1934 dogma
2555 1863 2831 1928 convellit,
2863 1875 2918 1920 et
2963 1866 3119 1935 cujus
3153 1866 3433 1936 Epitornen
3467 1865 3708 1923 Pauario

465 1955 766 2025 appellasse
798 1960 1242 2017 instaurationem
1269 1973 1323 2019 et
1345 1963 1399 2019 in
1435 1965 1628 2020 melius
1655 1967 2038 2022 mutationem:

467 2046 549 2100 sic
577 2047 722 2101 enim
776 2047 1080 2106 Metltodius
1110 2051 1244 2107 liter.
1277 2069 1423 2117 utv,
1451 2069 1574 2124 cap.
1604 2055 1697 2120 52,
1730 2055 1889 2120 Ἐθος
1921 2060 2040 2122 ταῖς

466 2140 710 2212 Γραφαῖς
760 2141 984 2214 λέξομεν
1027 2145 1126 2218 τὴν
1164 2147 1244 2211 εἰς
1291 2147 1352 2200 τὸ
1398 2151 1644 2220 κρεῖττον
1688 2151 1783 2205 καὶ
1835 2151 2036 2218 ὲνὸοξό·

463 2246 619 2299 τερον
661 2231 1100 2290 ἀποκατάστασιν
1143 2240 1348 2310 ταύτην
1386 2240 1480 2294 τοῦ
1550 2241 1757 2312 κόσμου
1805 2244 2038 2313 μεταδο-

464 2319 562 2391 λὴν
611 2321 886 2378 ἀπώλειαν
937 2324 1139 2396 λέγειν,
1189 2323 1300 2383 οἷον
1346 2330 1441 2384 τοῦ
1501 2331 1735 2403 πρόσθεν
1763 2333 2040 2404 σχήματος

465 2411 840 2483 ἀπολλυμένου
882 2415 1024 2470 κατὰ
1056 2417 1155 2489 τὴν
1190 2420 1270 2483 εἰς
1300 2419 1362 2472 τὸ
1392 2419 1748 2491 φαιδρότατον
1782 2421 2038 2476 ἁπάντων

467 2499 792 2575 ἐξαλλαγήν.
831 2523 850 2555 ι
881 2504 1086 2561 Morem
1117 2509 1260 2563 inme
1287 2524 1407 2564 esse
1435 2511 1674 2567 dicemus
1719 2513 2035 2582 Scriptum,

466 2601 530 2648 ut
561 2597 744 2652 nmndi
777 2598 1249 2666 instaurationem,
1278 2611 1442 2672 atque
1473 2605 1526 2658 in
1559 2604 1750 2660 melius
1793 2615 1846 2661 et
1899 2620 2037 2675 pra:-

464 2688 705 2744 stantins
735 2693 1106 2760 mutationem,
1135 2695 1413 2750 interitum
1445 2696 1694 2766 appellet,
1723 2707 1910 2767 utpote
1939 2699 2030 2753 in-

465 2790 716 2837 tereunte
741 2784 921 2852 priore
954 2785 1298 2854 l'orma,dum
1336 2787 1389 2842 in
1419 2789 1780 2860 pulchriorem
1803 2791 2030 2846 formam

463 2875 819 2930 convertitur.
847 2895 866 2929 ι
912 2876 1114 2948 Purgat
1155 2894 1278 2935 eum
1318 2896 1536 2952 quoque
1571 2881 1938 2954 Hieronymus
1977 2884 2030 2938 in

462 2968 623 3037 epist.
672 2970 738 3024 ad
772 2967 1112 3041 Pammacb.,
1162 2988 1286 3046 cap.
1333 2974 1389 3041 8,
1443 2991 1566 3032 cum
1618 2976 1794 3046 ipsum
1841 2976 2034 3031 scribit

2145 1969 2246 2009 suo
2295 1954 2526 2009 inseruit
2572 1954 2908 2025 Epiphanius
2956 1955 3090 2010 hair.
3137 1973 3284 2023 uiv,
3311 1973 3580 2030 quamque
3619 1974 3710 2014 re-
3799 2035 3802 2038 ἢ

2139 2047 2488 2117 praesentavit
2518 2046 2742 2102 Photius
2772 2047 2892 2104 cod.
2914 2063 3172 2114 ccxutv,
3197 2051 3383 2121 aitque
3416 2049 3705 2123 Origenem

2141 2155 2308 2210 super
2356 2141 2715 2210 responsione
2772 2139 3081 2196 Sadducaeis
3125 2157 3156 2195 a
3197 2143 3427 2198 Domino
3469 2144 3592 2200 data
3627 2147 3710 2199 di-

2138 2235 2288 2288 xisse
2336 2232 2579 2288 futurum
2637 2242 2696 2288 ut
2748 2233 2955 2302 angelis
3007 2233 3216 2290 similes
3265 2237 3583 2304 evadamus,
3643 2255 3711 2293 ac

2139 2326 2365 2396 proinde
2412 2340 2583 2381 carne
2635 2326 2927 2382 nudentur.
2975 2327 3117 2393 Quin
3154 2327 3322 2382 etiam
3375 2327 3712 2400 Origeuistas

2138 2420 2332 2486 carpit,
2362 2417 2507 2473 velut
2543 2433 2762 2474 carnem
2806 2418 2950 2472 inter
2989 2429 3044 2474 et
3083 2434 3280 2491 corpus
3312 2421 3512 2492 aliquid
3542 2423 3707 2478 inter-

2136 2525 2254 2566 esse
2297 2511 2637 2580 suspicantes
2662 2511 2812 2582 (l6);
2841 2513 2996 2582 quasi
3028 2527 3229 2582 corpus
3271 2515 3346 2569 sit
3372 2515 3566 2570 animae
3591 2531 3713 2585 pro-

2138 2604 2338 2674 prium,
2373 2603 2516 2672 quod
2548 2606 2696 2660 cerni
2731 2620 2838 2660 non
2867 2607 3038 2676 possit
3078 2625 3095 2674 ;
3138 2621 3269 2662 caro
3303 2616 3483 2663 autem
3516 2610 3588 2663 sit
3611 2626 3710 2664 ex-

2140 2704 2352 2750 ternum
2396 2693 2548 2758 illud,
2617 2696 2763 2763 quod
2817 2695 2992 2750 oculis
3061 2704 3376 2764 usurpatur.
3434 2697 3712 2753 Adversus

2137 2787 2394 2841 eumdem
2474 2799 2719 2841 errorem
2789 2786 3117 2841 auctoritate
3180 2786 3436 2842 Methodii
3504 2802 3710 2858 pugnat

2137 2876 2456 2933 Anastasius
2487 2875 2698 2932 Sinaita
2729 2876 3084 2947 Contemplat.
3105 2879 3342 2949 Anagog.
3373 2880 3470 2934 lib.
3493 2895 3570 2934 xu.
3597 2879 3710 2936 Nec

2139 2970 2246 3025 alio
2276 2968 2494 3024 videtur
2522 2978 2774 3039 spectare
2797 2967 3089 3040 Epiphanii
3117 2970 3382 3026 adversus
3415 2970 3705 3041 Origenem

527 3147 649 3221 μθ)
681 3148 824 3215 Quin
851 3150 1007 3204 etiam
1025 3148 1365 3224 __0rigenistas
1402 3153 1595 3220 carpit,
1659 3151 1798 3224 uelut
1829 3166 2042 3206 carnem
2069 3155 2113 3213 ο
2152 3147 2388 3224 ratione.
2425 3146 2520 3224 [iis
2544 3148 2853 3224 premissis‘
2885 3149 3046 3206 facile
3081 3151 3409 3224 intelligetur
3431 3151 3703 3224 quid__sibi

466 3220 606 3274 inter
636 3228 686 3273 et
737 3235 925 3286 corpus
983 3221 1185 3290 aliquid
1240 3223 1490 3276 interesse
1537 3221 1884 3282 suspicantes,
1925 3232 2033 3275 etc.

465 3290 629 3361 Certe
665 3290 860 3358 ubique
889 3290 1151 3360 Origenes
1176 3305 1273 3359 per
1288 3307 1486 3361 corpus
1510 3291 1762 3359 intelligit
1784 3305 2031 3361 carnem,

468 3360 612 3430 sicut
663 3373 758 3429 per
790 3373 1010 3430 carnem
1045 3361 1298 3430 intelligit
1346 3360 1562 3429 carpus.
1612 3361 1719 3415 Sed
1769 3360 2038 3429 quemad-

467 3429 687 3484 modum
735 3429 934 3495 aliquid
994 3429 1263 3486 interesse
1329 3433 1522 3487 statuit
1569 3433 1711 3485 inter
1739 3444 1942 3498 corpus
1981 3438 2038 3484 et

465 3514 686 3569 corpus,
715 3513 934 3552 carnem
971 3510 1026 3554 et
1048 3516 1288 3563 carnem,
1315 3501 1496 3555 habita
1535 3500 1668 3555 varii
1706 3499 1822 3567 ejus
1860 3509 2036 3553 status

464 3571 721 3633 ratione;
760 3569 842 3622 sic
881 3569 1083 3638 aliquid
1134 3571 1397 3625 interesse
1439 3572 1572 3624 dicit
1628 3572 1771 3623 inter
1810 3584 2032 3624 carnem

466 3648 522 3694 et
550 3654 767 3707 corpus.
820 3639 921 3692 Per
955 3653 1174 3694 carnem
1219 3643 1366 3694 enim
1402 3641 1539 3695 nihil
1585 3640 1729 3694 aliud
1777 3639 2035 3707 intelligit

465 3725 632 3779 quam
667 3723 908 3763 crassam
954 3709 1098 3762 illam
1150 3727 1216 3765 ac
1262 3721 1532 3765 terrenam
1562 3713 1812 3778 corporis
1837 3710 2032 3763 molem

463 3790 521 3833 et
539 3794 850 3848 compagem
877 3780 1211 3848 corruptioni
1235 3782 1597 3850 omnibusque
1627 3779 2033 3850 inﬁrmitatibus

463 3850 761 3904 obnoxiam
802 3867 818 3913 ;
871 3865 969 3918 per
1025 3866 1224 3920 corpus
1275 3866 1403 3915 vero
1453 3849 1624 3921 ipsam
1676 3849 2033 3918 eamdemque

465 3934 709 3979 carnem,
741 3922 835 3973 sed
871 3936 1011 3988 quae,
1042 3922 1418 3989 qualitatibus,
1449 3940 1554 3976 non
1588 3931 1804 3982 natura,
1853 3931 2029 3972 muta-

468 3990 558 4056 tis,
619 3990 742 4044 talis
774 3990 827 4043 in
863 3992 1265 4048 resurrectione
1310 3994 1504 4058 evasit,
1551 3992 1764 4060 qualem
1818 3999 2033 4060 oportet

466 4076 590 4116 esse
631 4075 751 4132 eam
786 4077 906 4129 qua:
943 4064 994 4115 in
1025 4063 1231 4117 aethere
1269 4077 1440 4131 eoque
1492 4059 2030 4132 superioribnsglocis

467 4131 891 4202 versaridebet,
926 4147 1098 4200 neque
1121 4133 1231 4197 jam
1273 4129 1630 4202 corruptioni,
1662 4148 1761 4202 nec
1802 4129 2030 4184 inﬁrmi-

469 4202 564 4255 tati
625 4201 714 4254 ulli
769 4203 1030 4269 snbjacet.
1087 4202 1239 4269 Quod
1285 4201 1629 4258 manifestum
1681 4201 1741 4256 lit
1791 4209 1902 4254 tum
1959 4215 2026 4252 ex

467 4272 563 4326 lib.
596 4287 653 4326 ιιι
687 4273 828 4340 Περὶ
872 4271 1091 4351 ἁρχῷν,
1134 4291 1255 4351 cap.
1295 4276 1350 4340 6,
1392 4272 1670 4351 nuni_._5_“:
1720 4289 1740 4322 ι
1791 4269 2029 4351 ρθιιίῳιο

465 4356 597 4396 caro
654 4354 838 4421 nostra
891 4346 959 4421 ab
1010 4345 1274 4421 imperitis
1322 4354 1379 4399 et
1433 4343 1742 4398 inlidelibus
1794 4343 1869 4421 ita
1905 4350 2028 4421 post

467 4422 698 4467 mortem
735 4415 981 4481 deperire
997 4411 1365 4480 exiStimutur,
1391 4434 1408 4465 ι
1449 4427 1582 4478 etc.,
1609 4426 1777 4479 usque
1804 4411 1893 4476 ad,
1925 4429 1942 4460 ι
1971 4411 2022 4462 in

2147 3217 2382 3273 voluerit
2426 3217 2686 3288 Origenes
2727 3219 2783 3288 in
2819 3219 2884 3275 iis
2907 3217 3534 3277 contextibns'inlra'ab
3568 3221 3705 3276 Hue-

2146 3291 2241 3361 tjo,
2281 3300 2350 3361 _et
2399 3287 2564 3361 supra
2614 3289 2683 3343 ab
2709 3287 3056 3361 AHicronymo
3102 3303 3154 3346 et
3199 3292 3473 3347 Methodio
3503 3293 3702 3346 allatis.

2143 3357 2293 3424 Quod
2326 3359 2472 3412 enim
2511 3359 2609 3419 ait,
2645 3378 2662 3410 ι
2701 3359 2885 3428 lugere
2913 3357 2973 3415 se
3005 3370 3312 3417 nostrorum
3367 3377 3561 3418 carnes
3614 3377 3704 3415 ne-

2142 3442 2296 3482 cesse
2340 3443 2464 3483 esse
2515 3438 2578 3482 ut
2628 3430 2682 3482 in
2742 3431 3138 3486 resurrectione
3183 3448 3353 3487 carne
3409 3433 3696 3485 nudemur:

2143 3513 2246 3568 nec
2278 3499 2493 3553 easdem
2524 3513 2722 3553 carnes
2768 3512 3196 3568 resnrrecturas,
3237 3523 3256 3556 ι
3297 3513 3426 3562 etc.,
3463 3503 3513 3556 id
3546 3503 3704 3555 intel-

2141 3567 2257 3638 ligit
2301 3569 2366 3622 de
2403 3584 2571 3622 carne
2608 3570 2946 3638 corruptibili
2993 3582 3048 3626 et
3094 3567 3500 3626 inﬁrmitatibus
3529 3571 3706 3626 adhuc

2141 3639 2400 3710 obnoxia,
2443 3654 2605 3706 quam
2655 3641 2736 3710 sic
2783 3649 3085 3710 acceptam,
3130 3643 3381 3697 videlicet
3417 3643 3469 3696 in
3516 3642 3704 3696 iisdem

2141 3707 2570 3773 inﬁrmitatibus,
2609 3709 2862 3779 nullaque
2903 3707 2956 3764 in
3003 3713 3199 3768 melius
3239 3714 3379 3766 facta
3409 3712 3706 3766 mutatione

2143 3790 2570 3852 resnrrecturam
2605 3794 2727 3852 esse
2767 3791 2951 3848 negat:
3002 3786 3096 3836 sed
3128 3785 3264 3838 hanc
3297 3784 3490 3852 ipsam,
3525 3791 3706 3852 muta-

2143 3849 2213 3921 tis
2259 3849 2634 3921 qualitatibus,
2685 3851 2735 3902 iu
2785 3851 3214 3921 incorruptione,
3254 3849 3536 3906 iu’virtute
3564 3851 3703 3907 etin

2139 3918 2305 3986 gloria
2363 3933 2789 3990 resurrecuiram
2850 3935 2969 3975 esse
3006 3918 3370 3990 'pronuntiat.
3439 3921 3564 3976 Haec
3619 3931 3705 3975 est

2113 3996 2396 4061 “constans
2425 3988 2674 4061 Origenis
2699 3990 2882 4061 opinio
2911 3988 3073 4059 quam
3099 3994 3304 4061 apertis
3335 3995 3512 4046 verbis
3541 4006 3707 4058 expo-

2140 4059 2220 4129 nit
2273 4058 2366 4112 lib.
2413 4073 2471 4112 ιιι
2514 4058 2936 4129 Περὶᾼάρχῶνί
2964 4077 3083 4129 cap.
3130 4058 3184 4125 6,
3231 4079 3378 4116 num.
3415 4061 3449 4116 5
3495 4071 3546 4114 ct
3574 4062 3626 4125 6,
3651 4071 3705 4114 et

2136 4126 2350 4204 l_ib._‘ltt
2404 4126 2604 4204 contra,
2639 4126 2870 4204 Celsum,
2929 4126 3074 4204 num.
3117 4132 3204 4191 Η.
3256 4133 3434 4204 Εἴπερ
3481 4131 3705 4204 δυνατὸν

2134 4197 2382 4274 ᾁμμείδειν
2397 4199 2686 4274 ποιότητας
2700 4199 2795 4270 τὴν
2807 4201 2843 4274 *ὑ
2851 4201 3177 4274 ποκειμένην
3196 4197 3705 4274 πάσαις-’ποιότησιν

2135 4267 2301 4343 {ili-ju-
2359 4270 2476 4332 πῶς
2523 4267 2862 4343 οὖμδυνατὸν
2904 4267 3144 4343 καὶίτὴν
3169 4273 3348 4343 σάρκα
3380 4273 3472 4325 τοῦ
3525 4267 3702 4340 Ἰησοῦ

2133 4339 2443 4412 ἀμείψασαν
2501 4340 2813 4412 ποιότητας-
2844 4339 3126 4412 γεγονέναι
3190 4339 3463 4412 τοιαύτην,
3516 4339 3706 4396 ὁποίαν

2134 4407 2298 4494 ἐχρῆν
2330 4407 2467 4494 εἶναι
2501 4411 2597 4480 τὴν
2637 4407 2693 4494 ἐν
2735 4407 2936 4494 egoeg
2958 4413 3052 4465 καὶ
3082 4415 3192 4476 τοῖς
3217 4407 3486 4494 avni-rictu
3535 4413 3704 4494 αὐτοῦ

467 4480 938 4559 gloriamur-poris
990 4486 1246 4559 proliciet
1287 4485 1579 4559 spiritalis;
1623 4502 1642 4536 ι
1691 4496 1812 4559 quae
1859 4480 2021 4559 verba

2139 4480 2575 4559 ποξιιτευομένην,
2607 4481 2822 4559 ηοὺκέτι
2864 4480 3116 4553 ἔχουσαν
3169 4483 3241 4536 τὰ
3284 4484 3379 4553 τῆς
3435 4485 3702 4559 σαρκικῆς

467 4569 576 4605 non
630 4551 808 4607 aliter‘
841 4569 906 4607 ac
954 4551 1053 4608 nos
1101 4551 1432 4612 intellexisse
1486 4555 1699 4607 videtur
1756 4551 2018 4612 liuetius,

467 4623 665 4692 quippe
689 4638 809 4693 qua:
835 4624 1094 4695 catholica
1132 4629 1398 4695 reperiat:
1434 4634 1545 4678 tum
1576 4639 1640 4678 ex
1672 4622 1800 4695 ipsis
1838 4621 2024 4695 verbis

469 4690 758 4760 «inte—infra
798 4694 964 4748 refert
1007 4696 1148 4749 idem
1186 4690 1525 4749 clarissimus
1549 4693 1742 4762 praesul
1773 4706 1803 4745 e
1829 4690 2035 4745 Catena

467 4763 796 4818 Corderiana
858 4767 914 4817 in
963 4765 1153 4832 psalm.
1211 4782 1401 4830 cxvnt,
1465 4781 1608 4818 vers.
1655 4763 1750 4825 25,
1814 4776 2042 4830 quaeque

470 4833 738 4890 catholica
785 4835 967 4888 itidem
1021 4838 1264 4904 reperire
1312 4838 1615 4900 debuisset,
1686 4843 2042 4904 utpotegprae-

469 4906 790 4976 cedentibus
823 4906 877 4976 in
905 4900 1158 4976 omnibus
1205 4908 1402 4960 similia
1427 4923 1440 4935 ο
1468 4905 1583 4959 Νῦν
1635 4900 2040 4976 μὲνίὲίκολλῄθῃ

467 4975 548 5047 τῷ
610 4976 796 5046 ἐδάφει
845 4975 878 5046 ἡ
929 4975 1097 5048 ψυχὴ,
1158 4979 1253 5031 καὶ⁹
1297 4977 1486 5046 γέγονε
1528 4968 1664 5046 σάρξ
1696 4992 1708 5002 ·
1762 4975 1855 5048 νὺξ
1885 4968 2040 5041 σάρξζ

468 5045 618 5110 caro,
652 5049 786 5101 ιιαιιὶι
823 5045 967 5118 aliud
1003 5045 1274 5118 signium
1320 5045 1480 5116 quam
1513 5045 2040 5118 earnemjnllrtnam

469 5126 527 5192 et
558 5117 962 5192 corruptibilent
989 5138 1007 5192 :_
1038 5111 1127 5192 Ἑν
1159 5119 1215 5170 δὲ
1240 5121 1305 5189 τῇ
1336 5111 1630 5192 ἆναστάσει
1652 5111 2042 5192 πολλῃρὴσετςει

467 5188 514 5264 ᾗ,
542 5187 679 5264 σὰρξ
707 5184 874 5264 ψυχῇ.
927 5190 1026 5264 καὶ
1063 5189 1216 5264 ἔσται
1259 5184 1406 5261 ψυχὴ
1447 5191 1567 5264 ipsi;
1599 5184 1936 5264 κολληθὶἰσα.
1964 5184 2045 5252 τῷ

471 5257 663 5333 Κυρίῳ
704 5257 761 5312 ὲν
880 5261 1141 5333 καθολικῇ
1160 5257 1452 5314 ἀναστᾶσει
1472 5257 1684 5333 ’γ-ίνεταξ
1708 5257 1772 5333 -ἓν
1797 5257 2042 5333 ῌνεῦ-μα,

471 5326 577 5383 καῖ
604 5326 918 5414 γῖνεταξτὸ
967 5326 1141 5403 adipe"
1187 5326 1601 5414 πνςῖυξλνέαξτινέὸν,⁷
1630 5329 1721 5414 _ubi
1775 5326 1837 5414 το
1884 5327 2044 5414 tribuat

473 5402 868 5478 mentiente/av,
919 5400 1159 5478 «corpus
1210 5400 1476 5473 spiritale,
1525 5422 1543 5455 ι
1591 5400 1732 5454 idem
1779 5407 1949 5478 sonat
1981 5411 2045 5448 ac

473 5487 605 5547 euro
620 5469 916 5547 'Spiritnlis,
942 5469 1095 5542 cujus
1127 5469 1320 5541 nempe
1339 5483 1559 5547 mutata:
1579 5478 1707 5547 sunt
1727 5469 2042 5547 qualitates.

478 5543 613 5595 nam
659 5543 706 5598 si
752 5559 880 5596 caro
922 5541 1043 5613 post
1089 5545 1544 5599 resurrectionem
1579 5541 2046 5613 adlueretanimaa

473 5621 531 5666 et
545 5613 618 5689 lit
644 5608 1300 5689 corpusspiritale,ergo
1330 5614 1565 5683 resurgit
1589 5626 1720 5666 caro
1748 5608 1890 5689 ct'lit
1917 5622 2046 5689 caro

476 5682 762 5751 spiritalis,
807 5682 1052 5753 nihilque
1103 5682 1258 5738 aliud
1295 5682 1523 5738 interest
1568 5696 1766 5750 corpus
1813 5682 1956 5731 inter
1993 5686 2047 5730 et

477 5766 724 5814 carnem,
761 5767 923 5820 quam
965 5755 1106 5823 quod
1148 5758 1646 5832 interestcarncm-
1674 5753 1812 5832 inter
1841 5759 2046 5832 etgcar-

480 5838 628 5892 nem,
667 5837 864 5893 corpus
913 5835 967 5882 et
997 5839 1216 5896 corpus,
1275 5824 1459 5882 habita
1514 5823 1650 5879 varii
1703 5823 1822 5890 ejus
1875 5828 2048 5878 status

2127 4551 2406 4614 ἀσθενείας
2431 4551 2572 4617 tota;
2600 4550 2656 4604 Si
2686 4550 2928 4605 materiin
2942 4550 3284 4620 qualitatibus
3318 4550 3556 4606 ontuibus
3588 4550 3706 4606 sub-

2125 4624 2287 4690 jecta:
2318 4626 2512 4676 mutari
2541 4623 2738 4690 possint
2772 4624 3074 4691 qualitates,
3103 4641 3197 4675 cur
3224 4623 3343 4691 ﬁeri
3375 4641 3476 4676 non
3510 4627 3701 4691 potuit,

2142 4708 2195 4746 ut
2261 4709 2384 4745 cura
2441 4692 2593 4754 Jesu,
2632 4694 2849 4745 mutatis
2885 4693 3246 4756 qualitatibus,
3283 4694 3405 4747 talis
3457 4695 3700 4757 evaserit,

2142 4764 2348 4831 qualem
2393 4764 2619 4827 apert-uit
2675 4777 2785 4815 esse
2839 4778 2976 4823 eam,
3016 4780 3133 4830 quin
3178 4764 3230 4816 iu
3276 4763 3489 4824 a'there,
3541 4779 3703 4831 eoque

2142 4835 2494 4900 superioribus
2521 4833 2651 4886 locis
2685 4842 3000 4894 versaretur,
3039 4833 3266 4898 nihilque
3286 4835 3492 4887 haberet
3521 4850 3701 4887 eorum

2141 4919 2258 4973 qua:
2305 4905 2528 4972 inﬁrma:
2570 4903 2747 4973 carnis
2785 4904 2995 4969 propria
3042 4915 3160 4956 sunt
3193 4905 3218 4957 ?
3263 4903 3358 4956 His
3400 4906 3536 4958 adde
3581 4920 3704 4973 qnie

2145 4970 2396 5044 leguntur
2422 4975 2514 5026 lib.
2556 4988 2570 5026 l
2616 4970 2717 5044 De
2739 4982 3016 5044 resurrect.
3042 4985 3096 5027 et
3123 4975 3178 5030 in
3206 4973 3394 5042 psalm.
3429 4990 3516 5026 xv.
3566 4970 3702 5028 Con-

2144 5041 2228 5097 l‘er
2255 5045 2418 5097 etiam
2458 5059 2578 5112 quae
2636 5041 2904 5114 habentur
2935 5042 3029 5096 lib.
3072 5059 3107 5097 ιι
3148 5041 3213 5098 et
3253 5059 3306 5097 Iv
3351 5044 3426 5097 De
3463 5061 3728 5114 resurre-_

2144 5115 2352 5179 ctione;
2388 5110 2490 5167 lib.’
2519 5130 2534 5167 t
2563 5111 2702 5178 Περὶ
2733 5110 2954 5180 ἀρχῶν,
2985 5127 3102 5180 cap.
3142 5114 3244 5180 lO;
3287 5115 3382 5166 lib.
3411 5130 3463 5168 tv
3519 5125 3700 5167 contra

2145 5183 2376 5251 Celsum,
2405 5201 2554 5238 ιηηη.
2573 5182 2677 5248 15;
2704 5183 2795 5236 lib.
2821 5197 3036 5247 v,num.
3072 5184 3271 5252 “~25;
3317 5184 3411 5238 lib.
3441 5200 3515 5248 vt,
3549 5201 3698 5239 nmn.

2144 5253 2235 5318 29,
2276 5257 2328 5307 iu
2363 5254 2551 5323 psalm.
2584 5268 2624 5316 ι,
2671 5267 2814 5305 vers.
2857 5252 2912 5316 5,
2951 5263 3004 5307 et
3047 5254 3139 5309 lib.
3175 5271 3368 5315 xxvm.
3408 5255 3466 5309 in
3498 5254 3701 5308 Isaiam

2144 5326 2467 5393 prmi/telam,
2497 5334 2552 5376 et
2585 5339 2650 5377 ex
2678 5323 3010 5393 singulorum
3038 5325 3276 5379 locorum
3315 5337 3566 5379 accurata
3591 5326 3703 5378 col-

2149 5394 2346 5448 latione
2376 5394 2633 5464 fateberis
2655 5393 2788 5446 nihil
2818 5393 2923 5447 illis
2961 5395 3137 5449 inesse
3160 5397 3302 5464 quod
3339 5397 3612 5449 catholico
3633 5398 3700 5448 de

2147 5463 2564 5519 Resurrectione
2615 5464 2853 5533 dogmati
2895 5479 2999 5517 non
3038 5463 3205 5534 possit
3234 5467 3428 5530 aptari,
3461 5467 3505 5519 si
3542 5467 3700 5518 modo

2145 5537 2408 5603 quasdam
2447 5537 2728 5604 exceperis
2772 5535 3191 5606 quaestiunculas
3240 5552 3378 5606 quas
3417 5537 3701 5590 luxurians

2147 5606 2399 5671 Origenis
2428 5606 2698 5675 ingenium
2726 5605 2993 5659 curiosius
3022 5605 3376 5675 persequens,
3408 5606 3566 5675 paulo
3585 5609 3699 5659 lon-

2147 5677 2268 5745 gius
2326 5674 2692 5744 prosequitur.
2738 5674 2872 5728 Nam
2921 5674 3211 5744 aliquando
3266 5678 3339 5731 ita
3386 5674 3567 5730 carnis
3613 5676 3696 5728 vel

2149 5748 2395 5814 corporis
2424 5749 2674 5800 immutat
2713 5746 3024 5813 qualitates,
3071 5756 3128 5799 ut
3157 5755 3210 5799 et
3252 5748 3420 5815 ipsius
3445 5757 3695 5803 naturam

2149 5819 2435 5876 immutare
2463 5816 2729 5874 videatur.
2757 5815 2833 5873 De
2857 5830 2966 5886 quo
2985 5816 3126 5872 infra
3153 5816 3398 5874 iluetius.
