4170 6446
361 392 480 451 91ξὲ

1174 387 1749 444 ORIGENIANORUM
1787 386 1912 442 LIB.
1956 387 2019 453 ll,
2059 386 2214 442 CAP.
2258 386 2319 452 ΙΙ,
2358 385 2635 454 ρυλεετ.
2679 386 2766 442 IX.

3505 391 3617 447 981i

363 506 586 576 querela
628 508 760 561 liter.
790 521 935 570 LXIV,
960 520 1080 572 cap.
1109 505 1161 570 4,
1188 506 1299 576 Τὴν
1345 504 1455 559 τῶν
1491 506 1936 577 νεκρῶνήηῳιίι,

2041 506 2165 574 quia
2224 505 2365 560 sicut
2412 506 2802 575 primogenitus
2843 518 2910 558 ex
2965 507 3291 562 mortuisest
3327 507 3615 575 Christus,

358 598 661 654 ἀνάστασιν
695 597 887 667 ἐλλιπῆ
919 599 1176 659 ποιεῖται,
1208 597 1283 669 πῆ
1334 597 1432 667 μὲν
1478 597 1620 667 λόγῳ
1658 597 1938 668 παριστῶν

359 689 589 762 ταύτην,
630 690 705 761 πῆ
756 689 813 742 δὲ
869 688 1262 761 ἐξαρνούμενος
1304 689 1628 755 τελεώτατα,
1667 689 1853 743 ἄλλοτε
1882 691 1938 744 δὲ

360 784 457 837 καὶ
485 783 647 855 μέρος
670 782 728 849 ἐξ
744 782 914 852 αὐτῆς
943 782 1285 845 ἀνίστασθαι·
1321 801 1339 834 ι
1375 782 1705 839 Mortttorum
1751 798 1938 839 resur-

362 875 663 930 rectionem
721 874 1095 944 imperfectam
1146 891 1267 931 esse
1320 877 1523 943 docet;
1566 876 1765 948 partim
1811 890 1937 931 eam

357 967 546 1022 verbis
573 980 851 1029 asserens,
891 966 1088 1035 partim
1114 967 1355 1024 funditus
1391 968 1621 1033 tollens;
1654 966 1788 1023 alias
1810 982 1937 1022 vero

362 1066 577 1126 partem
607 1055 724 1124 ejus
744 1056 1013 1109 duntaxat
1060 1071 1349 1127 resurgere
1397 1058 1654 1124 tradens;
1700 1075 1719 1109 ι
1751 1066 1808 1113 et
1846 1057 1934 1112 illa

362 1145 639 1202 Vincentii
664 1145 1067 1203 Bellovacensis
1094 1146 1305 1216 Speculi
1335 1148 1622 1203 doctrinal.
1649 1149 1746 1205 lib.
1776 1164 1935 1213 xvut,

362 1256 483 1307 cap.
545 1239 635 1303 45,
694 1254 819 1294 ουιιι
867 1253 1049 1294 veram
1103 1241 1179 1294 ait
1235 1241 1681 1297 resurrectionem
1754 1243 1938 1297 carnis

363 1331 650 1399 Origenem
702 1344 953 1399 negasse.
1008 1328 1124 1384 Non
1177 1332 1315 1385 satis
1372 1341 1554 1387 autem
1608 1332 1936 1403 intelligitur

362 1421 486 1489 quid
512 1420 618 1476 sibi
655 1421 888 1475 voluerit
912 1420 1272 1491 Theophanes
1305 1422 1625 1489 Ccrameus,
1649 1439 1772 1478 cum
1805 1426 1937 1479 scri-

359 1514 468 1580 psit
498 1510 685 1566 homil.
710 1512 804 1579 22,
850 1513 943 1566 Ἐκ
970 1514 1155 1584 μέντοι
1173 1513 1267 1568 τοῦ
1302 1516 1476 1569 εἰπεῖν
1496 1532 1509 1546 ·
1557 1518 1628 1571 Ἦ
1658 1534 1715 1572 τι
1741 1517 1936 1586 βώσει

357 1605 668 1674 ἄνθρωπος
686 1606 1079 1677 ἀντάλλαγμα
1101 1607 1211 1675 τῆς
1236 1610 1446 1680 ψυχῆς
1465 1611 1691 1676 αὑτοῦ;
1718 1614 1934 1667 ἐπιστο-

360 1699 573 1769 μιξεται
602 1701 635 1771 ή
665 1700 818 1771 παρὰ
848 1700 942 1753 τοῦ
975 1700 1263 1773 ἐπωνύμου
1292 1703 1390 1773 τῆς
1416 1703 1585 1775 ὀργῆς
1627 1704 1938 1776 Ὠριγένους

358 1788 713 1861 πεπλασμένη
773 1790 1090 1855 ἀνάστασις.
1132 1812 1151 1845 ι
1189 1793 1456 1848 Caeterum
1507 1795 1738 1852 dicendo
1769 1813 1782 1827 ·
1830 1798 1934 1850 Aut

2038 597 2113 652 ita
2162 597 2373 667 primus
2415 611 2636 651 carnem
2695 597 2874 650 evexit
2918 597 2983 648 ad
3015 597 3291 663 cretum“
3352 608 3408 653 et
3456 602 3617 668 paulo

2038 696 2161 757 post
2198 705 2212 742 :
2251 704 2269 739 t
2295 686 2421 742 llaec
2444 697 2664 757 propter
2702 687 2830 743 illud
2876 687 3017 756 quod
3056 689 3260 744 dictum
3295 701 3417 745 est:
3447 689 3598 757 Quo-

2038 781 2183 836 niam
2222 797 2347 836 caro
2377 797 2493 835 mea
2516 780 2796 850 requiescet
2826 780 2880 832 in
2902 796 2992 847 spe
3017 779 3080 832 ¹⁵.
3104 779 3159 833 In
3185 794 3291 849 qua
3312 780 3450 850 spe?
3485 778 3603 835 Non

2038 872 2214 927 solum
2240 872 2366 941 quia
2397 885 2464 926 ex
2509 870 2736 926 mortuis
2769 870 3030 939 resurgit;
3078 884 3267 938 parum
3315 870 3460 927 enim
3511 871 3612 927 hoc

2038 971 2123 1018 est
2148 980 2163 1018 :
2194 964 2289 1019 sed
2315 963 2369 1017 in
2400 976 2462 1017 ea
2487 977 2583 1032 spe
2613 960 2925 1031 requiescit,
2953 962 3098 1029 quod
3137 972 3412 1030 assumpta
3441 971 3527 1017 est
3556 963 3609 1017 in

2038 1053 2256 1109 coelum.
2287 1072 2308 1107 ι
2334 1053 2542 1120 Quibus
2571 1054 2823 1108 adderem
2854 1063 2909 1109 et
2933 1052 3058 1107 illud
3088 1067 3119 1108 e
3156 1053 3248 1108 lib.
3267 1070 3324 1108 ιιι
3343 1055 3483 1123 Περὶ
3507 1054 3612 1123 ἀρ-

2038 1145 2185 1216 χῶν,
2223 1161 2343 1218 cap.
2374 1146 2429 1213 6,
2473 1161 2623 1200 num.
2667 1146 2723 1211 5,
2756 1145 2860 1200 nisi
2913 1144 3093 1200 liuﬁni
3130 1146 3437 1215 interpretis
3467 1147 3613 1201 frau-

2038 1238 2135 1294 des
2161 1240 2507 1293 subvererer.
2549 1254 2568 1289 ι
2622 1236 2860 1307 Denique
2885 1251 3012 1290 caro
3042 1247 3225 1292 nostra
3253 1240 3320 1293 ab
3351 1238 3614 1308 imperitis

2037 1340 2093 1384 et
2143 1328 2456 1385 inﬁdelibus
2499 1330 2575 1383 ita
2615 1338 2737 1399 post
2769 1338 2996 1385 mortem
3041 1330 3289 1398 deperire
3334 1331 3614 1389 existima-

2041 1428 2147 1485 tur,
2164 1429 2224 1475 ut
2252 1421 2383 1476 nihil
2403 1436 2624 1490 prorsus
2651 1420 2914 1490 reliquum
2936 1420 3252 1477 substantia:
3275 1437 3386 1477 sure
3410 1422 3613 1478 habere

2038 1516 2315 1571 credatur.
2354 1512 2463 1568 Nos
2488 1528 2619 1569 vero
2644 1514 2735 1582 qui
2781 1514 3238 1569 resurrectionem
3283 1511 3400 1582 ejus
3438 1516 3615 1570 credi-

2039 1621 2182 1672 mus,
2217 1605 2648 1662 immutationem
2672 1605 2790 1672 ejus
2815 1606 3187 1662 tantummodo
3224 1615 3348 1675 post
3382 1617 3610 1661 mortem

2039 1699 2240 1755 factam
2284 1697 2660 1769 intelligimus,
2685 1697 3043 1752 substantiam
3082 1712 3212 1752 vero
3246 1698 3365 1767 eius
3403 1709 3610 1754 certum

2038 1800 2122 1847 est
2148 1805 2487 1860 permanere,
2524 1798 2581 1845 et
2602 1788 2881 1844 voluntate
2906 1788 3182 1846 Creatoris
3205 1791 3324 1858 sui,
3350 1801 3610 1862 certoque

354 1899 515 1950 quam
549 1883 695 1937 dabit
729 1883 885 1939 homo
913 1886 1347 1953 permutationem
1373 1903 1470 1957 pro
1511 1891 1694 1943 anima
1723 1906 1822 1944 sua
1849 1891 1934 1944 εει
1967 1854 2007 1909 Β
2041 1899 2281 1959 tempore
2334 1904 2526 1943 rursus
2566 1888 2812 1958 reparari
2849 1889 2917 1943 ad
2951 1888 3119 1942 vitam
3142 1928 3158 1953 ,
3211 1896 3373 1957 atque
3416 1888 3611 1942 iterum

357 1971 632 2027 refellitur
660 1973 892 2028 conﬁcta
922 1976 1257 2030 resurrectio
1299 1979 1366 2032 ab
1401 1976 1656 2050 Origene,
1707 1982 1793 2037 cui
1835 1981 1935 2038 fuit

357 2081 554 2119 nomen
576 2065 683 2118 ἀπὸ
704 2065 805 2136 τῆς
829 2066 999 2139 ὀργῆς
1031 2067 1353 2125 derivatum.
1406 2090 1426 2121 ι

426 2156 541 2211 Non
584 2159 752 2213 semel
791 2159 842 2212 id
873 2161 1047 2229 ipsum
1093 2175 1470 2226 asseverasse,
1502 2163 1645 2232 quod
1677 2165 1930 2233 proxime

353 2250 765 2305 commemorati
788 2250 1081 2321 scriptores
1106 2250 1397 2321 objiciunt,
1417 2252 1693 2308 fatendum
1713 2255 1932 2324 quidem

352 2351 437 2397 est
466 2359 482 2396 :
511 2353 635 2414 puta
691 2343 785 2399 lii).
843 2358 903 2407 tt,
962 2344 1103 2412 Περὶ
1150 2343 1375 2414 ἀρχῶν,
1410 2361 1537 2418 cap.
1586 2349 1645 2415 5,
1692 2363 1841 2402 num.
1875 2347 1931 2416 Ξ,

358 2433 538 2488 «Mira
586 2448 716 2505 ergo
751 2434 980 2499 ratione,
1034 2436 1208 2504 inquit
1256 2444 1481 2493 sanctus
1525 2438 1815 2509 Apostolus
1866 2440 1933 2495 ad

351 2524 661 2594 generalem
719 2525 951 2592 primam
1014 2540 1236 2582 causam
1291 2529 1631 2598 respiciens,
1691 2534 1935 2589 materia:

351 2616 676 2686 corporalis,
698 2615 854 2685 cujus
879 2617 1121 2674 materia:
1144 2618 1325 2673 anima
1352 2635 1505 2674 usum
1529 2636 1745 2693 semper
1773 2624 1937 2679 habet

353 2711 405 2763 in
439 2709 679 2778 qualibet
711 2708 975 2779 qualitate
1009 2710 1235 2779 positae,
1266 2726 1408 2766 nunc
1445 2713 1666 2781 quidem
1703 2715 1932 2781 carnali,

353 2801 695 2871 postmodum
744 2816 875 2857 vero
919 2799 1187 2857 subtiliori
1233 2810 1289 2857 et
1343 2805 1573 2873 puriori,
1625 2821 1744 2874 qua)
1775 2808 1934 2876 spiri-

353 2895 477 2947 talis
516 2891 843 2964 appellatur,
893 2893 1005 2959 ait,
1045 2891 1280 2946 Necesse
1336 2902 1421 2946 est
1460 2895 1800 2963 corruptibili
1831 2895 1933 2951 hoc

351 2987 579 3041 induere
624 2985 1086 3054 incorruptionem
1140 2983 1251 3048 ι’,ι
1313 2992 1459 3053 etc.;
1516 2993 1572 3040 et
1624 2988 1679 3040 in
1728 2987 1929 3044 Catena

347 3078 683 3133 Corderiana
741 3082 797 3130 tn
851 3076 1041 3147 psalm.
1089 3091 1281 3141 cxvm,
1323 3075 1417 3140 25,
1482 3092 1605 3147 pag.
1644 3078 1929 3135 799:Niiv

2038 1980 2500 2050 permutationem
2529 1979 2647 2050 ejus
2687 1979 2844 2045 ﬁeri,
2880 1988 2940 2035 ut
2974 1994 3095 2050 quae
3129 1979 3306 2048 primo
3343 1978 3443 2033 fuit
3484 1993 3613 2032 caro

2035 2089 2101 2129 ex
2127 2083 2270 2129 terra
2300 2084 2538 2137 terrena,
2561 2080 2674 2126 tum
2703 2071 2899 2127 deinde
2926 2072 3183 2128 dissoluta
3204 2081 3327 2142 post
3356 2082 3608 2136 mortem,

2035 2174 2089 2222 et
2122 2167 2320 2221 iterum
2362 2164 2501 2219 facta
2540 2164 2681 2220 cinis
2708 2178 2771 2218 ac
2803 2173 2992 2232 terra;
3042 2166 3293 2235 quoniam
3327 2176 3466 2219 terra
3511 2183 3566 2220 es
3591 2206 3609 2234 ,

2037 2258 2234 2328 inquit,
2270 2267 2319 2312 et
2352 2259 2406 2312 in
2449 2268 2644 2311 terram
2688 2257 2788 2311 ibis
2825 2258 2889 2324 ",
2930 2273 3146 2311 rursum
3194 2259 3544 2313 resuscitetur
3577 2275 3610 2315 e

2036 2361 2219 2418 terra;
2251 2360 2306 2405 et
2335 2360 2456 2419 post
2476 2349 2578 2405 hoc
2601 2347 2712 2417 jam
2751 2349 2896 2404 velut
2938 2351 3190 2405 meritmn
3243 2352 3603 2406 inhabitantis

2035 2447 2232 2499 animae
2288 2443 2646 2513 popOScerit,
2717 2442 2771 2496 in
2818 2442 2988 2513 gloria
3050 2443 3298 2512 corporis
3360 2444 3607 2513 proﬁciet

2036 2534 2319 2608 spiritalis.
2357 2554 2376 2588 ι
2403 2532 2608 2605 Nempe
2643 2533 2733 2588 hic
2762 2547 3001 2603 quoque,
3028 2535 3154 2588 utin
3188 2534 3310 2590 aliis
3336 2535 3611 2605 plerisque

2032 2629 2133 2685 sibi
2163 2644 2268 2684 non
2299 2636 2513 2683 constat
2551 2626 2835 2697 Origenes,
2868 2635 2924 2681 et
2964 2627 3124 2681 modo
3146 2628 3261 2691 has,
3299 2630 3459 2683 modo
3489 2629 3609 2683 illas

2032 2730 2278 2776 sectatur
2306 2729 2527 2790 partes,
2557 2728 2699 2773 etut
2744 2718 2796 2772 in
2839 2719 3002 2774 rebus
3042 2718 3388 2775 adolescente
3432 2719 3609 2774 adlmc

2034 2813 2458 2869 Cliristianismo
2510 2810 2882 2877 subobscuris,
2932 2820 2989 2866 et
3034 2813 3271 2866 nondum
3301 2826 3397 2881 per
3418 2808 3606 2865 Eccle-

2033 2907 2170 2962 siam
2200 2904 2441 2960 definitis
2469 2902 2651 2957 animo
2684 2902 2944 2973 indulget,
2981 2912 3039 2958 et
3067 2902 3329 2972 quidquid
3372 2901 3473 2956 sibi
3510 2917 3610 2971 pro

2035 3006 2277 3065 tempore
2311 2993 2761 3055 ﬁtverisimilius,
2795 2992 3008 3062 arripit.
3042 2992 3199 3049 Unde
3233 3008 3300 3048 ne
3347 2992 3459 3061 ipse
3486 2992 3609 3063 qui-

2032 3092 2152 3146 dem
2179 3089 2433 3161 Origenis
2450 3088 2745 3156 castigator
2776 3084 3082 3142 Methodius
3104 3088 3221 3141 sine
3249 3086 3604 3156 cespitatione

350 3170 450 3240 μὲν
482 3168 745 3240 ἐκολλήθη
773 3166 852 3238 τῷ
883 3167 1068 3236 ἐδάφει
1097 3167 1323 3239 ἡψυχὴ,
1354 3169 1448 3221 καὶ
1475 3169 1664 3237 γέγονε
1687 3170 1854 3243 σάρξ’
1871 3174 1928 3226 ὲν

2034 3185 2139 3239 hoc
2187 3190 2566 3250 argumentum
2621 3183 2907 3245 tractavit,
2958 3179 3207 3236 homines
3240 3180 3446 3249 ﬁngens
3484 3186 3605 3250 post

344 3262 403 3315 δὲ
432 3261 500 3331 τῇ
545 3258 839 3315 ἀναστάσει
875 3257 1266 3330 κολληθήσεται
1296 3260 1329 3330 ή
1367 3258 1504 3331 σὰρξ
1534 3263 1600 3331 τῇ
1630 3260 1799 3333 ψυχῇ,
1835 3263 1930 3317 καὶ

346 3353 502 3406 ἔσται
528 3351 673 3424 ψυχὴ
699 3350 822 3423 ἥτις
850 3350 1172 3423 κολληθεῖσα
1189 3351 1267 3423 τῷ
1287 3352 1478 3423 Κυρίῳ
1504 3354 1561 3405 ἐν
1576 3355 1643 3424 τῇ
1669 3354 1930 3427 καθολικῇ

344 3445 641 3500 ἀναστάσει
680 3443 886 3513 γίνεται
925 3443 984 3496 ἓν
1019 3443 1257 3515 πνεῦμα,
1302 3445 1397 3498 καὶ
1433 3445 1641 3512 γίνεται
1668 3447 1729 3499 τὸ
1773 3447 1932 3519 σῶμα

348 3535 735 3609 πνευματικόν.
758 3535 870 3590 Nec
898 3535 1059 3590 aliter
1085 3534 1453 3607 intelligimus,
1478 3552 1598 3606 quae
1619 3539 1930 3610 consignata

347 3638 475 3682 sunt
524 3627 617 3681 lib.
671 3641 707 3679 ν
761 3635 947 3679 contra
985 3623 1151 3691 Cels.,
1195 3641 1348 3682 num.
1389 3627 1477 3691 l8,
1520 3627 1660 3682 Οὔτε
1708 3630 1806 3701 μὲν
1839 3628 1933 3685 οὖν

347 3722 529 3791 ἡμεῖς,
557 3718 683 3772 οὔτε
714 3717 783 3771 τὰ
825 3717 943 3771 θεῖα
985 3718 1293 3790 γράμματα
1337 3719 1532 3783 αὐταῖς
1564 3738 1700 3792 φησι
1737 3722 1930 3794 σαρξὶ,

350 3810 619 3883 μηδεμίαν
654 3808 952 3881 μεταϐολὴν
976 3808 1352 3880 ἀνειληφυίαις
1372 3811 1469 3882 τὴν
1493 3813 1585 3864 ἐπὶ
1616 3811 1677 3865 τὸ
1701 3813 1928 3884 βέλτιον,

347 3900 611 3973 ζήσεσθαι
640 3901 765 3964 τοὺς
798 3899 965 3955 πάλαι
998 3899 1386 3968 ἀποθανόντας,
1411 3903 1519 3957 ἀπὸ
1548 3904 1645 3975 τῆς
1674 3906 1779 3977 γῆς
1800 3907 1931 3963 ἀνα-

344 3993 561 4057 δύντας.
596 3992 732 4047 Nam
760 3992 1049 4063 quominus
1082 4003 1230 4047 recta
1280 3993 1365 4050 his
1414 3996 1682 4051 sententia
1718 4013 1932 4054 accom-

348 4086 558 4143 modari
630 4085 840 4156 possit,
904 4084 1294 4155 impedimento
1369 4096 1456 4142 est
1530 4088 1619 4145 hic
1686 4091 1927 4159 Apostoli

347 4180 499 4236 locus
531 4177 576 4209 “
609 4196 623 4232 :
662 4195 681 4229 ι
711 4176 825 4231 Hoc
848 4185 1027 4231 autem
1057 4176 1203 4243 dico,
1248 4176 1473 4244 fratres,
1521 4180 1648 4252 quia
1694 4196 1825 4237 caro
1875 4192 1931 4238 et

344 4270 568 4341 sanguis
624 4283 853 4338 regnum
904 4268 997 4322 Dei
1060 4268 1383 4324 haereditare
1425 4286 1534 4325 non
1595 4282 1865 4342 possunt:
1904 4293 1923 4326 ι

345 4377 453 4433 quo
482 4361 739 4416 sensilem
783 4360 925 4415 hanc
959 4369 1014 4415 et
1053 4362 1443 4429 aspectabilem
1493 4377 1655 4432 quam
1694 4366 1931 4435 gerimus

342 4468 565 4509 carnem
583 4468 749 4523 regno
774 4453 980 4509 caelesti
999 4454 1410 4521 excludendam,
1435 4465 1489 4511 et
1511 4458 1929 4514 resurrectionis

345 4544 615 4601 beneﬁcio
663 4545 985 4613 privandam
1041 4545 1342 4616 signiﬁcari
1391 4557 1564 4615 putat.
1632 4546 1770 4604 Hinc
1827 4551 1927 4623 τὴν
1958 4537 2003 4592 Ι)

343 4637 766 4710 κεκηρυγμένην
786 4636 888 4707 τῆς
921 4636 1123 4708 σαρκὸς
1159 4636 1455 4693 ἀνάστασιν
1485 4640 1542 4693 ὲν
1566 4643 1685 4704 ταῖς
1723 4640 1923 4711 ἐκκλη-

345 4731 509 4797 σίαις,
570 4730 675 4783 ὑπὸ
719 4730 826 4784 τῶν
876 4731 1257 4803 συνετωτέρων
1308 4732 1631 4805 τρανότερον
1691 4735 1924 4790 νοεῖσθαι

344 4824 545 4879 ibidem
583 4823 809 4889 scribit;
839 4833 895 4879 et
926 4825 1052 4878 alibi
1086 4825 1538 4880 resurrectionem
1597 4827 1655 4881 ὲν
1694 4830 1760 4899 τῇ
1797 4844 1922 4883 συν-

340 4915 500 4988 ηθείᾳ
537 4914 646 4969 τῶν
660 4915 1044 4987 ἁπλουστέρων
1070 4916 1430 4988 ὀνομάζεσθαι
1464 4918 1758 4974 ἀνάστασιν
1790 4937 1922 4991 σαρ-

334 5007 456 5071 κός,

413 5097 509 5156 γι.
558 5099 916 5166 Quantumvis
951 5107 1131 5157 autem
1176 5102 1466 5171 perspicua
1515 5102 1767 5157 videatur
1803 5103 1921 5160 Ori-

345 5189 499 5255 genis
525 5199 582 5245 et
607 5200 867 5245 constans
894 5188 1082 5259 Opinio
1100 5229 1119 5257 ,
1154 5200 1422 5261 repugnat
1450 5199 1628 5247 tamen
1664 5190 1920 5261 Pamphi-

347 5278 451 5346 lus,
511 5291 562 5336 et
621 5297 689 5336 ne
733 5296 764 5335 a
822 5295 988 5336 carne
1036 5282 1253 5350 quidem
1288 5283 1400 5351 ipsa
1465 5285 1918 5339 resurrectionem

346 5370 689 5439 abjudicasse
751 5388 876 5427 enm
934 5372 1316 5442 demonstrat,
1375 5375 1707 5445 depromptis
1777 5376 1921 5433 illius

345 5465 524 5520 verbis
561 5479 593 5520 e
628 5463 1017 5519 Commentario
1062 5465 1120 5518 in
1175 5465 1436 5534 psalmum
1494 5482 1583 5533 xv,
1631 5482 1752 5537 quas
1795 5479 1923 5524 sunt

348 5553 649 5621 huiusmodi
682 5576 694 5611 :
732 5573 752 5607 ι
777 5555 1096 5612 Olfendatur
1143 5557 1235 5627 qui
1294 5557 1410 5612 vult
1456 5574 1523 5613 ex
1578 5568 1766 5613 nostro
1803 5574 1919 5615 ser-

348 5659 504 5703 mone
539 5668 552 5703 :
589 5663 691 5720 ego
741 5657 923 5705 autem
993 5664 1114 5704 cum
1172 5650 1320 5705 omni
1384 5650 1582 5707 ﬁducia
1642 5661 1953 5718 assevera,‘

2034 3275 2485 3329 resurrectionem
2515 3272 2851 3327 ltabitaturos
2880 3274 2931 3327 in
2964 3283 3105 3327 terra
3139 3271 3247 3341 jam
3276 3273 3601 3337 instaurata,

2031 3372 2087 3421 et
2115 3378 2213 3433 per
2238 3378 2417 3417 aerem
2442 3362 2953 3431 temperatissimum
2978 3363 3305 3417 ambientem
3336 3363 3387 3414 in
3416 3360 3607 3417 melius

2033 3465 2260 3523 tnutata,
2294 3464 2348 3509 et
2373 3457 2425 3509 in
2459 3455 2698 3525 paradisi
2733 3454 2953 3509 deliciis
2983 3455 3197 3508 beatum
3242 3469 3414 3507 azvum
3452 3462 3607 3507 actu-

2033 3564 2123 3603 ros
2148 3565 2165 3613 ;
2204 3548 2411 3617 angelis
2446 3558 2627 3602 autem
2656 3546 2909 3602 cwlestes
2937 3545 3101 3600 orbes
3128 3545 3457 3599 destinatum
3484 3558 3609 3599 esse

2031 3639 2389 3695 domicilium.
2428 3637 2723 3693 Eusebium
2748 3652 2965 3708 quoque
3004 3636 3260 3709 Origenis
3288 3636 3607 3705 partiarimn

2034 3732 2491 3787 resurrectionem
2525 3739 2862 3784 mortuorum
2903 3730 3190 3784 sustulisse
3232 3738 3423 3783 narrat
3460 3728 3606 3783 Pho-

2036 3822 2142 3876 tius
2168 3821 2222 3874 in
2248 3820 2472 3889 epistola
2502 3822 2736 3889 quadam
2777 3820 2844 3874 ad
2875 3819 3316 3875 Constantinum.
3362 3820 3420 3874 In
3466 3819 3607 3887 ejus—

2033 3913 2153 3967 dem
2178 3912 2383 3967 erroris
2403 3910 2785 3980 _suspicionem
2821 3920 3011 3966 mutuo
3039 3926 3160 3967 sese
3191 3920 3390 3966 vocant
3419 3910 3610 3963 Hiero—

2034 4017 2231 4075 nymns
2288 4010 2344 4057 et
2405 4000 2656 4065 Ruﬁnus,
2711 4015 2869 4068 quem
2905 4011 3086 4055 tamen
3123 4011 3350 4068 uterque
3394 4015 3603 4055 summa

2032 4111 2160 4152 cura
2194 4094 2404 4149 diluere
2434 4101 2683 4148 conatur.
2724 4091 2863 4146 Huic
2908 4092 3074 4145 etiam
3110 4090 3406 4145 adhaesisse
3434 4091 3606 4145 Arno-

2033 4188 2179 4242 bium
2207 4182 2501 4240 verisimile
2525 4192 2638 4248 est;
2676 4182 2751 4235 ait
2774 4181 2918 4236 enim
2955 4180 3049 4234 lib.
3084 4196 3122 4233 ιι
3159 4177 3359 4233 Contra
3389 4190 3605 4248 gentes:

2039 4299 2056 4331 ι
2091 4278 2315 4334 Audetis
2358 4276 2544 4331 videre
2603 4290 2721 4336 nos,
2779 4273 2921 4343 quod
2974 4280 3311 4326 mortuorum
3362 4271 3607 4326 dicamus

2033 4368 2491 4426 resurrectionem
2532 4368 2790 4431 futuram,
2826 4378 2986 4434 quam
3028 4362 3248 4431 quidem
3293 4376 3390 4416 nos
3425 4362 3608 4416 dicere

2032 4460 2392 4523 conﬁtemur;
2451 4460 2547 4514 sed
2596 4474 2625 4510 a
2667 4456 2819 4510 vobis
2870 4455 3029 4509 aliter
3066 4468 3227 4522 quam
3276 4454 3602 4517 sentiamus,

2032 4552 2230 4607 audiri.
2256 4569 2277 4603 ι
2330 4550 2485 4617 Quod
2535 4550 2679 4604 idem
2719 4556 2802 4602 est
2838 4562 2900 4601 ac
2953 4545 3084 4599 illud
3125 4543 3379 4614 Origcnis
3420 4544 3606 4600 carnis

2033 4641 2486 4696 resurrectionem
2525 4655 2646 4694 csse
2687 4639 2915 4693 dicentis
2951 4635 3056 4690 ὑπὸ
3087 4634 3196 4690 τῶν
3228 4635 3607 4709 συνετωτέρων

2032 4733 2357 4804 τρανότερον
2390 4730 2743 4803 νενοημένην.
2811 4730 3051 4799 Denique
3092 4730 3363 4799 proditum
3408 4739 3491 4784 est.
3535 4730 3605 4785 ab

2031 4827 2334 4896 Epiphanio
2358 4836 2414 4880 et
2441 4824 2768 4893 Hieronymo
2807 4823 2948 4877 bauc
2978 4823 3147 4893 ipsam
3180 4820 3346 4875 fuisse
3376 4818 3603 4874 Marcio-

2030 4920 2114 4974 nis
2146 4919 2485 4987 aliorumque
2534 4917 2921 4971 liazreticorum
2962 4918 3028 4970 de
3070 4913 3470 4969 resurrectione
3504 4912 3604 4967 fal-

2025 5026 2142 5068 sam
2187 5008 2529 5064 sententiam.

2100 5100 2211 5155 VII.
2259 5099 2519 5167 Quamvis
2566 5114 2811 5154 crassam
2872 5097 3017 5152 illam
3064 5097 3247 5153 carnis
3303 5096 3500 5150 molem
3547 5104 3605 5151 et

2027 5205 2342 5261 compagem
2379 5205 2409 5243 a
2437 5189 2761 5258 corporibus
2801 5187 3195 5242 resurrecturis
3223 5196 3495 5243 secretum
3537 5187 3602 5241 iri

2027 5282 2259 5337 senserit
2299 5280 2560 5350 Origenes
2594 5299 2607 5334 :
2637 5281 2837 5351 quibus
2887 5292 3065 5335 tamen
3113 5280 3340 5350 praedita
3373 5293 3435 5332 ea
3484 5278 3603 5333 fore

2028 5374 2384 5444 qualitatibus
2408 5383 2558 5429 ratus
2591 5375 2685 5440 sit,
2724 5389 2848 5428 cum
2891 5382 3211 5442 resurgeut,
3244 5386 3404 5439 quam
3442 5385 3599 5439 passa

2028 5466 2415 5531 mutationem,
2468 5480 2576 5535 qua
2607 5465 2867 5519 instructa
2902 5463 3112 5527 forma,
3149 5480 3253 5517 non
3281 5466 3413 5519 satis
3444 5464 3604 5533 liqui-

2027 5557 2153 5609 dtun
2171 5564 2276 5610 est.
2305 5554 2709 5625 Nonnunquam
2735 5556 2881 5609 enim
2918 5555 3245 5609 suscitatqu
3275 5555 3338 5608 iri
3374 5554 3558 5610 eadem
3584 5595 3599 5619 ,

2026 5647 2311 5703 subtiliora
2346 5647 2472 5704 licet
2497 5662 2562 5703 ac
2588 5647 2953 5718 splendidiora
2981 5688 2997 5715 ,
3029 5650 3246 5705 asserit.
3302 5636 3469 5704 Velut
3506 5647 3600 5705 lib.

428 5832 672 5894 "Matth.
704 5850 814 5903 xw,
845 5836 935 5893 26.
1016 5835 1059 5867 ¹³
1086 5835 1104 5892 Ι
1129 5836 1249 5893 Cor.
1284 5851 1374 5906 xv,
1401 5836 1486 5893 55.
1569 5840 1610 5873 ¹⁵
1643 5839 1808 5897 lCor.
1836 5857 1924 5908 xv,

2036 5877 2048 5894 .
2130 5839 2171 5872 η
2200 5837 2395 5896 l’salm.
2424 5854 2511 5906 xv,
2547 5838 2631 5896 l9.
2712 5839 2753 5871 "
2782 5838 2917 5896 Gen.
2959 5854 3038 5907 ιιι,
3078 5838 3158 5894 19.
