4170 6402
553 379 658 431 087

1824 362 1884 420 Ρ.
1926 355 2244 426 DANIELIS
2282 351 2511 410 llUETlI

3688 335 3791 390 983

555 518 592 557 ιι
620 500 755 567 Περὶ
785 498 1003 567 ἀρχῶν,
1028 511 1146 564 cap.
1197 493 1290 558 10,
1332 506 1497 546 ιιιιιιι..
1530 489 1554 543 1
1595 488 1735 542 :tSi
1774 500 1996 541 necesse
2041 491 2125 540 est
2152 485 2196 542 A
2229 475 2452 532 arbilrio
2495 470 2803 567 imPPSi‘l-"li
2857 466 2957 531 ῑτίς
3165 460 3453 567 concludit.
3491 454 3792 567 numa‘iii-z

557 610 656 649 nos
676 595 872 647 essein
905 589 1247 657 corporibus,
1281 586 1422 639 sicut
1443 591 1592 637 certe
1623 591 1844 634 necesse
1869 586 1987 640 est,
2015 590 2119 629 non

559 688 611 742 in
648 686 770 741 aliis
799 699 959 754 quam
989 683 1040 736 in
1071 679 1273 734 nostris
1308 676 1626 746 corporibus
1651 687 1772 728 esse
1797 669 2115 736 debemusp

558 791 614 834 et
637 779 765 832 ibid.
801 792 948 830 num.
990 774 1022 828 8
1053 793 1064 827 :
1105 793 1123 825 ι
1153 771 1456 826 Videndum
1500 781 1713 835 quoque
1742 774 1844 829 est,
1877 778 1945 818 ne
1983 762 2124 818 forte

558 879 718 923 etiam
743 868 871 921 illud
903 867 1005 921 iste
1047 879 1225 920 sermo
1261 861 1560 932 signiticet,
1605 858 1747 926 quod
1777 859 1917 910 sicut
1950 855 2122 909 sancti

555 976 783 1030 corpora
816 973 934 1022 sua,
969 957 1022 1012 in
1050 956 1248 1026 quibus
1283 962 1474 1008 sancte
1509 961 1563 1006 et
1586 950 1788 1020 purein
1821 947 1978 1017 hujus
2002 947 2126 1001 vitae

559 1049 985 1106 habitationibus
1007 1047 1284 1111 vixerunt,
1313 1044 1488 1100 lucida
1515 1052 1570 1096 et
1598 1041 1830 1111 gloriosa
1856 1055 1921 1093 ex
1949 1053 2127 1092 resur-

559 1142 802 1198 rectione
842 1141 1139 1209 suscipient
1171 1156 1184 1192 :
1219 1138 1290 1192 ita
1327 1147 1382 1191 et
1416 1136 1564 1205 impii
1593 1134 1792 1203 quique
1821 1133 1910 1200 qui
1943 1132 1995 1184 in
2026 1132 2128 1184 hac

558 1233 668 1285 vita
692 1246 940 1286 errorum
970 1227 1222 1283 tenebras
1247 1237 1298 1279 et
1331 1236 1538 1280 noctem
1576 1223 1894 1293 ignorantia:
1927 1222 2128 1276 dilexe-

560 1333 720 1390 runt,
744 1323 994 1377 obscuris
1020 1329 1076 1375 et
1110 1320 1264 1374 tetris
1297 1327 1417 1386 post
1447 1315 1902 1371 resurrectionem
1939 1327 2129 1382 corpo-

563 1415 714 1470 ribus
780 1415 1143 1472 induantnrzt
1203 1420 1258 1465 et
1307 1411 1403 1463 lio.
1466 1425 1548 1474 ιιι,
1600 1425 1720 1474 cap.
1760 1408 1813 1473 6,
1863 1423 2009 1460 num.
2057 1407 2126 1460 ιε

564 1526 585 1558 ε
621 1505 734 1561 Νοη
793 1517 972 1559 autem
1030 1503 1386 1558 dubitandum
1442 1511 1526 1555 est
1577 1510 1823 1554 naturam
1887 1499 2130 1567 corporis

561 1593 722 1663 hujus
765 1594 978 1656 nostri,
1029 1591 1311 1646 voluntate
1350 1588 1444 1643 Dei
1491 1587 1584 1656 qui
1615 1588 1776 1642 talem
1804 1586 1936 1641 fecit
1987 1600 2128 1649 eam,

563 1701 735 1754 usque
768 1685 833 1738 ad
865 1684 1011 1738 illam
1039 1681 1357 1751 qualitatem
1379 1677 1745 1742 subtilissimi,
1777 1684 1832 1730 et
1857 1675 2130 1746 purissimi

564 1791 629 1831 ac
655 1775 994 1845 Splendidissi
1005 1774 1072 1827 mi
1107 1773 1350 1841 corporis
1374 1785 1532 1839 posse
1563 1785 1591 1822 a
1615 1769 1873 1824 Creatore
1889 1767 2130 1836 perduci,

563 1877 726 1936 prout
755 1882 936 1920 rerttm
969 1873 1169 1926 status,
1190 1863 1501 1928 vocaverit,
1529 1871 1584 1915 et
1613 1861 1866 1914 meritum
1895 1859 2133 1914 rationa-

564 1958 689 2012 bilis
729 1969 933 2013 nalurae
980 1959 1318 2028 poposcerit;
1347 1976 1364 2008 ι
1400 1966 1456 2012 et
1513 1969 1640 2009 mox
1701 1970 1851 2008 num.
1877 1954 1911 2008 6
1955 1972 1968 2008 :
2007 1971 2026 2006 ι
2056 1953 2131 2007 Ita

565 2051 729 2103 etiam
757 2051 825 2104 de
850 2061 1040 2104 natura
1075 2052 1318 2120 corporis
1341 2049 1681 2104 sentiendum
1707 2056 1819 2108 est,
1848 2049 1989 2115 quod
2023 2061 2130 2099 non

564 2141 707 2195 aliud
734 2157 932 2211 corpus
964 2151 1069 2205 est,
1109 2157 1219 2210 quo
1249 2157 1392 2197 nunc
1451 2142 1504 2194 in
1562 2143 1929 2212 ignobilitate,
1982 2151 2039 2200 et
2078 2143 2129 2197 in

562 2233 913 2301 corruptione
959 2242 1016 2286 ct
1062 2233 1378 2288 infirmitate
1433 2235 1674 2296 utimur;
1728 2245 1781 2289 et
1831 2235 1975 2289 aliud
2029 2235 2135 2290 erit

563 2327 692 2381 illud
725 2342 832 2396 quo
862 2327 913 2380 in
945 2325 1356 2394 incorruptione
1387 2335 1441 2379 et
1489 2327 1541 2379 in
1580 2328 1780 2380 virtute
1797 2337 1853 2382 et
1879 2327 1930 2381 in
1961 2327 2128 2398 gloria

561 2426 815 2471 utemur:
848 2417 938 2471 sed
1000 2419 1100 2472 hoc
1141 2419 1280 2472 idem
1339 2419 1561 2487 abjectis
1620 2420 2024 2475 infirmitatibus
2077 2422 2130 2474 in

560 2511 755 2578 quibus
789 2528 928 2566 nunc
947 2522 1053 2576 est,
1087 2513 1138 2565 in
1164 2512 1387 2582 gloriam
1423 2513 1879 2569 transmutabitur
1910 2514 2131 2583 spirita-

563 2602 613 2656 ie
663 2601 932 2667 eﬂ‘ectum,
957 2613 1014 2656 ut
1034 2603 1175 2672 quod
1209 2603 1654 2673 fuitindignitatis
1675 2620 1789 2669 vas,
1820 2604 1924 2659 hoc
1949 2606 2122 2674 ipsum

561 2710 918 2770 expurgatum
957 2699 1049 2755 ﬁat
1076 2717 1170 2755 vas
1203 2702 1425 2756 honoris
1451 2745 1464 2766 ,
1511 2713 1566 2758 et
1593 2704 1945 2760 beatitudinis
1975 2704 2132 2759 habi-

563 2791 886 2852 taculumn
947 2792 1139 2846 deinde
1187 2794 1429 2847 ostendit
1470 2810 1572 2848 non
1625 2793 1780 2848 nobis
1824 2810 1888 2849 ex
1943 2796 2133 2864 quinto

563 2881 654 2935 illo
686 2881 1126 2952 pbiiosophorum
1160 2879 1388 2954 corpore
1417 2887 1595 2938 fictum
1619 2885 1682 2938 iri
1715 2901 1743 2939 a
1772 2885 1881 2941 Deo
1914 2901 2130 2957 corpus,

563 2990 730 3029 tcum
776 2977 1063 3031 manifeste
1111 2976 1332 3030 definiat
1381 2987 1600 3032 sanctus
1644 2978 1954 3046 Apostolus,
2005 2980 2130 3048 quia

560 3082 668 3122 non
706 3083 840 3122 nova
881 3068 1061 3134 aliqua
1108 3083 1334 3136 c0rpora
1375 3067 1784 3138 resurgentibns
1827 3083 1855 3121 a
1907 3069 2131 3123 mortuis

559 3159 772 3222 dentur,
806 3160 898 3215 sed
933 3161 1046 3214 hmc
1078 3161 1189 3229 ipsa
1239 3174 1356 3227 quae

559 3250 921 3306 deterioribus
979 3253 1029 3305 in
1093 3251 1288 3305 melius
1347 3251 1733 3305 transformata
1795 3252 2121 3318 recipiant.»

561 3340 802 3403 Denique
829 3341 966 3395 libro
995 3340 1168 3410 primo
1201 3341 1276 3395 De
1306 3341 1686 3395 resurrectione
1707 3379 1726 3403 ,
1767 3350 1826 3394 ut
1863 3349 1948 3394 est
1991 3341 2128 3410 apud

565 3431 902 3494 Pamphilum
934 3434 984 3485 iu
1011 3434 1290 3502 Apologia,
1323 3433 1617 3486 absurdum
1656 3441 1712 3486 et
1747 3433 1987 3501 iniquum
2015 3431 2130 3486 fore

561 3524 656 3586 ait,
693 3525 736 3578 si
783 3539 878 3577 sua
921 3525 1170 3578 mercede
1222 3523 1499 3578 fraudetur
1555 3539 1774 3592 corpus,
1829 3525 1968 3592 quod
2006 3539 2126 3577 cum

562 3618 744 3672 anima
780 3617 994 3672 fortiter
1025 3617 1352 3681 decertavit;
1384 3631 1444 3671 ea
1473 3625 1649 3670 autem
1674 3616 1944 3684 privatum
1977 3617 2039 3670 iri
2075 3617 2126 3670 ni

564 3717 831 3775 resurgat.
890 3706 1039 3762 llanc
1087 3707 1332 3777 corporis
1379 3707 1775 3777 reparationem
1829 3707 1882 3760 in
1939 3707 2128 3761 melius

563 3800 853 3867 cogitabat,
892 3799 945 3852 ni
981 3799 1153 3860 fallor,
1197 3798 1395 3868 Glycas
1449 3815 1570 3852 cum
1617 3798 1893 3866 opinatum
1941 3799 2129 3851 scribit

561 3889 846 3962 Origenem
881 3891 949 3943 τὰ
980 3889 1204 3960 σώματα
1241 3891 1396 3960 ἡμῶν
1428 3890 1500 3961 μὴ
1533 3889 1847 3944 ἀνίστασθαι
1873 3888 2041 3943 ταῦτα
2071 3892 2127 3942 ὲν

562 3985 628 4056 τῇ
661 3983 990 4037 ἀναστάσει·
1025 3998 1142 4052 quae
1166 3985 1329 4035 verba
1375 3984 1570 4050 repetit
1607 3981 1882 4037 Cedrenus
1907 3987 1974 4036 de
2003 3982 2129 4037 Ori-

561 4073 785 4143 genistis
819 4073 1044 4142 loquens
1075 4073 1126 4126 in
1155 4073 1345 4143 quinto
1374 4074 1608 4129 concilio
1633 4075 1920 4130 damnatis.

629 4183 934 4253 Aliquando
949 4196 1086 4236 .vero
1119 4197 1182 4236 ne
1213 4183 1352 4238 idem
1378 4184 1597 4253 quidem
1631 4199 1829 4254 corpus
1868 4186 1920 4239 iu
1963 4187 2124 4240 vitam

561 4279 858 4331 rediturum
881 4277 1030 4330 visus
1059 4284 1137 4330 est
1171 4275 1478 4330 tradidisse.
1511 4275 1607 4329 His
1640 4277 1888 4332 videlicet
1908 4292 2126 4344 persua-

559 4384 654 4422 sus
680 4367 920 4435 Apostoli
953 4365 971 4418 Ι
999 4367 1122 4420 Cor.
1156 4381 1245 4430 xv,
1271 4364 1440 4421 42-44
1472 4383 1486 4420 :
1523 4385 1540 4418 ι
1571 4366 1883 4421 Seminatur
1921 4369 1974 4422 in
2003 4384 2126 4422 cor-

557 4461 841 4528 ruptione,
895 4459 1067 4529 surgit
1125 4459 1177 4510 in
1233 4457 1665 4527 incorruptione;
1721 4460 2018 4514 seminatur
2072 4461 2122 4514 in

2233 569 2420 638 Ἦμεῖς
2457 566 2552 636 μὲν
2569 560 2661 616 οὖν
2685 561 2745 614 οὗ
2784 577 2960 630 φαμεν
2993 557 3052 609 τὸ
3078 554 3367 624 διαφθαρὲν
3387 551 3544 620 σῶμα
3569 546 3795 638 ἐπανερ-

2222 637 2407 724 χεσΟαι
2440 653 2518 715 εἰς
2557 650 2651 722 τὴν
2685 650 2742 714 ἐξ
2771 647 2942 719 ἀρχῆς
2974 644 3156 714 φύσιν,
3181 644 3256 706 ὡς
3295 641 3415 694 οὐδὲ
3457 641 3546 692 τὸν
3574 637 3797 705 διαφθαιι

2225 745 2383 816 ρέντα
2410 743 2606 796 κόκκον
2635 740 2726 793 τοῦ
2760 739 2905 791 σίτου
2937 732 3331 805 ἐπανέρχεσθαι
3368 733 3447 793 εἰς
3479 729 3570 782 τὸν
3599 727 3797 781 κόκκον

2223 835 2315 890 τοῦ
2350 835 2494 888 σίτου
2525 850 2537 863 ⁸
2567 833 2795 901 λέγομεν
2840 826 3175 900 γὰρ-ὧσπερ
3203 824 3293 876 ἐπὶ
3329 822 3422 874 τοῦ
3467 819 3662 873 κόκκου
3703 816 3796 870 τοῦ

2227 928 2374 981 σίτου
2413 926 2682 996 ἐγείρεται
2732 922 2954 992 στάχυς,
2986 919 3126 973 οὕτω
3161 917 3314 984 λόγος
3340 933 3423 979 τις
3457 914 3697 983 ἔγκειται
3723 912 3798 984 τῷ

2228 1018 2459 1088 σώματι,
2504 1017 2595 1084 ἀφ’
2629 1009 2689 1069 οὗ
2736 1014 2810 1085 μὴ
2846 1012 3198 1084 φθειρομένου
3239 1009 3508 1080 ἐγείρεται
3541 1005 3602 1059 τὸ
3643 1006 3801 1075 σῶμα

2227 1109 2283 1160 ὲν
2311 1105 2588 1177 ἀφθαρσίᾳ
2617 1121 2630 1134 ·
2659 1116 2716 1158 et
2759 1106 2914 1174 paulo
2962 1103 3231 1171 superius,
3275 1116 3421 1154 num.
3461 1100 3569 1153 22:
3614 1099 3802 1168 Ἡμεῖς

2226 1200 2283 1252 δὲ
2330 1199 2638 1271 πειθόμενοι
2699 1198 2780 1251 ὅτι
2827 1196 2887 1250 τὸ
2936 1195 3286 1266 σπειρόμενον
3335 1194 3394 1246 οὐ
3440 1193 3800 1257 ζωοποιεῖται,

2229 1293 2322 1348 ἐὰν
2377 1293 2450 1364 μὴ
2489 1291 2736 1361 ἀποθάνῃ
2763 1308 2774 1320 ·
2805 1291 2896 1343 καὶ
2946 1290 3027 1342 ὅτι
3057 1290 3117 1341 οὐ
3147 1288 3205 1342 τὸ
3234 1288 3597 1357 γενησόμενον
3645 1285 3804 1354 σῶμα

2233 1384 2555 1454 σπείρεται·
2587 1385 2615 1436 ὁ
2642 1382 2750 1453 γὰρ
2794 1381 2925 1444 Θεὸς
2974 1379 3122 1449 αὐτῷ
3169 1379 3348 1432 δίδωσι
3399 1378 3578 1448 σῶμα,
3624 1374 3804 1438 καθὼς

2231 1476 2480 1546 ἠθέλησε,
2509 1484 2616 1529 etc.
2645 1473 2851 1527 Similia
2880 1472 3128 1542 leguntur
3154 1471 3291 1525 libro
3323 1487 3358 1524 ll
3413 1469 3551 1538 Περὶ
3579 1469 3801 1538 ἀρχῶν,

2233 1582 2356 1635 cap.
2385 1568 2472 1634 10,
2499 1581 2647 1622 num.
2687 1569 2740 1621 5.
2773 1566 2889 1630 Quo
2921 1564 3038 1617 loco
3063 1573 3226 1632 atque
3259 1563 3383 1616 item
3417 1561 3510 1614 lib.
3545 1577 3583 1615 ll
3615 1560 3689 1614 De
3726 1577 3805 1614 re-

2232 1659 2580 1721 surrectione,
2619 1677 2638 1708 t
2666 1655 2990 1711 substantiae
3019 1655 3284 1707 rationem
3316 1671 3334 1703 ι
3363 1653 3600 1723 appellat
3626 1667 3808 1707 resur-

2233 1750 2494 1804 rectionis
2521 1764 2762 1819 germen,
2801 1762 2908 1815 quo
2943 1760 3169 1814 corpora
3197 1745 3496 1813 reparanda
3527 1745 3803 1810 censebat,

2164 1831 2204 1884 Β
2233 1852 2394 1906 quam
2433 1852 2462 1890 a
2487 1835 2832 1891 scholasticis
2879 1852 2897 1885 ι
2928 1832 3286 1888 substantiam
3333 1832 3622 1887 radicalem
3647 1851 3665 1882 ι
3700 1833 3804 1886 dici

2238 1937 2385 1982 recte
2416 1925 2694 1980 adnotavit
2725 1922 3146 1990 Genebrardus;
3181 1923 3304 1977 licet
3335 1923 3440 1976 alio
3483 1924 3696 1992 penitus
3745 1937 3808 1976 ac

2232 2019 2447 2073 diverso
2479 2017 2639 2072 modo
2671 2015 2883 2070 effectio
2920 2014 3036 2082 ejus
3072 2029 3134 2070 ac
3182 2014 3354 2068 virtus
3383 2012 3450 2067 ab
3496 2013 3684 2068 iisdem
3724 2013 3806 2066 in-

2233 2110 2526 2180 telligatur.
2570 2109 2761 2178 Itaque
2804 2106 3119 2161 Gennadius
3171 2105 3267 2159 lib.
3323 2103 3398 2158 De
3456 2105 3804 2174 dogmatibus,

2233 2217 2351 2270 cap.
2385 2200 2439 2264 6,
2465 2199 2545 2255 sic
2571 2200 2811 2268 disputat
2843 2216 2856 2251 :
2893 2216 2910 2248 t
2941 2198 3007 2252 Et
3039 2213 3142 2250 non
3192 2198 3485 2250 secundum
3523 2195 3806 2265 Origenem

2232 2293 2533 2350 immutatio
2565 2307 2847 2360 corporum
2885 2291 3009 2354 erit,
3053 2290 3106 2343 id
3135 2299 3218 2344 est
3247 2289 3392 2342 aliud
3459 2305 3653 2341 novum
3687 2305 3806 2343 cor-

2231 2399 2329 2454 pus
2360 2398 2458 2451 pro
2501 2395 2702 2447 carne;
2755 2381 2849 2435 sed
2886 2379 3072 2434 eadem
3122 2394 3252 2432 caro
3297 2377 3662 2445 corruptibilis
3691 2393 3807 2445 quae

2231 2475 2392 2539 cadit,
2429 2484 2533 2527 tam
2552 2472 2820 2540 jnstorutn
2851 2485 3012 2540 quam
3044 2468 3368 2538 injustorum
3395 2509 3410 2536 ,
3475 2468 3805 2537 incorrupti-

2231 2567 2352 2621 bilis
2382 2572 2644 2632 resurget.
2689 2583 2708 2613 ι

2300 2657 2557 2723 Quamvis
2587 2665 2765 2709 autem
2812 2653 2954 2708 aliud
2999 2637 3336 2722 proditurum
3380 2667 3615 2720 corpus,
3672 2660 3722 2703 et
3775 2665 3804 2702 a

2231 2749 2408 2819 priore
2443 2748 2714 2802 diversum
2755 2745 2972 2800 ﬁnxerit
3019 2744 3122 2798 sibi
3166 2744 3527 2797 Adamantius
3555 2785 3569 2806 ,
3616 2743 3804 2798 iisdem

2233 2848 2412 2891 tamen
2445 2837 2608 2902 notis,
2639 2839 2827 2890 eadem
2858 2835 3032 2888 forma
3068 2835 3279 2902 insigne
3307 2834 3546 2888 futurum
3574 2835 3806 2889 aflirmat

2230 2929 2285 2983 in
2316 2929 2706 2983 Commentario
2742 2930 2811 2982 ad
2854 2929 3043 2998 psalm.
3074 2944 3113 2994 I,
3160 2942 3283 2997 pag.
3323 2927 3449 2992 55$,
3483 2927 3609 2991 555,
3647 2943 3804 2997 quem

2230 3021 2681 3075 commentarium
2715 3021 2768 3073 in
2794 3022 3066 3089 epitomen
3095 3034 3124 3072 a
3171 3019 3443 3073 Methodio
3469 3029 3806 3074 contractum

2231 3120 2583 3180 reprazsentat
2609 3112 2942 3181 Epiphanius
2979 3112 3167 3165 haeres.
3200 3128 3344 3174 ωιιν,
3368 3127 3489 3178 cap.
3514 3113 3580 3166 12
3609 3121 3662 3166 et
3688 3128 3803 3182 seq.

1399 3160 1641 3214 viventes
1685 3160 1985 3214 habuerant
2057 3175 2123 3213 ex
2233 3160 2581 3180 ’⁷τ’”“““’“
2610 3160 2938 3214 ’¹’τ““’ζ’“ζ”
3375 3160 3488 3178 """
3519 3160 3591 3214 ““.
3613 3160 3661 3166 ’⁷
3688 3160 3803 3182 ”“¹’

1403 3251 1727 3272 ,μ,,μ-““-
1795 3199 2050 3272 __‘,_,__’__
2102 3269 2114 3272 Α
2154 3189 2198 3249 C
2231 3202 2279 3256 Is
2301 3217 2430 3271 ergo
2461 3217 2582 3271 cap.
2634 3203 2701 3256 M
2741 3202 2934 3257 scribit
2979 3217 3210 3270 corpora
3255 3218 3374 3272 qua:
3402 3218 3496 3272 per
3524 3203 3808 3257 alimento-

2229 3309 2346 3347 rum
2378 3293 2775 3363 susceptionem
2804 3293 2972 3346 vitam
3007 3292 3260 3358 tolerant,
3314 3309 3587 3363 nunquam
3617 3295 3805 3349 eadem

2231 3397 2542 3446 remanere,
2581 3383 2673 3436 sed
2707 3397 2802 3450 per
2853 3382 3096 3436 ciborum
3139 3396 3290 3436 esum
3341 3393 3394 3436 et
3442 3384 3806 3437 excretionem

2228 3471 2372 3526 fluvii
2427 3472 2638 3535 instar,
2700 3482 2963 3541 perpetuo
3024 3471 3191 3526 fluere
3241 3483 3296 3527 et
3355 3475 3804 3529 mutarizeadem

2231 3571 2406 3618 tamen
2449 3578 2666 3617 manere
2704 3579 2932 3632 corpora
2967 3565 3104 3626 hate,
3154 3579 3260 3617 non
3292 3565 3501 3620 ratione
3548 3566 3809 3620 duntaxat

2229 3653 2443 3719 animae,
2469 3670 2588 3723 qua:
2609 3655 2795 3709 eadem
2821 3670 3037 3724 semper
3063 3664 3147 3710 est
3171 3675 3184 3716 ;
3222 3655 3314 3709 sed
3351 3665 3570 3724 propter
3590 3671 3806 3710 earum-

2231 3747 2351 3799 dem
2389 3747 2549 3800 etiam
2585 3744 2883 3799 formarum
2910 3784 2924 3806 ,
2958 3760 3078 3814 qua:
3129 3761 3415 3814 c0rporum
3476 3746 3806 3816 singulorum

2231 3846 2368 3890 nota:
2398 3837 2643 3901 quaedam
2693 3837 2926 3906 preprize
2954 3847 3078 3891 sunt
3107 3852 3168 3892 ac
3197 3839 3543 3892 characteres
3573 3882 3588 3903 ,
3627 3854 3806 3907 perse-

2228 3927 2547 3990 verantiam,
2597 3927 2742 3981 unde
2800 3926 3086 3993 lentigines
3119 3967 3134 3992 ,
3178 3928 3489 3992 cicatrices,
3541 3944 3680 3983 nam
3736 3931 3804 3983 ad

2230 4027 2458 4071 mortem
2515 4032 2686 4084 usque
2737 4017 3053 4086 corporibus
3111 4018 3426 4084 adhaerent;
3499 4019 3552 4072 in
3621 4034 3804 4073 resur-

2228 4105 2467 4160 rectione
2519 4105 2686 4176 igitur
2729 4107 2927 4159 anima:
2967 4107 3304 4175 circumponi
3348 4107 3578 4162 formam
3619 4108 3805 4173 'illam,

2226 4208 2330 4264 qua
2360 4192 2555 4248 Petrus
2599 4195 2748 4246 verbi
2797 4195 2968 4264 gratia
3013 4195 3380 4257 constituitur,
3428 4197 3640 4250 diversa
3665 4197 3807 4253 'licet

2230 4285 2456 4338 materia
2486 4286 2577 4351 sit,
2625 4301 2689 4339 ac
2729 4285 2999 4340 diversum
3049 4301 3286 4356 corpus;
3343 4287 3552 4342 animas
3609 4290 3806 4358 quippe

2232 4377 2394 4431 variis
2455 4392 2552 4446 pro
2609 4377 2847 4431 locorum
2895 4378 3157 4432 varietate
3216 4379 3290 4432 ιιιί
3342 4380 3694 4447 corporibus;
3751 4392 3807 4436 et

2229 4468 2681 4535 quemadmodum
2712 4469 2855 4521 aliud
2906 4484 3130 4522 necesse
3177 4467 3319 4522 foret
3353 4469 3534 4523 subire
3584 4485 3800 4538 corpus,

559 4551 914 4620 ignobilitate,
943 4550 1113 4619 surgit
1152 4550 1205 4604 in
1241 4551 1449 4622 gloria;
1484 4551 1780 4606 seminatur
1808 4552 1859 4606 in
1895 4552 2121 4606 infirmi-
2156 4537 2198 4592 D
2229 4558 2271 4612 si
2302 4559 2352 4612 in
2380 4559 2535 4626 aquis
2566 4559 2757 4612 victuri
2795 4574 3059 4624 essemus,
3105 4559 3175 4612 ita
3210 4559 3364 4614 nobis
3391 4559 3557 4613 vitam
3603 4563 3804 4616 acturis

557 4652 688 4708 tate,
720 4644 896 4712 surgit
925 4643 977 4696 in
1008 4645 1206 4697 virtute
1233 4661 1248 4710 ;
1287 4644 1588 4700 seminatur
1615 4658 1813 4712 corpus
1851 4645 2118 4710 animale,

558 4737 730 4805 surgit
794 4751 992 4804 corpus
1056 4735 1365 4805 spiritale,»
1431 4750 1630 4804 corpus
1687 4746 2118 4792 resurrecturum

554 4827 770 4895 quidem
799 4828 1150 4893 existimavit,
1197 4827 1291 4882 sed
1329 4829 1671 4882 immutatum
1721 4839 1934 4894 natura,
1989 4840 2044 4883 et
2092 4845 2120 4883 a

555 4920 741 4988 priore
771 4920 1066 4984 diversum,
1103 4936 1168 4976 ac
1202 4920 1355 4990 plane
1380 4919 1559 4985 aliud;
1597 4921 2052 4989 quemadmodum
2089 4937 2119 4975 e

554 5026 724 5079 grano
767 5011 933 5066 tritici
967 5013 1117 5081 spica
1156 5015 1328 5084 surgit
1379 5030 1408 5067 a
1449 5027 1622 5085 grano
1672 5013 1921 5078 diversa;
1979 5015 2121 5082 quod

551 5104 864 5158 confirmari
885 5113 1031 5173 puta|
1049 5105 1164 5158 isto
1183 5119 1212 5159 e
1235 5106 1412 5168 priore
1434 5105 1499 5158 ad
1525 5105 1772 5159 Corinth.
1803 5120 1892 5171 xv,
1921 5104 2120 5159 56-38:

559 5213 578 5244 ι
608 5195 891 5264 lnsipiens,
929 5204 982 5249 tu
1027 5197 1171 5265 quod
1211 5197 1450 5250 seminas
1493 5211 1597 5250 non
1651 5195 1979 5261 vivificatur,
2021 5197 2122 5250 nisi

557 5287 707 5352 prius
732 5288 1016 5341 moriatur.
1051 5287 1116 5340 Et
1149 5289 1291 5357 quod
1319 5288 1578 5353 seminas,
1611 5303 1715 5341 non
1755 5303 1954 5356 corpus
1983 5289 2124 5355 quod

558 5377 795 5431 futurum
823 5387 907 5433 est
936 5381 1198 5445 seminas,
1240 5381 1334 5434 sed
1366 5378 1568 5433 nudum
1600 5394 1852 5448 granum,
1884 5388 1941 5431 ut
1974 5387 2121 5446 puta,

558 5470 840 5525 triticiaut
883 5471 1111 5539 alicujus
1138 5482 1479 5527 etcterorum.
1533 5471 1676 5525 Deus
1721 5481 1899 5524 autem
1929 5472 2018 5524 dat
2048 5470 2122 5524 illi

559 5573 758 5628 cor-pus
775 5562 914 5616 sicut
939 5563 1132 5622 voluit,
1157 5573 1209 5616 et
1237 5564 1528 5631 unicuique
1554 5563 1819 5616 seminum
1848 5561 2122 5629 proprimn

561 5665 776 5719 corpus.
809 5670 827 5704 ι
863 5652 1014 5706 Unde
1049 5653 1144 5708 lib.
1191 5669 1221 5705 v
1250 5666 1437 5708 contra
1468 5653 1784 5716 Cels.,num.
1811 5651 1899 5716 22,
1917 5661 2128 5706 mortuo

564 5743 774 5810 corpori
813 5745 958 5799 velut
1008 5760 1192 5799 semen
1245 5743 1407 5798 futuri
1459 5747 1700 5813 corporis
1753 5747 1930 5798 inesse
1977 5741 2127 5807 dicit,

573 5833 890 5911 hominique
931 5851 958 5888 e
986 5834 1212 5889 mortuis
1244 5836 1538 5903 resurgenti
1576 5850 1770 5904 corpus
1803 5850 1902 5905 pro
1951 5833 2132 5888 divino

2227 4651 2277 4703 in
2312 4650 2467 4716 cmlo,
2510 4650 2764 4718 spiritalia
2832 4651 3173 4704 necessario’
3209 4666 3432 4720 corpora
3493 4666 3614 4706 esse
3667 4655 3804 4706 asci-

2225 4743 2456 4809 scenda;
2496 4742 2588 4795 sed
2626 4751 2831 4795 mutato
2886 4741 3014 4795 licet
3051 4756 3302 4809 corpore,
3345 4743 3586 4796 eamdem
3623 4752 3801 4797 tamen

2227 4833 2536 4902 neutiquam
2561 4831 2887 4885 exstinctum
2917 4831 2980 4884 iri
3005 4833 3238 4900 speciem
3266 4847 3328 4886 ac
3348 4832 3595 4900 formam,
3615 4849 3806 4903 quem-

2225 4925 2509 4979 admodum
2564 4921 2742 4985 Jesus,
2797 4922 2969 4976 Moses
3023 4939 3086 4977 ac
3156 4924 3299 4978 Elias
3350 4925 3400 4978 in
3453 4925 3805 4978 transforma-

2232 5019 2377 5072 tione
2407 5030 2528 5071 sese
2567 5019 2754 5070 cadent
2804 5015 3173 5084 agnoscendos
3220 5016 3397 5084 specie
3439 5015 3801 5084 prtebuerunt.

2234 5109 2500 5176 Explanat
2528 5109 2758 5176 idipsum
2801 5107 3029 5160 subinde
3057 5105 3360 5162 Methodins
3407 5123 3528 5176 cap.
3582 5107 3684 5172 58,
3738 5123 3804 5161 ac

2229 5215 2348 5251 eam
2379 5213 2591 5265 quoque
2619 5196 2870 5267 Origenis
2912 5196 3346 5251 dissertationem
3398 5198 3449 5250 in
3490 5198 3800 5267 Apologiam

2231 5305 2383 5344 suam
2410 5289 2721 5357 Pamphilus
2751 5289 2985 5342 infersit.
3013 5289 3326 5343 Eustathius
3351 5290 3718 5343 Antiochenus
3745 5289 3798 5342 in

2237 5384 2378 5436 libro
2404 5381 2480 5434 De
2509 5379 2943 5450 Engastrimytho
2977 5391 3164 5433 narrat
3207 5380 3491 5450 Origenem
3540 5381 3677 5433 male
3735 5383 3802 5433 de

2233 5473 2633 5527 resurrectione
2662 5472 2987 5526 sententiam
3025 5471 3240 5525 abunde
3263 5470 3590 5536 aMethodio
3630 5471 3802 5526 fuisse

2233 5561 2594 5624 confutatum,
2626 5562 2692 5615 ab
2724 5577 2894 5629 eoque
2919 5571 3106 5630 aperte
3151 5563 3574 5616 demonstratum
3609 5578 3798 5617 ansam

2235 5654 2359 5709 inde
2412 5653 2676 5708 haereticis
2720 5653 3018 5721 praebitam,
3073 5666 3172 5704 cur
3222 5651 3398 5718 specie
3449 5651 3643 5714 solum,
3690 5667 3799 5705 non

2238 5758 2464 5814 corpore
2491 5743 2607 5812 ipso
2637 5744 2879 5796 homines
2909 5741 3035 5796 olim
3078 5740 3192 5794 fore
3233 5741 3570 5794 suseitandos
3607 5739 3799 5807 opina-

2242 5846 2447 5894 rentur.
2473 5834 2730 5893 Notabilis
2760 5851 2884 5889 vero
2908 5844 2991 5889 est
3023 5833 3221 5889 Niceta:
3248 5833 3551 5889 Acominatt
3577 5848 3801 5889 accusa-
