4170 6426
405 393 510 452 989

1218 398 1794 459 ORIGENIANORUM
1837 403 1962 460 LIB.
2004 403 2066 466 11,
2107 402 2257 457 CAP.
2302 401 2364 468 ll,
2404 400 2677 469 QUEST.
2720 401 2811 458 IX.

3531 403 3634 458 990

403 511 482 563 tio
508 509 601 566 l-ib.
635 526 690 566 tv
720 511 873 568 Thes.
916 514 1123 566 orlhod.
1158 514 1274 578 ﬁd.,
1321 517 1514 572 haeres.
1543 536 1694 586 χχχι,
1724 537 1826 590 qua
1855 520 1976 577 Ori-
2006 525 2050 581 Α
2081 521 2248 586 nitur,
2289 534 2390 574 nec
2423 522 2658 588 pondere
2703 525 3092 588 prmgravatttr.
3125 527 3178 572 et
3227 533 3322 584 pro
3370 517 3631 581 locormn,

405 601 558 668 genis
602 606 921 657 sententiam
972 607 1054 658 his
1089 606 1310 673 exponit
1355 609 1554 674 verbis,
1611 611 1764 681 juxta
1822 613 1969 671 Petri

406 691 607 746 Morelli
647 693 1137 764 interpretationem
1169 714 1182 750 :
1222 714 1239 746 ι
1272 696 1479 768 Corpus
1507 703 1607 756 hoc
1624 703 1972 772 quoinvolvi-

405 799 545 844 mur,
594 785 1002 839 resurrectionis
1059 786 1200 840 illius
1251 791 1337 843 die
1391 807 1495 845 non
1543 804 1807 864 resurget,
1859 797 1954 851 sed

407 871 640 925 humana
669 882 873 928 tantum
900 875 1094 940 forma,
1124 891 1232 945 qua
1270 876 1467 934 Paulus
1493 880 1629 936 forte
1656 883 1738 936 vel
1780 883 1970 940 Petrus

409 961 781 1034 dignoscitur;
848 974 1008 1034 atque
1075 969 1210 1022 adeo
1276 971 1582 1026 extrinseca
1653 973 1742 1027 illa
1798 975 1966 1044 figura

409 1061 676 1123 resurget,
719 1071 839 1123 qtue
865 1056 964 1110 sub
1008 1056 1181 1112 forma
1211 1075 1424 1130 quoque
1473 1065 1980 1133 comprehenditur.

410 1147 578 1201 Porro
607 1145 904 1214 subjectum
939 1149 1136 1218 ipsum,
1164 1152 1275 1207 sive
1308 1168 1525 1223 corpus,
1556 1156 1964 1225 haudquaquam

408 1239 550 1291 idem
604 1239 885 1293 manebit:
923 1239 1233 1297 Seminamr
1270 1246 1413 1299 enim
1465 1262 1651 1316 corpus
1697 1249 1961 1314 animale,

403 1327 576 1396 inquit
603 1329 889 1398 Apostolus
917 1332 984 1398 ¹⁷,
1020 1349 1206 1402 corpus
1229 1337 1503 1404 spirituale
1535 1340 1774 1408 resurgit.
1825 1339 1965 1405 Qua-

401 1424 624 1484 propter
679 1433 904 1474 necesse
955 1430 1061 1486 est,
1123 1432 1183 1477 ut
1241 1427 1690 1481 resurrectionem
1744 1431 1796 1483 in
1849 1432 1961 1485 sola

404 1506 579 1562 forma
612 1507 846 1563 futuram
891 1526 1206 1581 speremus;
1258 1515 1312 1569 in
1374 1518 1617 1588 subjecto
1675 1534 1807 1575 vero
1854 1537 1961 1576 non

401 1599 550 1653 item.
582 1618 601 1652 ι
645 1602 809 1656 Addit
855 1603 1047 1659 deinde
1097 1605 1316 1661 Nicelas
1342 1611 1668 1665 sententiam
1696 1626 1848 1666 suam
1893 1615 1961 1670 de

400 1693 844 1748 resurrectionea
878 1695 1170 1754 Platonicis
1197 1697 1480 1770 Origenem
1512 1705 1819 1774 accepisse;
1851 1717 1962 1760 tra-

399 1781 526 1836 dere
554 1793 732 1838 autem
763 1785 885 1840 illos
915 1788 1107 1856 duplex
1150 1789 1274 1845 idoli
1312 1807 1480 1861 genus
1513 1795 1706 1850 animat
1748 1799 1960 1852 unicui-

2075 611 2128 665 in
2168 611 2364 680 quibus
2395 609 2630 664 futurum
2661 618 2764 673 est,
2796 611 3059 664 varietate
3094 607 3404 662 mutabitur.
3432 628 3451 660 ι
3493 608 3630 662 Tum

2071 701 2174 755 sibi
2209 699 2410 754 Christi
2439 698 2886 753 resurrectionem
2917 699 3160 767 apponit,
3207 706 3262 750 et
3309 697 3628 752 suscitatnm

2069 789 2184 858 ejus
2240 804 2455 858 corpus,
2509 800 2684 853 Stans,
2727 788 3036 853 ambulans,
3093 786 3281 851 latere,
3342 787 3628 852 manibus,

2068 881 2342 944 carnibus,
2374 880 2586 936 ossibus
2617 879 2938 934 iustructmu
2971 895 2987 931 :
3020 880 3112 935 sed
3144 880 3246 932 alia
3277 879 3479 933 virtute
3509 878 3628 948 pol-

2067 972 2178 1026 lere
2206 987 2399 1042 corpus
2429 972 2735 1041 respondet,
2761 972 2903 1041 quod
2926 973 2992 1024 de
3024 971 3124 1025 viri
3166 973 3370 1025 semine
3395 987 3626 1026 concre-

2067 1070 2179 1115 tum
2214 1077 2319 1114 non
2356 1069 2460 1125 est,
2510 1075 2574 1114 ac
2624 1067 2809 1115 nostra
2841 1075 3106 1131 corpora;
3159 1069 3212 1114 et
3265 1060 3370 1115 tale
3423 1061 3632 1116 idcirco

2065 1152 2380 1220 apparuisse
2429 1149 2630 1204 Christi
2671 1164 2886 1218 corpus,
2933 1167 2952 1201 ι
3008 1159 3066 1202 ut
3103 1149 3470 1204 dubitantibus
3502 1163 3631 1218 apo-

2063 1244 2220 1300 stolis
2247 1243 2404 1297 (idem
2436 1241 2636 1297 faceret
2662 1243 3104 1306 resurrectionis;
3147 1261 3164 1294 ι
3193 1257 3406 1296 aereum
3451 1251 3628 1295 tamen

2063 1341 2116 1386 et
2148 1331 2428 1399 spirituale
2460 1332 2648 1395 fuisse,
2677 1341 2736 1386 ut
2760 1334 2901 1401 quod
2930 1331 3129 1387 clausis
3153 1333 3309 1386 ostiis
3330 1331 3627 1401 ingressum

2063 1425 2152 1489 sit,
2185 1433 2236 1476 et
2265 1423 2318 1476 in
2349 1422 2610 1477 fractione
2632 1424 2783 1490 panis
2815 1439 2882 1477 ex
2919 1423 3090 1477 oculis
3124 1424 3422 1476 evanuerit.
3457 1422 3626 1489 Quam

2062 1514 2492 1582 responsionem,
2531 1529 2600 1568 ac
2640 1514 2899 1580 reliquam
2943 1515 3068 1568 item
3115 1514 3363 1582 Origenis
3391 1516 3630 1584 disputa-

2065 1605 2263 1659 tionem
2311 1604 2488 1658 valide
2535 1605 2588 1656 in
2649 1605 3007 1672 sequentibus
3068 1604 3422 1674 Hieronymus
3459 1622 3629 1676 oppu-

2062 1703 2208 1764 gnat.
2239 1693 2319 1748 Ac
2348 1693 2513 1757 idem,
2539 1709 2662 1748 cum
2705 1695 2812 1749 sibi
2851 1696 3042 1750 fuisset
3069 1699 3429 1766 propositum,
3470 1714 3628 1752 aecu-

2063 1796 2183 1839 rate
2209 1799 2422 1855 quoque
2451 1785 2701 1841 dissolvit
2728 1786 3058 1856 Augustinus
3087 1788 3243 1857 epist.
3274 1788 3364 1854 49,
3407 1791 3470 1844 ad
3497 1791 3629 1845 Deo-

401 1887 506 1941 que
532 1877 808 1932 adhaerere
835 1897 849 1945 ;
881 1879 1024 1935 aliud
1053 1881 1120 1934 ab
1140 1892 1342 1937 aeterno
1367 1885 1414 1938 ei
1451 1886 1744 1953 adnexum,
1779 1890 1956 1960 Spletl-
1993 1869 2036 1924 Β
2065 1876 2289 1946 ετθιίειε-

398 1966 580 2020 didum
607 1977 659 2021 et
684 1969 900 2035 lucens;
927 1971 1150 2027 alterum
1175 1976 1432 2041 crassius,
1459 1977 1666 2049 ipsique
1693 1996 1757 2035 ex
1781 1991 1958 2038 astro-

401 2071 518 2109 rum
567 2057 924 2126 dispositione
981 2062 1454 2133 circumpositum;
1515 2069 1640 2124 huic
1691 2071 1956 2128 deteriora

400 2148 595 2202 anima:
649 2151 851 2215 munia,
912 2153 986 2206 illi
1041 2158 1414 2221 praestantiora
1464 2159 1954 2232 deberizseparari

399 2237 526 2292 illud
551 2254 937 2313 nuununquam
965 2247 1031 2299 ab
1073 2248 1248 2301 anima
1276 2264 1503 2319 corpore
1527 2253 1789 2319 exsoluta,
1816 2266 1870 2310 et
1888 2256 1956 2311 ad

398 2330 678 2398 pristinam
703 2339 883 2388 sedem
922 2337 1201 2392 revolare:
1236 2339 1339 2394 hoc
1375 2343 1440 2396 ab
1487 2343 1573 2396 illa
1616 2343 1748 2398 solvi
1779 2348 1954 2401 neuti-

398 2435 558 2487 quam
592 2436 768 2490 posse,
798 2425 890 2478 sed
930 2426 980 2479 in
1015 2425 1244 2492 Orcum,
1286 2429 1368 2484 vel
1410 2431 1554 2488 inter
1607 2435 1785 2490 sidera
1839 2447 1958 2506 post

400 2521 628 2567 mortem
680 2515 851 2568 abire.
893 2516 1100 2582 Quibus
1149 2519 1220 2572 ita
1267 2523 1526 2588 expositis
1577 2525 1691 2579 haec
1739 2527 1952 2582 demum

398 2602 670 2673 subjnngit
699 2622 711 2656 :
742 2623 760 2654 ι
788 2604 972 2674 Itaque
1010 2607 1291 2678 Origenes,
1340 2619 1399 2663 ut
1451 2627 1566 2666 mea
1601 2614 1821 2682 quidem
1851 2615 1956 2670 fert

398 2695 686 2756 sententia,
719 2711 839 2749 cum
874 2697 1108 2751 animam
1148 2699 1292 2754 idolo
1324 2701 1628 2768 hujusmodi
1664 2706 1954 2774 vestiisset,

395 2784 536 2848 quod
565 2786 815 2853 pr0prias
851 2788 1126 2852 actiones,
1179 2791 1385 2861 sibique
1419 2793 1682 2850 involutas
1716 2798 1952 2852 circnm-

396 2871 583 2939 ferret,
606 2873 720 2929 fore
741 2875 994 2944 subjecit,
1020 2888 1075 2930 ut
1106 2896 1206 2932 una
1231 2898 1349 2935 cum
1376 2883 1478 2938 hoc
1512 2884 1598 2938 illa
1628 2896 1951 2957 resurgeret,

394 2963 684 3032 futuroque
735 2966 937 3033 judicio
983 2970 1360 3037 subjiceretur,
1405 2988 1508 3042 qua
1550 2976 1601 3028 in
1659 2992 1715 3031 re
1769 2988 1955 3048 gentes

396 3069 625 3122 prorsus
655 3056 927 3123 imitatur;
960 3062 1202 3116 mortalis
1245 3075 1425 3118 autem
1468 3069 1738 3137 tactnique
1789 3085 1953 3140 expo-

392 3145 496 3197 sita
526 3160 654 3201 caro
682 3145 941 3203 deﬂtteret
979 3161 1140 3220 atque
1163 3163 1526 3209 evanesceret.
1560 3174 1578 3206 ι

469 3233 704 3292 Ulterius
734 3239 894 3292 etiam
927 3241 1038 3294 abit
1071 3257 1456 3314 nonnunquam
1498 3244 1776 3318 Origenes,
1803 3265 1866 3305 ac
1889 3267 1955 3308 ne

395 3323 623 3378 formam
650 3329 868 3396 quidem
898 3330 1069 3399 ipsam
1100 3342 1156 3385 et
1186 3333 1409 3402 ﬁguram
1441 3338 1758 3404 corporibus
1791 3343 1956 3396 susci-

399 3415 575 3470 tandis
615 3417 941 3474 iubaasuram
983 3424 1325 3491 pronuntiat;
1373 3435 1427 3481 et
1459 3432 1957 3496 quemadmodume

395 3521 566 3575 grano
593 3507 758 3562 tritici
788 3510 934 3578 spica
973 3512 1148 3582 surgit
1186 3529 1356 3584 grano
1403 3520 1692 3584 absimilis,
1752 3539 1849 3578 nec
1887 3541 1952 3579 ex

396 3597 499 3650 hoc
531 3598 720 3651 transit
763 3599 816 3651 in
855 3599 998 3654 illam
1023 3602 1315 3671 quidquam
1365 3607 1531 3675 aliud,
1564 3621 1759 3678 praeter
1792 3613 1958 3669 ratio-

395 3702 516 3764 nem
542 3690 785 3757 seminis,
820 3705 914 3746 seu
944 3695 1356 3768 σπινθηρισμὸν,
1389 3699 1457 3752 ita
1499 3704 1710 3770 corpori
1746 3714 1957 3759 mortuo

397 3781 578 3834 inesse
596 3797 801 3846 semen,
825 3786 964 3850 quod
985 3789 1308 3855 germiuabit
1326 3792 1612 3844 novissima
1637 3803 1957 3862 personante

396 3871 548 3933 tuba,
572 3884 627 3924 et
653 3872 792 3926 aliud
826 3875 891 3948 de
920 3891 978 3931 se
1009 3893 1206 3947 corpus
1239 3880 1409 3935 dabit.
1444 3881 1586 3936 Fuse
1611 3884 1723 3937 hazc
1753 3885 1958 3941 edisse-

397 3963 468 4015 rit
498 3961 855 4035 Hieronymus
889 3968 940 4021 in
969 3970 1190 4036 epistola
1220 3974 1482 4027 adversus
1513 3973 1770 4029 Joannem
1799 3976 1954 4032 Jero-

392 4051 802 4122 solymitanum,
831 4066 885 4110 et
919 4057 1204 4129 Origenem
1229 4060 1309 4114 sic
1341 4061 1544 4116 inducit
1574 4064 1955 4134 disputantem,

392 4158 514 4212 cap.
545 4145 578 4199 8
613 4160 626 4196 :
662 4164 680 4197 ι
708 4146 841 4201 Cum
875 4157 1054 4202 autem
1094 4148 1282 4217 judieii
1318 4151 1435 4206 dies
1467 4154 1762 4217 advenerit,
1802 4162 1857 4207 et
1900 4152 1955 4207 in

391 4252 527 4291 voce
561 4241 895 4310 archangeli,
941 4250 997 4296 et
1023 4243 1075 4294 in
1109 4243 1400 4297 n0vissima
1436 4247 1560 4299 tuba
1595 4246 1638 4276 ¹⁸
1679 4246 1959 4300 tremuerit

393 4338 564 4394 terra,
593 4332 954 4385 movebuntur
971 4333 1152 4385 statim
1181 4333 1407 4399 semina,
1433 4346 1486 4388 et
1513 4335 1564 4388 in
1591 4345 1788 4405 puncto
1811 4337 1957 4391 horae

391 4431 640 4474 mortuus
667 4423 1047 4489 germinabunt
1076 4440 1088 4474 :
1122 4439 1226 4476 non
1272 4433 1448 4479 tamen
1487 4428 1702 4480 easdem
1741 4442 1954 4493 carnes,

393 4526 497 4565 nec
537 4511 589 4564 in
633 4512 697 4566 iis
728 4511 918 4566 formis
948 4513 1258 4586 τθεῑίιυθιῃ,
1289 4530 1408 4583 qua:
1436 4516 1672 4570 fuerunt.
1705 4536 1724 4569 ι
1773 4518 1957 4587 Capite

392 4601 594 4656 deinde
622 4603 893 4670 sequenti,
932 4603 1005 4655 ita
1030 4602 1337 4672 loquentem
1375 4606 1524 4676 lingit
1555 4607 1951 4674 Adamantium,

387 4691 638 4751 ossium.
691 4693 968 4760 sanguinis
1045 4709 1108 4747 ac
1197 4697 1560 4750 membrorum
1625 4698 1953 4768 singulorum

391 4780 677 4848 repudiata
733 4784 1175 4839 resurrectione:
1207 4805 1224 4836 ι
1253 4785 1406 4841 Nunc
1472 4789 1644 4844 oculis
1690 4791 1951 4854 videmus,

390 4871 613 4925 auribus
641 4874 911 4940 audimus,
946 4875 1196 4931 manibus
1225 4879 1435 4948 agimus
1461 4920 1475 4942 ,
1507 4882 1732 4949 pedibus
1763 4883 1954 4937 ambu-

390 4960 606 5026 lamus;
632 4965 684 5016 in
728 4965 820 5019 illo
848 4977 1028 5021 autem
1059 4985 1292 5037 corpore
1322 4971 1587 5039 spirituali
1621 4973 1715 5027 toti
1749 4975 1954 5027 videbi-

391 5070 532 5119 mus,
561 5058 656 5110 toti
691 5058 991 5124 audiemus,
1035 5063 1132 5116 toti
1172 5065 1538 5132 operabimnr,
1577 5066 1672 5119 tuti
1705 5067 1952 5119 ambula-

389 5142 590 5212 bimus,
622 5157 677 5200 et
713 5149 1106 5219 transﬁgurabit
1133 5151 1386 5207 Dominus
1423 5171 1607 5221 corpus
1645 5156 1959 5210 humilitatis

390 5247 584 5290 nostra:
622 5238 890 5303 conforme
932 5242 1142 5307 corpori
1195 5245 1452 5298 claritatis
1497 5263 1607 5300 sua:
1656 5247 1840 5316 gloria:
1892 5249 1954 5301 ‘9.

390 5323 619 5389 Quando
691 5328 869 5393 dixit,
915 5332 1342 5402 transﬂgurabit,
1391 5335 1442 5388 id
1484 5346 1567 5389 est
1605 5353 1956 5407 μετασχημα-

387 5414 549 5480 τίσει,
583 5423 945 5472 membrorum
988 5422 1184 5488 quibus
1232 5439 1373 5478 nunc
1403 5427 1628 5491 utimur,
1672 5428 1954 5482 diversitas

389 5503 708 5573 denegatur.
748 5507 907 5560 Aliud
944 5511 1096 5564 nobis
1127 5513 1370 5580 spiritale
1408 5523 1460 5567 et
1496 5515 1786 5570 axthereum
1829 5533 1954 5585 pro-

391 5597 644 5662 tnittitur,
675 5602 814 5664 quod
845 5614 944 5653 nec
977 5603 1140 5654 tactui
1178 5603 1420 5670 subjacet
1442 5645 1456 5668 ,
1501 5621 1599 5661 nec
1630 5609 1802 5662 oculis
1829 5624 1949 5663 cer—

449 5768 488 5798 "
521 5768 686 5823 lCor.
715 5784 800 5835 xv,
833 5770 919 5824 Μ.
999 5774 1039 5804 ’⁸
1068 5773 1496 5841 lThess.iv,15.

2133 1965 2348 2021 Erroris
2375 1976 2521 2020 certe
2567 1965 2706 2021 illius
2741 1976 2897 2021 notas
2935 1968 3172 2034 reperire
3207 1967 3331 2021 licet
3373 1967 3424 2021 in
3470 1966 3627 2021 Cort-

2063 2059 2322 2112 mentario
2349 2057 2598 2126 Origenis
2627 2058 2696 2110 ad
2720 2061 2908 2124 psalm.
2936 2075 2974 2120 ι,
3009 2074 3127 2128 pag.
3156 2060 3280 2126 555,
3312 2060 3436 2121 556,
3467 2074 3626 2126 quem

2064 2149 2118 2202 in
2150 2149 2421 2218 epitouten
2452 2148 2731 2204 contraxit
2759 2147 3081 2202 Methodius.
3119 2149 3190 2204 lbi
3224 2149 3421 2218 quippe
3450 2150 3627 2203 locum

2065 2239 2268 2294 Ezech.
2322 2256 2446 2308 cap.
2502 2253 2724 2298 xxxvu.
2786 2255 2895 2311 quo
2958 2239 3152 2294 futura:
3218 2241 3628 2295 resurrectionis

2063 2332 2376 2401 mysterium
2429 2330 2739 2399 planissime
2779 2331 3044 2399 aperitur,
3100 2333 3151 2384 in
3191 2332 3356 2386 alium
3408 2346 3626 2388 sensum

2063 2422 2375 2490 detorquet;
2423 2435 2547 2474 nam
2596 2420 2765 2475 aridis
2800 2419 2907 2474 illis
2954 2421 3188 2485 ossibus,
3240 2423 3486 2477 acerbam
3531 2421 3625 2474 Ju-

2061 2515 2299 2568 daeorum
2335 2515 2701 2582 captivitatem
2758 2515 2933 2579 notari
2982 2524 3174 2584 putat,
3231 2528 3348 2583 qna:
3400 2529 3625 2582 corpora

2060 2621 2223 2660 succo
2247 2607 2508 2660 exhausta
2542 2606 2712 2660 macie
2751 2607 3186 2672 deformaverat;
3229 2609 3624 2663 resurrectione

2060 2709 2264 2764 autem,
2296 2699 2598 2753 libertatem
2621 2697 2953 2764 Judaeorum,
2981 2717 3100 2768 qua:
3129 2701 3181 2754 in
3216 2699 3500 2770 pristinum
3528 2714 3624 2754 eos

2060 2800 2283 2854 statum,
2333 2801 2385 2844 et
2428 2791 2694 2859 integrum
2727 2805 2791 2844 ac
2818 2791 3055 2846 vividum
3100 2792 3342 2860 corporis
3384 2790 3622 2844 habitum

2059 2891 2176 2935 erat
2224 2882 2557 2935 restitutura.
2603 2881 2720 2934 Alio
2756 2881 2938 2935 itidem
2983 2880 3212 2936 deﬂectit
3255 2882 3383 2936 illttd
3431 2881 3621 2934 Matth.

2065 2986 2183 3038 vni,
2220 2969 2304 3036 12,
2345 2991 2362 3022 ι
2389 2971 2463 3026 lbi
2494 2971 2597 3026 erit
2626 2971 2781 3028 ﬂetus
2820 2983 2874 3026 et
2917 2974 3118 3029 stridor
3145 2973 3409 3039 dentium,
3435 2994 3455 3026 ο
3491 2973 3623 3026 alia-

2062 3076 2166 3130 que
2217 3063 2501 3131 ejusmodi,
2547 3065 2743 3132 quibus
2792 3081 3016 3135 corpora
3070 3074 3442 3119 resurrectura
3500 3078 3624 3119 esse

2061 3155 2379 3218 coniicitur;
2426 3171 2528 3210 nec
2569 3156 2640 3212 ibi
2697 3157 2911 3211 futuros
2958 3158 3145 3212 dentes
3189 3158 3498 3227 respondet,
3531 3158 3620 3209 ubi

1982 3221 2025 3278 θ
2061 3246 2240 3300 nullus
2294 3247 2535 3300 dentium
2583 3265 2711 3302 usus
2771 3247 2988 3303 futurus
3037 3257 3151 3312 est;
3203 3257 3256 3302 et
3310 3261 3620 3316 corpoream

2058 3334 2203 3388 illam
2231 3337 2465 3404 speciem
2499 3344 2766 3390 mutatum
2795 3335 2861 3388 iri
2886 3351 2902 3397 ;
2939 3349 3037 3388 nec
3063 3334 3290 3403 primam
3321 3331 3620 3394 materiam,

2057 3441 2218 3492 quam
2245 3425 2490 3479 eamdem
2511 3440 2632 3480 esse
2661 3441 2802 3496 saepe
2828 3426 2962 3480 dicit
2987 3441 3050 3479 ac
3081 3441 3303 3493 corpus,
3335 3422 3442 3477 ullo
3465 3423 3623 3476 modo

2056 3528 2488 3571 resurrecturam
2514 3533 2528 3582 ;
2557 3520 2622 3570 ad
2648 3519 2807 3586 idque
2837 3517 2987 3586 grani
3016 3527 3072 3570 et
3100 3517 3262 3583 spicae
3293 3513 3618 3582 exemplum,

2055 3622 2166 3678 quo
2201 3624 2328 3663 usus
2361 3608 2772 3678 estApustolus,
2800 3607 3195 3661 accommodat.
3220 3605 3388 3660 Tomo
3410 3619 3622 3674 quoque

2057 3713 2170 3751 xvii
2213 3699 2268 3751 in
2318 3696 2538 3762 Matth.,
2591 3714 2740 3752 num.
2781 3698 2850 3751 30
2886 3708 2940 3752 et
2987 3697 3078 3762 53,
3133 3699 3198 3749 de
3251 3697 3546 3766 quaestione
3589 3711 3618 3747 a

2063 3788 2371 3845 Sadducteis
2414 3790 2734 3858 Sospitatori
2767 3790 3040 3859 proposita
3093 3803 3256 3857 agens
3293 3787 3622 3854 genitalibus

2057 3883 2293 3934 caritura
2319 3880 2558 3932 decrevit
2586 3895 2812 3948 corpora
2848 3881 2898 3932 in
2932 3879 3093 3943 caelo,
3128 3879 3272 3948 quod
3304 3879 3372 3930 ibi
3409 3879 3621 3947 genita-

2058 3971 2188 4024 lium
2226 3986 2354 4024 usus
2380 3971 2677 4024 abolendus
2724 3971 2818 4024 sit.
2859 3969 2965 4024 Sed
2997 3978 3051 4021 et
3081 3983 3146 4021 ex
3190 3970 3296 4021 line
3332 3967 3452 4020 libri
3479 3983 3514 4019 Il
3548 3966 3622 4019 De

2055 4060 2276 4130 princip.
2328 4057 2484 4111 aﬂ'ert
2516 4059 2657 4112 hunc
2708 4057 2884 4112 locum
2930 4056 3288 4127 Hieronymus
3333 4055 3490 4122 epist.
3527 4056 3618 4118 59,

2058 4148 2124 4201 ad
2161 4146 2306 4200 Avit.
2333 4185 2349 4211 ,
2388 4161 2510 4214 cap.
2560 4146 2636 4201 Ξῖ
2671 4146 2952 4213 «Cumque
2999 4146 3053 4214 in,
3093 4154 3297 4197 tantum
3331 4144 3623 4212 profeceri-

2058 4253 2204 4304 mus,
2235 4248 2292 4291 ttt
2325 4252 2662 4305 nequaquam
2693 4252 2886 4291 carnes
2909 4247 2961 4290 et
2990 4251 3251 4306 corpora,
3304 4235 3526 4288 forsitan
3554 4248 3622 4288 ne

2057 4331 2252 4383 animae
2282 4329 2496 4398 quidem
2553 4329 2834 4393 fuerimus,
2880 4329 2975 4384 sed
3026 4343 3176 4382 mens
3225 4336 3278 4380 et
3325 4342 3516 4382 sensus
3553 4327 3619 4379 ad

2058 4422 2355 4490 perfectum
2381 4420 2626 4485 veniens,
2656 4419 2908 4488 nulloque
2939 4420 3398 4488 perturbatiOnum
3440 4418 3621 4473 nubilo

1989 4513 2318 4605 Dcaligatis,
2390 4513 2691 4566 intuebitur
2737 4512 3088 4597 rationabiles
3154 4511 3624 4580 iutelligibilesque

2061 4602 2396 4656 substantias
2440 4601 2579 4656 facie
2609 4603 2675 4656 ad
2711 4593 2923 4656 faciem.
2949 4619 2969 4653 ι
3023 4603 3152 4668 Quae
3188 4602 3266 4655 sic
3307 4603 3624 4668 depravavit

2060 4708 2159 4747 suo
2197 4707 2348 4746 more
2395 4692 2620 4746 Rufinus
2650 4709 2664 4746 :
2693 4711 2711 4743 ι
2742 4693 2806 4746 Et
2833 4696 2904 4746 ita
2955 4708 3210 4748 crescens
3263 4707 3358 4762 per
3412 4693 3622 4763 singula

2060 4783 2398 4838 rationabilis
2432 4793 2784 4858 naturatnon
2805 4783 2946 4838 sicut
2975 4783 3027 4836 in
3061 4799 3226 4837 carne
3262 4783 3344 4837 vel
3372 4797 3620 4851 corpore,

2059 4886 2113 4929 et
2144 4877 2318 4929 anima
2352 4876 2404 4928 in
2435 4877 2536 4928 hac
2573 4876 2682 4929 vita
2714 4875 3017 4938 crescebat,
3048 4876 3140 4928 sed
3170 4881 3348 4928 mente
3369 4889 3432 4926 ac
3461 4888 3621 4926 sensu

2059 4978 2214 5021 aucta
2250 4969 2314 5020 ad
2346 4968 2640 5034 perfectam
2675 4967 2956 5020 scientiam
2983 5006 2998 5032 ,
3044 4982 3195 5020 mens
3232 4967 3341 5032 jam
3387 4965 3620 5033 perfecta

2059 5061 2402 5130 perducitur,
2440 5076 2778 5130 nequaquam
2824 5061 2933 5129 jam
2977 5062 3114 5113 ultra
3163 5062 3278 5114 istis
3313 5059 3624 5113 carnalibus

2065 5152 2313 5206 sensibus
2345 5152 2628 5219 impedita,
2673 5153 2764 5206 sed
2791 5152 3242 5206 intellectualibus
3276 5149 3623 5203 incrementis

2063 5251 2240 5306 ant-ta,
2267 5257 2479 5310 semper
2505 5244 2568 5295 ad
2592 5257 2805 5310 purum,
2829 5253 2902 5307 et,
2937 5251 2996 5294 ut
3019 5243 3090 5294 ita
3115 5242 3364 5307 dixerim,
3386 5239 3521 5292 facie
3553 5240 3619 5292 ad

2063 5333 2252 5388 faciem
2302 5349 2478 5386 rerum
2539 5350 2737 5388 causas
2785 5335 3143 5402 inspiciens.»
3195 5332 3430 5399 Denique
3483 5331 3622 5385 libro

2059 5439 2091 5477 v
2143 5436 2323 5477 contra
2367 5423 2528 5488 σείει,
2592 5442 2740 5478 ηιιηι.
2794 5426 2880 5492 19,
2928 5435 3146 5496 propter
3191 5425 3539 5494 migrationes
3587 5435 3622 5476 e

2061 5516 2181 5570 loco
2213 5518 2263 5569 in
2296 5517 2468 5571 locum
2502 5520 2822 5587 corporibus
2874 5534 2970 5573 nos
3015 5535 3148 5588 opus
3183 5519 3384 5572 habere
3422 5520 3619 5581 docet;

2061 5612 2113 5666 id
2141 5623 2317 5669 autem
2352 5626 2554 5670 certam
2587 5629 2691 5670 non
2735 5617 3008 5685 requirere
3047 5617 3278 5686 partium
3302 5615 3620 5685 posituram,

1579 5780 1620 5810 "
1641 5779 1830 5850 Philip.
1870 5781 2050 5848 utﬁt.
