4170 6404
542 376 643 434 9⁴η

1827 375 1885 431 ιι.
1936 374 2251 430 DANIELIS
2291 372 2527 443 auerti,

3685 370 3792 426 993

545 492 641 549 sed
688 493 915 558 quodvis
966 493 1252 548 admittere
1312 507 1530 563 corpus,
1585 509 1783 566 corpus
1827 496 1988 552 modo
2025 497 2115 551 sil.
2151 503 2193 557 Α
2226 510 2448 565 corpus,
2474 504 2531 548 et
2569 490 2727 546 aliter
2775 489 3066 545 formatum
3109 496 3260 543 ratus
3291 497 3373 543 est
3410 487 3789 555 Adamantius,

614 580 747 639 VIII.
781 584 1070 640 lnclinasse
1094 586 1282 639 eodem
1307 600 1417 655 quo
1440 586 1701 657 Origenes
1747 588 1958 642 videtur
1990 587 2118 643 Ilie-

547 689 801 749 rooymus
832 677 925 734 lib.
955 693 1013 731 ιιι
1057 679 1111 731 in
1148 678 1323 747 Epist.
1380 680 1450 733 ad
1490 678 1704 749 8pm.,
1741 696 1862 751 cap.
1890 680 1945 746 5,
1968 695 2116 735 vers.

543 763 637 827 28,
673 783 691 816 ι
731 765 1032 820 Foveamus
1066 767 1249 835 igitur,
1285 768 1493 836 inquit,
1527 780 1584 824 et
1623 771 1721 825 viri
1764 785 1962 826 uxores
1988 811 2003 836 ,
2062 780 2121 825 et

543 857 739 913 animae
788 869 969 913 nostra
1002 875 1231 929 corpora
1258 900 1274 925 ,
1327 873 1383 917 ut
1419 872 1476 918 et
1519 877 1719 918 uxores
1771 864 1825 917 in
1867 864 2035 927 viros,
2064 872 2121 917 et

542 965 774 1020 corpora
804 952 1124 1024 redigantur
1157 955 1209 1009 in
1256 956 1469 1011 animas
1495 996 1512 1021 ,
1555 965 1613 1011 et
1653 972 1997 1028 nequaquam
2044 959 2118 1011 sit

541 1058 767 1099 sexuum
804 1045 908 1099 ulla
938 1046 1250 1101 diversitas.
1286 1048 1392 1104 Sed
1431 1050 1700 1118 quomodo
1729 1050 1872 1119 apud
1897 1050 2119 1119 angelos

540 1150 646 1190 non
670 1144 754 1190 est
777 1137 859 1190 vir
880 1146 933 1189 et
973 1136 1199 1203 mulier,
1231 1140 1301 1192 ita
1328 1148 1381 1193 et
1422 1155 1518 1194 nos
1543 1140 1635 1209 qui
1678 1121 1884 1195 similes
1913 1141 2118 1210 angelis

541 1227 705 1282 futuri
730 1243 939 1292 sumus,
970 1230 1081 1298 jam
1106 1245 1249 1284 nunc
1273 1231 1591 1299 incipiamus
1616 1246 1764 1294 esse,
1788 1233 1933 1301 quod
1958 1232 2116 1287 nobis

540 1322 594 1373 in
624 1320 942 1376 ctelestibus
970 1325 1354 1389 repromissum
1376 1333 1476 1376 est.
1510 1341 1528 1373 ι
1568 1325 1782 1379 Acriter
1820 1337 1885 1378 ea
1923 1324 2115 1393 explo-

540 1412 621 1466 dit
650 1412 899 1478 Ruflnus,
939 1423 1122 1483 utpote
1160 1430 1226 1468 ex
1263 1415 1461 1482 quibus
1510 1415 1764 1469 interitus
1803 1430 2113 1484 corporum,

536 1512 595 1555 et
627 1517 855 1557 sexuum
884 1502 1107 1557 abolitio
1132 1514 1540 1573 consequatur;
1596 1506 1813 1560 demum
1841 1508 1923 1561 sic
1976 1507 2052 1561 ait
2097 1525 2111 1561 :

540 1612 561 1644 ε
592 1593 813 1661 Quanto
839 1596 1043 1650 rectius
1083 1594 1312 1660 faceres,
1348 1597 1391 1651 si
1418 1612 1536 1661 nos,
1560 1612 1695 1667 quos
1738 1597 1950 1667 culpas,
1988 1598 2114 1653 imi-

539 1686 736 1740 tareris
773 1686 826 1740 in
854 1685 1072 1753 talibus,
1098 1696 1154 1741 et
1178 1687 1295 1741 hate
1322 1687 1422 1741 soli
1441 1688 1570 1753 Deo,
1606 1698 1665 1741 ut
1685 1704 1745 1742 se
1782 1690 1990 1744 veritas
2014 1689 2114 1743 ha-

536 1780 645 1842 bet,
671 1794 832 1835 nosse
864 1781 1244 1849 permitteres;
1288 1790 1344 1836 et
1378 1791 1431 1836 te
1467 1783 1647 1851 potius
1696 1782 1949 1852 ignorare
1975 1783 2111 1837 fate-

2222 600 2385 654 quam
2408 584 2553 653 quod
2584 586 2638 637 in
2673 583 2888 637 mortali
2928 590 3233 652 gestaverat
3261 581 3407 648 vita;
3436 595 3791 649 ecquamuam

2222 674 2435 743 corpori
2472 673 2603 728 huic
2646 673 2875 744 ﬁguram
2917 672 3097 742 potius
3133 671 3449 740 ascripserit
3475 686 3635 738 quam
3674 670 3793 740 glo-

2222 764 2431 827 bosam,
2467 769 2653 830 utpote
2705 775 2885 815 rerum
2915 759 3218 814 cmlestium
3245 759 3551 829 propriam,
3577 769 3633 814 et
3684 760 3795 813 for-

2223 866 2434 906 marum
2458 851 2701 905 omnium
2748 848 3223 919 perfectissimam,
3257 862 3321 902 ac
3347 848 3545 903 animis
3590 862 3792 916 expur-

2220 945 2363 1016 gatis
2392 953 2448 999 et
2483 944 2535 997 in
2585 940 2961 1012 perfectiorem
3010 940 3273 1008 reparatis
3316 949 3517 995 statum
3561 941 3794 994 maxime

2219 1034 2563 1106 congruam?
2600 1034 2748 1087 Sane
2788 1032 3123 1102 Origenistas
3152 1031 3468 1095 monachos,
3504 1031 3595 1101 qui
3628 1029 3797 1085 Palae-

2220 1132 2375 1184 stinae
2398 1127 2658 1182 asceteria
2704 1124 2896 1180 Justini
2929 1140 2981 1180 et
3023 1123 3314 1179 Justiniani
3357 1124 3689 1192 temporibus
3713 1123 3792 1177 inv

2222 1221 2357 1275 festa
2374 1223 2524 1284 bant,
2564 1219 2767 1273 dixisse
2808 1216 2974 1271 refert
3008 1215 3267 1286 (Zyriacus
3299 1218 3439 1284 apud
3485 1216 3793 1271 Simeonem

2222 1313 2640 1380 Metaplirastem
2672 1308 2807 1380 (47),
2832 1327 2849 1359 ι
2884 1308 3035 1375 Quod
3070 1308 3305 1361 aetherea
3332 1316 3387 1361 et
3406 1308 3667 1375 sphmrica
3698 1323 3793 1362 ex-

2220 1408 2460 1461 citantur
2486 1415 2669 1457 nostra
2709 1419 2935 1472 corpora
2988 1404 3040 1457 in
3092 1402 3490 1458 resurrectione
3530 1403 3651 1457 :sic
3692 1404 3795 1457 Do-

2222 1499 2353 1554 mini
2389 1512 2603 1569 quoque
2630 1512 2828 1567 corpus
2855 1495 3019 1551 fuisse
3047 1494 3346 1550 excitatura
3367 1536 3384 1562 ,
3436 1504 3490 1549 et
3517 1509 3616 1549 nos
3650 1493 3793 1548 futu-

2218 1608 2307 1647 ros
2351 1594 2399 1645 ei
2454 1606 2613 1660 pares
2648 1590 2700 1644 in
2743 1589 3165 1644 resurrectione.
3204 1607 3223 1640 ι
3253 1587 3599 1656 Quapropter
3621 1584 3794 1641 Justi-

2223 1685 2417 1738 nianus
2452 1684 2503 1737 in
2538 1682 2701 1751 epist.
2735 1682 2801 1735 ad
2840 1680 3047 1735 Menam
3074 1681 3290 1748 probris
3315 1678 3603 1747 Origenem
3626 1679 3794 1733 inces-

2218 1778 2308 1843 sit,
2338 1778 2482 1846 quod
2529 1790 2760 1844 corpora
2814 1774 3089 1827 hominum
3130 1772 3428 1828 orbiculata
3471 1771 3790 1827 suscitatqu

537 1871 699 1936 reris,
729 1845 893 1940 quam
919 1886 983 1926 ea
1032 1845 1324 1940 scriberes,
1357 1845 1481 1943 qua;
1521 1876 1681 1944 paulo
1716 1845 1852 1944 ‘post
1900 1887 1954 1931 tu
1997 1877 2111 1946 ipse
2146 1845 2188 1900 Β
2218 1871 2281 1925 iri
2326 1845 2702 1922 afﬂirmaverit.
2741 1865 2879 1921 Hinc
2932 1866 3004 1921 ita
3034 1875 3329 1935 conceptus
3371 1873 3454 1919 est
3482 1865 3703 1934 quintus
3722 1880 3789 1919 ex

534 1961 845 2018 damnares.
869 1982 888 2016 ι
919 1963 1026 2019 Sed
1067 1975 1263 2036 purgat
1294 1980 1355 2021 se
1413 1965 1768 2037 Hieronymus
1806 1967 1899 2022 lib.
1925 1983 1941 2022 ι
1972 1968 2112 2038 Apo-

532 2053 638 2124 log.
669 2056 789 2109 adv.
818 2054 1021 2123 Βκρηη
1055 2071 1175 2125 cap.
1218 2056 1273 2123 6,
1302 2059 1426 2112 talia
1462 2074 1668 2115 seseex
1702 2059 1954 2130 Origenis
1990 2076 2112 2130 per-

533 2160 693 2209 sona,
730 2161 835 2201 non
862 2147 1016 2217 quasi
1062 2164 1179 2203 rem
1213 2166 1242 2202 a
1273 2164 1336 2205 se
1370 2161 1667 2215 assertam,
1693 2152 1789 2205 sed
1823 2152 1977 2221 quasi
2006 2153 2107 2206 sibi

531 2237 895 2305 objicieudam
937 2240 1225 2309 protulisse
1274 2242 1626 2312 respondens.
1675 2242 1803 2296 Eam
1846 2253 1903 2297 et
1928 2243 2109 2298 valide

535 2330 588 2384 in
627 2330 935 2400 Origenista
958 2334 1191 2401 quodam
1230 2347 1353 2387 sese
1373 2332 1684 2389 confutasse
1731 2343 1920 2389 narrat
1948 2336 2106 2404 epist.

531 2423 623 2486 27,
652 2424 718 2476 ad
741 2423 1027 2489 Eustoch.,
1058 2438 1178 2495 cap.
1219 2425 1307 2488 Il,
1334 2435 1389 2479 et
1421 2425 1549 2479 alibi
1588 2440 1804 2496 quoque
1836 2440 1937 2495 pro
1973 2426 2107 2483 falsa

533 2532 563 2570 a
595 2531 654 2572 se
677 2514 864 2571 haberi
897 2527 1150 2574 testatur.
1182 2517 1419 2572 Sexuum
1472 2518 1855 2575 discretionem
1893 2530 2021 2576 tunc
2045 2522 2107 2578 iri

534 2609 795 2663 abolitum
840 2625 946 2665 non
1001 2610 1161 2681 pauci
1211 2624 1242 2665 e
1288 2609 1541 2667 Patribus
1580 2613 1820 2679 antiquis
1866 2612 2104 2668 amrma-

533 2710 678 2755 rttnt.
702 2700 1073 2758 Theodoretus
1099 2722 1114 2758 :
1146 2703 1360 2773 Ταύτης
1387 2703 1497 2775 γάρ
1542 2704 1642 2774 τῆς
1679 2704 1995 2777 διαιρέσεως
2019 2708 2107 2760 ὲν-

530 2793 656 2866 δεὴς
674 2793 782 2848 τῶν
816 2796 921 2849 ὑπὸ
949 2796 1026 2867 τῷ
1060 2796 1274 2869 θανάτῳ
1297 2798 1593 2853 τελούντων
1627 2801 1660 2869 ἡ
1704 2798 1865 2867 φύσις
1885 2818 1897 2829 ·
1941 2816 1961 2849 r
1999 2798 2109 2854 Hac

531 2886 675 2939 enim
726 2885 1056 2943 discretione
1098 2888 1301 2957 indiget
1351 2904 1539 2944 eorum
1592 2899 1785 2943 natura
1816 2928 1833 2951 ,
1870 2890 1961 2959 qui
2010 2890 2110 2944 sub

532 2976 721 3031 mortis
757 2976 985 3046 imperio
1008 2979 1243 3050 degunt;
1274 2998 1292 3031 ι
1321 2981 1515 3037 deinde
1548 3000 1561 3036 :
1594 2982 1718 3045 Τοῖς
1740 2982 1795 3035 δέ
1817 3000 1880 3051 γε
1906 2982 2107 3037 ἀθανά-

526 3076 643 3126 τοις
681 3065 1064 3136 γεγενημένοις
1101 3069 1162 3121 τὸ
1206 3068 1337 3138 θῆλυ
1367 3070 1522 3139 γένος
1576 3072 1892 3128 παντάπασι
1918 3090 2109 3143 περιτ-

2213 1961 2688 2016 anathematismis
2740 1960 2913 2013 eidem
2963 1958 3207 2028 epistola:
3274 1956 3574 2026 subjectis:
3614 1958 3681 2011 Et
3706 1975 3791 2021 τις

2215 2053 2415 2124 λέγειῆ
2445 2052 2557 2123 ἔχει
2584 2054 2641 2104 ὲν
2667 2053 2730 2122 τῇ
2767 2050 3058 2104 ἀναστάσει
3087 2048 3401 2121 σφαιροειδῆ
3438 2048 3509 2102 τὰ
3538 2048 3645 2103 τῶν
3692 2050 3790 2102 ἀν-

2212 2142 2447 2217 θρώπων
2489 2141 2796 2215 ἐγείρεσθαι
2836 2140 3082 2210 σώματα,
3113 2140 3207 2193 καὶ
3238 2140 3336 2210 οὐχ
3388 2138 3641 2210 ὁμολογεῖ
3693 2142 3790 2211 ὀρ-

2216 2237 2366 2301 θίους
2400 2238 2551 2307 ἡμᾶς
2580 2234 2912 2305 ἐγείρεσθαι,
2939 2233 3185 2305 ἀνάθεμα
3222 2234 3379 2287 ἔστω.
3420 2250 3439 2285 t
3473 2234 3531 2290 Si
3558 2235 3680 2305 quis
3704 2234 3789 2289 dl-

2210 2332 2288 2385 cit
2322 2342 2418 2386 aut
2464 2330 2632 2384 sentit
2666 2328 2883 2399 globosa
2927 2329 3203 2383 hominum
3249 2326 3498 2382 suscitari
3538 2341 3788 2395 corpora.

2215 2438 2313 2478 nec
2341 2422 2629 2477 confitetur
2659 2436 2756 2475 nos
2788 2431 2962 2476 rectos
2990 2420 3272 2484 suscitari,
3293 2420 3578 2473 anathema
3610 2428 3783 2472 esto.»

2216 2514 2444 2569 Damnat
2467 2514 2518 2569 id
2555 2514 2727 2584 ipsum
2770 2514 2822 2567 in
2866 2513 3099 2582 Origene
3135 2523 3190 2568 et
3218 2511 3335 2567 fuse
3360 2510 3603 2566 confutat
3626 2511 3789 2565 Auti-

2212 2617 2365 2676 paler
2414 2606 2725 2661 Bostrensis
2786 2606 3071 2675 epiSCopus
3129 2605 3181 2659 in
3236 2603 3621 2659 Dissertatione
3668 2602 3784 2655 ad-

2214 2722 2387 2760 versus
2416 2704 2696 2774 Origenem
2723 2742 2738 2766 ,
2786 2701 2987 2755 inserta
3022 2699 3247 2755 Joannis
3281 2699 3598 2754 Damasceni
3629 2696 3790 2752 Eclo-

2210 2798 2287 2865 gis
2334 2795 2507 2860 titulo,
2547 2793 2684 2863 Περὶ
2712 2791 2963 2863 ἀμοιϐῆς
2989 2790 3108 2845 τῶν
3150 2786 3219 2846 εὖ
3246 2792 3383 2844 κατ’
3419 2790 3638 2858 ἀρετὴν
3652 2790 3789 2855 ,βιο-

2210 2886 2577 2949 τευσάντων.
2622 2901 2756 2955 quas
2804 2884 3015 2938 calamo
3053 2892 3306 2937 exaratas
3357 2883 3554 2937 habent
3601 2882 3790 2935 Claro-

2212 2980 2451 3033 montani
2486 2978 2674 3032 Patres
2706 2974 2991 3031 Societatis
3026 2973 3175 3030 Jesu.
3203 2975 3427 3028 Damnat
3452 2983 3505 3027 et
3528 2972 3790 3041 Nicepho-

2214 3088 2305 3125 rus
2337 3070 2429 3124 lib.
2462 3084 2601 3129 xvn.
2638 3084 2759 3139 cap.
2788 3068 2880 3121 27.
2920 3066 3035 3121 Huc
3059 3076 3269 3136 spectat
3299 3066 3427 3120 illud
3472 3065 3787 3136 Hieronymi

528 3154 645 3208 τόν.
683 3172 703 3207 ς
741 3155 836 3212 His
872 3160 1017 3213 enim
1059 3160 1149 3227 qui
1195 3159 1526 3216 immortales
1566 3172 1859 3218 evaserunt
1885 3165 2108 3219 omnino
2135 3184 2177 3239 ο
2212 3163 2369 3233 epist.
2398 3162 2489 3227 6|,
2514 3163 2579 3213 ad
2603 3160 2947 3220 Pammacln,
2984 3176 3104 3228 cap.
3136 3159 3203 3213 10
3240 3175 3255 3214 :
3288 3178 3307 3212 ι
3340 3158 3431 3214 Sic
3455 3168 3507 3214 et
3531 3158 3790 3213 Dominus

531 3261 903 3315 supervacuus
952 3257 1039 3303 est
1097 3263 1262 3304 sexus
1302 3252 1607 3307 muliebris.
1665 3272 1685 3305 ι
1742 3254 2107 3310 Consulantur

530 3347 790 3402 praeterea
804 3340 1136 3394 Athanasius
1169 3356 1338 3396 serm.
1386 3343 1420 3396 3
1442 3354 1628 3397 contra
1662 3345 1914 3410 Ariauos,
1954 3346 2109 3401 Basi-

531 3431 634 3485 lius
664 3432 716 3485 ξιι
750 3434 938 3499 psulm.
973 3447 1121 3497 sxtv,
1154 3433 1389 3491 Hilarius
1422 3451 1549 3491 can.
1580 3437 1652 3492 25
1687 3440 1741 3491 in
1766 3438 1985 3507 Matt/2.,
2012 3456 2105 3494 ea-

529 3524 653 3578 dem
686 3522 901 3577 illorum
949 3538 1072 3579 esse
1101 3527 1488 3595 propemodum
1530 3544 1595 3585 ac
1636 3528 1888 3599 Origeuis
1939 3547 2103 3587 causa

531 3628 695 3684 super
717 3615 821 3669 hac
849 3616 1149 3685 quaestione
1194 3618 1262 3674 de
1300 3619 1586 3675 beatorum
1630 3636 1917 3691 corporum
1971 3639 2103 3679 sexu

529 3706 851 3775 reperietur.

599 3794 692 3852 IX.
718 3797 776 3853 Si
800 3798 1043 3854 animam
1069 3800 1121 3855 in
1149 3802 1555 3861 resurrectione
1587 3803 1729 3859 aliud
1765 3815 2104 3875 recepturam

599 4050 714 4124 (47)
747 4051 1093 4124 Metaphrast.
1130 4055 1183 4109 in
1229 4052 1347 4108 Vita
1374 4051 1608 4124 Cyriaci.

599 4121 712 4190 (48)
747 4121 901 4187 Quod
937 4126 982 4177 si
1005 4126 1086 4196 ita,
1103 4126 1325 4179 sensisse
1348 4121 1611 4178 constare!
1651 4123 1955 4196 Origenem,
1992 4136 2102 4181 etc.

530 4191 694 4264 Certe
724 4195 1290 4264 corporagctelesuum
1324 4196 1542 4263 globosa
1564 4211 1685 4249 esse
1710 4191 1895 4264 aperte
1946 4198 2107 4252 docet

527 4262 796 4337 Origenes
822 4262 918 4337 lib.
950 4262 1027 4337 De
1058 4262 1621 4337 oratione.intun.A5I,
1653 4262 1873 4337 p.t968:
1912 4267 2106 4337 Ἐσχηο

532 4331 790 4405 ματίσθαι
822 4333 929 4404 γὰρ
949 4332 1057 4405 τῶν
1090 4335 1427 4405 ἐπουρανίων
1474 4335 1541 4387 τά
1600 4336 1847 4405 σώματα,
1883 4338 1959 4400 ὡς
2005 4331 2106 4389 aldi.

528 4402 728 4475 γόνατα
765 4402 1047 4473 σωματικά
1081 4402 1405 4475 ἔχεινάὑτὰ,
1440 4402 1842 4475 ὑπολαμϐάνειν
1865 4407 1924 4459 οὐ
1961 4408 2103 4460 πάνυ

528 4490 581 4525 τι
611 4474 753 4593 χρίὲ·
791 4475 1145 4596 σφαὲοοειδῶν
1180 4474 1330 4545 παρά
1370 4478 1484 4538 τοῖς
1508 4474 1749 4546 ἀκριϐῶς
1804 4480 1934 4548 περὶ
1984 4478 2107 4531 τού-

528 4560 637 4595 των
731 4543 905 4596 ιειλτιω
942 4561 1027 4596 σιν
1069 4546 1533 4596 ἀποδεδειγμένων
1565 4547 1744 4596 αὐτῶν
1772 4549 1879 4596 τῶν
1915 4550 2104 4596 ammi-

527 4560 637 4595 των
698 4543 1027 4618 διειληφᾴσιν
1069 4543 1533 4618 ἀποδεδειγμένων
1565 4543 1744 4618 dare»;
1772 4543 1892 4600 τῶν
1915 4550 2104 4618 σωμά-

526 4629 655 4685 των.
705 4612 845 4685 '05s
881 4615 953 4685 μὴ
989 4614 1309 4685 βουλόμενος
1340 4612 1495 4667 τοῦτο
1528 4617 1966 4685 παραδέξασθαι,
1999 4612 2105 4671 ’καὶ

530 4683 630 4775 :15
668 4683 857 4752 χρείας
883 4683 1111 4775 ἑκάστου
1130 4683 1268 4771 ’τίὲν
1301 4685 1516 4775 μεξῶνζ
1532 4683 1619 4775 ἱνα
1647 4688 1743 4775 ,μὴ’
1767 4689 1943 4775 μάτην
1968 4685 2001 4775 ᾗ
2053 4707 2105 4741 τι

528 4749 1055 4829 δεδημιουργημένῳ
1086 4755 1265 4829 αὐτοῖς
1292 4749 1395 4807 ὑπὸ
1427 4749 1695 4829 τοξιλεῇεοῦ,
1723 4749 1821 4810 ἒάν
1853 4749 1927 4829 μὴ
1956 4749 2107 4813 ἀναι-

530 4822 751 4901 δεύηὶται
792 4822 927 4901 πρὸς
976 4825 1066 4901 τδν
1117 4826 1295 4901 λόγον,
1338 4825 1719 4901 παραδέξεται,
1769 4822 2107 4901 ἑκατέρωθεν

532 4893 923 4985 Ϊττμίωνὶἑβῖτξ
955 4896 1114 4964 φήσει
1159 4896 1292 4985 μέλη
1356 4893 1605 4983 σώματος
1644 4893 1975 4985 μάτηνῄκτέὶ
2028 4901 2103 4985 μὴ

531 4963 719 5037 ξπὶντῷ
740 4963 853 5037 ξδίῳ
886 4963 1030 5037 ἔργῳ
1051 4963 1352 5034 γεγονέναι,
1384 4963 1564 5037 αὖτοῖς
1582 4963 1684 5018 ὑπὸ
1704 4963 1795 5020 τοῦ
1820 4969 1977 5033 Θεοῦ,
1998 4963 2106 5022 εἷτέ

532 5034 649 5121 sae:
691 5016 763 5086 ετδι
807 5016 1039 5121 suae,
1063 5016 1173 5121 iga
1195 5016 2105 5121 ⁷ξδζάζπέυοεεῑμέιδι’έγξέρδίῖτᾱξ

536 5105 1197 5178 ξδίαςᾼχρείας-ὲπιτελείν,
1227 5107 1319 5160 καὶ
1338 5108 1395 5158 ἐν
1426 5105 1917 5178 τοῖςέὲπουρανξοις.
1966 5112 2103 5178 Σερο-

531 5174 631 5245 δρα
667 5174 950 5251 δὲμωρῷς
981 5178 1476 5251 ἀναστραφῄσεται,
1507 5176 1602 5230 ἐὰν
1634 5174 1830 5251 τρόπον
1856 5174 2103 5251 ἀνδριάν-

532 5262 640 5320 των
682 5245 1247 5320 τις-νομίζῃ-τὴνλμὲν
1270 5245 1591 5320 ἐπιφάνειαν
1624 5245 1790 5320 μόνην
1829 5245 1968 5304 εἷναί
2014 5252 2105 5305 ἀν-

535 5314 1159 5390 θρωππιδῆ,ὀὺἱέτι’δὲ’
1180 5320 1272 5371 καὶ
1298 5314 1441 5390 τάἒν
1483 5314 1659 5390 βάθει.
1698 5339 1715 5370 ι
1745 5314 1936 5390 Neque
1961 5323 2104 5374 enint

536 5386 645 5464 ullo
684 5389 841 5438 modo
871 5389 1164 5456 putandum
1191 5388 1370 5442 estita
1408 5386 1742 5464 conformata
1785 5386 2104 5464 esse‘cmle-

536 5462 697 5506 stium
746 5470 1005 5524 corpora,
1055 5467 1113 5510 ut
1157 5473 1328 5527 genua
1359 5462 1521 5511 etiam
1549 5475 1809 5527 corporea
1845 5462 2103 5522 habeant,

539 5538 666 5596 cum
687 5530 911 5596 rotunda
941 5543 1060 5581 esse
1099 5542 1285 5581 eorum
1324 5543 1547 5596 corpora
1583 5531 2005 5586 demonstratum
2036 5534 2107 5585 sit

538 5591 700 5670 abiis
731 5595 1229 5670 qui_at:eurateista
1267 5591 1588 5652 tractarunt.
1610 5600 1668 5651 Id
1699 5604 1789 5669 qui
1820 5602 2105 5655 admittere

545 5660 699 5737 nolit,
734 5664 779 5714 is
800 5664 898 5716 nisi
929 5668 1122 5719 rationi
1150 5670 1497 5737 impudenter
1529 5660 1764 5737 resistat,
1788 5673 1950 5725 etiam
1989 5674 2102 5725 sin-

542 5733 966 5809 gli'Ol’ﬂllLIIStlIll
1000 5733 1366 5809 membrorum
1388 5778 1402 5799 ,
1440 5753 1503 5793 ne
1528 5741 1655 5806 quid
1696 5733 1860 5797 iubis
1894 5760 1921 5795 ιι
1956 5757 2103 5796 smn-

547 5814 635 5854 mo
675 5802 881 5855 artifice
912 5802 1021 5858 Dco
1050 5806 1250 5861 frustra
1283 5806 1483 5862 factum
1510 5802 1599 5876 sit,
1630 5812 1913 5869 admittere
1943 5829 2099 5883 coge-

2218 3263 2403 3309 uoster
2436 3253 2489 3307 in
2522 3264 2706 3307 monte
2736 3255 3153 3322 transfiguratus
3179 3260 3265 3306 est
3293 3251 3345 3305 in
3377 3250 3566 3322 gloria,
3604 3266 3708 3306 non
3730 3260 3792 3306 ut

2216 3361 2404 3400 manus
2444 3361 2509 3399 ac
2559 3345 2745 3416 pedes,
2783 3348 3092 3415 caateraque
3138 3344 3377 3400 membra
3410 3345 3678 3413 perderet,
3734 3354 3792 3399 et

2210 3437 2392 3493 subito
2428 3436 2481 3489 in
2511 3436 2851 3491 rotunditate
2872 3436 2956 3490 vel
2984 3436 3136 3500 solis,
3170 3436 3254 3490 vel
3302 3435 3527 3503 sphmra:
3549 3435 3791 3489 volvere-

2210 3543 2320 3594 tur,
2375 3532 2470 3585 sed
2518 3531 2707 3584 eadem
2768 3528 3010 3584 membra
3068 3527 3199 3584 solis
3254 3528 3460 3600 fulgore
3510 3528 3788 3583 rutilantia

2213 3623 2582 3693 apostolorum
2612 3621 2803 3677 oculos
2826 3620 3281 3691 perstringerent.
3317 3639 3336 3673 ι

2283 3710 2400 3783 (48)
2434 3711 2586 3779 Quod
2626 3710 2670 3764 si
2722 3711 2793 3764 ita
2840 3709 3076 3765 sensisse
3109 3718 3383 3765 constaret
3416 3708 3725 3780 Origenem,
3759 3724 3789 3763 a

2217 3806 2441 3860 I’latone
2479 3802 2608 3857 illuc
2648 3801 2941 3871 impulsum
2992 3801 3161 3858 fuisse
3204 3803 3438 3858 dicerem
3462 3842 3477 3867 ,
3505 3804 3597 3874 qui
3625 3804 3787 3857 tinem

2216 4066 2338 4121 tur;
2370 4056 2627 4125 utrinque
2650 4052 2949 4118 offendens,
2977 4053 3093 4106 sive
3138 4053 3280 4125 dicat
3328 4064 3509 4121 partes
3537 4052 3789 4125 corporis

2215 4126 2437 4192 frustra,
2467 4122 2566 4180 nec
2591 4125 2656 4179 ad
2685 4125 2957 4193 propriqu
2982 4123 3314 4191 singularqu
3344 4138 3481 4191 Opus
3509 4124 3589 4177 eis
3613 4139 3641 4175 a
3679 4122 3789 4177 Deo

2214 4199 2367 4249 datas
2401 4212 2550 4261 esse;
2589 4196 2702 4249 sive
2731 4195 2876 4246 dicat
2906 4196 3114 4247 viscera
3151 4202 3205 4244 et
3233 4205 3439 4247 rectum
3473 4194 3785 4247 intestinum

2215 4268 2462 4336 proprios
2506 4281 2636 4319 usus
2670 4265 2721 4318 in
2766 4262 3082 4336 ccelestibus
3136 4262 3386 4336 obtinere
3430 4266 3773 4332 corporibus.

2216 4332 2543 4392 Stultissime
2577 4347 2755 4387 autem
2808 4342 2929 4402 aget
2979 4332 3070 4402 qui
3122 4332 3333 4401 putabit
3384 4347 3445 4387 ea
3484 4344 3786 4388 statuarqu

2217 4423 2366 4462 more
2424 4407 2710 4461 humanam
2764 4405 2997 4470 speciem
3050 4403 3101 4454 in
3150 4404 3263 4456 sola
3316 4404 3621 4472 superlicie,
3677 4420 3786 4456 non

2213 4481 2373 4530 ctiam
2407 4477 2457 4529 in
2508 4476 2883 4545 peuitioribus
2921 4474 3143 4527 habere.
3174 4494 3224 4545 7)
3272 4473 3451 4545 Porro
3499 4489 3623 4527 cum
3655 4489 3788 4528 sex-

2142 4532 2184 4585 υ
2211 4548 2386 4601 remis
2427 4546 2479 4599 in
2508 4532 2647 4597 iocis
2681 4545 2827 4598 dicat
2852 4543 3111 4611 Origenes
3142 4544 3349 4597 similes
3380 4559 3476 4598 nos
3526 4554 3646 4612 post
3695 4562 3787 4597 re-

2211 4618 2609 4671 surrectionem
2660 4615 2871 4680 angelis
2903 4629 3182 4675 evasuros,
3223 4630 3286 4666 ac
3314 4616 3619 4678 praesertim
3650 4624 3786 4667 tom.

2210 4703 2319 4753 svnt
2345 4688 2401 4739 in
2433 4685 2649 4745 Matth.,
2680 4700 2829 4744 num,
2856 4684 3086 4753 50,pag.
3112 4684 3378 4747 815,814,
3403 4684 3488 4737 ubi
3507 4686 3614 4737 ait:
3645 4684 3792 4753 Ἐγὼ

2207 4756 2250 4807 δ’
2282 4752 2432 4827 οἶμαι
2465 4754 2553 4809 διὰ
2579 4754 2783 4827 τούτων
2826 4751 3127 4827 δηλοῦσθαι
3147 4754 3227 4805 ὅτι
3257 4755 3317 4827 οὐ
3358 4754 3519 4827 μόνον
3551 4756 3695 4827 κατά
3717 4751 3791 4807 τὸ

2211 4826 2284 4897 μὴ
2308 4822 2528 4897 γαμεῖν,
2584 4826 2677 4877 καὶ
2706 4823 2769 4875 τὸ
2799 4822 2873 4897 μὴ
2904 4823 3218 4897 γαμείσραι,
3253 4826 3329 4887 ὡς
3432 4826 3488 4897 ὲν
3519 4826 3598 4895 τῷ
3624 4828 3791 4897 οὑρι-

2206 4894 2282 4967 νῷ
2307 4894 2524 4965 ἄγγελοι
2550 4897 2787 4967 γίνονται
2814 4894 2860 4967 oi
2887 4894 3141 4967 κατα-ξιού
3151 4913 3298 4964 μενοι
3326 4895 3426 4964 τῆς
3464 4896 3526 4947 ἐκ
3574 4894 3791 4965 νεκρῶν

2207 4963 2580 5037 ἀναστάσεωςζ
2614 4963 2746 5017 ἀλλά
2780 4963 2870 5037 ιτα)
2909 4965 3047 5015 κατά
3080 4963 3160 5037 to
3202 4963 3788 5037 μετασχηματιζόμενα

2208 5038 2384 5090 αὐτῶν
2416 5037 2482 5088 τὰ
2510 5035 2739 5105 σώματα
2767 5033 2865 5105 τῆς
2903 5033 3279 5105 ταπεινώσεως
3325 5033 3567 5104 γίνεσθαι
3603 5033 3789 5089 τοιαίδ-

2206 5125 2291 5172 τα,
2310 5107 2470 5178 ὁποῖά
2496 5104 2610 5178 ἐστι
2633 5106 2703 5156 τὰ
2731 5104 2840 5178 τῷν
2871 5104 3115 5178 ἀγγέλων
3146 5104 3389 5178 σώματα,
3424 5107 3659 5178 αἰθέρια,
3692 5110 3788 5161 καὶ

2207 5177 2484 5246 αὐγοειδὲς
2518 5176 2677 5244 φῶς..
2707 5193 2725 5224 ι
2773 5175 2882 5241 Εκο
2912 5191 3040 5229 vero
3086 5175 3236 5229 inde
3265 5175 3611 5232 nianifestu'm
3667 5182 3784 5233 lieri

2206 5263 2424 5318 opinor,
2456 5261 2560 5299 non
2589 5261 2655 5318 ex
2679 5260 2744 5299 eo
2773 5246 3106 5318 solummodo
3136 5248 3279 5314 quod
3308 5264 3482 5317 neque
3505 5249 3787 5303 matrimo-

2209 5316 2355 5371 nium
2414 5316 2772 5376 contrahant,
2829 5330 3003 5383 neque
3054 5316 3332 5369 eloecntur
3386 5316 3477 5386 Qui
3539 5334 3783 5372 resurre-

2208 5391 2388 5443 ctione
2412 5403 2439 5439 a
2471 5398 2699 5439 lllOI‘llIlS
2730 5386 2874 5454 digni
2917 5386 3199 5450 habentur,
3238 5388 3445 5456 angelis
3473 5390 3595 5441 caeli
3626 5391 3782 5444 sinti-

2210 5460 2288 5513 les
2334 5458 2591 5529 evadere;
2637 5456 2731 5512 sed
2778 5472 2842 5510 ex
2890 5471 2955 5510 co
2986 5460 3150 5529 etiam
3198 5460 3341 5525 quod
3394 5463 3778 5529 transfigurata

2211 5528 2432 5583 humilia
2466 5544 2654 5581 eorum
2682 5541 2909 5593 corpora
2942 5566 2956 5587 ,
2997 5527 3119 5579 talia
3145 5528 3396 5592 evadant,
3426 5527 3611 5597 qualia
3654 5541 3780 5585 sunt

2208 5614 2436 5667 corpora
2484 5597 2820 5663 angelorum,
2851 5598 3073 5668 mtberia
3124 5598 3352 5659 scilicet,
3378 5608 3429 5651 et
3484 5600 3782 5668 splendidae

2210 5670 2315 5723 luci
2358 5668 2691 5732 consimilia;
2731 5667 3025 5742 rsequitnr
3056 5682 3280 5742 corpora
3327 5667 3606 5724 hominum
3658 5678 3783 5742 post

2209 5742 2660 5797 resurrecuonem
2686 5738 2945 5808 διώξει-ιω
2982 5738 3095 5793 l'ore
3114 5739 3372 5794 sensisse.
