4170 6474
496 443 601 500 993

1342 440 1913 498 OBIIJENIANORUM
1954 441 2082 499 LIB.
2119 442 2183 507 Il,
2227 444 2380 499 CAP.
2422 445 2485 511 Il,
2520 443 2803 512 QU.£ST.
2847 444 2938 498 IX.

3650 448 3755 505 994

498 560 738 629 ponebat.
766 559 1085 631 ἐξομοίωσιν
1117 560 1195 631 τῷ
1240 559 1380 630 Θεῷ,
1420 562 1586 616 Deum
1636 571 1814 615 autem
1849 575 2077 631 corpore

2180 563 2341 616 simul
2382 575 2437 618 et
2467 564 2634 619 semel
2668 582 2681 617 :
2713 577 2819 616 non
2850 564 3025 632 prima
3061 562 3332 630 iustorum
3353 605 3367 627 ,
3413 574 3470 620 et
3517 568 3757 623 secunda

498 656 626 709 licet
652 662 926 709 carentem
954 694 970 718 ,
1016 654 1192 708 forma
1223 656 1441 725 globosa
1484 656 1766 724 praeditum
1797 654 2031 724 fingebat
2056 696 2071 718 ,

497 748 951 819 quemadmodum
985 757 1038 802 et
1070 748 1455 819 XenOphanes,
1478 760 1534 802 ut
1564 758 1649 802 est
1679 749 1819 818 apud
1853 749 2073 802 Cicero-

498 854 621 894 nem
644 854 697 893 Iv
733 838 1004 902 Academ.,
1028 847 1082 891 et
1122 836 1405 893 Laertium
1452 840 1508 891 in
1544 834 1789 901 Platone,
1814 847 1870 891 et
1895 835 2075 889 Xeno-

500 933 669 1000 phane
723 947 740 984 :
804 944 869 984 ac
932 931 1158 999 proinde
1210 931 1408 987 animis
1450 930 1609 985 linem
1659 945 1814 984 suum
1866 930 2074 999 adeptis

501 1021 817 1093 sphaericam
845 1020 1072 1075 formam
1116 1021 1354 1075 tribuere
1390 1020 1706 1092 cogebatur.
1744 1017 1850 1073 Sed
1884 1018 2075 1073 Hiero-

502 1128 694 1185 nymus
721 1113 879 1183 epist.
927 1112 1016 1174 59,
1065 1114 1130 1165 ad
1161 1112 1332 1173 Avit.,
1378 1128 1496 1181 cap.
1530 1113 1597 1179 3,
1635 1113 1795 1166 verba
1822 1110 2073 1181 Origenis

498 1206 690 1260 recitat
724 1219 755 1259 e
803 1204 944 1259 libro
983 1219 1044 1258 ιιι
1087 1204 1224 1273 Περὶ
1278 1202 1503 1273 ἀρχῶν,
1538 1218 1659 1272 cap.
1702 1202 1735 1257 6
1761 1244 1776 1268 ,
1824 1219 1975 1256 num.
2018 1204 2069 1269 1,

494 1303 690 1373 quibus
713 1304 959 1358 homines
1006 1305 1083 1359 ait
1118 1319 1348 1374 corpora
1386 1306 1593 1360 idcirco
1623 1305 1988 1375 deposituros,
2015 1319 2071 1359 ιιι

496 1395 603 1449 Deo
634 1395 840 1450 similes
883 1396 993 1450 sint
1021 1435 1037 1461 ,
1082 1396 1234 1466 juxta
1286 1396 1413 1450 illud
1451 1394 1767 1453 Servatoris
1814 1398 1905 1453 ὀι
1944 1416 1962 1450 ι
2002 1398 2071 1453 Ut

491 1490 766 1556 quomodo
792 1501 893 1557 ego
922 1495 976 1541 et
1005 1495 1058 1541 tu
1089 1503 1252 1541 unum
1274 1504 1486 1556 sumus,
1519 1489 1601 1544 sic
1630 1498 1685 1543 et
1713 1490 1798 1544 isti
1828 1490 1878 1543 iu
1915 1490 2072 1545 nobis

492 1592 661 1633 unum
694 1580 824 1633 sint.
873 1596 895 1632 ι
930 1578 1156 1634 Demum
1188 1579 1268 1634 sic
1300 1582 1378 1635 ait
1411 1598 1425 1635 :
1464 1601 1483 1632 ι
1520 1579 1561 1633 Ε
1589 1581 1798 1637 duobus
1837 1582 2067 1636 alterum

490 1670 763 1740 suscipere
792 1671 1053 1741 cogimur,
1084 1680 1140 1724 ut
1168 1682 1262 1726 aut
1283 1672 1635 1742 desperemus
1660 1674 2068 1729 similitudinem

492 1762 607 1830 Dei,
636 1763 682 1818 si
708 1765 895 1817 eadem
941 1777 1155 1831 semper
1177 1778 1367 1819 sumus
1391 1779 1621 1834 corpora
1674 1765 1945 1834 habituri;
1980 1776 2072 1822 aut

488 1855 534 1909 si
568 1853 847 1909 beatitudo
881 1853 1043 1908 nobis
1074 1851 1317 1920 ejusdem
1341 1870 1464 1909 cum
1494 1855 1604 1910 Deo
1639 1856 1764 1910 vitae
1790 1858 2067 1925 promitti-

490 1955 598 2011 tur,
620 1948 806 1999 eadem
839 1960 944 2014 qua
973 1945 1105 2000 vivit
1150 1946 1289 2001 Deus
1327 1944 1482 2000 nobis
1520 1921 1837 2000 conditione
1876 1946 2064 2002 viven-
2094 1921 2139 1978 Β

487 2037 615 2092 dum
656 2044 761 2090 est.
807 2055 826 2089 ι
861 2034 998 2091 Tum
1042 2037 1449 2108 Hieronymus:
1487 2054 1506 2088 ι
1543 2035 1618 2090 Ex
1663 2037 1861 2106 quibus
1888 2039 2065 2092 omni-

486 2133 586 2187 bus
620 2131 970 2200 approbatur,
1019 2133 1149 2203 quid
1205 2134 1271 2187 de
1318 2131 1718 2187 resurrectione
1762 2134 1987 2188 sentiat.
2036 2153 2057 2188 ι

489 2224 654 2277 Deum
684 2223 845 2293 plane
890 2224 1296 2293 incorporeum,
1318 2233 1379 2277 ut
1422 2231 1530 2289 est,
1583 2224 1657 2278 ita
1692 2239 1813 2281 esse
1838 2227 2065 2295 putabat

484 2316 752 2385 Origenes
774 2358 790 2383 ,
838 2331 904 2371 ac
959 2316 1081 2371 ideo
1128 2317 1275 2371 omni
1331 2315 1502 2387 ﬁgura
1536 2331 1730 2372 carere
1760 2335 1774 2374 :
1806 2318 1901 2388 qui
1931 2333 2061 2389 ergo

482 2411 705 2479 globosa
731 2424 958 2479 corpora
991 2410 1275 2463 habituras
1301 2410 1513 2464 animas
1548 2410 1657 2464 reri
1693 2411 1889 2480 potuit,
1922 2427 2061 2481 quas

482 2502 686 2558 similes
734 2501 943 2557 futuras
977 2501 1198 2573 putabat
1244 2500 1353 2555 Deo
1381 2542 1395 2565 ,
1429 2513 1589 2570 quem
1625 2517 1855 2570 corpore
1892 2490 1958 2557 ac
1998 2504 2061 2557 fi-

484 2610 618 2666 gura
651 2608 840 2649 carere
872 2594 1286 2648 arbitrabatur?
1310 2593 1497 2663 Itaque
1521 2595 1615 2649 lib.
1640 2610 1672 2648 ιι
1702 2594 1777 2649 De
1805 2594 2057 2665 princip.,

482 2700 605 2755 cap.
650 2684 737 2748 10,
779 2700 930 2739 num.
961 2683 1018 2753 2,
1070 2686 1335 2755 quosdam
1379 2686 1701 2756 impugnans
1729 2687 2015 2742 haereticos
2041 2729 2055 2752 ,

481 2779 575 2846 qui
611 2778 1074 2834 resurrectionem
1120 2776 1361 2834 funditus
1407 2778 1690 2842 tollebant,
1741 2796 1760 2831 ι
1804 2778 2060 2849 Require-

480 2887 627 2935 mus,
657 2871 857 2940 inquit,
890 2872 957 2923 ab
1006 2870 1105 2934 eis,
1132 2870 1176 2924 si
1210 2880 1435 2940 possunt
1466 2872 1622 2926 nobis
1649 2872 1911 2941 spiritalis
1943 2887 2060 2927 cor-

479 2964 630 3034 poris
658 2964 904 3019 habitum
929 2962 1309 3018 demonstrare
1344 2976 1509 3033 atque
1540 2965 1873 3029 describere,
1911 2968 2056 3034 quod

480 3058 666 3126 utique
702 3055 846 3108 nullo
876 3053 1038 3108 modo
1075 3058 1257 3110 facere
1296 3064 1580 3125 poterunt.
1624 3074 1643 3106 ι
1676 3055 1840 3111 Vides
1869 3057 2056 3112 incon-

478 3148 733 3203 Stantiam
765 3147 999 3203 hominis
1024 3187 1039 3211 ,
1069 3147 1267 3200 animis
1293 3146 1575 3201 suscitatis
1599 3161 1829 3217 corpora
1867 3148 2053 3203 detra--

476 3240 660 3296 hentis
690 3254 1106 3310 nonnunquam,
1137 3251 1521 3307 nonnunquam
1554 3235 1863 3307 afﬁngentis
1884 3275 1901 3301 ,
1957 3252 2056 3293 nec

479 3347 577 3401 pro
600 3340 748 3387 certo
773 3331 1025 3386 habentis
1056 3343 1413 3400 ecquamnam
1439 3327 1527 3383 illa
1549 3326 1778 3399 ﬁguram
1804 3326 2052 3391 habitura

477 3424 607 3479 sint.

548 3579 617 3634 Χ.
661 3578 865 3635 Scribit
895 3578 1161 3646 Origenes
1209 3586 1341 3632 tom.
1394 3590 1508 3631 xvu
1552 3576 1609 3630 in
1640 3574 1859 3641 Diania,
1900 3591 2050 3632 num.

475 3674 564 3735 '55,
595 3672 869 3727 neminem
914 3686 944 3724 a
981 3670 1212 3724 mortuis
1237 3668 1302 3722 iri
1332 3668 1682 3731 suscitatum,
1724 3668 1816 3737 qni
1849 3668 1903 3723 in
1950 3670 2055 3725 hac

475 3763 586 3815 vita
629 3775 734 3814 non
762 3759 1145 3814 decertaverit.
1189 3757 1367 3812 Verba
1401 3760 1514 3812 hate
1558 3768 1686 3811 sunt
1723 3776 1737 3812 :
1778 3759 1840 3811 Et
1881 3754 1975 3813 οὖν
1994 3762 2054 3813 ὲν

476 3854 543 3924 τῇ
573 3850 930 3923 μακαριότητι
961 3850 1012 3903 οἱ
1034 3848 1213 3919 γέρως
1244 3846 1553 3917 ἀξιούμενοι
1574 3846 1663 3900 διὰ
1706 3848 1798 3900 τὸν
1829 3850 2053 3918 ἐνεστη-

477 3943 613 3997 κότα
658 3942 830 3996 αἰῶνα
860 3942 919 3995 ἐν
959 3934 1004 4008 ᾧ
1037 3938 1218 4003 καλῶς
1248 3938 1504 4002 ἐϐίωσαν,
1535 3939 1596 3991 ὲν
1621 3939 1805 4011 ἐκείνῃ
1843 3938 2053 3993 ἔσονται

472 4038 542 4109 τῇ
575 4033 709 4106 ζωῇ,
739 4033 833 4087 καὶ¹
861 4032 1040 4095 οὐδεὶς
1075 4030 1183 4082 τῶν
1232 4030 1307 4101 μὴ
1360 4028 1786 4099 ἀγωνισαμένων
1818 4028 2054 4084 ἐνταῦθα

475 4127 822 4192 καταξιοῦται
852 4128 951 4197 τῆς
979 4125 1043 4177 ὲκ
1064 4122 1274 4195 νεκρῶν
1302 4122 1672 4185 ἀναστάσεως,
1704 4120 1946 4192 δηλονότι
1978 4114 2053 4175 ὧν

474 4219 707 4275 ἐνταῦθα
755 4216 844 4271 διὰ
894 4216 1108 4287 γένεσιν
1167 4214 1324 4284 χρεία
1376 4209 1480 4285 ἦν,
1531 4214 1703 4268 ταῦτα
1760 4214 1860 4267 οὐκ
1900 4212 2052 4266 ἔσται

473 4314 608 4365 ἐκεῖ.
635 4310 786 4377 Quod
813 4310 855 4364 si
881 4309 1002 4378 quis
1029 4307 1244 4378 colliget
1293 4308 1451 4372 inde,
1498 4307 1900 4361 resurrectione
1936 4306 2051 4375 pri-

476 4402 679 4456 vandos
735 4401 929 4470 impios
980 4397 1268 4468 Origeuem
1321 4397 1666 4453 existimasse
1697 4435 1712 4460 ,
1752 4395 1968 4451 abunde
2005 4396 2053 4451 is

474 4510 596 4549 sese
632 4509 662 4547 a
691 4492 971 4563 Pamphilo
1003 4493 1338 4547 confutatum
1372 4488 1687 4559 intelligat,
1720 4487 1805 4545 vel
1843 4486 1911 4542 ab
1932 4487 2053 4557 ipso

474 4587 651 4655 potius
689 4581 926 4655 Origene
982 4584 1036 4637 in
1092 4598 1158 4638 eo
1210 4582 1370 4643 loco,
1409 4596 1573 4651 quem
1612 4595 1645 4635 e
1683 4580 1825 4636 libro
1882 4580 2052 4650 ipsius

476 4693 642 4732 xxvnt
676 4678 728 4731 in
753 4675 956 4731 Isaiam
985 4675 1194 4746 profert
1226 4673 1492 4745 Apologia:
1516 4682 1726 4738 auctor,
1749 4688 1857 4742 quo
1873 4670 2053 4741 iustos

471 4779 530 4825 et
558 4770 754 4840 impios
776 4784 805 4823 a
850 4768 1078 4823 mortuis
1101 4767 1445 4823 suscitandos
1475 4766 1753 4830 declarat;
1785 4764 2050 4834 duplicem

474 4871 653 4919 autem
692 4862 928 4917 futuram
982 4860 1444 4916 resurrectionem
1471 4897 1488 4926 ,
1532 4859 1767 4928 primam
1820 4856 2050 4912 alteram

466 4956 736 5027 justorum
758 4994 770 5015 .
796 4954 1022 5009 alteram
1050 4953 1344 5009 secundam
1382 4952 1695 5020 impiorum,
1725 4949 1883 5018 juxta
1917 4950 2049 5005 illud

472 5048 699 5105 Joannis
732 5046 958 5117 Apocal.
980 5060 1079 5113 xx,
1106 5045 1139 5100 5
1164 5062 1179 5098 :
1218 5063 1235 5096 ι
1267 5042 1465 5100 Beatus
1487 5052 1543 5099 et
1562 5052 1783 5099 sanctus
1810 5043 1902 5114 qui
1953 5044 2051 5099 ba-

472 5140 565 5195 bet
592 5147 799 5209 partem
831 5139 885 5192 in
926 5136 1324 5192 resurrectione
1367 5135 1541 5205 prima
1573 5152 1586 5189 :
1614 5136 1667 5190 in
1703 5135 1789 5189 his
1812 5136 2047 5190 secunda

476 5247 624 5287 mors
680 5247 787 5287 non
850 5229 1017 5285 habet
1089 5236 1449 5298 potestatem;
1491 5245 1511 5280 ι
1558 5241 1665 5282 non
1712 5227 1788 5283 ita
1847 5235 1906 5281 ut
1958 5225 2049 5281 illa

476 5332 720 5391 tempore
743 5319 892 5389 prior
931 5319 1002 5372 sit
1042 5316 1164 5379 ista,
1195 5316 1289 5372 sed
1320 5317 1480 5372 modo
1517 5324 1570 5371 et
1598 5316 1828 5371 ratione.
1857 5315 1933 5369 Ex
1953 5315 2055 5370 hoc

2177 665 2541 722 peccatorum,
2591 665 2647 709 ut
2700 655 2881 708 fabula
2929 664 3014 710 est
3052 657 3481 724 somniatorum,
3520 659 3615 713 sed
3652 675 3759 712 una

2174 746 2441 800 omnium.
2486 765 2505 797 ι
2545 746 2693 800 Hanc
2738 756 2920 800 autem
2950 744 3072 802 fore
3114 748 3430 818 resurgeudi
3488 750 3754 805 rationem

2176 837 2369 891 definit
2398 837 2697 908 Origenes:
2723 854 3165 910 unumquemque
3205 852 3366 909 prout
3402 856 3523 897 sese
3556 843 3611 897 in
3642 844 3756 897 vita

2176 930 2431 998 gesserit,
2460 931 2697 985 crassius
2726 931 3050 986 subtiliusve
3074 948 3103 985 a
3137 932 3245 986 Deo
3280 948 3481 1003 corpus
3505 944 3753 1004 acceptu-

2175 1035 2315 1075 rum.
2351 1039 2372 1073 ι
2413 1020 2578 1085 Sane,
2604 1041 2624 1075 ι
2672 1021 2850 1091 inquit
2874 1021 2963 1077 lib.
2991 1036 3032 1076 ll
3066 1023 3142 1075 De
3175 1036 3483 1088 resurreet.,
3509 1041 3630 1095 pag.
3659 1026 3752 1091 54,

2185 1131 2203 1164 ι
2250 1112 2429 1182 qualis
2473 1112 2640 1168 fuerit
2690 1113 3120 1184 uniuscujusque
3172 1118 3494 1184 praeparatio
3544 1119 3597 1173 in
3652 1119 3753 1172 hac

2174 1206 2307 1268 vita,
2336 1205 2457 1259 talis
2485 1205 2666 1260 eritet
2706 1206 3037 1260 resurrectio
3072 1206 3213 1275 ejus.
3243 1208 3344 1273 Qui
3394 1209 3608 1263 beatius
3660 1210 3749 1264 hic

2175 1300 2410 1362 vixerit,
2478 1312 2676 1368 corpus
2730 1296 2847 1367 ejus
2904 1298 2959 1353 in
3023 1301 3427 1356 resurrectione
3481 1301 3755 1356 diviniore

2171 1392 2458 1462 splendore
2488 1391 2729 1462 fulgebit,
2755 1400 2813 1445 et
2850 1399 2975 1461 apta
3017 1401 3072 1445 et
3102 1393 3312 1446 mansio
3340 1392 3626 1448 beatorum
3652 1394 3751 1448 tri-

2171 1485 2366 1540 buetur
2405 1483 2671 1538 locorum.
2711 1482 2844 1537 Huic
2869 1497 2998 1537 vero
3036 1485 3126 1553 qui
3172 1485 3224 1538 in
3266 1485 3469 1539 malitia
3501 1500 3755 1541 consum-

2172 1580 2345 1647 pserit
2394 1589 2605 1646 tempus
2647 1577 2749 1633 sibi
2792 1577 2918 1631 vitae
2964 1578 3251 1645 przeseutis
3291 1579 3599 1641 indultum,
3644 1578 3752 1633 tale

2171 1670 2389 1724 dabitur
2417 1683 2617 1739 corpus
2662 1669 2806 1738 quod
2845 1668 3091 1725 suﬂicere
3132 1679 3189 1724 et
3227 1672 3533 1739 perdurare
3580 1673 3751 1738 possit

2172 1762 2223 1816 in
2252 1763 2450 1832 ptenis,
2488 1782 2507 1815 ι
2540 1772 2647 1817 etc.
2691 1761 2966 1816 lterantur
3012 1764 3203 1817 eadem
3238 1763 3330 1818 lib.
3388 1780 3421 1818 ιι
3474 1764 3610 1832 Περὶ
3650 1764 3753 1833 ἀρ-

2169 1852 2315 1924 χῶν,
2354 1870 2472 1925 cap.
2509 1854 2565 1921 ὅ,
2592 1865 2648 1909 et
2677 1870 2797 1925 cap.
2828 1854 2915 1917 10,
2956 1870 3108 1909 num.
3134 1854 3192 1921 2,
3224 1854 3277 1921 5,
3309 1865 3364 1910 et
3398 1855 3490 1909 lib.
3516 1872 3597 1921 Ill,
3627 1871 3746 1926 cap.

2169 1948 2224 2010 6,
2261 1962 2414 2000 num.
2454 1947 2523 2011 4,,
2554 1948 2643 2000 ubi
2694 1947 2761 2001 ad
2793 1956 2990 2002 caetera
3047 1946 3179 2002 illud
3217 1948 3424 2017 adjicit,
3464 1960 3749 2018 postquam

2170 2038 2305 2092 adeo
2337 2052 2425 2093 res
2456 2038 2739 2103 redierint,
2782 2039 3040 2093 utonmia
3072 2054 3239 2093 unum
3262 2042 3394 2105 sint,
3426 2041 3567 2096 sicut
3590 2039 3752 2096 Pater

2168 2137 2222 2182 et
2249 2127 2417 2182 Filius
2448 2144 2611 2183 unum
2636 2136 2785 2195 sunt,
2819 2138 2929 2182 tum
2952 2128 3249 2184 desituram
3281 2130 3424 2184 illam
3458 2147 3748 2201 corporum

2169 2220 2565 2276 diversitatem.
2612 2220 2747 2276 Cum
2778 2235 2911 2291 ergo
2941 2222 3349 2277 resurrectione
3374 2224 3641 2292 privatum
3680 2226 3746 2280 iri

2170 2310 2366 2380 impios
2398 2312 2536 2367 dixit
2561 2310 2847 2384 Origenes,
2896 2314 3353 2369 resurrectionem
3388 2314 3537 2369 illam
3588 2317 3719 2372 intel

2167 2402 2273 2473 lige
2311 2418 2434 2472 quae
2466 2404 2802 2459 damnationi
2835 2402 3149 2474 Opponitur.
3176 2404 3249 2459 Ita
3295 2404 3616 2463 Lactantius
3646 2406 3743 2463 lib.

2169 2510 2240 2551 vn
2310 2495 2486 2551 Divin.
2515 2497 2768 2561 institul.,
2795 2512 2916 2566 cap.
2947 2497 3011 2552 21
3047 2514 3106 2550 ιι
3140 2496 3291 2553 Tunc
3321 2512 3551 2569 quorum
3583 2498 3745 2552 fuerit

2165 2590 2388 2657 probata
2433 2587 2676 2656 justitia,
2728 2589 2761 2642 il
2815 2589 3094 2657 praemium
3141 2588 3566 2645 immortalitatis
3594 2591 3738 2645 acci-

2165 2682 2350 2750 pient:
2393 2695 2624 2751 quorum
2671 2690 2850 2734 autem
2899 2692 3121 2749 peccata
3165 2692 3221 2737 et
3271 2681 3479 2738 scelera
3530 2683 3742 2738 delet-ta

2164 2771 2392 2838 fuerint,
2430 2787 2536 2827 non
2577 2782 2899 2840 resurgent;
2932 2776 3026 2829 sed
3053 2789 3175 2828 cum
3206 2774 3385 2843 impiis
3433 2774 3488 2828 in
3525 2776 3742 2829 easdem

2165 2865 2416 2920 tenebras
2445 2866 2827 2929 recondantur,
2857 2866 2923 2920 ad
2956 2877 3104 2922 certa
3127 2866 3388 2937 supplicia
3408 2866 3687 2923 destinati.
3716 2887 3736 2920 ι

2164 2956 2370 3027 Duplici
2395 2957 2597 3028 quippe
2647 2959 2808 3013 modo
2834 2959 3005 3029 accipi
3051 2966 3236 3029 potest
3264 2960 3614 3025 resurrectio,
3657 2958 3740 3014 vel

2161 3063 2260 3117 pro
2298 3049 2472 3104 reditu
2526 3050 2594 3104 ad
2644 3052 2806 3105 vitam
2831 3091 2847 3117 ,
2891 3060 2947 3105 et
2986 3065 3124 3105 nova
3162 3050 3408 3121 corporis
3448 3065 3513 3105 ac
3541 3051 3738 3106 anima:

2160 3142 2568 3211 conjunctione;
2618 3144 2698 3198 vel
2748 3159 2848 3213 pro
2893 3144 3015 3198 vitae
3060 3153 3279 3199 aeternas
3325 3144 3737 3212 acquisitione:

2160 3235 2340 3304 priore
2373 3236 2531 3290 modo
2589 3250 2778 3291 omnes
2834 3237 3086 3291 homines
3118 3251 3184 3291 ex
3229 3251 3387 3305 azquo
3421 3248 3739 3308 resurgent,

2159 3328 2456 3396 posteriore
2486 3327 2623 3398 justi
2666 3328 2953 3383 duntaxat.
2987 3327 3397 3396 Expositionem
3434 3330 3576 3384 banc
3604 3345 3737 3385 cou-

2157 3418 2338 3473 ﬁrmat
2393 3419 2532 3474 alter
2563 3419 2818 3489 Origenis
2858 3418 3011 3474 locus
3056 3434 3087 3473 e
3121 3429 3254 3474 tom.
3310 3436 3407 3475 xm
3442 3421 3498 3475 in
3542 3420 3737 3478 Matth.

2155 3526 2309 3576 avnt,
2343 3510 2572 3566 num.‘2|
2604 3531 2617 3566 :
2645 3513 2707 3565 Οἱ
2739 3511 2848 3585 γὰρ
2864 3511 3017 3574 ὄντες
3046 3511 3105 3563 ἐν
3130 3509 3209 3580 τῷ
3230 3512 3418 3583 σκήνει
3443 3511 3590 3581 ἅγιοι
3620 3529 3743 3565 στε-

2156 3602 2376 3669 νάζουσι
2410 3602 2734 3676 βαρούμενοι
2765 3603 2874 3657 ἀπὸ
2899 3603 2994 3657 τοῦ
3026 3603 3128 3672 τῆς
3149 3600 3529 3665 ταπεινώσεως
3557 3600 3742 3673 σώμα-

2154 3710 2265 3758 τος,
2294 3694 2386 3747 καὶ
2405 3696 2585 3749 πάντα
2614 3694 2942 3766 πράττουσιν
2976 3693 3064 3747 ἵνα
3093 3692 3233 3758 ἄξιοι
3258 3693 3523 3762 γένωνται
3577 3693 3738 3765 εὐρε-

2156 3781 2316 3854 Θῆναι
2354 3785 2411 3836 ὲν
2442 3782 2522 3855 τῷ
2548 3784 2649 3854 τῆς
2681 3783 3031 3847 ἀναστάσεως
3069 3783 3385 3855 μυστηρίῳ’
3426 3784 3519 3839 ὅτε
3572 3800 3738 3855 μετα-

2156 3892 2256 3946 σχη
2266 3892 2340 3946 μα
2351 3875 2482 3929 τίσει
2510 3877 2538 3930 ὁ
2557 3875 2689 3940 Θεὸς
2708 3876 2769 3929 οὐ
2801 3876 3021 3930 πάντων
3048 3875 3108 3929 τὸ
3142 3875 3300 3946 σῶμα
3325 3876 3428 3946 τῆς
3468 3874 3738 3929 ταπεινώ-

2155 3983 2312 4033 σεως,
2345 3965 2481 4020 ἀλλὰ
2504 3966 2612 4019 τῶν
2644 3968 2865 4039 Χριστῷ
2892 3967 3130 4039 γνησίως
3164 3967 3637 4040 μαθητευομὲνων,
3656 3970 3737 4030 εἰς

2152 4056 2214 4111 τὸ
2260 4056 2517 4126 γενέσθαι
2561 4056 2694 4109 αὐτὸ
2745 4056 3066 4129 σύμμορφον
3112 4057 3211 4128 τῆς
3256 4057 3416 4128 δόξης
3460 4056 3555 4111 τοῦ
3601 4058 3737 4128 Χρι-

2156 4148 2304 4203 στοῦ.
2332 4148 2387 4204 In
2413 4147 2825 4204 resurrectionis
2859 4148 3117 4221 mysterio
3161 4148 3391 4201 inveniri
3440 4163 3541 4202 nos
3572 4148 3729 4209 dicit,

2153 4242 2369 4314 quando
2410 4257 2606 4310 corpus
2662 4250 2906 4296 nostrum
2955 4240 3185 4295 mortale
3225 4240 3470 4309 glorioso
3522 4238 3730 4296 Christi

2153 4333 2367 4402 corpori
2394 4331 2573 4387 simile
2610 4332 2752 4387 Deus
2787 4329 2984 4386 eﬂlciet
3014 4347 3031 4397 ;
3075 4330 3218 4401 quod
3252 4330 3577 4387 beneficium
3623 4347 3731 4387 non

2153 4424 2223 4480 ad
2257 4438 2446 4479 omnes
2489 4423 2737 4478 homines
2763 4466 2778 4490 ,
2834 4423 2927 4478 sed
2989 4423 3056 4479 ad
3101 4431 3323 4478 sanctos
3352 4425 3734 4479 tantummodo

2154 4511 2464 4582 pertinebit.
2494 4510 2795 4565 Confirmat
2822 4519 2877 4565 et
2920 4509 3059 4567 alter
3105 4510 3195 4566 ille
3246 4525 3276 4565 e
3330 4508 3626 4569 Comment.
3675 4514 3732 4567 in

2083 4629 2127 4684 ι)
2153 4605 2346 4673 psalm.
2376 4619 2417 4668 ι,
2445 4616 2499 4671 p.
2526 4602 2651 4667 552,
2684 4602 2948 4659 recitatus
2987 4603 3057 4658 ab
3093 4602 3396 4673 Epiphanio
3418 4605 3554 4659 liter.
3581 4619 3730 4670 Lxrv,

2153 4712 2273 4766 cap.
2311 4696 2380 4751 10
2398 4705 2454 4752 et
2485 4695 2574 4757 12.
2598 4709 2704 4764 quo
2732 4695 3096 4766 simpliciores
3117 4697 3407 4766 quosdam,
3444 4696 3611 4752 fretos
3639 4697 3732 4751 illo

2154 4789 2412 4845 Davidico
2446 4806 2460 4842 :
2500 4806 2519 4840 ι
2563 4787 2690 4843 Ideo
2708 4804 2814 4844 non
2844 4798 3127 4859 resurgent
3151 4788 3298 4858 impii
3325 4789 3378 4843 in
3404 4788 3726 4857 judicio“,s

2154 4881 2551 4938 resurrectione
2603 4888 2697 4935 aut
2738 4880 2946 4951 judicio
2998 4881 3304 4951 dignandos
3333 4895 3363 4935 a
3401 4880 3511 4935 Deo
3560 4880 3734 4936 malos

2154 4987 2355 5042 negare
2381 4972 2482 5038 ait,
2508 4987 2613 5026 non
2659 4973 2794 5027 satis
2819 4982 3005 5041 aperte
3049 4972 3356 5027 indicantes
3375 4973 3509 5042 quid
3541 4988 3729 5029 resur-

2156 5065 2453 5121 rectionem
2486 5072 2583 5120 aut
2604 5064 2869 5136 judicium
2895 5078 3017 5120 esse
3056 5065 3411 5120 arbitrentur.

2219 5224 2311 5280 XI.
2336 5223 2599 5280 Caeterum
2634 5230 2695 5277 ut
2716 5221 2852 5278 alias
2883 5220 2998 5279 fere
3029 5236 3267 5293 semper,
3295 5222 3368 5277 ita
3400 5222 3453 5276 in
3477 5221 3562 5278 his
3591 5237 3729 5294 quo-

2149 5330 2256 5387 que
2283 5317 2350 5371 de
2372 5316 2766 5372 resurrectione
2792 5314 3183 5384 quaestionibus
3218 5314 3444 5370 Platone
3465 5315 3728 5385 magistro

472 5411 619 5466 enim
639 5408 866 5465 Joannis
895 5416 1166 5463 commate
1186 5407 1487 5462 dividenda:
1511 5407 1929 5464 resurrectionis
1966 5421 2057 5465 oc-
2151 5422 2282 5462 usus
2302 5414 2385 5463 est
2424 5405 2803 5460 Adamantius.
2829 5403 3098 5461 Futurum
3128 5404 3331 5476 quippe
3357 5404 3577 5462 aiebant
3604 5405 3729 5462 Pla-

473 5504 748 5558 casiouem
784 5500 1079 5570 arripuisse
1124 5513 1221 5552 eos
1258 5496 1557 5553 verisimile
1603 5508 1710 5564 est,
1752 5498 1819 5554 de
1862 5498 2059 5567 quibus
2155 5499 2344 5567 tonici,
2383 5507 2440 5553 ut
2477 5498 2670 5552 animae
2697 5496 2825 5553 olim

478 5593 789 5650 Gennadius
818 5591 910 5647 lib.
940 5591 1017 5646 De
1042 5592 1300 5660 dogmat.,
1332 5604 1455 5659 cap.
1486 5589 1519 5644 6
1551 5608 1564 5644 :
1594 5608 1612 5641 ι
1655 5588 1772 5644 Erit
1801 5605 2047 5646 resurre-

472 5688 583 5743 ctio
612 5694 947 5742 mortuorum
997 5681 1241 5739 omnium
1268 5681 1572 5747 hominum,
1607 5682 1704 5739 sed
1734 5697 1841 5737 una
1882 5690 1936 5737 et
1964 5682 2044 5739 iu-

544 5890 589 5924 "
618 5887 773 5945 Joan.
799 5902 931 5955 xvn,
960 5886 1052 5941 21.
1130 5886 1173 5918 ’⁸
1202 5884 1342 5944 Psal.
1375 5900 1416 5953 ι,
1451 5882 1505 5939 5.

2431 5591 2684 5660 incipiant
2706 5590 2760 5643 in
2794 5604 3017 5658 corpora
3053 5588 3180 5644 velle
3210 5590 3418 5655 reverti,

2714 5681 2952 5752 (VIBGIL.
2980 5678 3200 5737 Αΰηεὲά.
3220 5698 3297 5750 vt,
3324 5697 3468 5741 vers.
3500 5682 3657 5757 751.)
