4170 6446
526 403 631 460 995

1829 397 1889 456 Ρ.
1932 402 2250 458 DANIELIS
2288 401 2523 458 HUETII

3681 403 3783 459 996

529 541 736 594 easque
764 526 816 580 iu
845 539 1071 595 corpora
1102 540 1129 577 a
1156 524 1435 594 prioribus
1465 523 1675 578 diversa
1709 522 1822 578 fore
1850 539 2111 579 revocano
2141 531 2182 585 Α
2289 523 2423 576 XIII.
2448 522 2524 575 Ex
2560 537 2719 590 supra
2765 522 2925 577 dictis
2960 523 3292 579 subvertitur
3327 522 3586 578 Methodii
3617 526 3784 578 ratio-

526 617 648 670 das.
677 616 1038 672 Tertullianus
1079 617 1215 670 libro
1243 616 1320 668 De
1353 625 1628 669 resurrect.
1655 617 1851 678 carnis,
1883 631 2002 685 cap.
2027 617 2052 669 1
2089 635 2100 669 :

533 726 555 758 ι
591 709 855 763 Platonici
887 710 1244 765 immortalem
1281 711 1516 765 animam
1549 727 1580 765 e
1619 710 1896 764 contrario
1929 710 2105 763 recla-

526 812 680 855 mant
712 819 726 855 :
755 803 862 855 imo
884 801 1333 872 adhuc.proxime
1361 806 1526 856 etiam
1566 803 1619 856 in
1647 817 1873 870 corpora
1905 817 2106 858 remea-

528 892 686 945 hilem
740 891 1045 957 alﬁrmant,
1077 895 1176 948 etsi
1231 910 1335 948 non
1383 893 1435 947 in
1493 896 1708 948 eadem.
1759 912 1778 944 ι
1826 893 2106 962 Legendus

525 981 678 1038 Plato
713 984 804 1037 lib.
831 1000 863 1037 κ
898 983 972 1037 De
1001 987 1228 1052 republ.,
1266 986 1353 1040 ubi
1387 1001 1453 1040 ex
1483 985 1610 1040 Heri
1654 986 1954 1056 Pamphylii
1981 1001 2103 1054 per-

525 1090 656 1129 sona
681 1115 696 1139 ,
733 1075 928 1129 animm
958 1086 1161 1129 statum
1212 1085 1333 1144 post
1359 1085 1622 1140 mortem,
1663 1089 1870 1144 ptenas,
1905 1090 2104 1144 μετεμ-

524 1168 798 1238 ψύχωσιν,
849 1178 903 1221 et
951 1169 1412 1222 immortalitatem
1457 1167 1734 1222 describit.
1795 1166 1900 1221 Sed
1936 1167 2104 1221 nmlto

525 1262 699 1327 magis
724 1261 775 1313 in
833 1258 1120 1326 Plucdoue,
1167 1275 1276 1329 quo
1309 1260 1592 1315 materiam
1627 1259 1770 1314 illam
1821 1259 2098 1313 exhaurit.

522 1355 810 1424 Legendus
853 1370 1068 1423 quoque
1122 1354 1456 1424 Augustinus
1509 1353 1606 1410 lib.
1653 1368 1768 1408 xm
1817 1352 1896 1408 De
1955 1353 2098 1407 civit.

527 1447 643 1502 Dei.
675 1462 796 1516 cap.
829 1447 902 1502 ‘26
935 1458 987 1502 et
1016 1447 1110 1501 27.

598 1538 710 1595 XII.
745 1537 851 1594 Sed
877 1555 944 1594 ne
965 1540 1182 1594 solitum
1206 1539 1422 1611 Origeni
1460 1553 1642 1597 nostro
1675 1541 1815 1596 desit
1841 1538 2098 1602 ofﬁcium,

524 1633 569 1687 si
601 1647 719 1701 qua:
748 1633 803 1686 in
836 1631 952 1701 eius
985 1633 1345 1701 patrocinium
1393 1644 1589 1703 praeter
1615 1633 1890 1704 superiora
1917 1632 2096 1700 colligi

523 1732 788 1793 possunt,
815 1724 1004 1791 paucis
1037 1725 1580 1792 comprehendamus.
1613 1724 1722 1780 Sua
1757 1724 1990 1793 primum
2022 1721 2096 1774 illi

525 1814 580 1868 iu
609 1814 769 1883 hujus
811 1817 1115 1886 argumenti
1163 1817 1487 1871 tractatione
1518 1815 1660 1870 favet
1708 1813 2094 1872 inconstantia.

2213 614 2438 676 cinatio,
2469 628 2575 682 qua
2633 615 2733 667 hoc
2765 613 3016 683 Origenis
3046 617 3456 684 pronuntiatum
3502 615 3783 670 confutare

2209 716 2498 770 aggressus
2533 713 2642 769 est,
2680 715 3025 772 peccatorum
3047 708 3290 761 omnium
3317 723 3535 762 causam
3556 708 3622 762 ad
3659 723 3784 762 cor-

2210 809 2310 862 pus
2337 793 2551 848 referri.
2576 795 2668 848 Ait
2704 796 2904 864 quippe
2930 797 3238 854 Methodius
3274 800 3547 854 contraria
3575 801 3677 854 sibi
3708 801 3785 855 Io-

2208 884 2302 951 qui
2357 881 2686 952 Origenern;
2723 900 2845 940 cum
2899 887 3042 940 enim
3096 889 3334 942 animam
3384 891 3527 944 citra
3584 906 3783 960 corpus

2209 989 2486 1043 peccasse,
2519 986 2574 1031 et
2593 987 2810 1046 propter
2835 987 3116 1046 peccatum
3137 981 3366 1036 scorteis
3395 983 3596 1036 tunicis
3623 983 3783 1038 vesti-

2210 1074 2316 1120 tam
2358 1066 2544 1134 fuisse,
2576 1069 2898 1138 tunicasque
2933 1069 3051 1124 illas
3081 1087 3309 1142 corpora
3343 1073 3458 1142 ipsa
3496 1089 3619 1130 esse
3646 1089 3778 1128 cou-

2208 1158 2476 1223 cesserit;
2523 1174 2670 1213 nunc
2697 1160 2799 1214 sibi
2831 1163 3005 1230 ipsum
3045 1177 3347 1232 repugnare
3372 1203 3390 1229 ,
3421 1179 3549 1218 cum
3583 1180 3780 1235 corpus

2207 1262 2387 1303 causae
2415 1264 2536 1303 esse
2566 1250 2702 1304 dicit
2727 1267 2829 1306 cur
2849 1253 3028 1307 anima
3059 1263 3263 1323 peccet.
3309 1255 3650 1323 Origenianze
3679 1255 3778 1311 do-

2205 1341 2400 1395 ctrinae
2433 1343 2832 1397 connexiouem
2867 1361 2968 1400 non
3001 1346 3136 1401 vidit
3174 1345 3496 1403 Methodius.
3532 1347 3776 1406 Diximus

2205 1433 2350 1487 enim
2393 1447 2553 1503 supra
2593 1448 2884 1504 corporeas
2923 1439 3132 1494 animas
3158 1440 3242 1495 vel
3282 1440 3634 1512 incorporeas
3679 1460 3775 1514 ap-

2204 1524 2435 1592 pellasse
2485 1526 2898 1606 iAdamantium,
2946 1532 3274 1587 crassiorum
3331 1534 3413 1589 vel
3465 1537 3772 1591 tenuiorum

2205 1631 2490 1686 Corporum
2521 1619 2732 1676 ratione
2755 1661 2772 1688 ,
2807 1637 3148 1685 cumrrevera
3189 1639 3483 1694 corporeas
3529 1642 3674 1693 esse,
3719 1639 3776 1682 ει

2205 1706 2373 1762 Deum
2425 1725 2590 1764 unum
2629 1713 3019 1782 incorporalem
3053 1717 3345 1772 censuerit.
3385 1717 3528 1773 Idem
3563 1721 3774 1775 animas

2203 1815 2302 1870 pro
2339 1813 2686 1870 peccatorum
2753 1807 3019 1876 gravitate
3045 1809 3294 1877 graviora
3329 1810 3517 1866 subire
3543 1826 3772 1882 corpora

523 1921 645 1975 qua:
673 1921 796 1961 cum
836 1921 900 1961 ex
929 1908 1300 1976 superioribus
1329 1910 1462 1963 satis
1500 1910 1784 1965 nimii-esui
1817 1919 1902 1963 est
1926 1949 1941 1973 ,
1975 1919 2087 1963 mm
2123 1889 2163 1943 Β
2192 1893 2442 1948 asseruit.
2467 1893 2561 1949 His
2579 1897 2882 1967 neutiquam
2907 1910 3159 1969 repugnat
3196 1900 3574 1965 illud,animas
3601 1919 3628 1958 a
3649 1920 3776 1960 cora

522 2015 586 2052 ex
605 2013 672 2052 eo
718 1999 878 2054 etiam
901 1999 1043 2068 quod
1066 2001 1131 2054 de
1160 2000 1264 2055 fine
1303 2015 1482 2054 rerum
1507 2003 1818 2070 disputans,
1835 2013 1890 2056 et
1916 2011 2093 2055 utrmn

525 2092 578 2144 in
626 2105 875 2160 corpore,
939 2106 1006 2144 an
1068 2102 1224 2146 extra
1286 2107 1484 2161 corpus
1536 2107 1785 2164 suprema
1841 2092 2098 2147 beatitate

526 2183 740 2236 I'ruituri
783 2185 956 2236 simus
991 2183 1296 2252 inquirens,
1327 2183 1602 2253 triplicem
1629 2183 1938 2252 opinionem
1974 2184 2096 2236 uni--

522 2275 720 2343 cuique
748 2289 846 2342 pro
868 2273 1026 2329 Iibitu
1048 2277 1474 2344 persequendam
1495 2277 1745 2345 proponit
1771 2276 1863 2330 lib.
1886 2291 1922 2329 ιι
1956 2277 2097 2344 Περὶ

522 2365 743 2435 ἀρχῶν,
777 2367 983 2436 cap.-'5,
1017 2383 1168 2422 num.
1195 2369 1248 2434 7,
1291 2384 1452 2438 quem
1479 2368 1654 2423 locum
1695 2369 1888 2438 repetit
1914 2367 2101 2423 Hiero-

525 2476 716 2530 nymus
765 2461 923 2529 epist.
971 2460 1063 2526 59,
1121 2460 1188 2515 ad
1240 2461 1408 2525 Avit.,
1446 2475 1567 2532 cap.
1597 2461 1653 2514 2.
1679 2459 1853 2529 Caput
1884 2475 2098 2530 quoque

522 2564 734 2606 sextum
780 2553 899 2607 libri
938 2553 1095 2623 primi
1146 2553 1223 2608 De
1267 2554 1499 2623 princip.
1550 2553 1796 2609 eamdem
1846 2552 2095 2623 Origenis

522 2641 925 2698 ﬂuctuationem
987 2652 1254 2704 testatur;
1318 2659 1444 2698 nam
1493 2653 1780 2714 postquam
1825 2643 2094 2713 duplicem

523 2736 592 2788 de
639 2744 779 2788 statu
827 2734 1107 2790 beatorum
1153 2737 1476 2791 sententiam
1527 2735 1814 2800 exposuit,
1863 2750 2094 2804 quarum

525 2828 678 2896 prior
726 2827 1066 2883 interituram
1105 2844 1389 2898 corporum
1432 2838 1679 2882 naturam
1714 2829 1904 2882 delinit
1930 2866 1946 2891 ,
1980 2836 2033 2880 et
2067 2841 2097 2880 a

522 2935 628 2988 qua
669 2931 791 2974 sese
825 2921 1060 2974 alienum
1108 2921 1416 2991 proﬁtetur,
1463 2921 1568 2975 alia
1623 2930 1872 2974 naturam
1903 2932 2100 2986 corpo-

523 3025 671 3065 ream
712 3011 766 3065 in
824 3013 1039 3066 modum
1091 3014 1312 3068 artheris
1364 3021 1720 3084 expurgatum
1773 3011 1839 3066 iri
1891 3011 2093 3075 tradit,

524 3103 740 3158 tandem
801 3106 881 3160 sic
932 3105 1206 3159 concludit
1256 3119 1403 3158 num.
1449 3103 1485 3157 4
1533 3121 1547 3158 :
1606 3123 1625 3154 ι
1671 3103 1884 3159 Certius
1915 3110 2093 3155 tamen

522 3193 759 3261 qualiter
799 3210 857 3249 se
890 3196 1138 3249 habitura
1174 3195 1246 3249 sit
1295 3208 1382 3248 res
1403 3234 1418 3258 ,
1452 3194 1552 3250 scit
1580 3197 1727 3250 solus
1757 3196 1919 3258 Deus,
1963 3203 2019 3248 et
2050 3195 2092 3246 si

526 3287 619 3353 qui
655 3287 773 3356 ejus
806 3302 900 3355 per
929 3287 1229 3353 Christum,
1264 3296 1319 3342 et
1342 3286 1603 3355 Spiritum
1641 3297 1893 3362 sanctum
1931 3287 2091 3340 amici

521 3386 667 3430 sunt.
711 3396 729 3428 ι
779 3377 898 3432 Pari
929 3394 1096 3448 prope
1136 3378 1292 3432 modo
1319 3378 1619 3432 consimilis
1651 3378 1952 3448 argumenti
1981 3379 2094 3433 dis-

520 3470 855 3537 putationem
911 3471 1113 3524 claudit
1169 3471 1262 3527 Iib.
1323 3488 1359 3525 Il
1416 3471 1554 3540 Περὶ
1595 3470 1815 3539 ἀρχῶν,
1866 3484 1988 3539 cap.
2032 3471 2089 3524 2.

524 3558 750 3614 Prodest
804 3575 1018 3628 quoque
1069 3561 1134 3616 ad
1185 3564 1548 3618 excusandum
1594 3579 1716 3617 eum
1764 3561 1942 3616 Ruﬁni
2004 3577 2092 3616 re-

525 3651 751 3719 sponsio
798 3651 888 3704 lib.
925 3652 998 3705 De
1025 3654 1195 3707 adult.
1239 3653 1422 3707 Iibror.
1462 3655 1679 3724 Urigen.
1723 3655 2092 3724 portendentis

519 3755 738 3798 errores
767 3741 899 3799 istos
926 3742 1068 3799 circa
1111 3743 1520 3801 resurrectionis
1562 3744 1846 3801 materiam
1876 3744 2091 3817 scriptis

522 3834 691 3904 ipsius
747 3837 814 3890 ab
866 3837 1130 3893 haereticis
1189 3839 1354 3893 fuisse
1426 3853 1696 3908 aspersas.
1751 3840 1922 3893 Verba
1975 3839 2091 3908 ejus

523 3937 651 3983 sunt
684 3950 695 3983 :
725 3948 744 3980 ι
775 3927 866 3984 Vel
895 3930 1088 3983 iterum
1121 3931 1187 3984 de
1207 3932 1608 3986 resurrectione
1625 3931 1824 3997 carnis,
1857 3932 1946 4000 qui
1981 3941 2088 3986 tam

517 4022 802 4076 evidenter
849 4022 1219 4090 pronuntiavit
1269 4031 1516 4076 naturam
1564 4022 1748 4076 carnis
1795 4022 1848 4075 in
1887 4022 2086 4076 coelum

519 4115 839 4167 ascendisse
868 4128 988 4168 cum
1036 4112 1216 4168 Verbo
1263 4113 1378 4175 Dei,
1412 4123 1575 4183 atque
1607 4114 1741 4169 inibi
1769 4113 2086 4168 caelestibus

519 4209 836 4274 apparuisse
865 4205 1192 4273 Virtutibus,
1222 4221 1419 4262 novum
1442 4217 1497 4260 et
1524 4207 1899 4261 admirandum
1927 4207 1977 4262 ei
2003 4205 2085 4260 sui

515 4299 690 4352 visum
729 4298 1050 4367 praebentem
1083 4338 1098 4361 ,
1151 4298 1408 4366 possibile
1455 4309 1575 4352 erat
1624 4308 1682 4352 ut
1713 4299 1852 4353 hanc
1885 4299 2080 4352 iterum

517 4404 623 4442 non
663 4402 781 4443 esse
806 4389 1117 4443 salvandam
1153 4390 1360 4444 diceret
1391 4386 1415 4443 ?
1450 4407 1468 4441 ι
1499 4387 1566 4442 At
1600 4389 1724 4443 inde
1755 4397 1930 4442 tamen
1952 4403 2090 4458 prae-

515 4479 732 4546 cipuum
764 4478 862 4532 sibi
896 4479 1122 4533 arcessit
1158 4477 1421 4548 Origenes
1466 4479 1804 4548 praesidium,
1831 4493 1940 4547 quo
1989 4493 2084 4533 sua

514 4579 674 4622 aetate
718 4569 953 4624 nondum
1003 4571 1334 4638 quaestiones
1372 4571 1475 4625 illae
1506 4571 1719 4625 fuerant
1745 4571 1812 4625 ab
1842 4571 2082 4626 Ecclesia
2116 4582 2156 4635 ιι

513 4658 856 4729 dijudicatm;
927 4676 1033 4729 quo
1085 4661 1284 4715 factum
1321 4672 1404 4716 est
1441 4703 1455 4727 ,
1499 4673 1557 4716 ut
1594 4662 1717 4716 dum
1751 4677 1872 4715 eum
1905 4677 1934 4714 a
1994 4678 2087 4717 ve»

513 4753 695 4807 ritatis
723 4768 912 4806 norma
947 4751 1210 4806 deﬂexum
1245 4768 1504 4808 revocare
1543 4754 1738 4823 satagit
1763 4751 2086 4816 Methodius,

515 4854 544 4892 a
573 4853 701 4893 vero
753 4839 866 4908 ipse
895 4841 1229 4894 deerraverit
1255 4880 1270 4904 ,
1322 4852 1379 4895 et
1413 4841 1502 4894 alii
1531 4856 1749 4911 quoque
1800 4858 1906 4897 non
1962 4843 2082 4897 sine

511 4933 808 4989 oﬂensione
839 4933 892 4987 in
921 4935 1024 4987 hac
1053 4934 1354 5000 quastione
1382 4934 1582 4988 versati
1613 4936 1726 4988 sint
1751 4975 1766 4999 ,
1801 4945 1859 4988 ut
1899 4941 2086 4990 osten-

511 5029 692 5082 dimus
730 5040 891 5094 supra
919 5043 934 5091 ;
966 5034 1019 5079 et
1055 5023 1419 5096 Hieronymus
1453 5025 1600 5080 velut
1628 5025 1879 5090 titubans.
1909 5035 2084 5081 mate-

514 5121 648 5173 riam
683 5119 820 5172 hanc
853 5117 1165 5172 tractaverit
1197 5118 1357 5188 epist.
1388 5117 1478 5184 6i,
1507 5118 1573 5171 ad
1605 5115 2082 5187 Pamntach.,cap.

514 5208 616 5273 15;
653 5207 944 5278 aitquippe
977 5225 990 5260 :
1026 5225 1045 5258 ι
1083 5207 1250 5277 Ergo,
1285 5207 1518 5276 inquies,
1554 5216 1608 5261 et
1633 5221 1731 5262 nos
1754 5215 1877 5276 post
1900 5221 2087 5261 resur-

513 5299 809 5352 reetionem
841 5298 1107 5352 comesuri
1138 5311 1324 5352 sumus
1347 5298 1370 5351 ?
1395 5296 1613 5362 Nescio,
1637 5312 1743 5352 non
1776 5299 1919 5350 enim
1943 5297 2084 5351 scri-

512 5398 660 5456 ptum
686 5397 802 5454 est;
833 5399 887 5442 et
911 5399 1088 5443 tamen
1136 5389 1179 5443 si
1215 5399 1490 5459 qmeralur
1516 5429 1531 5454 ,
1571 5404 1675 5443 non
1731 5398 1860 5458 puto
1902 5402 2085 5443 come-

513 5495 690 5534 suros.
737 5499 756 5532 ι
798 5480 927 5548 Quae
953 5496 1114 5536 causa
1146 5491 1250 5544 est,
1272 5497 1372 5536 cur
1401 5496 1555 5534 suam
1588 5481 1654 5535 de
1680 5480 2084 5534 resurrectione

511 5572 884 5625 declaraturus
921 5572 1246 5626 sententiam
1277 5571 1542 5640 Origenes
1563 5613 1579 5638 ,
1622 5572 1963 5626 retinendam
1993 5584 2080 5625 ve-

514 5677 685 5718 terum
745 5665 1049 5733 opinionem
1107 5665 1584 5734 pronuntiaverit,
1631 5665 1760 5734 quia
1826 5664 2080 5718 nimirum

509 5755 856 5822 quantumvis
873 5755 1071 5809 absona
1105 5755 1223 5823 ejus
1251 5757 1498 5825 dogmata
1530 5769 1658 5810 suos
1677 5764 1856 5810 tamen
1897 5762 2055 5810 aucto

515 5859 601 5897 res
627 5853 683 5896 et
707 5853 966 5910 patronos
1012 5845 1272 5900 habuere.

586 5956 632 5987 ¹¹
657 5955 813 6010 Rom.
845 5970 961 6016 vm,
985 5954 1070 6008 22.

2199 1984 2421 2050 poribus
2449 1988 2563 2041 suis
2590 1989 2728 2043 trahi
2747 1995 2798 2043 In
2826 1991 2974 2055 vitia,
2998 2000 3053 2044 et
3082 2006 3203 2045 cum
3233 2008 3511 2062 nunquam
3551 2011 3776 2066 corpore

2197 2075 2453 2130 caritura:
2475 2077 2609 2139 sint,
2647 2077 2862 2134 futuros
2893 2095 3111 2149 seraper
3141 2079 3504 2140 beatitudinis
3537 2096 3592 2140 et
3624 2088 3776 2142 dam-

2201 2166 2435 2222 nationis
2469 2168 2761 2236 circuitus;
2813 2180 2870 2224 et
2898 2182 3189 2242 antequam
3243 2174 3498 2230 humanis
3528 2180 3768 2234 astricta:

2197 2266 2380 2310 essent
2416 2260 2693 2323 membris,
2719 2261 2770 2314 in
2801 2270 3018 2330 peccata
3045 2271 3225 2318 tamen
3253 2265 3420 2320 fuisse
3453 2268 3769 2338 prolapsas;

2198 2364 2262 2403 ac
2291 2350 2517 2405 meritas
2537 2366 2635 2405 cur
2661 2367 2691 2404 e
2725 2354 3106 2410 subtilioribus
3151 2359 3472 2425 corporibus
3525 2360 3580 2413 in
3638 2361 3776 2429 Spis—

2197 2442 2340 2496 siora
2400 2441 2864 2509 demergerentur.
2907 2446 3085 2514 Atque
3125 2447 3198 2500 ita
3242 2463 3532 2503 commune
3569 2451 3772 2520 aliquid

2201 2535 2361 2589 habet
2391 2535 2655 2605 Origenes
2704 2552 2826 2590 cum
2879 2535 3218 2610 Porphyrio,
3251 2543 3342 2609 qui
3375 2541 3611 2606 dicebat,
3649 2559 3670 2594 ι
3716 2552 3776 2598 ιιι

2199 2627 2352 2682 beata
2389 2629 2461 2681 sit
2495 2629 2698 2693 anima,
2737 2644 2934 2698 corpus
2977 2645 3138 2685 omne
3191 2647 3315 2688 esse
3342 2633 3677 2704 fugiendum.
3749 2654 3769 2688 ο

2198 2719 2302 2773 Sed
2347 2729 2405 2773 ut
2429 2721 2738 2775 communia
2769 2722 3012 2790 quaedam
3035 2738 3156 2776 cum
3190 2723 3492 2795 Porphyrio
3517 2727 3588 2781 sit
3615 2727 3767 2782 Iocu-

2198 2819 2304 2878 tns,
2333 2812 2545 2881 penitus
2576 2823 2754 2866 tamen
2780 2811 2994 2869 diversa
3024 2818 3212 2870 sensit.

2270 2903 2570 2958 Notandum
2620 2920 2785 2968 porro
2836 2918 3111 2963 auctorem
3163 2909 3358 2981 dialogi
3409 2911 3482 2964 De
3527 2921 3674 2964 recta
3712 2912 3767 2964 in

2202 2993 2365 3048 Deum
2403 2995 2530 3062 ﬁde,
2575 2997 2666 3064 qui
2711 2999 2814 3053 sub
2850 2995 3104 3068 Origenis
3148 3003 3366 3055 nomine
3395 3001 3616 3071 prodiit,
3652 2999 3765 3056 ua-

2200 3085 2376 3138 rinum
2412 3085 2873 3142 Bardesianistam
2918 3089 3177 3144 inducere
3211 3092 3325 3145 lucc
3356 3094 3607 3162 dogmata
3651 3108 3751 3162 pro

2199 3184 2558 3245 pugnantem;
2605 3177 2879 3232 hominem
2927 3181 3042 3234 sola
3100 3181 3281 3234 anima
3324 3191 3618 3247 constare;
3647 3184 3767 3237 ani-

2201 3279 2344 3317 mam
2378 3264 2586 3319 scelere
2611 3266 2874 3334 admisso,
2907 3271 3102 3325 tunicis
3130 3271 3387 3340 pelliceis,
3420 3273 3522 3328 hoc
3543 3281 3628 3328 est
3653 3288 3775 3328 cors

2195 3370 2348 3425 pore,
2385 3365 2642 3426 tanquam
2687 3360 2906 3414 vinculo
2950 3376 3016 3416 ac
3061 3363 3322 3430 compede
3348 3364 3773 3429 fuisseconstri-

2194 3457 2361 3511 ctam,
2389 3457 2557 3519 atque
2593 3450 2721 3506 inde
2755 3470 2784 3506 a
2813 3452 3049 3509 Ieremia
3096 3456 3314 3512 vinctos
3346 3473 3444 3512 nos
3472 3460 3768 3528 appellari;

2172 3551 2259 3591 .ac
2318 3537 2500 3593 animo
2544 3541 2806 3598 malorum
2837 3545 3078 3599 omnium
3119 3562 3339 3602 causam
3371 3563 3491 3604 esse
3521 3564 3719 3618 corpus
3753 3567 3767 3602 :

2191 3629 2576 3688 Adamantium
2605 3649 2784 3691 autem
2817 3638 2934 3694 haec
2960 3640 3076 3710 ipsa
3117 3641 3556 3712 impugnantem;
3585 3656 3640 3699 et
3673 3646 3772 3699 ho-

2193 3722 2416 3788 minem,
2445 3739 2678 3794 corpore
2717 3726 2844 3784 licet
2863 3739 2919 3783 et
2945 3732 3120 3786 anima
3149 3743 3385 3799 constet,
3411 3737 3652 3790 animam
3680 3746 3766 3790 ta-

2194 3831 2316 3870 men
2368 3819 2421 3870 in
2480 3815 2785 3890 Scripturis
2818 3822 3000 3880 vocari
3025 3823 3516 3905 demonstrantem,
3552 3828 3773 3882 eadem-

2192 3922 2301 3977 que
2355 3907 2563 3964 Marino
2604 3925 2971 3980 regerentem,
3021 3933 3141 3987 qua:
3201 3917 3342 3990 apud
3411 3919 3769 3992 Eptphanium

2190 4001 2406 4071 Origeni
2434 4001 2733 4061 Methodius
2755 4009 3021 4078 opposuit.

2748 4141 3075 4210 QUIESTIO
3114 4141 3158 4196 Χ

2643 4249 2711 4286 DE
2751 4250 3030 4289 POSTBEHO
3067 4251 3298 4294 JUDICIO.

2188 4314 2228 4370 1.
2274 4316 2602 4396 {impiorum}-
2647 4321 2918 4396 ριαςίιιιηι
2945 4324 3184 4396 origeuis
3235 4327 3299 4379 de
3327 4329 3480 4382 rebus
3518 4344 3761 4396 supremo

2267 4386 2358 4440 Dei
2392 4391 2608 4441 arbitrio
2639 4391 2968 4457 judicandis.
2996 4386 3060 4446 Il:
3095 4394 3160 4448 Et
3205 4400 3268 4449 de
3301 4400 3505 4452 ratione
3552 4386 3614 4452 a'c
3648 4403 3762 4454 loco

2253 4457 2450 4524 judicii
2485 4462 2757 4526 postremi.

2259 4569 2296 4634 Ι.
2337 4571 2673 4627 Murtnorum
2720 4577 3179 4632 resurrectionem
3210 4593 3521 4650 supremum
3560 4583 3652 4638 Dei
3674 4585 3764 4654 ju-

2194 4663 2392 4716 dicium
2439 4665 2692 4734 excipiet.
2724 4665 2841 4732 Quo
2864 4682 2986 4722 cum
3015 4669 3324 4725 ulciscenda
3357 4673 3579 4738 scelera,
3617 4690 3762 4730 mer-

2195 4754 2328 4807 cede
2356 4765 2537 4808 autem
2567 4755 2810 4809 donanda
2839 4758 2951 4811 sint
2988 4769 3140 4813 recte
3166 4771 3284 4813 acta
3310 4771 3364 4815 et
3398 4763 3649 4829 virtutes,
3680 4767 3764 4820 id-

2193 4845 2338 4898 circo
2391 4853 2600 4900 statura
2646 4849 2900 4915 Opinatus
2955 4860 3040 4903 est
3085 4851 3368 4923 Origenes,
3425 4868 3764 4927 quaecunque

2194 4936 2276 4990 vel
2316 4947 2462 4991 recte
2492 4937 2573 4992 vel
2629 4938 2766 4992 male
2825 4941 3032 5007 agendo
3080 4945 3301 5012 praemia
3357 4947 3441 5002 vel
3494 4950 3761 5019 supplicia

2195 5029 2499 5095 promereri
2567 5039 2818 5097 possunt.
2870 5031 3133 5100 Superius
3185 5045 3362 5090 autem
3423 5041 3763 5097 ostendimus

2190 5117 2398 5186 angelis
2452 5118 2649 5187 ipsum,
2691 5120 2961 5176 sideribus
3027 5139 3089 5178 ac
3149 5126 3431 5183 elementis
3491 5132 3627 5187 bene
3674 5136 3759 5188 vel

2191 5208 2329 5261 rnale
2364 5209 2558 5277 agendi
2596 5219 2918 5277 potestatem
2950 5212 3244 5274 aliinxisse.
3287 5218 3582 5276 «Futurum
3616 5238 3755 5289 est,»

2191 5298 2380 5366 inquit
2407 5299 2594 5352 homil.
2627 5299 2661 5352 4
2693 5301 2746 5353 in
2783 5299 3003 5367 Ezech.,
3043 5321 3192 5360 num.
3244 5309 3295 5370 I.
3339 5325 3463 5381 pag.
3497 5313 3624 5378 570,
3664 5327 3763 5370 ιιιι

2189 5389 2244 5444 in
2276 5390 2362 5444 die
2385 5389 2582 5458 judicii
2628 5405 2738 5444 non
2771 5391 2942 5446 solum
2979 5394 3159 5460 homo,
3193 5400 3286 5454 sed
3316 5401 3477 5455 etiam
3508 5405 3760 5462 universa

2189 5483 2428 5538 conditio
2459 5480 2738 5549 iudicetur
2770 5501 2782 5536 :
2814 5481 3003 5539 Omnis
3035 5490 3235 5558 quippe
3277 5504 3526 5547 creatura
3559 5511 3762 5565 conge-

2189 5575 2371 5630 miscit
2397 5585 2453 5628 et
2496 5575 2750 5631 condolet
2769 5578 2838 5628 ι’.
2865 5595 2882 5628 ι
2923 5577 3058 5632 Τιιιη
3097 5581 3150 5634 in
3196 5584 3342 5638 hunc
3391 5601 3570 5640 rerum
3613 5586 3760 5656 judi-

2189 5667 2487 5722 caudarum
2517 5682 2737 5723 censum
2766 5671 2987 5738 coniicit
3014 5678 3254 5743 angelos,
3278 5679 3499 5743 malum,
3528 5697 3757 5752 quaeque

2189 5775 2350 5844 supra
2407 5770 2462 5815 et
2509 5760 2652 5815 infra
2719 5762 2938 5818 malum"
2988 5776 3150 5829 sunt,
3217 5780 3418 5826 terram
3473 5774 3642 5842 ipsam
3701 5785 3757 5829 et

2189 5867 2390 5908 acrem.
2427 5852 2542 5918 Qua
2589 5854 2654 5907 dc
2693 5854 2948 5923 opinione
2974 5856 3082 5913 late
3114 5859 3492 5933 disseruimus,
3519 5880 3646 5920 cum
3684 5866 3752 5922 de
