4170 6454
408 430 510 487 997

1246 423 1812 482 ORIGENIANORUM
1855 420 1980 478 LIB.
2029 422 2093 486 II,
2129 422 2280 477 CAP.
2323 423 2386 484 II,
2422 422 2700 489 ρυίεετ.
2748 421 2840 479 XI.

3550 432 3653 487 998

408 549 616 620 angelis
657 559 710 603 ει
734 550 799 604 de
828 549 1094 605 sideribus
1129 564 1432 618 ageremus,
1457 551 1687 617 Quinam
1718 559 1976 621 preterea
2011 549 2054 604 Α
2082 545 2326 597 omnium
2388 543 2664 597 Christum
2725 553 2918 596 natura
2979 552 3034 598 CI.
3095 544 3379 614 majestate
3438 551 3651 601 CllllClIrl

409 645 462 697 in
534 641 801 709 judicium
877 641 1099 696 sistendi
1179 643 1322 708 sint,
1389 644 1625 710 ignorari
1696 643 1974 697 declarat:

411 754 430 787 ι
459 734 655 790 Utrum
683 743 861 787 autem
885 747 1075 786 omnes
1093 741 1336 800 gentes,»
1373 734 1545 801 inquit
1570 741 1781 786 tractat.
1811 747 1979 785 xxxiv

403 831 460 881 in
494 824 706 888 Matth.,
746 841 894 879 num.
933 825 1020 888 70,
1055 843 1073 876 ‹
1099 825 1164 879 ab
1191 825 1441 880 omnibus
1475 839 1594 892 quae
1627 826 1678 878 in
1711 827 1967 880 omnibus

407 913 848 986 generationibus
885 914 1114 981 fuerint,
1141 926 1234 968 aut
1264 915 1366 969 illa:
1399 925 1602 970 tantum
1627 931 1747 985 quae
1777 922 1828 971 In
1856 933 1978 970 con-

408 1005 768 1059 summatione
801 1002 1000 1059 iuerint
1026 1006 1319 1069 derelictae,
1347 1016 1440 1060 aut
1482 1007 1586 1061 illa;
1615 1015 1822 1060 tantum
1852 1023 1972 1077 qua:

409 1096 758 1151 crediderunt
786 1097 837 1149 in
867 1094 1036 1150 Deum
1066 1111 1162 1166 per
1185 1096 1461 1152 Christum
1489 1114 1504 1162 ;
1545 1109 1598 1152 et
1633 1099 1760 1166 ipse
1787 1110 1970 1152 utrum

407 1202 616 1248 omnes,
644 1201 710 1240 an
758 1202 864 1240 non
892 1202 1101 1251 omnes,
1148 1203 1251 1242 non
1285 1190 1419 1242 satis
1442 1199 1524 1244 est
1552 1191 1918 1244 manifestum.
1950 1210 1968 1241 ι

409 1275 486 1328 De
510 1265 701 1329 eodem
732 1278 893 1330 etiam
923 1278 1146 1348 ambigit
1175 1287 1391 1332 tractat.
1425 1295 1530 1332 xxx
1552 1281 1603 1333 in
1631 1282 1766 1335 idem
1797 1281 1975 1335 Evan-

404 1367 622 1437 gelium,
661 1383 805 1422 num.
836 1369 924 1422 5i.
946 1372 1012 1422 At
1041 1370 1093 1423 in
1125 1385 1304 1424 veram
1336 1379 1511 1426 tamen
1539 1383 1594 1426 et
1618 1375 1970 1429 orthodoxam

403 1461 728 1514 sententiam
780 1461 988 1514 videtur
1029 1463 1331 1515 concedere
1383 1463 1478 1517 lib.
1506 1480 1542 1518 ιι
1592 1465 1649 1518 in
1698 1464 1870 1532 Epist.
1900 1468 1970 1520 ad

404 1547 580 1612 Rom.,
614 1565 761 1603 num.
803 1551 858 1613 4,
891 1566 1014 1620 pag.
1051 1551 1156 1605 479
1189 1552 1251 1622 (si
1282 1568 1400 1621 qua;
1439 1555 1617 1608 Ruﬁni
1648 1557 1972 1626 interpreta-

401 1641 534 1694 tioni
579 1640 710 1695 ﬁdes
745 1641 986 1696 habenda
1037 1643 1168 1712 est),
1217 1660 1514 1715 omnesque
1539 1651 1762 1703 omnino
1793 1651 1971 1706 homi-

399 1740 500 1780 nes
547 1727 600 1780 in
639 1741 892 1796 supremo
919 1729 1012 1783 illo
1036 1730 1375 1802 διαδικασμῷ
1424 1733 1748 1802 judicandos
1799 1753 1968 1807 agno-

399 1830 572 1872 scere.
606 1837 624 1869 ‹
657 1817 973 1886 Requiritur
1003 1837 1162 1883 sane.
1206 1823 1403 1892 inquit,
1435 1840 1463 1878 a
1497 1827 1845 1895 quibusdam,
1871 1845 1970 1884 cur

2083 634 2413 688 eminentem
2463 634 2828 702 introspicere
2880 636 3070 699 corda,
3139 645 3195 689 et
3256 636 3648 691 conscientiam

2078 724 2436 795 singulorum,
2471 725 2826 781 manifestare
2867 728 3100 790 occulta,
3128 737 3183 782 et
3233 729 3448 782 obtecta
3490 744 3651 783 reve-

2078 815 2216 882 lare,
2259 825 2318 868 ut
2367 824 2422 870 et
2468 817 2625 872 bonis
2667 818 2880 872 actibus
2929 818 3139 873 laudem
3172 820 3392 884 tribuat,
3428 829 3483 875 et
3518 821 3645 875 mali

2077 921 2318 978 pinnam,
2354 922 2514 974 quam
2559 916 2857 974 merentur,
2891 909 3185 978 excipiant.
3219 929 3238 962 ι
3285 910 3484 979 Nempe
3511 913 3640 967 alleu-

2075 999 2243 1068 goriis
2283 998 2396 1053 suis
2433 1000 2706 1054 sincerum
2749 1001 2876 1055 illud
2910 1002 3102 1071 dogma
3146 1003 3413 1071 corrupit,
3454 1021 3472 1054 ι
3497 1007 3644 1072 quod

2078 1091 2131 1143 in
2162 1090 2506 1145 confessione
2534 1105 2597 1144 ac
2631 1090 2976 1161 professione
3007 1103 3154 1147 tenet
3187 1095 3363 1148 omnis
3399 1095 3642 1150 Ecclesia

2074 1179 2169 1233 Dei
2215 1179 2328 1232 veri
2357 1197 2376 1229 ι
2425 1179 2525 1249 (ait
2568 1181 2904 1249 Augustinus
2954 1181 3048 1236 lib.
3101 1199 3172 1236 xx
3212 1182 3291 1237 De
3327 1185 3471 1239 civit.
3517 1185 3640 1252 Dei,

2073 1284 2194 1338 cap.
2233 1269 2308 1340 1),
2354 1269 2669 1325 «Christum
2717 1273 2783 1326 de
2846 1271 2990 1328 caelo
3050 1287 3172 1329 esse
3222 1285 3514 1330 venturum
3571 1279 3640 1332 ad

2074 1362 2226 1416 vivos
2260 1370 2316 1416 et
2345 1370 2586 1417 mortuos
2627 1363 3034 1431 judicandosp
3065 1381 3169 1420 non
3210 1367 3370 1421 modo
3409 1382 3506 1436 per
3533 1371 3639 1422 vim

2067 1461 2126 1506 et
2155 1452 2493 1520 majestatem
2518 1469 2671 1509 suam
2699 1455 2884 1508 omnia
2918 1457 3296 1525 complentem,
3329 1471 3641 1529 mentesque

2071 1545 2314 1598 omnium
2353 1546 2781 1611 collustrantem,
2811 1557 2866 1600 et
2902 1547 2954 1600 in
2988 1557 3232 1602 actorum
3260 1565 3481 1605 suorum
3527 1565 3640 1604 me-

2074 1635 2302 1688 moriam
2337 1643 2785 1704 retorquentem;
2819 1637 2916 1692 sed
2947 1651 3175 1706 corpore
3202 1651 3549 1708 praesentem,
3583 1651 3638 1694 et

2074 1725 2319 1781 homines
2347 1728 2632 1783 universos
2657 1728 2710 1782 in
2741 1744 2907 1782 unum
2953 1730 3335 1800 adducentem,
3362 1742 3418 1787 et
3441 1749 3637 1803 supre-

2073 1830 2160 1868 ma
2200 1830 2264 1870 ac
2295 1817 2600 1872 decretoria
2644 1818 2914 1873 sententia
2957 1833 3044 1873 res
3084 1819 3366 1874 hominum
3416 1837 3638 1893 compo-

397 1907 518 1961 dies
545 1908 651 1971 hic,
693 1908 758 1962 de
785 1924 891 1977 quo
919 1912 1168 1978 superius
1223 1889 1576 1971 bibliothecas
1623 1889 1965 1988 propheiicas
2000 1889 2040 1945 Β
2072 1916 2308 1962 nentem.
2339 1907 2409 1962 At
2443 1909 2530 1962 hic
2559 1923 2774 1978 quoque
2807 1909 3216 1964 meminerimus
3244 1911 3478 1965 nondum
3516 1927 3636 1967 cer-

398 1997 688 2063 movimus,
723 2000 774 2052 in
809 2001 914 2054 line
949 2003 1132 2056 mundi
1162 2011 1400 2061 statutus
1449 2009 1542 2072 sit,
1571 2019 1628 2062 ut
1653 2025 1844 2066 omnes
1871 2015 1961 2081 qui

396 2090 467 2144 ab
525 2090 677 2144 initio
720 2093 897 2146 saeculi
952 2109 1124 2163 usque
1175 2097 1240 2150 ad
1293 2097 1452 2152 ﬁnem
1515 2100 1684 2168 ipsius
1724 2103 1964 2160 defuncti

395 2188 546 2241 sunt,
577 2180 643 2232 ad
696 2179 840 2236 hunc
892 2183 1139 2238 ultimum
1180 2186 1323 2242 diem
1365 2187 1641 2256 judicandi
1677 2209 1964 2252 reserven-

395 2275 507 2321 1111⁵.
540 2286 560 2321 ι

465 2352 529 2408 II.
573 2375 591 2407 ‹
624 2355 758 2413 Item
790 2364 1125 2419 tractandum
1159 2375 1242 2420 est
1273 2375 1454 2424 utrum
1504 2371 1558 2426 in
1602 2371 1723 2429 loco
1751 2375 1964 2435 futurus

390 2457 479 2499 est
515 2447 814 2507 Salvatoris
846 2455 1109 2512 adventus
1155 2459 1208 2512 in
1255 2460 1449 2530 gloria,
1485 2479 1554 2518 an
1589 2466 1818 2524 alteram
1863 2488 1960 2528 ex-

389 2539 712 2606 positionem
746 2545 1007 2602 debemns
1053 2551 1360 2619 exquirere.
1396 2554 1528 2621 Quis
1561 2559 1705 2612 enim
1740 2563 1843 2617 erit
1880 2564 1960 2619 lo-

390 2644 491 2685 cus
530 2632 644 2698 ille,
677 2645 737 2689 ut
768 2639 950 2708 capiat
989 2640 1045 2694 in
1087 2659 1195 2696 uno
1229 2656 1444 2714 aspectu
1480 2657 1534 2703 et
1568 2665 1757 2707 onmes
1800 2669 1962 2724 ange-

393 2719 474 2775 los
520 2725 799 2780 veuientes
851 2743 973 2782 cum
1019 2730 1257 2798 Christo,
1304 2745 1360 2789 et
1401 2751 1592 2796 omnes
1631 2753 1820 2811 gentes
1852 2719 1960 2801 illic

388 2817 789 2894 congregatas?
824 2816 890 2872 Et
917 2821 984 2874 de
1026 2823 1153 2878 sede
1186 2824 1370 2893 gloriae
1415 2829 1533 2899 ejus
1589 2834 1720 2901 quid
1763 2845 1847 2891 est
1885 2837 1961 2891 di-

387 2906 661 2961 cendum?
694 2907 856 2964 Putas
898 2914 1178 2981 corporale
1221 2916 1439 2986 aliquod
1473 2924 1790 2980 subsellium
1827 2929 1955 2992 erit,

389 3005 490 3050 aut
531 2998 695 3052 etiam
747 3001 848 3056 hoc
893 3017 1028 3070 opus
1067 3005 1232 3062 habet
1281 3009 1734 3078 interpretatione
1784 3021 1956 3074 subti-

392 3084 612 3140 liore?»
666 3088 790 3145 Ilaec
829 3092 1021 3147 scribit
1071 3094 1336 3165 Origenes
1394 3109 1614 3160 tractat.
1674 3123 1844 3162 xxxrv
1900 3111 1956 3164 in

387 3175 608 3283 Matth"
647 3195 799 3234 num.
835 3181 924 3245 70,
949 3182 1016 3237 de
1052 3184 1169 3283 loco
1197 3196 1253 3242 et
1281 3190 1439 3244 modo
1463 3191 1658 3260 judicii
1692 3199 1950 3263 postremi
1979 3221 2025 3283 ο

385 3267 709 3338 ambigens;
739 3285 803 3326 ac
842 3274 1133 3342 respondet
1166 3282 1506 3344 postmodum
1549 3292 1659 3336 tum
1691 3286 1953 3342 adventu-

384 3373 507 3412 rum
541 3359 839 3428 Christum,
871 3378 994 3417 cum
1030 3365 1296 3422 universis
1349 3368 1666 3428 hominibus
1707 3390 1828 3431 sese
1857 3392 1954 3432 co-

382 3452 958 3518 gnoscendum-dabit,
995 3473 1014 3506 r
1039 3467 1163 3511 ante
1183 3458 1366 3516 oculos
1397 3464 1598 3518 mentis
1629 3478 1815 3520 eorum
1840 3467 1950 3535 jam

383 3556 494 3594 non
530 3541 651 3596 ﬁdei
686 3551 779 3596 aut
813 3544 1108 3614 diligentiae
1131 3547 1359 3618 alicujus
1390 3553 1742 3622 inquisitione
1767 3575 1952 3630 reper-

385 3639 498 3694 tus,
526 3631 620 3685 sed
661 3631 829 3700 ipsius
866 3634 1168 3690 divinitatis
1201 3652 1312 3692 suae
1347 3642 1786 3702 manifestatione
1813 3665 1954 3718 pra:-

382 3719 608 3786 IalllS;)
646 3731 700 3776 et
737 3739 860 3777 cum
907 3735 1126 3794 peccata
1159 3742 1254 3781 sua
1305 3744 1368 3784 ac
1397 3733 1625 3790 virtutes
1657 3742 1950 3809 unusquis-

381 3825 492 3880 que
541 3813 829 3869 manifesto
865 3816 1059 3872 intuitu
1109 3819 1492 3889 perlustrabit;
1547 3835 1711 3896 atque
1743 3845 1809 3885 eo
1855 3847 1949 3902 pa-

381 3911 474 3956 cto
505 3915 822 3959 eventurum
856 3907 1023 3962 illud:
1066 3929 1084 3962 ι
1113 3911 1606 3985 Congregabuntur
1650 3929 1776 3975 ante
1827 3937 1948 3980 eum

380 4010 574 4051 omnes
594 4007 785 4068 gentes
801 4001 866 4056 ’³.
890 4022 909 4055 ι
947 4002 1054 4060 Nec
1084 4018 1291 4062 certum
1329 4009 1562 4078 aliquem
1591 4012 1791 4069 ultimae
1824 4017 1948 4074 huic

381 4087 764 4175 disceptationi
819 4092 993 4148 locum
1029 4097 1253 4162 addicit,
1302 4101 1394 4155 sed
1429 4121 1447 4153 ‹
1475 4101 1702 4173 Ubique,
1750 4105 1945 4175 inquit,

380 4173 598 4233 iuturus
630 4191 714 4235 est
754 4183 1029 4253 Christus,
1067 4197 1123 4242 et
1152 4189 1263 4256 ipse
1297 4190 1349 4244 in
1386 4203 1675 4262 conspectu
1708 4173 1946 4252 omnium

377 4270 486 4322 erit
519 4271 733 4341 ubique,
769 4287 823 4329 et
865 4292 1053 4334 omnes
1091 4281 1292 4350 ubique
1336 4293 1496 4337 erunt
1545 4285 1595 4338 in
1655 4301 1944 4357 conspectu

378 4361 583 4429 ipsius;
616 4374 672 4418 et
695 4366 775 4419 sic
807 4371 1203 4426 constituentur
1223 4382 1348 4429 ante
1379 4375 1560 4432 sedem
1587 4379 1773 4447 gloriae
1807 4379 1946 4448 ejus,

378 4451 484 4506 hoc
545 4465 628 4508 est
679 4468 804 4511 ante
849 4474 1071 4530 regnum
1128 4462 1264 4530 ejus,
1301 4473 1355 4520 et
1405 4477 1730 4535 potestatem
1773 4471 1946 4526 domi-

377 4547 616 4603 nationis
649 4549 854 4620 ipsius;
891 4573 910 4604 ι
945 4565 996 4609 et
1029 4556 1188 4626 paulo
1235 4567 1354 4626 post
1385 4577 1398 4614 :
1437 4578 1457 4613 ι
1488 4559 1581 4616 Sic
1611 4573 1774 4618 erunt
1807 4574 1936 4620 ante
1973 4557 2016 4611 Β

375 4650 524 4702 eum,
564 4648 622 4692 ut
659 4657 762 4695 non
798 4643 1039 4701 localiter
1067 4649 1349 4706 audiamus
1380 4667 1571 4707 omnes
1601 4665 1790 4722 gentes
1819 4657 1936 4712 ﬁeri

374 4736 503 4815 ante
558 4743 701 4782 eum.
725 4749 745 4782 ι
783 4730 990 4787 Similia
1022 4735 1297 4802 jactautur
1331 4741 1422 4795 lib.
1469 4758 1522 4796 ιχ
1563 4743 1616 4796 in
1653 4742 1826 4815 Epist.
1859 4746 1928 4798 ad

371 4814 551 4883 Rom.,
584 4836 730 4875 num.
758 4823 847 4890 tt,
885 4841 1003 4896 pag.
1041 4828 1168 4896 662,
1199 4832 1290 4886 ubi
1319 4847 1349 4886 a
1383 4833 1556 4888 sacris
1579 4814 1930 4903 scriptoribus

374 4923 631 4981 usurpata
682 4915 879 4971 dicitur
914 4917 1244 4985 judiciorum
1313 4926 1670 4981 luunanorum
1733 4927 1932 4996 forma,

372 5017 482 5070 quo
528 5003 787 5073 judicium
839 5009 963 5063 illud
1018 5023 1320 5068 extremum
1367 5015 1572 5071 Christi
1635 5017 1930 5074 dilucidius

372 5093 753 5162 explicaretur.
784 5117 803 5151 ι
830 5100 1100 5158 Declarari
1133 5105 1395 5172 videmus,
1432 5107 1630 5177 inquit,
1659 5122 1723 5162 ex
1756 5111 1938 5164 omni-

371 5183 474 5240 bus
499 5189 803 5246 certissime
849 5192 1100 5248 futurum
1143 5210 1266 5252 esse
1305 5197 1568 5266 judicium
1628 5201 1743 5265 Dei,
1777 5200 1931 5270 cujus

372 5281 582 5346 species
617 5291 674 5336 ut
705 5284 881 5338 notior
907 5285 1223 5343 hominibus
1251 5291 1428 5355 ﬁeret,
1447 5293 1726 5361 judicandi
1761 5293 1932 5348 lorma

373 5387 437 5426 ex
468 5372 534 5427 iis
557 5389 676 5442 qua:
710 5375 852 5430 inter
879 5377 1126 5436 homines
1146 5390 1430 5450 geruntur,
1456 5394 1727 5454 assumpta
1761 5395 1880 5453 est;
1909 5405 1928 5437 ι

373 5472 537 5531 atque
570 5464 640 5517 ita
683 5469 1050 5535 metaphorice
1078 5471 1192 5526 vult
1240 5472 1466 5543 intelligi
1500 5475 1770 5531 excelsum
1800 5477 1933 5532 illud

373 5553 573 5607 Christi
613 5555 868 5621 tribunal,
901 5568 954 5613 et
999 5560 1266 5630 reliquum
1312 5549 1582 5620 tremendi
1635 5565 1779 5620 illius
1824 5567 1930 5622 diei

374 5655 712 5714 apparatum,
731 5648 968 5721 illudque
999 5652 1264 5710 duntaxat
1287 5656 1600 5726 tenendum,
1637 5676 1655 5709 ι
1681 5655 1928 5714 iudicem

445 5823 697 5882 "Matth.
730 5841 854 5894 xxv,
892 5827 982 5883 ⁸52.

2073 1997 2140 2050 tis
2175 1997 2368 2052 ﬁnibus
2397 1997 2694 2053 Ecclesiam
2725 1999 2824 2053 has
2850 1999 3178 2068 quaestiones
3208 2009 3338 2055 tunc
3377 2002 3635 2071 temporis

2067 2088 2323 2157 sepsisse.

2613 2180 2940 2248 QUAESTIO
2981 2182 3072 2238 XI.

2513 2288 2581 2327 DE
2619 2289 2792 2329 νωωε
2820 2290 2890 2328 ΕΤ
2929 2289 3176 2331 ΡΒΕΜΙΙΒ.

2063 2361 2104 2417 I.
2149 2361 2393 2434 Origenis
2438 2366 2642 2435 opinio,
2670 2383 2735 2419 ea:
2780 2367 2943 2435 ipsius
3003 2368 3280 2434 principiis
3326 2373 3629 2424 summatim

2132 2435 2427 2506 deducitur.
2481 2435 2545 2488 II.
2601 2434 2802 2490 Eadem
2850 2439 3040 2490 deinde
3068 2439 3239 2506 fusius
3269 2440 3430 2506 ipsius
3464 2442 3628 2494 verbis

2134 2504 2454 2556 declaratur.
2483 2505 2558 2558 Ac
2587 2507 2811 2573 primum
2839 2508 2902 2560 de
2928 2504 3108 2574 pomis.
3171 2504 3358 2561 Omnes
3397 2506 3628 2564 homines

2131 2574 2249 2641 igne
2277 2575 2652 2628 examinandos
2682 2575 2794 2642 fore
2826 2579 3007 2630 sensit.
3050 2577 3133 2629 lll.
3165 2577 3362 2630 Deinde
3393 2579 3448 2632 in
3476 2582 3624 2633 varia

2129 2642 2243 2712 loca
2290 2660 2384 2712 pro
2427 2645 2624 2697 meritis
2656 2646 3030 2711 dimittendos;
3069 2646 3154 2700 IV.
3184 2647 3258 2698 Ac
3291 2655 3624 2709 torquendos.

2131 2711 2196 2786 Υ.
2249 2713 2442 2777 Quales
2496 2714 2946 2786 pwnas__futuras
3001 2719 3291 2769 arbitratus
3345 2720 3451 2782 sit;
3498 2723 3625 2786 quid

2130 2781 2299 2850 ignem
2335 2781 2608 2855 (uernum.
2647 2781 2745 2838 VI.
2775 2785 2979 2853 Ecquas
3023 2799 3213 2854 prwter
3251 2787 3422 2855 ignem
3448 2781 3623 2852 pientis

2128 2855 2350 2906 mortuis
2385 2854 2696 2922 inﬂigendas
2744 2855 3046 2910 decreverit.
3101 2857 3209 2910 Vll.
3241 2855 3320 2908 Ea:
3349 2857 3430 2908 Itis
3465 2874 3625 2912 varia:

2129 2921 2376 2976 adversus
2423 2939 2540 2975 eum
2571 2925 2982 2978 criminationes.
3017 2925 3146 2982 VIII.
3181 2925 3286 2982 Sed
3321 2928 3404 2979 sui
3452 2939 3624 2981 tamen

2125 2992 2174 3065 e_i
2200 3009 2302 3044 non
2337 2993 2520 3065 desunt
2566 2993 2962 3065 astipulatores,
2991 3012 3188 3065 suaque
3230 2997 3484 3062 defensio.
3526 2999 3614 3052 IX.

2129 3061 2203 3132 _De
2244 3063 2475 3129 prwmiis
2514 3063 2706 3131 agitur,
2736 3072 2784 3132 et
2823 3066 2877 3115 in
2907 3081 3006 3132 quo
3051 3061 3276 3132 positam
3302 3061 3623 3120 sanctorum

2128 3129 2428 3184 beatitatem
2479 3129 2694 3186 voluerit
2752 3129 3023 3197 Origenes,
3051 3129 3377 3201 explicatur.
3426 3136 3490 3188 X.
3525 3137 3623 3190 lie-

2124 3211 2409 3272 censentur
2443 3204 2575 3272 varii
2603 3205 2798 3269 gradus
2836 3219 2930 3271 per
2955 3221 3083 3272 quos
3115 3206 3182 3257 ad
3213 3221 3330 3258 eam
3359 3208 3620 3270 perveniri

2125 3273 2306 3323 sensit.
2344 3270 2433 3324 XI.
2476 3271 2550 3323 De
2594 3276 2729 3335 loco,
2771 3270 2873 3340 quo
2917 3270 3120 3326 animus
3168 3286 3468 3327 sanctorum
3499 3293 3622 3328 con-

2121 3343 2381 3409 quiescere
2399 3341 2594 3402 docuit,
2621 3340 2921 3408 disputatur
2970 3357 2988 3394 :
3036 3360 3213 3410 nempe
3243 3346 3307 3397 de
3337 3345 3461 3395 caelo
3493 3361 3621 3398 novo

2122 3421 2169 3461 et
2216 3421 2357 3462 terra
2401 3427 2554 3463 nova.
2597 3410 2703 3463 XII.
2736 3411 2807 3463 Ac
2859 3413 2922 3464 de
2971 3415 3243 3478 paradiso.
3295 3412 3434 3466 XIII.
3468 3413 3621 3468 Unde

2121 3480 2230 3535 Ittec
2259 3479 2608 3544 transtulerit,
2634 3482 2945 3549 exquiritur.
2979 3481 3113 3535 XIV.
3149 3482 3286 3537 Hinc
3318 3485 3374 3536 in
3400 3482 3620 3537 Patrum

2126 3549 2412 3603 multorum
2467 3551 2886 3616 reprehensiones
2941 3552 3186 3606 incurrit.
3223 3552 3333 3606 XV.
3374 3551 3482 3606 Sed
3515 3555 3619 3607 ali-

2121 3637 2234 3691 qua
2254 3632 2428 3691 tamen
2469 3618 2524 3670 in
2559 3622 2673 3687 ejus
2708 3621 3098 3691 excusationem
3148 3623 3330 3691 a/ferri
3375 3635 3614 3691 possunt.

2126 3689 2260 3741 XVI.
2286 3689 2473 3742 Utrum
2500 3699 2546 3760 et
2589 3690 2846 3757 quomodo
2874 3692 3036 3757 poenis
3065 3689 3436 3745 damnatorum
3459 3693 3618 3760 linem

2121 3761 2426 3830 impositum
2452 3759 2543 3823 iri,
2574 3769 2622 3811 et
2651 3761 2826 3812 omnia
2853 3776 3029 3830 unum
3052 3761 3105 3812 in
3148 3762 3252 3815 Deo
3288 3780 3380 3830 per
3410 3763 3619 3816 ἀποκα-

2120 3828 2375 3882 τάστασιν
2412 3829 2592 3900 latura
2621 3840 2769 3881 ratus
2793 3829 2878 3900 sit.
2923 3828 3080 3900 XVII.
3119 3830 3243 3884 Non
3276 3828 3410 3885 alias
3436 3849 3615 3900 poenas

2119 3916 2277 3965 quam
2309 3899 2643 3968 purgatorias
2685 3899 2921 3952 admisit.
2970 3897 3148 3952 XVIII.
3189 3900 3327 3965 Quid
3353 3897 3613 3968 sit-juxta

2126 3971 2399 4036 Origenem
2442 3969 2720 4020 novissima
2759 3969 2991 4036 inimica,
3027 3985 3185 4029 mors,
3216 3972 3377 4035 deque
3421 3971 3611 4024 ἀίεικο-

2120 4035 2244 4091 num
2268 4038 2428 4109 poenis
2467 4037 2740 4109 quwritur.
2793 4035 2934 4089 XIX.
2972 4035 3156 4109 Utrum
3191 4041 3455 4093 beatitatis
3482 4056 3608 4109 quo-

2156 4124 2217 4160 ue
2291 4108 2484 4167 futura:
2544 4106 2774 4173 spatium
2828 4108 3061 4160 terminis
3114 4106 3608 4175 circumscripserit.

2173 4175 2237 4229 X.
2275 4175 2477 4229 (lorum
2522 4177 2824 4238 doqmatnm
2870 4175 3038 4243 fontes
3098 4190 3425 4233 reserantur.
3466 4178 3606 4233 XXI.

2120 4245 2341 4314 Propter
2371 4243 2464 4297 illa
2505 4263 2536 4298 a
2583 4244 2830 4298 Patribus
2874 4249 3105 4312 graviter
3139 4251 3474 4314 reprehensus
3508 4261 3608 4303 est.

2119 4317 2282 4371 XXII.
2315 4317 2395 4368 Au
2427 4315 2592 4383 fuerit
2656 4317 2711 4367 in
2754 4316 2940 4368 Itwresi
2990 4315 3392 4372 Chiliastarum.
3422 4319 3606 4373 XXlil.

2120 4386 2390 4440 Nonnulla
2418 4386 2630 4454 Urigeni
2658 4384 2982 4452 defendendo
3019 4388 3382 4445 adducuntur.
3416 4388 3605 4443 XXIV.

2118 4455 2721 4535 Neupunquuutnsoiius
2743 4455 2966 4535 “diaboli
3019 4473 3194 4520 pwnas
3235 4456 3348 4524 fore
3387 4471 3608 4535 veternus

2114 4522 2394 4580 asseverat.
2425 4523 2589 4577 XXV.
2620 4524 2704 4594 Ali
2737 4522 3054 4592 Origenmna
3085 4522 3243 4593 super
3269 4531 3432 4594 pomis
3460 4531 3610 4581 dant.

2115 4605 2356 4648 natorum
2383 4595 2623 4664 opinione
2668 4591 2857 4645 Patres
2897 4595 3097 4664 aliquot
3132 4591 3234 4649 non
3263 4591 3482 4652 multum
3522 4615 3606 4650 re-

2114 4669 2322 4721 cedunt.
2353 4662 2539 4717 XXVI.
2568 4662 2925 4732 Investigatur
2950 4662 3267 4734 signiﬁcatio
3308 4671 3446 4722 vocis
3473 4667 3605 4722 aid)-

2113 4752 2241 4797 νιος.

2113 4829 2153 4883 I.
2194 4829 2473 4883 Postremo
2533 4825 2626 4881 Dei
2683 4825 2912 4880 arbitrio
2960 4815 3277 4894 'dijndicatis
3327 4830 3602 4885 hominum

2042 4921 2223 4983 rebus,
2264 4933 2361 4972 sua
2395 4917 2954 4986 quemque-praemia,
3004 4932 3117 4972 suzc
3177 4934 3352 4988 poena:
3415 4936 3604 4990 prose-

2039 5020 2296 5082 queritur.
2328 5009 2385 5064 In
2437 5009 2591 5079 cujus
2623 5009 2700 5062 rei
2743 5010 3067 5064 tractatione
3092 5017 3299 5063 tantum
3335 5012 3438 5066 sibi
3485 5028 3604 5082 per-

2037 5101 2182 5155 misit
2216 5099 2497 5169 Origenes,
2536 5109 2594 5153 ut
2630 5115 2734 5152 non
2773 5099 2932 5152 aliam
2974 5103 3045 5154 ob
3095 5115 3314 5154 can-am
3368 5103 3603 5174 majores

2037 5192 2090 5246 in
2123 5207 2182 5247 se
2220 5191 2474 5260 querelas
2512 5191 2803 5246 concitarit
2826 5208 2841 5244 :
2865 5206 2988 5244 nam
3033 5199 3087 5245 et
3118 5191 3305 5261 quales
3335 5208 3508 5261 pinnae
3536 5212 3601 5252 ac

2034 5287 2284 5354 praemia,
2337 5294 2392 5339 et
2445 5294 2646 5354 quanta
2689 5285 2868 5339 futura
2917 5286 3048 5350 sint,
3103 5287 3493 5357 pervestigans,
3545 5290 3599 5344 in

2035 5379 2300 5433 absurdas
2348 5379 2633 5446 opiniones
2684 5377 2969 5446 prolapsus
2997 5388 3104 5444 est,
3130 5379 3256 5433 dum
3306 5380 3456 5437 falsis
3499 5383 3598 5437 do-

2035 5470 2220 5524 ctrina:
2250 5485 2361 5524 suze
2397 5469 2678 5537 principiis
2707 5470 2955 5538 dogmata
2989 5471 3104 5524 haec
3135 5485 3350 5541 quoque
3378 5488 3597 5528 accom-

2035 5561 2237 5615 modat.
2269 5561 2515 5616 Diximus
2541 5561 2684 5614 enim
2706 5559 2821 5629 jam
2851 5575 2994 5630 saepe
3024 5571 3245 5630 putasse
3275 5563 3422 5618 illum
3447 5581 3599 5622 meu-

2034 5657 2116 5707 tes
2147 5650 2371 5709 rationis
2399 5659 2679 5722 compotes
2707 5664 2806 5721 pro
2841 5648 3155 5706 meritorum
3185 5665 3406 5709 suorum
3436 5669 3596 5712 meu-
