4170 6432
557 410 668 471 91⁸9

1862 412 1920 465 Ρ.
1963 411 2280 468 DANIELIS
2316 410 2549 469 HUETII

3663 405 3689 460 1
3702 402 3803 461 (100

564 543 691 584 sura
722 541 786 581 ac
825 527 983 580 modo
1010 524 1181 579 variis
1222 523 1438 594 adjungi
1495 525 1853 595 corporibus;
1888 526 2129 580 subtilio-

2241 526 2415 581 inferri
2444 546 2456 579 :
2486 524 2645 588 Εἰκὸς
2673 525 2716 577 δ’
2738 524 2818 578 ὅτι
2859 525 2949 578 καὶ
2982 524 3195 595 ἑκάστῳ
3244 522 3350 576 τῶν
3396 522 3663 593 δεομένων
3700 525 3798 593 τῆς

566 622 737 681 ribus,
761 620 807 674 si
840 627 987 673 recte
1033 632 1093 671 se
1143 619 1437 686 gesserint;
1474 621 1556 671 sin
1592 631 1772 681 secus,
1805 618 2058 688 gravibus
2080 627 2133 671 et

564 711 766 765 crassis
816 727 832 766 :
896 710 1226 773 easdetnque
1269 711 1567 778 quemlibet
1607 718 1810 763 statum
1886 710 2129 777 adeptas,

565 802 779 855 arbitrii
828 801 912 855 sui
946 800 1199 855 libertate
1228 804 1293 854 ad
1341 803 1479 856 bene
1528 801 1612 855 vel
1674 802 1817 855 male
1864 796 2128 870 agendum

568 893 695 956 frui,
722 908 785 947 ac
815 902 1108 963 perpetuos
1140 906 1262 946 esse
1289 892 1515 961 proinde
1544 908 1572 945 a
1610 893 1865 959 supernis
1896 892 1961 945 ad
1984 891 2130 945 infe-

569 983 710 1036 riora
734 982 915 1050 lapsus
946 988 1001 1034 et.
1040 979 1267 1035 reditus.
1301 983 1429 1034 lude
1475 981 1723 1049 sequitur
1763 989 1972 1034 certum
2016 978 2134 1032 nul-

566 1075 675 1127 lum
718 1074 996 1128 beatitatis
1032 1074 1269 1126 futurum
1315 1082 1561 1136 statum,
1616 1072 1819 1126 nullum
1869 1072 2129 1135 miseriae;

564 1181 883 1236 semperque
912 1165 991 1219 vel
1028 1167 1080 1217 in
1125 1163 1405 1229 felicitate,
1450 1164 1534 1218 vel
1586 1164 1637 1217 in
1690 1164 1866 1232 pmnis
1924 1163 2134 1219 futuros

564 1274 885 1329 progressus
915 1269 1008 1312 aut
1044 1272 1346 1327 regressus,
1378 1267 1537 1327 prout
1580 1257 1633 1311 in
1668 1257 1800 1309 vitio
1836 1256 2029 1310 animas
2052 1257 2134 1309 vel

568 1350 620 1404 in
668 1349 868 1404 virtute
941 1349 1275 1419 profecerint
1314 1364 1328 1400 :
1370 1364 1435 1404 ac
1492 1349 1875 1403 danmatorum
1936 1348 2135 1402 idcirco

565 1456 758 1510 poenas
802 1451 858 1497 et
901 1443 1181 1497 beatorum
1216 1440 1411 1511 gaudia
1444 1439 1757 1510 neutiquam
1793 1439 1908 1495 fore
1936 1440 2137 1509 sempi-

569 1544 745 1588 terna.

639 1624 703 1677 il.
743 1623 1025 1694 Opinionis
1065 1624 1224 1679 istius
1268 1633 1455 1694 partes
1497 1624 1744 1693 singulas
1791 1626 1834 1680 si
1883 1624 2137 1680 subtilius

566 1718 817 1784 persequi
865 1715 1115 1778 velimus,
1146 1725 1199 1769 et
1231 1731 1336 1768 non
1382 1730 1448 1770 ex
1492 1714 1833 1786 Origenianaa
1878 1716 2136 1771 doctrina:

564 1807 925 1872 connexione,
975 1810 1070 1862 sed
1124 1822 1187 1862 es
1230 1807 1360 1875 ipsis
1406 1808 1717 1861 Adamantii
1777 1809 1956 1863 verbis
1992 1810 2133 1863 :esti-

566 1913 717 1953 mare
744 1898 978 1966 singula,
1057 1908 1112 1951 et
1159 1912 1494 1968 quaecunque
1534 1907 1792 1968 praaterea
1820 1899 1873 1952 in
1901 1898 1954 1952 id
1980 1913 2138 1969 argu-

565 2000 808 2045 mentum
839 1991 1097 2045 disseruit
1116 1991 1401 2062 colligere,
1426 2005 1514 2045 res
1540 1990 1646 2045 erit
1690 1988 1901 2044 scilicet
1929 1990 1981 2044 in
2016 2005 2139 2059 pro-

565 2083 712 2138 clivi.
752 2083 991 2137 Primum
1042 2084 1224 2152 itaque
1270 2084 1516 2137 homines
1548 2097 1736 2135 omnes
1766 2082 1888 2151 igne
1928 2083 2138 2135 exami-

568 2182 751 2226 natum
781 2172 846 2226 iri
876 2171 1097 2226 deﬂuit:
1128 2174 1223 2227 sed
1260 2172 1332 2226 ita
1367 2181 1545 2225 tamen
1582 2182 1640 2225 ut
1674 2171 1825 2226 illaesi
1856 2182 1910 2227 et
1953 2174 2138 2227 illibati

564 2272 893 2334 praetereant
935 2264 1140 2327 sancti;
1188 2264 1474 2333 impiorum
1521 2278 1649 2317 vero
1700 2280 1851 2318 noxa:
1900 2274 1955 2318 et
2010 2266 2137 2318 vit-ia

567 2356 800 2411 ﬂammis
828 2367 1226 2425 echquantur.
1269 2374 1287 2406 ι
1314 2355 1650 2410 Veniendum
1683 2366 1764 2408 est
1816 2370 1963 2423 ergo,
1991 2375 2009 2406 ο
2058 2356 2140 2407 in.

565 2446 681 2516 quit
735 2447 921 2501 homil.
974 2461 1022 2500 vn
1073 2446 1126 2499 in
1189 2444 1385 2508 Exod"
1436 2459 1582 2497 num.
1645 2444 1699 2509 4,
1734 2446 2023 2499 «omnibus
2072 2445 2139 2497 ad

567 2539 743 2609 ignem
769 2554 784 2604 ;
821 2537 1139 2592 veniendum
1170 2546 1258 2590 est
1292 2536 1358 2589 ad
1387 2531 1754 2589 conﬂatorium
1783 2552 1796 2589 :
1821 2533 1968 2589 sedet
1997 2534 2139 2587 enim

570 2630 849 2693 Dominus,
885 2638 938 2682 et
994 2626 1216 2687 conﬂat,
1256 2637 1312 2680 et
1356 2634 1547 2694 purgat
1587 2624 1725 2680 ﬂlios
1773 2623 1907 2679 Juda
1932 2624 1999 2678 “.
2033 2623 2139 2679 Sed

571 2734 627 2776 et
660 2721 787 2775 illuc
819 2735 941 2775 cum
986 2720 1220 2784 venitur,
1249 2719 1293 2773 si
1328 2718 1451 2788 quis
1495 2718 1657 2772 multa
1690 2731 1854 2786 opera
1890 2716 2050 2782 bona,
2085 2727 2141 2771 et

572 2828 763 2882 parum
835 2811 1036 2878 aliquid
1086 2810 1389 2880 iniquitatis
1438 2808 1713 2875 attulerit,
1762 2807 1894 2861 illud
1946 2823 2137 2878 parum

573 2915 829 2973 tanquam
877 2903 1151 2972 plumbum
1202 2903 1312 2973 igni
1357 2902 1646 2956 resolvitur
1679 2916 1742 2955 ac
1770 2910 2054 2969 purgatur,
2084 2909 2141 2953 et

569 3006 743 3051 totum
771 3004 1016 3051 remanet
1041 3010 1232 3049 aurum
1264 3010 1479 3065 purum.
1523 2993 1590 3048 Et
1615 2994 1658 3048 si
1696 2994 1837 3063 quis,
1874 2991 1990 3061 plus
2016 2991 2141 3045 illuc

568 3088 770 3158 plumbi
807 3086 1080 3150 detulerit,
1124 3087 1241 3157 plus
1291 3087 1560 3151 exuritur,
1603 3093 1662 3139 ut
1711 3084 1942 3153 amplius
1980 3086 2141 3137 deco-

2231 618 2320 671 διὰ
2366 617 2460 671 τοῦ
2508 618 2674 689 πυρὸς
2722 617 2873 688 δίκης
2924 618 3039 688 ἆμα
3090 620 3183 670 καὶ¹
3244 616 3505 685 ἰατρείας,
3553 615 3798 677 καίοντος

2236 713 2333 783 μὲν
2363 713 2457 765 καὶ
2488 712 2547 764 οὑ
2581 711 2966 774 κατακαίοντος
2990 710 3113 774 τοὺς
3149 710 3223 780 μὴ
3252 709 3469 778 ἔχοντας
3514 707 3643 777 ὓλην
3682 707 3797 760 δεο-

2236 805 2402 875 μένην
2433 800 2755 856 ἀναλοῦσθαι
2801 802 2893 855 ὑπ”
2932 801 3138 855 ἐκείνου
3186 800 3283 854 τοῦ
3315 800 3517 870 πυρός’
3554 799 3798 863 καίοντος

2232 894 2289 948 δὲ
2318 895 2411 948 καὶ
2448 893 2834 956 κατακαίοντος
2873 893 2998 955 τοὺς
3050 895 3107 946 ὲν
3150 895 3217 963 τῇ
3260 891 3347 945 διὰ
3386 892 3493 945 τῶν
3521 892 3796 962 πράξεων,

2233 984 2329 1038 καὶ
2367 985 2560 1052 λόγων,
2597 984 2691 1037 καὶ
2723 983 3004 1054 νοημάτων
3040 982 3313 1051 τροπικῶς
3354 982 3620 1055 λεγομένῃ
3660 983 3801 1036 οἱκο-

2233 1074 2367 1144 δομῇ
2398 1072 2549 1137 ξύλα,
2587 1071 2794 1143 χόρτον,
2829 1071 3133 1141 ἢκαλάμην
3153 1072 3629 1142 οἰκοδομήσαντας.
3663 1070 3795 1127 Cum

2235 1166 2310 1218 ait
2341 1180 2470 1234 ergo
2510 1165 2605 1217 lib.
2635 1179 2730 1217 VIII
2763 1165 2815 1216 in
2843 1162 3008 1230 Epist.
3050 1165 3118 1216 ad
3154 1162 3331 1230 Rom.,
3366 1179 3514 1218 num.
3557 1163 3643 1227 12,
3675 1178 3795 1233 pag.

2235 1257 2363 1321 640,
2390 1258 2701 1327 quicunque
2730 1255 2905 1308 Verbo
2931 1255 3019 1308 Dei
3053 1264 3310 1324 purgatus
3330 1268 3435 1309 non
3460 1254 3644 1317 fuerit,
3676 1255 3799 1308 hinc

2236 1348 2358 1419 igne
2387 1348 2756 1403 excruciatum
2812 1346 2877 1399 iri
2904 1363 2920 1411 ;
2956 1346 3079 1415 igne
3106 1362 3321 1416 quoque
3370 1348 3678 1414 lustratum,
3702 1349 3796 1401 sed

2237 1457 2341 1494 non
2388 1442 2638 1495 adustum
2692 1440 2757 1494 iri
2815 1438 3086 1509 intelligit,
3119 1440 3211 1510 qui
3260 1438 3438 1495 Verbo
3490 1439 3583 1495 Dei
3635 1441 3800 1495 fuerit

2236 1544 2511 1604 purgatus.

2304 1621 2376 1673 At
2399 1618 2616 1673 homilia
2650 1629 2826 1675 tamen
2856 1620 2928 1675 24
2956 1620 3013 1675 in
3047 1619 3262 1688 Lucam,
3288 1636 3382 1678 eos
3410 1632 3614 1678 tantum
3644 1624 3802 1694 igneo

2236 1707 2465 1765 ﬂumine
2501 1726 2531 1764 a
2568 1711 2786 1766 Christo
2831 1711 3185 1780 baptizandus
3230 1711 3478 1779 aﬂirmat,
3512 1715 3603 1784 qui
3651 1730 3790 1785 aqua

2239 1813 2294 1856 et
2323 1803 2513 1873 spiritu
2546 1803 2751 1859 fuerint
2780 1803 3055 1873 baptizati,
3087 1814 3142 1858 ct
3172 1805 3493 1876 purgatione
3520 1807 3793 1874 eguerint.

2243 1894 2557 1950 Econtrario
2590 1909 2718 1949 vero
2744 1894 2929 1951 homil.
2962 1896 2999 1948 2
3024 1896 3079 1949 in
3112 1897 3326 1960 Jerem.,
3380 1912 3527 1951 num.
3574 1898 3632 1961 5,
3670 1913 3801 1953 san-

2239 1998 2357 2042 etos
2388 1986 2520 2042 dicit
2549 1986 2752 2055 Spiritu
2786 1997 2975 2041 sancto
3002 2004 3030 2041 a
3056 1985 3182 2042 Jesu
3214 1988 3506 2058 baptizari,
3542 1989 3803 2044 scelestos

2238 2092 2368 2134 vero
2422 2079 2569 2145 igne.
2621 2080 2850 2135 Humilia
2905 2088 3083 2133 autem
3130 2094 3237 2135 xu
3262 2082 3316 2134 in
3348 2079 3537 2146 Nam,
3572 2094 3716 2133 nunt.
3745 2078 3803 2143 6,

2240 2182 2680 2236 unumquemque
2723 2170 3042 2239 purgatione
3090 2167 3331 2235 indigere
3370 2170 3467 2231 ait,
3504 2185 3521 2217 ι
3545 2167 3639 2222 sed
3689 2182 3808 2239 ιιι)-

2240 2258 2378 2312 stica
2412 2258 2526 2312 haec
2560 2271 2681 2313 esse
2727 2266 2782 2313 et
2826 2257 3139 2313 ineﬂabilia.
3169 2257 3301 2325 Quis
3324 2259 3468 2312 enim
3509 2259 3683 2322 nobis,
3715 2257 3805 2311 in-

2242 2350 2383 2418 quit,
2414 2365 2676 2405 enarrare
2723 2351 3065 2421 poteritque
3096 2349 3207 2404 sint
3252 2349 3661 2419 purificationes
3686 2366 3807 2420 quae

2240 2447 2504 2505 parentur
2549 2437 2733 2503 Paulo,
2770 2441 2854 2494 vel
2900 2439 3085 2504 Petro,
3121 2440 3208 2495 vel
3240 2440 3361 2495 aliis
3393 2441 3585 2494 horum
3615 2440 3807 2495 simili-

2240 2529 2378 2583 bus?
2405 2547 2424 2580 ι
2457 2527 2725 2585 Caeterum
2760 2540 2995 2586 mentem
3044 2530 3300 2601 Origeuis
3346 2546 3534 2601 parum
3570 2532 3807 2586 assecuti

2242 2629 2367 2675 sunt
2407 2621 2593 2677 Sixtus
2636 2621 2896 2678 Senensis
2927 2632 2983 2678 et
3024 2623 3433 2689 Genebrardus,
3466 2624 3634 2677 verba
3682 2621 3804 2691 ejus

2242 2712 2523 2767 referenda
2555 2723 2841 2769 censentes
2870 2715 2937 2769 ad
2977 2715 3153 2783 ignem
3194 2715 3399 2769 ultimae
3422 2713 3807 2785 conﬂagratio-

2241 2803 2346 2869 nis,
2383 2803 2475 2873 qui
2518 2804 2717 2861 electos
2759 2807 3021 2875 quosdam
3066 2805 3299 2860 nondum
3353 2806 3491 2860 satis
3547 2816 3807 2875 purgatos

2243 2894 2514 2960 lustrabit,
2550 2898 2806 2967 reprobos
2841 2914 2968 2953 vero
3013 2912 3207 2952 omnes
3253 2896 3648 2966 apprehendet,
3680 2912 3805 2950 nam

2243 2997 2311 3037 ne
2333 2985 2705 3041 sanctissimos
2745 2988 2988 3056 quidem,
3021 2986 3238 3041 Petrum
3268 2996 3418 3055 puta,
3447 2985 3530 3039 vel
3558 2984 3810 3051 Paulum,

2242 3076 2345 3130 hoc
2372 3075 2497 3145 igne
2524 3075 2732 3132 futuros
2758 3077 3022 3133 immunes
3050 3077 3406 3132 Adamantius
3432 3077 3747 3131 arbitratur.

568 3194 788 3251 quatur,
822 3190 879 3233 ut
909 3188 966 3233 et
1007 3179 1050 3234 si
1086 3194 1274 3248 parum
1311 3178 1515 3248 aliquid
1554 3180 1628 3232 sit
1676 3177 1819 3240 auri,
1852 3184 2135 3245 purgatum
2165 3195 2214 3258 ο
2313 3169 2399 3224 111.
2438 3168 2564 3237 Igne
2628 3169 2729 3227 hoc
2776 3170 2983 3238 probati
3039 3170 3287 3223 homines
3354 3169 3500 3223 varia
3551 3168 3667 3224 loca
3712 3183 3814 3239 pro

570 3280 751 3325 tamen
788 3269 1045 3323 resideat.
1083 3269 1236 3333 Quod
1279 3269 1322 3321 si
1356 3268 1552 3337 aliquis
1605 3267 1731 3320 illuc
1778 3276 1919 3321 totus
1966 3265 2138 3334 plum-

570 3357 707 3411 beus
755 3357 987 3419 venerit,
1028 3355 1120 3409 ﬂet
1151 3357 1218 3410 de
1268 3355 1360 3410 illo
1390 3358 1489 3409 hoc
1533 3356 1676 3424 quod
1717 3356 1976 3424 scriptum
2008 3363 2135 3409 est:

574 3446 928 3516 Demergetur
976 3446 1029 3499 in
1078 3445 1431 3514 profundum,
1464 3454 1719 3514 tanquam
1758 3444 2038 3514 plumbum
2085 3445 2138 3498 in

571 3551 767 3604 aquam
821 3536 1210 3591 validissimam
1234 3537 1305 3591 ".
1336 3556 1355 3589 ι
1409 3536 1477 3590 Ει
1524 3536 1712 3594 homil.
1766 3552 1829 3590 ιιι
1886 3537 1944 3591 in
1997 3537 2135 3607 psal.

570 3642 763 3692 nx",
792 3642 942 3682 num.
976 3628 1002 3681 1
1034 3644 1048 3681 :
1083 3644 1101 3678 ι
1129 3628 1351 3682 Certum
1380 3637 1465 3682 est
1499 3629 1626 3697 quia
1667 3637 1850 3682 manet
1877 3642 1975 3682 nos
2001 3628 2141 3699 ignis

572 3719 664 3773 ille
706 3719 797 3788 qui
851 3727 1188 3789 praeparatus
1227 3729 1312 3775 est
1350 3721 1747 3789 peccatoribus,
1771 3728 1825 3772 et
1860 3719 2138 3774 veniemus

572 3809 640 3863 ad
680 3809 829 3863 illum
865 3808 1068 3879 ignem,
1110 3810 1163 3864 in
1198 3825 1305 3879 quo
1344 3810 1754 3880 uniuscujusque
1807 3827 1937 3880 Opus
1984 3814 2141 3882 quale

572 3903 643 3954 sit
695 3901 835 3970 ignis
887 3901 1125 3971 probabit
1149 3903 1217 3955 ³⁸.
1276 3902 1362 3968 Et,
1417 3913 1474 3956 ιιι
1513 3918 1613 3972 ego
1658 3903 1909 3967 arbitror,
1950 3919 2140 3959 omnes

574 4005 673 4045 nos
722 3989 911 4045 venire
952 4005 1173 4046 necesse
1229 4002 1314 4047 est
1360 3992 1426 4047 ad
1471 3992 1623 4046 illum
1682 3992 1882 4062 ignem.
1915 3992 2140 4048 Etiamsi

576 4080 777 4137 Paulus
809 4083 882 4137 sit
911 4083 1109 4151 aliquis
1142 4083 1226 4139 vel
1257 4083 1472 4149 Petrus,
1506 4084 1653 4139 venit
1686 4094 1861 4138 tamen
1892 4085 1958 4137 ad
1994 4084 2139 4138 illum

575 4173 774 4243 ignem.
822 4173 927 4229 Sed
970 4175 1044 4228 illi
1091 4175 1227 4230 tales
1274 4175 1537 4231 audiunt:
1573 4175 1797 4230 Etiamsi
1839 4192 1932 4245 per
1969 4176 2141 4246 ignem

579 4274 835 4332 transeas,
886 4268 1105 4337 ﬂamma
1160 4286 1264 4322 non
1298 4270 1483 4323 aduret
1523 4280 1570 4322 te
1592 4272 1660 4323 ".
1705 4267 1762 4324 Si
1788 4284 1915 4324 vero
1948 4269 2142 4339 aliquis

576 4358 769 4412 similis
816 4359 920 4412 mei
967 4369 1218 4428 peccator
1270 4360 1358 4421 sit,
1402 4360 1580 4415 veniet
1607 4361 1825 4429 quidem
1854 4361 1920 4415 ad
1959 4361 2137 4431 ignem

578 4446 751 4512 illum,
786 4449 928 4503 sicut
970 4448 1165 4505 Petrus
1190 4459 1244 4505 et
1271 4450 1490 4516 Paulus,
1525 4452 1620 4507 sed
1651 4466 1754 4505 non
1790 4451 1870 4507 sic
1897 4454 2140 4518 transiet,

2241 3263 2448 3317 meritis
2478 3276 2543 3317 ex
2595 3260 2808 3315 decreto
2849 3260 3095 3331 Origeuis
3133 3261 3467 3325 sortientur,
3508 3261 3600 3315 alii
3633 3260 3805 3316 infer-

2242 3369 2409 3419 num,
2466 3352 2722 3421 variaque
2793 3351 2985 3405 inferni
3050 3353 3197 3419 loca,
3249 3363 3305 3408 et
3356 3355 3702 3422 mansiones;
3753 3364 3815 3410 et

2242 3445 2693 3515 quemadmodum
2729 3455 2941 3499 terrena
2990 3446 3102 3500 haec
3152 3446 3264 3501 loca
3314 3448 3585 3503 mentibus
3622 3463 3654 3503 e
3693 3464 3811 3505 cte-

2242 3536 2362 3591 lesti
2406 3535 2676 3591 domicilio
2722 3546 2939 3605 propter
2972 3547 3189 3605 peccata
3232 3538 3535 3593 deturbatis
3578 3555 3678 3609 pro
3723 3542 3815 3595 in-

2241 3627 2394 3683 ferno
2439 3629 2727 3692 habentur,
2761 3629 2829 3682 ita
2865 3628 3173 3684 numinibus
3211 3644 3243 3683 e
3272 3640 3414 3683 terra
3457 3630 3720 3699 digressis
3747 3644 3810 3687 et

2237 3719 2447 3776 scelere
2483 3718 2865 3775 contaminatis
2909 3719 3219 3774 inferiorem
3264 3722 3529 3791 assignari
3588 3722 3813 3788 sedem,

2238 3828 2361 3882 quae
2408 3812 2651 3867 infernus
2695 3813 3012 3883 appellatur.
3048 3815 3202 3885 Τάχα
3247 3815 3342 3880 δὲ,
3391 3817 3563 3887 inquit
3615 3833 3737 3887 cap.
3787 3822 3806 3873 1

2244 3903 2473 3969 Philam,
2505 3905 2693 3977 ὥσπερ
2722 3907 2770 3959 oi
2806 3905 3054 3959 ἐντεῦθεν
3085 3906 3226 3960 κατά
3256 3907 3348 3961 τὸν
3380 3908 3556 3961 κοινὸν
3584 3908 3817 3963 Θάνατον

2240 3995 2687 4067 ἀποθνήσκοντες,
2724 3999 2788 4051 ὲκ
2820 3996 2927 4051 τῶν
2953 3998 3185 4052 ἐνταῦθα
3226 4002 3627 4071 πεπραγμένων
3668 4004 3819 4055 obto-

2241 4086 2559 4157 νομοῦνται,
2607 4090 2657 4141 sl
2711 4086 2941 4141 κειθεῖεν
2992 4086 3130 4152 ἄξιοι
3177 4088 3268 4142 τοῦ
3327 4088 3660 4161 καλουμένου
3702 4109 3815 4161 χω-

2243 4177 2359 4248 ρίου
2416 4177 2577 4248 ᾇδου,
2637 4177 2816 4231 τόπων
2868 4177 3141 4248 διαφόρων
3192 4179 3481 4248 τυγχάνειν
3525 4179 3667 4234 κατὰ
3711 4180 3813 4251 τὴν

2241 4268 2528 4337 ἀναλογίαν
2560 4266 2665 4321 τῶν
2709 4269 3119 4339 ἁμαρτημάτων
3138 4285 3151 4298 ·
3187 4269 3358 4332 οὔτως
3386 4271 3435 4321 οἱ
3473 4270 3701 4334 ἐκεῖθεν,
3745 4272 3816 4325 ἵν’

2241 4364 2412 4427 οὕτως
2460 4363 2617 4427 εἴπω,
2661 4361 3091 4433 ἀποθνήσκοντες
3131 4365 3211 4428 εἰς
3258 4364 3388 4435 ᾅδην
3414 4365 3601 4419 τοῦτον
3642 4382 3817 4420 καταο

2243 4455 2483 4508 ϐαίνουσι
2537 4453 2844 4525 κρινόμενοι
2902 4454 3040 4520 ἄξιοι
3092 4454 3200 4508 τῶν
3255 4456 3350 4509 τοῦ
3403 4458 3604 4521 παντὸς
3655 4474 3817 4528 περι-

579 4541 721 4594 sicut
750 4539 937 4594 Petrus
965 4551 1021 4595 et
1052 4540 1269 4596 Paulus.
1297 4561 1316 4595 ι
1352 4542 1427 4598 Ac
1458 4543 1602 4597 illius
1652 4543 1911 4598 transitus
1952 4544 2142 4599 discri-

2246 4548 2394 4617 γείου
2424 4546 2588 4601 τόπου
2633 4544 2906 4616 διαφόρων
2944 4548 3273 4617 οἰκητηρίων
3314 4547 3596 4618 βελτιόνων
3640 4549 3673 4620 ἢ
3706 4567 3819 4618 χει.

581 4645 703 4683 Inen
744 4628 1105 4699 _Hebra’orum
1159 4630 1644 4702 JEgyptiorumque
1696 4647 1791 4702 per
1839 4647 1987 4687 mare
2030 4632 2144 4688 Ru-

583 4722 739 4776 brum
799 4722 1057 4777 transitus
1097 4725 1501 4793 comparatione
1553 4723 1826 4792 cXplanat,
1888 4724 2141 4778 adductis

581 4813 790 4869 scilicet
837 4815 923 4869 his
971 4814 1120 4869 Pauli
1164 4815 1183 4868 Ι
1218 4817 1346 4871 Cor.
1383 4833 1468 4882 Ill,
1506 4818 1575 4872 15
1607 4833 1622 4871 :
1664 4834 1683 4868 ι
1712 4814 2146 4887 Uniuscnjusque

579 4920 718 4975 opus
760 4905 921 4975 quale
972 4905 1064 4966 sit,
1098 4906 1240 4976 ignis
1284 4907 1554 4976 probabit.
1578 4925 1598 4960 ι
1643 4908 1708 4961 Et
1748 4907 1931 4963 homil.
1968 4922 2059 4961 xlv
2088 4907 2146 4960 in

583 4996 715 5052 Luc.
748 5012 767 5050 :
805 5016 823 5048 ι
844 4996 956 5066 Ego
992 5006 1143 5065 puto,
1177 4997 1318 5065 quod
1357 5007 1412 5052 et
1440 5006 1559 5066 post
1595 4998 2045 5052 resurrectionem
2077 5012 2148 5051 ex

582 5088 809 5144 mortuis
858 5088 1196 5157 indigeamus
1229 5098 1566 5143 sacramento
1607 5089 1823 5143 eluente
1861 5104 1959 5144 nos
1988 5099 2150 5161 atque

582 5189 887 5250 purgante;
918 5194 1076 5234 nemo
1105 5179 1249 5233 enim
1300 5181 1507 5250 absque
1559 5180 1811 5237 sordibus
1862 5196 2149 5251 resurgere

584 5274 819 5340 poterit;
870 5288 968 5327 nec
1022 5272 1185 5326 ullam
1233 5287 1392 5341 posse
1457 5272 1693 5326 animam
1743 5274 1992 5342 reperiri,
2029 5289 2150 5343 quae

586 5362 855 5417 universis
903 5364 1079 5416 statim
1126 5362 1273 5416 vitiis
1320 5370 1527 5417 careat.
1563 5379 1582 5413 ι
1623 5361 1690 5415 Et
1732 5361 1828 5417 lib.
1872 5376 1904 5415 v
1954 5360 2151 5418 Contra

582 5450 812 5517 Celsum,
842 5469 989 5507 num.
1028 5454 1117 5518 15,
1152 5453 1470 5522 Epicureum
1518 5454 1660 5509 hunc
1708 5452 2014 5519 confutans,
2054 5454 2149 5525 qui

583 5558 857 5614 receptam
888 5546 1026 5615 apud
1052 5545 1399 5601 Christianos
1425 5546 1493 5600 de
1518 5547 1699 5601 mundi
1723 5545 2147 5615 conﬂagratione

583 5636 892 5702 opinionem
936 5637 1218 5704 irridebat,
1247 5636 1379 5691 dicit
1421 5636 1596 5707 ignem
1630 5636 1885 5691 universo
1941 5636 2144 5692 mundo

2244 4638 2435 4709 ρόνων.
2492 4638 2622 4703 Qua:
2662 4637 2740 4692 sic
2783 4652 2813 4690 a
2852 4636 3045 4690 Rufino
3087 4639 3290 4691 reddita
3320 4650 3442 4692 sunt
3475 4641 3567 4694 lib.
3592 4656 3642 4695 tv
3675 4642 3818 4709 Περὶ

2241 4726 2465 4795 ἀρχῶν,
2502 4741 2620 4795 cap.
2647 4724 2712 4790 2,
2748 4741 2899 4780 num.
2925 4725 3017 4791 25,
3057 4742 3111 4795 p.
3141 4727 3244 4781 185
3272 4746 3287 4781 :
3322 4746 3339 4778 ι
3365 4728 3635 4785 Fortassis
3670 4734 3821 4786 enim

2242 4821 2382 4874 sicut
2430 4821 2482 4873 hi
2526 4819 2616 4887 qui
2666 4818 2732 4872 de
2767 4818 2868 4871 hoc
2904 4818 3105 4873 mundo
3141 4822 3435 4874 secundum
3473 4838 3817 4879 connnunem

2245 4923 2471 4966 mortem
2515 4912 2668 4967 istam
2701 4910 3020 4966 recedentes
3063 4926 3160 4980 pro
3200 4912 3410 4968 actibus
3443 4914 3557 4969 suis
3596 4924 3651 4970 et
3699 4930 3818 4970 me-

2252 5004 2371 5059 ritis
2395 5004 2792 5072 dispensamur,
2822 5011 2982 5071 prout
3013 5002 3156 5071 digni
3194 5003 3395 5058 fuerint
3429 5005 3677 5072 iudicati,
3723 5008 3819 5062 alii

2243 5094 2458 5163 quidem
2489 5096 2542 5148 in
2576 5093 2752 5148 locum
2792 5093 2881 5162 qui
2918 5093 3114 5148 dicitur
3155 5094 3381 5161 inferus,
3416 5096 3506 5152 alii
3551 5099 3605 5151 in
3637 5100 3817 5153 sinum

2241 5186 2495 5248 Abrahae,
2527 5188 2582 5238 et
2610 5196 2707 5254 per
2750 5184 2961 5239 diversa
3006 5200 3235 5255 qumque
3262 5188 3345 5244 vel
3388 5188 3506 5243 loca
3538 5190 3619 5247 vel
3665 5207 3822 5245 man-

2243 5278 2463 5332 siones:
2497 5276 2571 5330 ita
2615 5275 2779 5329 etiam
2825 5290 2893 5330 es
2940 5275 3043 5331 illis
3085 5278 3221 5335 locis
3268 5279 3414 5335 velut
3449 5281 3560 5336 illic
3607 5281 3675 5353 (si
3709 5283 3821 5339 dici

2246 5368 2455 5435 potest)
2520 5364 2846 5429 morientes,
2898 5380 2929 5418 a
2979 5368 3190 5436 superis
3241 5369 3295 5423 in
3376 5372 3520 5426 hunc
3582 5372 3819 5427 inferum

2248 5458 2604 5513 descendunt.
2641 5454 2776 5509 Nam
2818 5456 2908 5511 ille
2960 5456 3164 5514 inferus
3212 5463 3278 5515 ad
3313 5477 3475 5531 quem
3527 5464 3652 5518 hinc
3698 5478 3819 5518 mo-

2250 5548 2501 5603 rientium
2544 5550 2738 5603 animae
2778 5549 3057 5619 dicuntur,
3102 5554 3287 5619 credo,
3330 5554 3400 5609 oh
3444 5554 3586 5610 hanc
3621 5556 3819 5609 distin-

2248 5640 2482 5696 ctionem
2514 5639 2757 5697 infernus
2786 5640 3014 5701 inferior
3040 5661 3068 5699 a
3099 5645 3383 5718 Scriptura
3415 5648 3732 5705 nominatur
3758 5646 3820 5702 in

658 5814 705 5847 “
738 5814 1068 5881 Malacini",
1101 5818 1154 5872 3.
1232 5820 1276 5850 "
1305 5818 1473 5875 Exod.
1498 5835 1588 5887 xv,
1624 5819 1709 5875 10.
1789 5819 2016 5878 “lCor.
2051 5837 2132 5890 In,
2164 5820 2251 5877 l3.
