4170 6404
378 432 511 486 1001

1217 434 1791 492 OfthENlANORUM
1831 436 1958 491 LIB.
1993 437 2057 500 II,
2099 437 2251 492 CAP.
2290 437 2358 502 II,
2397 437 2675 504 QUz‘EST.
2716 437 2807 492 XI.

3485 445 3624 498 I002

376 547 651 604 Psalmis:
686 548 822 614 Quia
872 547 1114 604 liberasti
1145 553 1380 606 animam
1413 569 1586 607 meam
1621 569 1688 608 ex
1733 551 1946 607 inferno
1973 559 2023 615 Α
2050 559 2108 606 ιιι
2141 553 2224 607 sui
2263 552 2377 622 ipsa
2428 553 2499 607 sit
2542 553 2853 608 accusatrix
2893 562 2948 607 et
2991 555 3172 621 testis;
3216 571 3442 626 eamque
3487 562 3622 615 adeo

377 641 617 697 inferiori
651 642 696 673 “
718 644 758 698 ‘.
787 661 805 694 ι
840 642 970 708 Quae
996 644 1063 696 ab
1094 642 1418 716 Hieronymo
1451 661 1663 714 quoque
1710 647 1950 716 epistolae

377 735 468 799 59,
501 736 570 790 ad
608 734 848 800 Avitum,
877 750 999 804 cap.
1027 735 1082 798 4,
1115 736 1317 791 inserta
1353 749 1500 793 sunt.
1549 740 1810 805 Quoniam
1854 755 1950 793 au-

381 837 487 881 tem
537 826 806 880 infernum
864 825 1114 881 Christus
1166 833 1419 884 tenebras
1472 832 1772 886 exteriores
1817 847 1950 886 non-

379 934 656 989 nunquam
690 919 956 987 appellat,
1008 919 1134 974 inde
1170 921 1229 974 lit
1276 930 1334 975 ut
1367 937 1462 976 eas
1493 932 1646 977 extra
1689 923 1948 978 mundum

377 1011 730 1065 Adamantius
779 1010 991 1080 ableget
1029 1021 1187 1066 tract.
1224 1029 1399 1068 xxxiii
1447 1016 1503 1068 in
1541 1015 1762 1080 Matt/3.,
1794 1033 1943 1072 num.

377 1103 489 1158 69:
530 1120 550 1154 ι
578 1101 844 1168 Quoniam
872 1103 1143 1172 legimus,
1185 1105 1387 1174 inquit,
1430 1108 1666 1175 aliquem
1712 1109 1802 1178 qui
1850 1108 1952 1162 fuit

375 1201 504 1248 ante
535 1207 630 1247 nos
657 1203 1016 1261 exponentem
1049 1193 1114 1248 de
1157 1195 1396 1250 tenebris
1424 1195 1638 1265 abyssi,
1680 1207 1734 1250 et
1762 1197 1949 1251 dicen-

377 1293 484 1339 tem
519 1284 773 1354 quoniam
823 1284 1050 1355 abyssus
1095 1294 1177 1341 est
1222 1299 1376 1342 extra
1423 1291 1680 1343 mundum
1714 1289 1866 1356 foris,
1894 1299 1950 1345 et

377 1377 634 1432 tenebrae.
683 1375 1094 1434 Consideremus
1124 1396 1272 1452 ergo,
1336 1383 1382 1437 si
1431 1390 1610 1454 potest
1656 1397 1781 1436 vera
1830 1397 1950 1437 esse

374 1471 642 1541 expositio
670 1468 810 1538 ejus,
836 1480 895 1525 ut
921 1472 1140 1542 quidam
1169 1475 1324 1544 quasi
1361 1474 1570 1544 indigni
1601 1483 1716 1529 toto
1746 1475 1949 1529 mundo

375 1563 429 1618 in
456 1563 711 1633 abyssum
739 1562 917 1628 illum,
945 1578 1104 1633 quam
1135 1565 1224 1621 ille
1249 1567 1518 1635 exposuit,
1549 1565 1694 1621 foras
1726 1566 1951 1636 ejician-

377 1667 485 1720 tur,
514 1657 567 1710 in
595 1669 702 1727 qua
731 1664 859 1710 sunt
904 1658 1160 1721 tenebrae,
1192 1659 1410 1713 nemine
1452 1674 1544 1713 eas
1587 1659 1945 1721 illuminante,

373 1763 494 1804 cum
522 1749 630 1804 sint
673 1756 830 1803 extra
870 1755 1038 1802 totum
1084 1749 1362 1804 mundum.
1387 1767 1406 1801 ι
1458 1749 1564 1805 Sed
1603 1749 1727 1805 alibi
1771 1758 1948 1805 tamen

372 1843 536 1897 aliter
563 1841 814 1898 tenebras
841 1843 1142 1899 exteriores
1167 1843 1411 1913 exponit,
1437 1853 1498 1898 ut
1529 1858 1654 1898 mox
1693 1843 1947 1898 ostende-

374 1951 516 1990 mus.
548 1933 785 1991 Ilomilia
817 1945 996 1990 autem
1030 1935 1056 1989 I
1099 1936 1154 1990 in
1187 1934 1398 2002 Genes.,
1430 1951 1580 1990 num.
1607 1937 1660 2000 I,
1694 1938 1946 2008 abyssum

373 2026 517 2081 illam
547 2027 633 2080 cui
671 2026 724 2082 in
761 2040 944 2081 rerum
981 2026 1134 2080 initio
1167 2027 1400 2082 tenebrae
1442 2026 1794 2092 incubabant,
1827 2043 1947 2082 eam

372 2133 494 2174 esse
543 2118 732 2172 scribit
776 2119 830 2173 in
878 2133 1040 2187 quam
1095 2116 1378 2183 diabolus,
1430 2117 1709 2187 ipsiusque
1771 2118 1947 2188 angeli

373 2210 623 2265 mittendi
660 2219 810 2266 sunt.

438 2300 528 2356 IV.
568 2301 872 2372 Assignatis
899 2301 1031 2358 locis
1065 2317 1129 2356 ac
1171 2302 1388 2358 sedibus
1424 2303 1538 2357 suis
1571 2302 1815 2358 redditos
1850 2302 1948 2356 ho-

371 2392 545 2449 mines
585 2407 759 2464 pinna:
796 2409 861 2448 ac
900 2392 1160 2462 supplicia
1193 2409 1292 2462 pro
1319 2393 1589 2448 scelerum
1639 2393 1796 2448 modo
1839 2403 1948 2447 tor-

367 2485 632 2553 quebunt.
662 2487 753 2542 Ait
777 2486 920 2541 enim
953 2486 1048 2540 lib.
1077 2502 1094 2541 ι
1122 2486 1265 2557 Περὶ
1293 2487 1515 2556 ἀρχῶν,
1551 2503 1668 2560 cap.
1698 2488 1752 2552 6,
1795 2505 1943 2547 num.

369 2578 406 2632 5
438 2596 452 2633 :
494 2597 513 2630 ι
541 2577 764 2634 Interim
795 2589 904 2634 tam
937 2579 990 2633 in
1023 2579 1106 2635 his
1144 2596 1263 2649 quae
1290 2582 1560 2648 videntur,
1593 2592 1647 2638 et
1679 2592 1948 2653 tempora-

365 2666 511 2723 libus
555 2669 796 2736 saaculis,
839 2684 1002 2740 quam
1050 2670 1103 2724 in
1142 2670 1245 2726 illis
1275 2686 1396 2740 quae
1446 2687 1554 2727 non
1594 2672 1848 2728 videntur
1893 2681 1949 2728 et

365 2769 572 2816 aeterna
621 2770 778 2830 sunt,
829 2777 1018 2818 omnes
1065 2762 1149 2818 isti
1195 2779 1291 2834 pro
1325 2765 1540 2831 ordine,
1582 2779 1680 2836 pro
1714 2765 1943 2830 ratione,

364 2867 470 2920 pro
501 2853 680 2919 modo,
709 2862 763 2908 et
792 2855 1114 2909 meritorum
1148 2855 1503 2924 dignitatibus
1530 2857 1943 2926 dispensantur,

364 2953 428 2999 ut
466 2944 554 2998 alii
585 2945 637 2999 in
672 2946 890 3015 primis,
915 2946 1005 3000 alii
1038 2947 1092 3001 in
1121 2947 1395 3013 secundis,
1429 2947 1671 3002 nonnulli
1699 2949 1861 3002 etiam
1890 2950 1946 3002 in

361 3035 576 3092 ultimis
613 3037 966 3106 temporibus,
992 3048 1047 3092 et
1077 3053 1174 3108 per
1205 3037 1413 3108 majora
1445 3053 1510 3094 ac
1545 3044 1794 3111 graviora
1821 3055 1950 3110 sup-

359 3127 551 3197 plicia,
583 3142 791 3183 necnon
815 3137 871 3182 et
898 3127 1174 3194 diuturna,
1216 3144 1280 3184 ac
1314 3129 1518 3196 multis,
1548 3141 1607 3185 ut
1642 3131 1714 3187 ita
1744 3131 1945 3200 dicam,

359 3219 585 3276 saeculis
623 3218 875 3284 tolerata,
916 3220 1285 3291 asperioribus
1335 3221 1808 3278 emendationibus
1854 3238 1944 3278 re-

361 3314 545 3388 parati
575 3323 632 3370 et
684 3315 956 3380 restituti,
991 3317 1389 3372 eruditionibus
1436 3317 1613 3387 primo
1665 3317 1944 3387 angelicis,

355 3415 484 3465 tum
512 3408 704 3464 deinde
738 3410 902 3464 etiam
943 3409 1282 3477 superiorum
1311 3409 1576 3478 graduum
1621 3409 1942 3474 virtutibus,

356 3509 417 3556 et
451 3500 534 3555 sic
573 3513 667 3568 per
695 3498 904 3568 singula
952 3499 1020 3552 ad
1059 3498 1338 3568 superiora
1374 3499 1640 3567 provecti,
1675 3513 1846 3570 usque
1876 3499 1944 3552 ad

355 3607 424 3648 ea
458 3605 582 3659 qua:
619 3597 746 3644 sunt
792 3587 1082 3642 invisibilia
1109 3598 1164 3642 et
1204 3597 1407 3642 aeterna
1441 3591 1786 3657 proveniant,
1831 3591 1946 3646 sin-

354 3684 508 3756 gulis
552 3682 802 3736 videlicet
849 3681 1157 3752 quibusque
1194 3680 1498 3735 cmlestium
1534 3682 1792 3737 virtutum
1823 3685 1944 3738 olli-

355 3777 465 3831 ciis
516 3775 752 3845 quadam
806 3774 1111 3828 eruditione
1157 3775 1210 3828 in
1261 3775 1441 3844 specie
1491 3776 1818 3845 peragratis.
1863 3776 1943 3831 Ex

355 3882 509 3939 quo,
556 3873 614 3920 ut
673 3865 892 3935 opinor,
938 3867 1043 3919 hoc
1101 3867 1485 3934 consequentia
1541 3867 1658 3936 ipsa
1729 3867 1944 3922 videtur

351 3959 695 4025 ostendere,
750 3975 1190 4030 unamquamque
1247 3961 1628 4016 rationabilem
1689 3971 1941 4017 naturam

351 4066 528 4127 posse
556 4053 623 4106 ab
657 4067 764 4106 uno
795 4051 847 4106 in
879 4051 1111 4107 alterum
1142 4053 1388 4106 ordinem
1425 4063 1814 4120 transeuntem,
1846 4068 1943 4124 per

350 4145 613 4218 singulos
642 4146 694 4200 in
727 4160 937 4210 omnes,
970 4153 1026 4200 et
1059 4145 1126 4199 ab
1163 4145 1414 4199 omnibus
1444 4146 1498 4198 in
1533 4145 1776 4215 singulos
1822 4159 1945 4215 per-

350 4241 576 4302 venire,
606 4238 730 4292 dum
759 4251 1011 4292 accessus
1041 4236 1402 4306 profectuum,
1432 4235 1810 4292 defectuumve
1841 4251 1936 4290 va-

349 4335 472 4392 rios
501 4345 604 4400 pro
633 4329 870 4384 motibus
894 4328 978 4382 vel
1003 4330 1287 4384 conatibus
1311 4328 1544 4399 propriis
1575 4329 1944 4398 unusquisque

345 4442 454 4499 pro
487 4421 652 4479 liberi
699 4421 910 4476 arbitrii
947 4421 1208 4476 facultate
1255 4423 1583 4490 perpetitur.
1609 4439 1628 4472 ι
1669 4419 1942 4475 Ριόιὶιωιη

344 4521 539 4579 locum
578 4517 889 4572 describere
919 4529 1202 4570 necessum
1238 4513 1422 4578 habui,
1463 4514 1586 4583 quia
1635 4513 1701 4568 ad
1748 4512 1940 4584 Orige-

2051 642 2281 698 ﬂammis
2319 643 2600 699 ultricibus
2643 659 2804 699 urere
2842 663 2856 699 :
2905 645 3042 714 ignis
3081 647 3239 716 hujus
3281 662 3460 704 escam
3503 667 3624 708 esse

2055 735 2320 789 admissas
2347 745 2473 790 ante
2503 751 2696 799 noxas,
2723 751 2857 805 quas
2891 735 3094 791 idcirco
3131 738 3420 808 Apostolus
3454 741 3622 812 ligna,

2051 825 2231 880 fenum
2271 835 2324 882 et
2365 826 2616 896 stipulam
2659 826 2984 892 nominavit;
3031 829 3157 886 hinc
3202 833 3464 902 scriptum
3500 849 3626 890 esse

2051 921 2190 988 apud
2222 921 2412 975 Isaiam
2443 936 2494 986 L,
2522 921 2581 974 II
2615 939 2628 973 :
2660 920 2937 976 Ambulate
2964 923 3018 976 in
3051 922 3248 978 lumine
3277 926 3413 994 ignis
3444 930 3624 994 vestri,

2051 1018 2097 1059 et
2130 1008 2344 1075 ﬂamma
2370 1025 2527 1076 quam
2575 1010 2905 1063 accendistis.
2944 1029 2962 1062 ι
2992 1009 3094 1066 Per
3139 1029 3275 1082 quos
3317 1029 3621 1083 sermones,

2051 1099 2258 1168 inquit,
2309 1100 2410 1153 hoc
2462 1099 2676 1154 videtur
2739 1100 3008 1165 indicari,
3054 1103 3199 1171 quod
3253 1106 3626 1174 unusquisque

2050 1199 2397 1258 peccatorum
2431 1191 2703 1243 flammam
2743 1190 2842 1244 sibi
2876 1179 2991 1258 ipse
3023 1193 3226 1261 proprii
3259 1193 3399 1264 ignis
3430 1211 3625 1251 accen-

2051 1285 2164 1348 dat,
2197 1294 2252 1340 et
2279 1298 2382 1336 non
2429 1284 2480 1336 in
2513 1283 2744 1352 aliquem
2776 1283 2953 1353 ignem
2989 1286 3079 1354 qui
3107 1296 3266 1341 antea
3299 1288 3412 1358 jam
3446 1287 3625 1344 fuerat

2051 1390 2312 1429 accensus
2343 1375 2406 1428 ab
2431 1374 2557 1438 alio,
2593 1375 2676 1428 vel
2705 1386 2829 1429 ante
2865 1376 3035 1442 ipsum
3071 1379 3388 1442 substiterit,
3419 1381 3625 1435 demer-

2050 1475 2230 1535 gatur.
2257 1483 2278 1516 ›
2309 1464 2510 1530 Qumrit
2547 1465 2739 1520 deinde
2776 1482 2924 1520 num.
2951 1466 2985 1521 5
3027 1482 3094 1520 an
3127 1478 3321 1538 przeter
3362 1470 3507 1538 illos,
3534 1472 3624 1528 vel

2049 1554 2166 1620 irae,
2212 1554 2296 1608 vel
2339 1553 2564 1620 furoris,
2593 1556 2680 1610 vel
2727 1557 2968 1623 insanire,
3014 1561 3100 1614 vel
3148 1564 3399 1619 maeroris
3448 1565 3620 1636 ignes,

2049 1645 2244 1714 quibus
2276 1645 2424 1713 impii
2474 1662 2593 1700 cum
2631 1647 2682 1702 in
2720 1649 2820 1704 hac
2855 1651 2966 1704 vita
3017 1653 3140 1706 torti
3187 1652 3408 1720 fuerint,
3439 1655 3494 1711 in
3533 1657 3623 1711 fu-

2052 1745 2170 1789 tura
2223 1751 2442 1806 quoque
2489 1741 2906 1808 torquebunlur,
2948 1741 3128 1810 aliqua
3179 1745 3416 1814 generali
3460 1760 3621 1816 poena

2052 1838 2172 1894 post
2217 1840 2443 1882 mortem
2498 1831 2751 1900 puniendi
2800 1832 2930 1888 sint.
2969 1835 3170 1891 Deinde
3215 1836 3348 1892 dicit
3391 1852 3457 1893 eo
3492 1854 3621 1894 cru-

2049 1914 2188 1969 ciatu
2236 1915 2490 1972 affectum
2534 1920 2599 1973 iri
2639 1921 2908 1991 animam,
2943 1925 3010 1979 ab
3042 1927 3233 1982 ordine
3277 1937 3438 1998 atque
3490 1929 3620 1984 bar-

2049 2013 2258 2080 monia,
2303 2016 2366 2069 ad
2405 2032 2564 2086 quam
2604 2016 2779 2072 fuerat
2821 2033 2848 2070 a
2886 2017 2992 2070 Deo
3032 2019 3281 2084 condita,
3314 2019 3620 2085 divulsam,

2047 2122 2155 2176 quo
2188 2106 2416 2162 afficitur
2459 2125 2658 2178 corpus
2704 2125 2824 2163 cum
2875 2111 3112 2164 membra
3147 2112 3322 2166 soluta
3361 2127 3622 2183 compage

2049 2200 2421 2254 distrahuntur
2445 2218 2460 2254 :
2491 2220 2509 2253 ι
2540 2203 2690 2269 Quae,
2719 2203 2909 2270 inquit,
2937 2204 3128 2258 anima:
3155 2205 3433 2260 dissolutio
3461 2217 3623 2275 atque

2048 2292 2299 2358 divulsio,
2343 2309 2464 2347 cum
2513 2295 2739 2347 adhibiti
2792 2294 2928 2365 ignis
2979 2295 3191 2350 ratione
3232 2295 3401 2351 fuerit
3437 2300 3624 2369 explo-

2048 2393 2195 2451 rata,
2237 2384 2356 2439 sine
2401 2384 2562 2440 dubio
2594 2387 2659 2439 ad
2707 2387 3001 2441 ﬁrmiorem
3047 2388 3132 2442 sui
3177 2403 3493 2460 compagem
3540 2391 3623 2444 in-

2049 2477 2551 2546 staurationemque
2623 2477 2950 2533 solidatur.»
3031 2477 3301 2536 Praeterea
3367 2497 3520 2536 num.
3563 2483 3618 2551 6,

2048 2569 2507 2639 quemadmodum
2565 2571 2826 2624 curandis
2874 2571 3079 2626 morbis
3127 2570 3330 2626 ferrum
3382 2584 3437 2626 et
3482 2574 3622 2643 ignis

2046 2676 2190 2730 srepe
2218 2662 2565 2727 adhibentur,
2607 2663 2679 2717 ita
2718 2663 2990 2730 conjectat
3025 2685 3043 2715 ι
3073 2665 3340 2719 medicum
3374 2676 3622 2721 nostrum

2047 2751 2218 2808 Deum
2259 2753 2526 2808 volentem
2557 2753 2762 2809 diluere
2792 2755 2922 2808 vitia
2957 2756 3259 2810 animarum
3292 2767 3622 2822 nostrarum,

2047 2858 2168 2913 quae
2206 2859 2273 2900 ex
2304 2854 2648 2915 peccatorum
2691 2855 2745 2900 et
2792 2845 3056 2901 scelerum
3107 2848 3423 2903 diversitate
3455 2848 3622 2904 colle-

2047 2945 2258 3004 gerant,
2309 2936 2389 2990 uti
2448 2936 2817 3005 hujuscemodi
2862 2937 3164 3006 poenalibus
3205 2939 3353 2994 curis
3405 2939 3625 3008 insuper

2048 3027 2212 3081 etiam
2244 3029 2385 3097 ignis
2448 3028 2654 3083 inferre
2694 3029 3012 3098 supplicium
3072 3029 3154 3085 his
3200 3033 3290 3100 qui
3335 3034 3624 3089 sanitatem

2047 3120 2240 3175 anima:
2280 3121 2688 3190 perdiderunt.)
2734 3123 2878 3178 Idem
2922 3125 3060 3180 libro
3105 3140 3136 3178 v
3181 3135 3366 3180 contra
3414 3126 3624 3182 Celsum

1973 3259 2020 3322 Ο
2050 3230 2157 3270 non
2191 3213 2333 3268 aliud
2364 3215 2653 3284 quidquam
2686 3231 2783 3286 per
2817 3219 2966 3285 ignes
3002 3218 3302 3288 intelligere
3337 3222 3495 3276 docet
3527 3235 3624 3274 eos

2049 3319 2187 3374 quos
2224 3304 2505 3374 Scriptura
2547 3305 2742 3362 stultos
2788 3307 2972 3362 mundi
3008 3309 3274 3378 appellat,
3307 3309 3341 3382 ἢ
3391 3308 3492 3380 τὴν
3533 3309 3625 3364 διὰ

2047 3400 2212 3470 φόϐου
2242 3402 2335 3454 καὶ
2361 3400 2658 3470 φαντασίας
2689 3400 2798 3456 τῶν
2837 3401 3108 3456 κολάσεων
3148 3403 3503 3474 ἐπιστροφὴν,
3527 3403 3623 3456 καὶ

2043 3494 2152 3548 τῶν
2178 3493 2386 3548 πολλῶν
2411 3493 2596 3548 κακῶν
2627 3494 2857 3564 ἁποχήν.
2883 3494 3011 3550 Tale
3042 3494 3168 3548 illud
3213 3509 3244 3549 e
3281 3504 3443 3549 tract.
3467 3493 3535 3548 54
3564 3495 3622 3550 in

2046 3584 2267 3651 Matth.,
2299 3600 2448 3640 num.
2485 3583 2593 3638 72:
2640 3601 2659 3636 ι
2685 3585 2786 3652 Qui
2827 3594 3006 3639 autem
3056 3587 3313 3640 recedunt
3347 3585 3414 3640 ab
3459 3583 3620 3650 Jesu,

2046 3675 2302 3730 decidunt
2344 3675 2397 3728 in
2451 3675 2628 3746 ignem
2661 3685 2959 3742 aeternum,
2999 3675 3090 3744 qui
3137 3677 3358 3732 alterius
3407 3679 3623 3747 generis

2045 3774 2129 3819 est
2159 3766 2227 3820 ab
2261 3765 2368 3820 hoc
2393 3766 2516 3834 igne
2543 3781 2703 3834 quem
2735 3766 2996 3821 habemus
3030 3767 3084 3820 in
3111 3783 3235 3824 usu.
3262 3766 3448 3822 Nullus
3474 3768 3620 3822 enim

2045 3858 2186 3928 ignis
2243 3858 2389 3912 inter
2434 3857 2682 3912 homines
2729 3868 2814 3912 est
2866 3867 3134 3924 aeternus,
3181 3858 3273 3913 sed
3324 3873 3424 3913 nec
3465 3858 3621 3912 multi

2046 3948 2336 4018 temporis;
2381 3948 2743 4019 exstinguitur
2789 3951 2932 4004 enim
2971 3949 3100 4002 cito.
3137 3947 3397 4005 IEternus
3439 3959 3618 4004 autem

2045 4040 2186 4111 ignis
2210 4049 2295 4096 est
2323 4041 2434 4104 ille,
2464 4042 2530 4097 de
2559 4057 2666 4110 quo
2693 4051 2748 4096 et
2791 4043 2959 4098 Isaias
2991 4042 3125 4096 dicit
3154 4042 3207 4097 in
3242 4043 3346 4098 fine
3390 4045 3621 4114 prapbe-

2047 4135 2134 4188 tia:
2171 4147 2326 4188 suae:
2369 4131 2569 4187 Vermis
2603 4149 2786 4188 eorum
2829 4151 2933 4189 non
2969 4138 3239 4201 morietur,
3279 4144 3328 4188 et
3365 4135 3501 4204 ignis
3531 4152 3619 4189 eo-

2043 4239 2162 4276 rum
2207 4238 2312 4277 non
2373 4223 2734 4292 exstinguetur
2773 4225 2838 4278 ’7.
2867 4245 2885 4278 ι
2935 4225 3108 4280 Simili
3144 4227 3265 4295 igne
3295 4226 3371 4280 uti
3420 4227 3619 4280 demo-

2043 4329 2141 4370 nes
2194 4323 2470 4369 asseverat
2508 4315 2698 4370 homil.
2737 4315 2807 4368 27
2848 4317 2902 4370 in
2934 4314 3122 4381 Num.,
3152 4332 3302 4372 num.
3327 4317 3381 4380 8,
3427 4332 3619 4388 nempe

2043 4422 2167 4461 cum
2213 4407 2461 4463 homines
2503 4424 2534 4463 a
2578 4409 2726 4463 vitiis
2777 4409 2843 4462 ad
2903 4409 3124 4463 meliora
3165 4423 3456 4466 conversos
3499 4425 3621 4464 cer—

2045 4511 2201 4565 nunt,
2243 4511 2354 4556 tum
2399 4517 2530 4558 vero
2573 4502 2952 4557 acerbissimas
2998 4516 3093 4556 eos
3131 4501 3358 4558 sufferre
3405 4515 3618 4573 poenas,

342 4615 536 4670 nianaa
587 4607 852 4663 doctrinae
897 4605 1347 4673 emendationem,
1375 4613 1428 4661 et
1456 4606 1798 4675 sequentium
1852 4605 1934 4659 in-
1971 4607 2015 4662 D
2045 4602 2099 4648 ει
2128 4594 2338 4648 melius
2382 4593 2595 4663 ignibus
2632 4593 3007 4648 “ardescere-

344 4707 649 4764 tellectum
670 4698 909 4756 confert.

419 4796 496 4855 Υ.
532 4794 661 4851 Jam
691 4806 818 4846 vero
864 4787 1162 4858 cujusmodi
1205 4801 1396 4857 poenas
1432 4785 1643 4842 futuras
1688 4787 1940 4856 opinatus

344 4893 422 4949 sit
457 4887 758 4957 Origenes,
787 4883 1085 4938 videamus.
1129 4881 1309 4952 Ignem
1341 4880 1492 4934 illum
1540 4889 1804 4935 aiternum
1826 4921 1842 4946 ,
1885 4881 1939 4933 in

345 4999 516 5055 quem
547 4975 772 5047 capitali
805 4974 1009 5030 Christi
1039 4975 1253 5030 decreto
1284 4973 1434 5042 impii
1479 4971 1730 5040 mittendi
1777 4981 1939 5038 sunt,

344 5075 492 5134 nihil
522 5068 677 5126 aliud
720 5081 840 5121 esse
885 5077 1034 5121 ratus
1077 5073 1188 5128 est,
1228 5079 1391 5134 quam
1435 5061 1781 5118 conscientia:
1820 5076 1940 5116 ver-

345 5181 524 5224 tnem.
560 5158 892 5217 Consulatur
918 5169 1079 5226 caput
1104 5157 1172 5210 IO
1193 5157 1314 5210 libri
1344 5171 1381 5209 ιι
1405 5155 1481 5209 De
1509 5154 1760 5224 princip.,
1785 5168 1936 5206 num.

343 5265 406 5330 4,
435 5256 592 5332 quod
632 5252 686 5307 id
721 5260 1095 5322 argumentum
1144 5251 1426 5305 excussit:
1464 5247 1538 5302 ibi
1590 5247 1669 5301 ait
1715 5260 1942 5300 revoca-

347 5370 465 5415 tam
498 5348 695 5406 divina
724 5347 946 5410 virtute,
969 5352 1026 5398 et
1061 5343 1130 5396 ob
1162 5342 1348 5396 oculos
1381 5341 1528 5410 impii
1561 5339 1792 5408 positam
1818 5352 1942 5408 pec-

345 5458 614 5506 catorum
649 5437 966 5491 memoriam
1007 5434 1182 5502 (juxta
1221 5433 1351 5487 illud
1398 5432 1548 5486 Pauli
1583 5431 1739 5486 Rom.
1765 5446 1826 5496 ιι,
1853 5427 1943 5493 I5,

347 5542 463 5598 I6:
501 5555 523 5590 ι
551 5534 709 5589 Inter
732 5543 792 5584 se
820 5527 1053 5582 invicem
1093 5523 1508 5594 cogitationibus
1543 5521 1944 5585 accusantibus,

347 5641 451 5690 aut
479 5626 658 5684 etiam
689 5617 1119 5678 defendentibus,
1150 5615 1203 5668 in
1236 5615 1325 5668 die
1353 5629 1476 5669 cum
1508 5612 1773 5683 judicabit
1805 5610 1948 5666 Deus

345 5721 577 5784 occulta
605 5711 890 5769 hominum
911 5711 983 5780 ι),
1013 5715 1248 5764 mentem
1273 5705 1390 5776 ejus
1417 5705 1650 5761 stimulis
1680 5716 1943 5777 pungere,

430 5905 478 5936 Io
505 5905 522 5924 ο
565 5889 721 5954 Psal.
756 5903 954 5955 Lxxxv,
982 5888 1072 5942 I5.
1146 5885 1190 5914 ’⁷
1230 5883 1331 5939 Isa.
1359 5897 1482 5939 ιιιιί
1505 5925 1520 5953 ,
1549 5881 1642 5938 ἓξ.

684 5986 961 6049 ΡΑτιιοι..
1001 5985 1118 6046 Gn.
1156 5981 1356 6046 XVII.

2112 4685 2262 4740 Alias
2292 4685 2467 4752 ignem
2503 4693 2726 4754 peccata
2758 4683 3109 4740 excedentem
3136 4691 3191 4738 et
3226 4692 3615 4748 assumentem,

2045 4775 2214 4830 Deum
2251 4775 2424 4845 ipsum
2456 4789 2579 4830 esse
2621 4775 2755 4840 vult,
2790 4781 3010 4844 propter
3040 4773 3144 4828 hoc
3177 4773 3395 4828 Deuter.
3423 4789 3496 4835 ιν.
3521 4773 3614 4839 24,

2052 4888 2070 4920 ι
2102 4867 2362 4923 Dominus
2397 4868 2539 4922 Deus
2579 4875 2702 4922 tuus
2744 4867 2884 4938 ignis
2929 4880 3255 4922 consumens
3289 4874 3393 4921 est.
3423 4885 3443 4918 ι
3490 4865 3620 4920 Inde

2047 4960 2264 5014 homilia
2303 4961 2360 5014 in
2394 4959 2592 5014 larem.
2631 4959 2696 5026 2,
2731 4975 2880 5013 num.
2907 4958 2971 5024 2,
3013 4970 3070 5014 et
3099 4959 3187 5023 I6,
3227 4975 3376 5013 num.
3421 4957 3455 5012 5
3480 4970 3537 5012 et
3561 4959 3614 5020 6,

2047 5053 2169 5122 igne
2200 5055 2303 5108 hoc
2341 5053 2504 5124 ligna,
2537 5051 2720 5107 fenum
2766 5063 2820 5106 et
2857 5051 3141 5122 stipulam,
3187 5051 3384 5107 Christi
3423 5049 3618 5103 funda-

2048 5154 2230 5200 mento
2272 5153 2684 5214 superstructa,
2727 5159 2890 5213 opera
2941 5158 3130 5214 nempe
3180 5141 3386 5212 peccati
3433 5150 3621 5194 narrat

2049 5237 2278 5300 absumi,
2305 5247 2592 5306 postquam
2622 5239 2802 5292 anima
2827 5236 2991 5290 fuerit
3018 5251 3047 5288 a
3075 5249 3300 5303 corpore
3325 5232 3571 5301 sejuncta
3602 5248 3614 5283 :

2047 5344 2239 5383 aurum
2271 5344 2419 5393 vero,
2464 5339 2773 5400 argentum,
2811 5337 2866 5382 et
2913 5339 3175 5397 gemmas,
3206 5325 3435 5378 virtutes
3474 5321 3622 5376 scili-

2049 5429 2164 5487 cet,
2213 5432 2268 5476 et
2299 5432 2445 5476 recte
2487 5431 2641 5488 acta,
2688 5420 2890 5473 illibata
2924 5428 2978 5472 et
3027 5421 3226 5472 intacta
3275 5414 3505 5469 servari.
3549 5413 3621 5465 At

2049 5512 2182 5566 lib.|
2219 5513 2360 5581 Περὶ
2388 5511 2609 5582 ἀρχῶν,
2650 5527 2769 5580 cap.
2798 5512 2850 5577 I,
2897 5526 3045 5564 num.
3072 5509 3140 5575 2,
3191 5507 3296 5561 alio
3335 5507 3622 5573 detorquet

2049 5605 2224 5662 locum
2281 5606 2423 5660 hunc
2470 5603 2901 5668 Deuteronomii,
2943 5618 3042 5656 nec
3094 5616 3190 5670 pro
3250 5599 3443 5652 futurae
3494 5597 3623 5650 vitae

2048 5699 2376 5770 purgatione
2406 5697 2624 5769 accipit,
2666 5697 2760 5753 sed
2791 5709 2889 5780 pro
2921 5693 3202 5766 praesentis
3245 5690 3407 5760 hujus
3448 5691 3624 5756 gratia

3258 5961 3336 6022 32
