4170 6438
583 443 718 500 1065
1852 445 1914 501 Ρ.
1959 445 2134 501 ΒΑΝΙΙ

2239 446 2276 501 S
2313 445 2406 501 llU
2420 447 2551 502 ETll
3685 450 3823 507 1001

578 561 846 616 mentibus
885 558 1131 614 humanis
1172 572 1202 612 a
1245 557 1354 613 Deo
1395 558 1592 614 infusa.
1620 578 1637 610 ι
1685 559 1825 628 Quid
1863 561 2028 629 enim,
2072 563 2144 614 in-
2172 564 2217 621 Α
2245 570 2538 630 praeparata
2588 561 2697 626 sit,
2753 561 2876 617 licet
2923 563 2975 617 in
3026 561 3216 618 eadem
3265 577 3424 633 paena
3473 564 3686 619 diversa
3751 566 3822 620 sit

578 652 714 720 quit,
752 659 1031 705 consumet
1060 649 1199 705 Deus
1223 652 1516 706 secundum
1551 653 1653 707 hoc
1685 653 1827 722 quod
1859 653 1999 724 ignis
2026 655 2144 710 est?
2244 653 2518 721 quantitas
2544 667 2734 722 poenae.
2778 652 2932 708 Alius
2990 653 3134 707 enim
3180 653 3396 722 gravius
3435 668 3500 708 ac
3539 654 3825 709 vehemen-

578 742 948 811 Nnnquidnam
990 742 1260 812 putabitur
1293 758 1608 798 consumere
1650 743 1929 797 materiam
1955 759 2146 813 corpo-
2246 743 2353 798 tius
2381 745 2654 798 cruciatur
2683 757 2782 812 pro
2826 744 3198 813 magnitudine
3249 755 3632 814 peccatorum;
3683 747 3822 803 alius

580 834 768 899 ralem,
817 842 873 886 ut
915 844 1001 888 est
1037 834 1275 904 lignum,
1318 834 1398 888 vel
1449 835 1661 898 fenum,
1703 836 1786 889 vel
1823 835 2059 905 stipula?
2091 847 2146 892 et
2245 843 2423 888 autem
2452 835 2757 901 remissius,
2785 834 2939 904 cujus
2968 835 3172 891 leviora
3213 847 3268 891 et
3311 836 3551 892 faciliora
3598 850 3822 908 peccata

575 924 704 988 quid
731 925 783 977 iu
816 925 916 980 hoc
939 924 1158 993 dignum
1181 927 1248 980 de
1280 925 1373 981 Dei
1400 926 1648 980 laudibus
1682 927 1897 992 dicitur,
1924 928 1968 982 si
2003 929 2143 982 Deus

583 1017 720 1086 ignis
771 1026 856 1070 est
925 1016 1239 1087 hujusmodi
1297 1018 1553 1072 materias
1621 1020 1981 1075 consumens?
2035 1020 2142 1074 Sed

2244 935 2387 980 sunt.
2420 944 2438 976 ›
2478 923 2679 982 Locum
2718 927 2924 997 profert
2959 925 3272 996 Pamphilus
3310 929 3365 983 in
3402 930 3678 1001 Apologia.

2315 1017 2399 1070 Vl.
2445 1017 2652 1086 Saepius
2677 1025 2866 1074 tamen
2915 1018 3038 1074 aliis
3081 1029 3281 1087 praeter
3320 1020 3498 1089 ignem
3541 1023 3821 1092 suppliciis

576 1107 977 1163 consideremus
1002 1110 1127 1177 quia
1167 1109 1306 1164 Deus
1331 1109 1600 1164 consumit
1629 1111 1847 1179 quidem
1874 1119 1928 1163 et
1961 1120 2144 1166 exter—
2244 1109 2490 1163 homines
2535 1110 2786 1178 castigari
2821 1124 2849 1163 a
2895 1108 3007 1164 Deo
3051 1108 3226 1164 fassus
3254 1117 3359 1165 est.
3395 1110 3627 1169 Homilia
3659 1115 3726 1171 l8
3766 1119 3822 1168 in

577 1195 780 1259 minat,
823 1197 916 1250 sed
955 1197 1224 1251 consumit
1255 1196 1424 1251 malas
1459 1199 1716 1252 mentium
1765 1199 2138 1269 cogitationes,

577 1285 844 1341 consumit
877 1295 1024 1358 gesta
1061 1287 1258 1355 turpia,
1298 1288 1560 1341 consumit
1604 1287 1871 1344 desideria
1905 1293 2138 1360 peccati,

576 1393 696 1433 cum
751 1392 810 1434 se
860 1378 1192 1434 credentium
1237 1378 1504 1434 mentibus
1538 1379 1746 1446 inserit,
1793 1389 1848 1436 et
1885 1395 1977 1437 eas
2021 1383 2138 1436 ani-

575 1487 693 1526 mas
728 1487 846 1542 qua:
875 1471 1035 1527 Verbi
1082 1470 1196 1540 ejus
1244 1485 1308 1525 ac
1353 1469 1643 1541 Sapientiae
1685 1471 1985 1528 elliciuntur
2050 1489 2141 1529 ca-

574 1578 768 1633 paces,
815 1578 922 1618 una
973 1579 1093 1618 cum
1143 1562 1278 1617 Filio
1316 1577 1414 1617 suo
1461 1563 1804 1628 inhabitans,
1848 1564 2137 1620 secundum

573 1655 715 1724 quod
744 1654 942 1709 dictum
982 1661 1103 1709 est:
1140 1653 1250 1724 Ego
1285 1664 1334 1708 et
1369 1651 1532 1708 Pater
1570 1655 1853 1719 veniemus,
1887 1665 1944 1709 et
1989 1671 2139 1709 man-

573 1748 773 1802 sionem
813 1746 953 1815 apud
992 1761 1110 1800 eum
1145 1745 1396 1814 faciemus
1430 1745 1505 1810 ἐς
1537 1746 1788 1802 omnibus
1828 1761 2015 1804 eorum
2062 1748 2139 1802 vi-

575 1839 664 1893 tiis
714 1837 1158 1907 passionibusque
1203 1837 1578 1905 consumptis,
1634 1853 1826 1906 purum
1893 1838 1997 1894 sibi
2045 1853 2138 1893 eas

2241 1198 2462 1262 Jerem.,
2499 1215 2649 1254 num.
2680 1200 2767 1265 l5,
2797 1215 2925 1271 pag.
2949 1200 3078 1264 261,
3109 1201 3284 1269 majus
3309 1203 3526 1273 aliquod
3573 1206 3818 1273 gehenna

2244 1291 2382 1360 ignis
2413 1305 2534 1345 esse
2575 1291 2902 1360 supplicium
2961 1291 3236 1348 concludit
3276 1310 3341 1349 ex
3380 1309 3446 1350 eo
3489 1296 3628 1366 quod
3666 1299 3712 1352 is
3749 1299 3823 1352 sit

2242 1385 2502 1451 gehennae
2546 1381 2685 1452 ignis
2728 1397 2875 1446 reus,
2904 1381 2998 1452 qui
3042 1382 3242 1438 dixerit
3288 1383 3442 1439 fratri
3490 1401 3618 1451 suo,
3654 1406 3672 1438 ‹
3711 1388 3818 1441 Fa-

2244 1472 2432 1538 tue";
2463 1491 2481 1523 ι
2522 1473 2694 1540 majus
2745 1473 2924 1542 itaque
2970 1474 3282 1544 impendere
3325 1475 3646 1544 supplicium
3698 1494 3816 1532 ma-

2236 1559 2412 1629 jorum
2445 1562 2737 1616 criminum
2787 1563 2916 1628 reis,
2950 1566 3076 1632 puta
3125 1565 3419 1630 adulteris;
3451 1567 3595 1634 quod
3639 1572 3818 1636 cujus-

2242 1653 2382 1706 modi
2421 1653 2493 1706 sit
2532 1653 2770 1707 futurum
2818 1654 2872 1707 in
2922 1669 3020 1709 cer
3056 1654 3288 1710 hominis
3333 1671 3438 1711 non
3487 1658 3814 1714 ascendisse.

2239 1740 2402 1796 Libro
2433 1757 2504 1797 vn
2550 1754 2736 1796 contra
2783 1743 2990 1799 Celsum
3018 1785 3034 1810 ,
3065 1761 3217 1800 num.
3251 1747 3304 1812 5,
3339 1747 3531 1803 scribit
3580 1750 3814 1805 animam

2241 1835 2506 1890 insontem
2536 1843 2590 1889 et
2622 1850 2832 1905 puram,
2871 1837 3058 1892 statim
3105 1848 3265 1908 atque
3294 1855 3522 1910 corpore
3561 1841 3714 1909 exiit,
3747 1845 3814 1897 ad

574 1944 739 2000 seque
786 1929 1004 1999 dignum
1049 1927 1212 1983 elﬁcit
1263 1927 1539 1996 templum.
1566 1946 1584 1979 ι
1633 1927 1709 1982 lta
1751 1937 1807 1983 et
1849 1928 1946 1982 lib.
1991 1944 2028 1982 ιι
2082 1929 2136 1983 in
2169 1921 2210 1975 Β
2241 1925 2460 1994 puriora
2495 1927 2715 1983 aetheris
2759 1927 2875 1981 loca
2939 1929 3228 1984 sublimem
3265 1931 3440 1986 ferri:
3475 1946 3810 2003 quaecunque

574 2020 777 2075 Cantic.
805 2021 1080 2086 canticor.,
1111 2034 1230 2090 pag.
1258 2018 1324 2072 52
1355 2037 1368 2073 :
1407 2036 1426 2069 ‹
1455 2019 1696 2089 Denique
1721 2021 1794 2075 ob
1840 2020 1943 2076 hoc
1992 2020 2133 2077 Deus

575 2121 760 2168 noster
805 2110 945 2180 ignis
977 2109 1174 2164 dicitur
1221 2123 1340 2164 esse
1369 2123 1701 2165 consumens
1728 2110 1792 2176 ",
1836 2120 1893 2166 et
1941 2109 2139 2167 nihilo-

574 2204 754 2258 minus
799 2202 887 2257 lux
934 2202 989 2256 in
1033 2216 1139 2272 quo
1172 2202 1409 2257 tenebrae
1455 2218 1561 2258 non
1607 2211 1731 2256 sunt
1752 2202 1817 2256 ³⁰.
1866 2202 1982 2257 Lux
2024 2205 2139 2258 sine

573 2296 736 2351 dubio
768 2295 948 2364 jnstis,
972 2305 1025 2350 et
1054 2293 1193 2365 ignis
1235 2291 1466 2349 edicitur
1496 2295 1895 2366 peccatoribus,
1924 2305 1984 2349 ut
2011 2310 2140 2351 con-

572 2397 751 2442 sumat
786 2389 838 2441 in
866 2387 947 2444 eis
974 2401 1133 2442 omne
1163 2386 1304 2457 quod
1342 2386 1393 2440 in
1428 2389 1608 2442 anima
1644 2402 1830 2442 eorum
1871 2387 2140 2456 corrupti-

571 2481 798 2538 bilitatis
837 2490 930 2536 aut
978 2481 1284 2552 fragilitatis
1335 2480 1632 2544 invenerit;
1657 2497 1685 2533 ι»
1721 2493 1822 2534 nec
1857 2479 2012 2534 aliter
2043 2479 2140 2534 ho-

571 2574 684 2628 mil.
713 2573 739 2626 1
769 2574 826 2627 in
874 2573 1090 2640 Ezech.,
1128 2589 1274 2629 num.
1307 2571 1377 2626 12
1401 2580 1458 2627 et
1500 2571 1588 2626 15.
1628 2571 1876 2625 Animam
1917 2579 2140 2626 caetero-

572 2664 702 2734 quin
731 2665 943 2735 ignibus
970 2665 1158 2736 attingi
1190 2674 1245 2719 et
1269 2663 1423 2718 exuri
1459 2677 1565 2718 non
1612 2676 1772 2733 posse
1806 2663 1997 2717 statuit
2041 2661 2135 2716 lib.

570 2772 623 2810 vr
649 2764 830 2810 contra
867 2754 1005 2812 Cels.
1030 2797 1045 2823 ,
1079 2771 1228 2812 num.
1256 2757 1348 2820 71,
1389 2755 1577 2826 Ἡμεῖς
1614 2753 1671 2806 δὲ
1711 2751 1998 2824 ἀσώματον
2043 2754 2137 2806 οὐ-

572 2849 690 2902 σίαν
729 2851 829 2902 οὐκ
863 2849 1017 2920 ἴσμεν
1048 2849 1474 2922 ὲκπυρουμένην,
1506 2847 1612 2900 οὐδ’
1654 2848 1733 2910 εἰς
1771 2846 1881 2917 πῦρ
1912 2845 2136 2899 ἀναλυο-

573 2941 741 3013 μένην
791 2940 889 3012 τὴν
948 2941 1234 3013 ἀνθρώπου
1296 2939 1500 3013 ψυχὴν,
1549 2938 1582 3010 ἢ
1630 2939 1726 3010 τὴν
1777 2936 2053 3007 ἀγγέλωνξ,
2102 2935 2136 3007 ἢ

573 3035 794 3106 θρόνων,
836 3033 870 3106 ἦ
907 3035 1261 3106 κυριοτήτων,
1301 3035 1334 3105 ἢ
1383 3033 1585 3105 ἀρχῶν,
1631 3031 1665 3104 ἢ
1711 3029 1965 3097 ἐξουσιῶν
2007 3030 2139 3084 ὑπό-

573 3143 777 3180 στασιν.

642 3217 1033 3290 Nonnunquam
1075 3229 1255 3275 tamen
1286 3232 1594 3289 supremam
1627 3216 1808 3272 mundi
1840 3215 2136 3283 conﬂagra-
2161 3253 2204 3311 ϐ

572 3311 778 3366 tionem
822 3313 944 3381 igne
975 3310 1083 3368 hoc
1126 3312 1370 3367 denotari
1409 3320 1590 3381 putat,
1635 3324 1807 3380 eoque
1855 3309 2134 3364 hominum

570 3409 789 3474 peccata
817 3403 974 3457 exuri
997 3411 1050 3457 et
1082 3403 1323 3472 purgari.
1351 3401 1588 3470 Legatur
1614 3403 1668 3456 in
1708 3400 1847 3456 libro
1890 3415 1920 3450 v
1951 3407 2136 3454 contra

571 3493 800 3558 Celsum,
851 3509 1000 3549 num.
1041 3495 1130 3561 13,
1171 3495 1319 3550 locus
1363 3495 1480 3560 ille,
1528 3508 1635 3564 quo
1673 3493 1942 3563 impurum
1991 3493 2136 3547 hunc

571 3587 946 3656 philosophum
997 3587 1235 3643 futuram
1278 3587 1462 3641 mundi
1513 3583 1986 3656 conﬂagrationem
2033 3598 2134 3638 ne-

577 3687 796 3749 gantem
841 3677 1076 3744 refellit;
1125 3678 1361 3734 ostendit
1407 3678 1549 3732 enim
1603 3676 1855 3733 incendio
1889 3676 1992 3731 hoc
2035 3675 2135 3729 ho-

572 3769 745 3824 mines
779 3770 1065 3826 universos
1105 3769 1390 3824 lustratum
1426 3768 1512 3835 iri,
1546 3767 1726 3823 illwsis
1761 3777 1938 3822 tamen
1969 3767 2034 3822 iis
2080 3766 2132 3820 in

572 3860 768 3929 quibus
809 3876 972 3930 opera
1021 3861 1268 3932 peccati,
1317 3861 1565 3916 idoneum
1608 3858 1814 3914 scilicet
1847 3856 1956 3927 igni
2009 3856 2134 3911 huic

575 3951 851 4020 pabulum,
879 3951 1023 4006 nulla
1060 3951 1431 4022 reperientur;
1465 3950 1672 4007 exustis
1702 3964 1829 4004 vero
1860 3948 2000 4014 aliis,
2040 3947 2133 4018 qui

571 4058 740 4100 noxas
768 4053 822 4099 et
865 4043 1090 4110 scelera,
1127 4043 1269 4114 ligna
1304 4043 1557 4097 nimirum
1583 4082 1599 4107 ,
1646 4042 1825 4097 fenum
1868 4047 1923 4095 et
1964 4039 2134 4109 stipu-

573 4134 677 4187 lam
725 4130 956 4188 ﬂammis
984 4131 1260 4187 exedenda
1309 4130 1640 4202 collegerint.
1676 4128 1880 4196 Quarto
1918 4141 2135 4197 quoque

565 4225 746 4294 operis
771 4224 1006 4293 ejusdem
1034 4223 1194 4289 libro,
1221 4237 1369 4276 num.
1395 4221 1464 4276 20
1487 4230 1541 4276 et
1563 4221 1656 4286 64,
1687 4221 1944 4274 mundum
1973 4216 2136 4273 tradit

569 4332 708 4371 nunc
741 4315 956 4370 diluviis
998 4313 1308 4383 repurgari,
1350 4326 1491 4366 nunc
1533 4311 1819 4374 incendiis,
1860 4310 1952 4363 καὶ
1991 4307 2131 4378 τάχα

562 4410 624 4462 οὐ
666 4409 735 4461 τὰ
765 4406 859 4460 ἐπὶ
883 4406 982 4476 γῆς
1014 4404 1193 4475 μόνον,
1224 4401 1358 4457 ἀλλὰ
1386 4403 1477 4456 καὶ
1505 4401 1573 4455 τὰ
1599 4403 1655 4454 ὲν
1676 4400 1781 4471 ὅλῳ
1808 4398 1886 4470 τῷ
1917 4400 2127 4469 κόσμῳ,

561 4498 796 4570 δεομένῳ
829 4495 1124 4567 καθαρσίου
1162 4495 1289 4548 ὅταν
1323 4491 1490 4563 πολλὴ
1536 4494 1570 4562 ἡ
1614 4489 1779 4546 κακία
1811 4490 2034 4559 γένηται
2075 4491 2132 4541 ὲν

561 4591 728 4663 αὐτῷ.

632 4682 764 4738 Utut
810 4681 982 4750 ignem
1035 4679 1179 4733 hunc
1218 4674 1622 4746 intelligendum
1659 4680 1878 4738 censet,
1925 4671 2126 4727 nullam

560 4775 722 4830 aliam
751 4783 1014 4844 praeterea
1043 4769 1218 4824 noxiis
1255 4767 1564 4822 hominibus
1611 4762 1875 4820 inﬂictum
1911 4763 1977 4817 iri
2012 4774 2127 4832 poe-

562 4881 721 4930 nam,
769 4864 894 4919 licet
932 4863 1021 4918 illa
1073 4875 1171 4930 pro
1229 4866 1574 4928 peccatorum
1625 4855 1839 4911 ratione
1891 4853 2125 4909 diversis

558 4955 735 5011 modis
777 4954 1085 5008 intendatur
1137 4951 1220 5005 vel
1265 4950 1606 5013 remittatur,
1653 4945 1846 5002 scribit
1892 4945 1945 4998 in
1983 4943 2122 5000 libro

563 5047 640 5102 De
685 5044 978 5100 Proverbiis
1023 5041 1319 5098 Salomonis
1357 5055 1375 5092 :
1414 5056 1434 5090 t
1473 5035 1818 5092 Manifestum
1856 5043 1941 5092 est
1986 5034 2128 5103 quod

563 5155 668 5194 una
715 5152 873 5208 poena
917 5146 1024 5190 tam
1071 5135 1370 5189 daemonum
1403 5139 1631 5196 natura},
1679 5141 1842 5198 quam
1892 5126 2128 5181 humano

557 5231 741 5302 generi
787 5238 1136 5300 peccatorum
1179 5240 1209 5278 a
1272 5223 1500 5278 Domino
1547 5220 1814 5290 praeﬁnita
1872 5218 1944 5273 sit
1994 5217 2124 5279 illa,

557 5335 718 5389 quam
746 5319 1002 5375 Dominus
1029 5332 1124 5371 sua
1148 5314 1417 5372 sententia
1445 5312 1750 5383 designavit
1779 5309 1966 5364 dicens
1991 5325 2005 5361 :
2041 5306 2124 5360 Ite

2241 2033 2367 2071 vero
2402 2019 2559 2072 noxia
2612 2029 2725 2086 est,
2775 2020 3011 2087 peccatis
3056 2035 3367 2091 oppressam
3412 2022 3559 2077 circa
3614 2033 3812 2079 terram

2240 2111 2346 2165 huc
2389 2119 2443 2164 et
2484 2109 2609 2165 illuc
2670 2109 2938 2176 volutari;
2979 2112 3239 2180 quasdam
3287 2114 3430 2167 circa
3479 2125 3810 2170 mortuorum

2240 2201 2503 2271 sepulcra,
2532 2202 2653 2258 inde
2699 2211 2910 2273 Spectra
2946 2201 3118 2258 oculis
3165 2205 3442 2259 hominum
3488 2209 3812 2277 quandoque

2242 2290 2437 2358 objici;
2473 2291 2606 2346 alias
2636 2291 2762 2347 alibi
2791 2307 2994 2348 errare.
3025 2292 3067 2346 E
3093 2291 3316 2350 Platone
3350 2295 3625 2350 transtulit
3653 2311 3804 2351 com-

2241 2394 2481 2437 mcntum
2531 2384 2708 2449 istud,
2753 2392 2811 2439 ut
2859 2383 2962 2438 alia
3012 2385 3286 2455 pleraque,
3332 2386 3485 2456 cujus
3529 2403 3592 2444 ea
3623 2397 3706 2444 est
3754 2390 3808 2444 in

2246 2474 2505 2530 Phwdone
2544 2477 2796 2544 assertio,
2833 2478 3111 2534 hominum
3161 2481 3436 2548 corporeis
3485 2481 3646 2536 rebus
3678 2481 3807 2536 dum

2240 2566 2487 2621 viverent
2536 2565 2922 2636 implicitorum
2993 2568 3203 2622 animas
3253 2568 3397 2624 circa
3458 2579 3807 2625 monumenta

2241 2657 2466 2723 versari,
2501 2659 2696 2727 quibus
2741 2674 2865 2714 cum
2921 2659 3304 2729 conspicabilis
3352 2659 3528 2730 aliqua
3562 2663 3806 2732 corporis

2238 2760 2365 2816 pars
2397 2745 2688 2802 etiamnum
2719 2748 3067 2810 adhazrescat,
3107 2747 3231 2802 hinc
3275 2747 3643 2804 tenebricosas
3683 2749 3805 2802 ani-

2240 2853 2446 2892 marum
2493 2839 2780 2910 imagines,
2825 2838 3179 2909 aspectabiles
3211 2840 3494 2896 exsistere.
3541 2839 3674 2894 Eam
3720 2840 3804 2894 ni-

2240 2928 2530 2984 hilominus
2601 2931 2920 2984 sententiam
2993 2929 3241 3000 repudiat
3304 2941 3439 2986 tom.
3514 2946 3684 2986 xxvnt
3749 2932 3808 2985 in

2239 3020 2420 3088 Joan.,
2462 3036 2608 3076 num.
2636 3020 2690 3088 5,
2729 3023 3128 3092 absurdumque
3161 3037 3281 3078 esse
3324 3023 3567 3078 decernit
3617 3024 3808 3080 existi-

2241 3127 2390 3166 mare
2448 3113 2718 3179 animam,
2762 3121 3045 3182 postquam
3105 3126 3335 3181 corpore
3399 3113 3625 3169 liberata
3681 3124 3804 3181 est,

2240 3211 2455 3258 mortuo
2489 3204 2748 3260 assidere.

2307 3295 2466 3350 Aliud
2498 3306 2758 3364 praeterea
2803 3297 3051 3367 supplicii
3095 3311 3266 3369 genus
3309 3296 3487 3352 notari
3521 3304 3676 3367 putat
3719 3296 3806 3353 his

2235 3383 2399 3442 Lucae
2432 3387 2636 3453 verbis,
2665 3389 2860 3458 quibus
2893 3390 3130 3445 futurutn
3161 3389 3400 3444 minatur
3439 3387 3709 3453 Christus,
3745 3398 3808 3442 ut

2237 3476 2630 3546 imprudentem
2691 3493 2908 3534 servum
2965 3480 3252 3544 «dividat,
3307 3487 3626 3549 partemque
3686 3476 3806 3546 ejus

2237 3581 2357 3622 cum
2406 3567 2709 3624 inﬁdelibus
2742 3578 2907 3639 ponat
2929 3569 2994 3624 ⁸³.
3031 3588 3050 3622 ι
3091 3567 3276 3624 Genus
3323 3576 3501 3623 autem
3555 3566 3804 3637 supplicii

2237 3657 2289 3712 id
2317 3671 2436 3712 esse
2465 3667 2635 3729 putat,
2663 3658 2983 3715 divisionem
3025 3659 3221 3714 animae
3261 3674 3290 3713 a
3325 3656 3533 3728 Spiritu
3573 3669 3802 3723 sancto;

2233 3748 2320 3803 vel
2367 3749 2683 3805 divisionem
2739 3749 3018 3805 nobilioris
3080 3749 3248 3820 partis
3299 3749 3524 3816 animae,
3568 3763 3686 3818 quae
3735 3748 3805 3803 ad

2235 3838 2520 3911 imaginem
2574 3849 2627 3896 et
2673 3840 3075 3895 similitudinem
3127 3839 3223 3896 Dei
3272 3839 3416 3896 facta
3457 3849 3580 3906 est,
3627 3841 3694 3895 ab
3737 3853 3804 3894 ea

2235 3939 2388 4000 parte
2409 3944 2529 4000 quae
2557 3945 2653 4001 per
2679 3930 2833 3986 liberi
2864 3930 3076 3986 arbitrii
3103 3930 3314 4000 lapsum
3346 3930 3646 3986 deformata
3675 3940 3800 3995 est;

2233 4020 2318 4076 vel
2351 4022 2666 4077 divisionem
2710 4022 2901 4077 animas
2947 4024 3014 4076 ab
3040 4021 3232 4092 angelo
3270 4021 3452 4077 tutela
3487 4036 3598 4078 suae
3648 4035 3793 4091 prae-

2233 4109 2396 4168 fecto.
2428 4110 2532 4168 Sed
2559 4122 2614 4168 et
2639 4127 2883 4169 errorum
2930 4113 3184 4168 tenebras
3213 4121 3268 4167 et
3313 4112 3634 4181 ignorantia:
3664 4111 3803 4167 cali,

2233 4204 2412 4273 ginem
2447 4203 2563 4258 vult
2599 4205 2826 4274 exprimi
2859 4204 3094 4260 tenebris
3138 4203 3517 4268 exterioribus,
3564 4204 3635 4258 in.
3665 4217 3804 4273 quas

2233 4294 2372 4348 mitti
2394 4294 2547 4362 jubet
2580 4308 2702 4349 eum
2734 4309 2850 4355 rex,
2879 4294 2969 4362 qui
3005 4302 3152 4349 veste
3179 4292 3402 4362 nuptiali
3431 4307 3535 4348 non
3572 4293 3800 4347 indutus

2234 4385 2289 4440 in
2325 4385 2551 4455 nuptiali
2579 4385 2826 4440 convivio
2857 4385 3231 4441 discumbebat
3255 4380 3332 4451 “;
3361 4392 3416 4439 et
3458 4398 3672 4440 servum
3705 4397 3803 4439 ne-

2232 4491 2393 4546 quam
2424 4486 2478 4532 et
2512 4476 2743 4547 pigrum,
2787 4475 2877 4545 qui
2909 4475 3164 4531 talentum
3208 4476 3311 4532 sibi
3341 4477 3695 4531 commissum
3741 4475 3801 4530 in

2233 4577 2435 4625 terram
2474 4568 2751 4624 defoderat
2773 4567 2838 4621 ³⁵.
2875 4567 2998 4634 Quo
3033 4569 3244 4624 accedit
3285 4576 3502 4624 tractat.
3525 4582 3705 4622 xxxnr
3742 4567 3801 4620 in

2234 4657 2451 4724 Matth.,
2478 4673 2627 4714 num.
2654 4657 2743 4723 69,
2774 4659 3027 4714 tenebras
3049 4659 3346 4714 exteriores
3377 4657 3450 4712 ita
3481 4670 3752 4725 exponens
3779 4674 3799 4710 :

2237 4770 2256 4804 ι
2289 4750 2390 4808 Ubi
2425 4750 2571 4805 nulla
2601 4750 2918 4805 illuminatio
2946 4759 3049 4818 est,
3085 4749 3316 4806 forsitan
3347 4763 3450 4804 nec
3476 4745 3796 4819 corporalis,

2231 4857 2332 4898 nec
2372 4851 2457 4900 est
2491 4842 2756 4912 respectio
2788 4840 2881 4895 Dei
2922 4841 3066 4906 illic,
3111 4841 3206 4897 sed
3237 4842 3392 4911 quasi
3427 4840 3630 4911 indigni
3674 4854 3801 4908 spe-

2239 4933 2506 4989 culatione
2542 4932 2638 4987 Dei
2667 4931 2760 5003 qui
2793 4930 2918 4985 talia
2957 4940 3340 5000 peccaverunt,
3370 4932 3802 4987 condemnamur

2235 5027 2290 5080 in
2329 5025 2416 5080 his
2449 5039 2572 5094 quae
2603 5021 2901 5079 exteriores
2942 5024 3176 5078 tenebrae
3223 5022 3602 5093 appellantur:
3639 5019 3801 5075 forsi-

2235 5129 2323 5170 tan
2374 5116 2544 5172 donec
2586 5113 2981 5180 intellexerint,
3016 5121 3075 5168 ut
3119 5121 3504 5169 convertantur
3550 5121 3608 5166 et
3649 5111 3801 5181 digni

2228 5205 2525 5263 emciantur
2566 5205 2716 5260 exire
2745 5206 2813 5260 ab
2841 5204 2972 5261 eis.»
3008 5205 3179 5261 Aliter
3208 5213 3388 5260 tamen
3423 5202 3583 5273 paulo
3630 5211 3791 5273 post:

2228 5320 2246 5352 σ
2274 5298 2690 5355 Consideremus
2736 5311 2884 5367 ergo,
2932 5298 3140 5367 inquit,
3183 5298 3228 5354 si
3278 5304 3458 5367 potest
3488 5310 3620 5351 vera
3667 5307 3794 5349 esse

559 5383 615 5459 in
643 5407 812 5476 ignem
843 5413 1114 5469 teter-num,
1145 5403 1234 5472 qui
1264 5411 1479 5471 paratus
1507 5409 1582 5453 est
1609 5397 1818 5451 diabolo
1851 5405 1899 5450 et
1924 5394 2121 5464 angelis
2223 5389 2489 5460 expositio
2527 5389 2666 5459 ejus,
2701 5397 2763 5442 ut
2787 5388 3088 5443 exteriores
3130 5386 3384 5442 tenebras
3431 5385 3550 5440 illas
3596 5383 3798 5476 intelli—

558 5475 774 5568 ejus";
810 5497 1099 5552 ostendens
1147 5495 1271 5564 quia
1333 5491 1519 5548 eadem
1569 5491 1776 5560 species
1837 5502 2121 5558 poenarum
2222 5495 2446 5552 gamus,
2488 5489 2547 5534 ut
2593 5481 2814 5549 quidam
2865 5481 3016 5550 quasi
3072 5479 3275 5548 indigni
3324 5487 3436 5532 toto
3487 5475 3685 5530 mundo
3739 5475 3795 5528 in

560 5585 1306 5665 peccatoribusbhominibus,
1336 5591 1391 5637 et
1420 5580 1654 5643 diabolo,
1685 5587 1739 5634 et
1772 5577 1978 5648 angelis
2007 5574 2123 5643 ejus
2222 5573 2473 5642 abyssum
2499 5571 2669 5638 illam,
2694 5586 2853 5642 quam
2889 5571 2982 5627 ille
3010 5569 3282 5641 exposuit,
3308 5568 3454 5625 foras
3483 5568 3773 5640 ejiciantur

626 5792 673 5822 ’⁸
709 5790 982 5853 Joan.xrv,
1023 5790 1113 5842 25.
1202 5789 1247 5819 ”
1289 5786 1449 5842 Hebr.
1477 5803 1579 5849 xu,
1624 5784 1713 5838 29.

561 5876 659 5923 xu,
685 5861 774 5914 26.
817 5860 894 5930 ﬂ“
932 5860 1290 5930 Matthnxxn,
1325 5858 1407 5910 t3.
1485 5857 1528 5888 ³⁵
1570 5855 1757 5910 Matth.
1800 5870 1926 5920 xxv,
1956 5854 2047 5908 50.

1812 5784 1852 5815 ³ο
1893 5782 1910 5835 l
1944 5782 2096 5840 Joan.
2128 5800 2169 5854 l,
2360 5780 2608 5839 “Matth.
2640 5795 2764 5849 xxv,
2801 5777 2891 5833 ll.

2993 5776 3033 5810 ³¹
3077 5775 3259 5832 Matth.
3296 5791 3348 5842 v,
3381 5773 3472 5827 22.
3571 5771 3620 5807 ³³
3655 5770 3793 5828 Luc.
