4170 6422
362 715 472 771 sint
498 719 652 768 extra
683 718 852 763 totum
885 706 1164 760 mundum.
1196 721 1212 753 ›

417 803 794 873 Cujuscunque
816 814 976 867 porro
993 797 1332 869 generissinl
1351 810 1543 865 ptenaa,
1561 795 1933 852 vehementius

363 899 432 953 iis
472 895 769 951 cruciatum
804 891 866 944 iri
902 903 1126 958 corpora
1157 895 1329 956 putat,
1359 887 1551 956 quibus
1585 899 1932 958 resurgentes

366 990 684 1051 induemur;
713 991 895 1053 utpote
920 979 1197 1036 subtiliora
1227 987 1282 1034 et
1310 978 1594 1049 spiritalia,
1621 995 1782 1047 quam
1811 996 1932 1050 quae

364 1083 468 1136 hac
492 1079 547 1133 in
570 1079 681 1131 vita
705 1085 1008 1146 gestamus;
1037 1072 1485 1142 quemadmodum
1510 1073 1711 1126 nudum
1736 1088 1932 1142 corpus

365 1171 574 1227 mollius
603 1178 684 1224 est
711 1169 777 1223 ad
807 1167 1054 1229 verbera,
1083 1166 1256 1234 iisque
1284 1165 1460 1219 acrius
1484 1164 1737 1231 afﬁcitur,
1771 1180 1930 1234 quam

361 1263 408 1318 si
438 1271 590 1316 veste
613 1268 952 1327 contegatur.
984 1257 1160 1312 Verba
1192 1255 1439 1324 Origenis
1466 1270 1496 1310 e
1537 1255 1929 1311 Commentario

360 1354 414 1407 in
444 1353 631 1421 psalm.
679 1367 765 1416 vr,
812 1366 935 1421 pag.
962 1349 1084 1414 580,
1129 1349 1439 1418 Pamphilus
1476 1350 1528 1403 in
1559 1349 1813 1419 Apologia
1846 1366 1931 1405 re-

363 1445 568 1500 citavit.
612 1443 856 1513 Denique
900 1442 1260 1512 Hieronymus
1306 1442 1359 1496 in
1395 1442 1555 1511 epist.
1581 1442 1673 1506 95,
1703 1443 1770 1496 ad
1799 1443 1932 1497 Avi-

363 1547 495 1601 tum,
526 1551 647 1604 cap.
672 1536 724 1600 l,
758 1534 1042 1602 scripsisse
1070 1533 1359 1604 Origenem
1390 1533 1559 1588 refert
1589 1535 1640 1588 in
1677 1534 1783 1590 fine
1806 1534 1930 1590 libri

359 1628 521 1698 primi
558 1625 701 1696 Περὶ
751 1625 970 1697 ἀρχῶν,
1007 1626 1238 1679 animam
1279 1627 1601 1696 quandoque
1647 1645 1666 1677 ι
1697 1641 1796 1696 pro
1827 1626 1931 1682 do-

363 1720 476 1775 lore
514 1733 793 1790 poenarum
841 1727 897 1773 et
950 1717 1088 1788 ignis
1133 1717 1348 1780 ardore,
1392 1719 1566 1789 magis
1611 1717 1810 1788 eligere
1869 1728 1932 1774 ut

361 1810 581 1866 brutum
628 1808 829 1864 animal
862 1807 955 1873 sit,
998 1815 1054 1862 et
1088 1808 1140 1862 in
1179 1809 1334 1878 aquis
1373 1809 1607 1871 habitet,
1653 1816 1710 1863 et
1750 1807 1929 1864 flucti-

360 1900 499 1968 bus,
541 1915 605 1956 ac
647 1914 843 1970 corpus
890 1913 1167 1955 assumere
1217 1899 1377 1970 hujus
1430 1899 1516 1955 vel
1566 1898 1710 1956 illius
1765 1915 1930 1970 peco-

359 1993 459 2049 ris.

429 2083 540 2142 VII.
581 2084 930 2155 Multiplicem
966 2093 1387 2140 commemorata
1417 2085 1670 2156 dogmata
1711 2084 1930 2156 Origeni

359 2176 828 2245 exprobrationem
877 2184 1156 2247 peperere.
1205 2176 1350 2232 Inter
1399 2177 1503 2232 alia
1563 2176 1833 2246 obiectum
1877 2176 1926 2232 ei

361 2279 550 2325 narrat
600 2267 914 2338 Pamphilus
973 2270 1027 2324 in
1088 2269 1443 2340 Apologetico,
1493 2283 1724 2339 negasse
1778 2268 1928 2323 illum

362 2362 608 2418 scelestis
647 2362 925 2418 inferenda
959 2361 1252 2432 supplicia;
1299 2361 1440 2432 quod
1475 2375 1688 2432 pcenam
1717 2376 1926 2426 sensus,

358 2462 420 2509 ut
452 2461 680 2521 vocant,
729 2455 976 2510 videatur
1023 2452 1336 2521 sustulisse,
1383 2468 1506 2508 cum
1544 2453 1726 2525 ignem
1773 2464 1934 2508 aeter-

361 2562 492 2601 num
546 2547 932 2617 interpretatus
987 2555 1070 2602 est
1131 2545 1573 2617 perturbationes
1627 2547 1830 2613 animi,
1877 2555 1933 2603 et

359 2638 704 2694 conscientiae
745 2637 1009 2693 stimulos.
1050 2637 1125 2694 Eo
1170 2645 1414 2706 spectant
1463 2637 1570 2691 ista
1618 2635 1930 2707 Hieronymi

357 2727 452 2784 lib.
477 2744 537 2783 ιιι
578 2729 636 2782 in
670 2727 842 2798 Epist.
871 2729 938 2782 ad
966 2728 1160 2800 Epltes.
1183 2737 1238 2796 v,
1271 2729 1304 2784 6
1331 2748 1345 2784 :
1383 2745 1402 2780 ι
1431 2727 1567 2796 Quia
1607 2729 1771 2800 igitur
1809 2739 1934 2784 sunt

355 2818 620 2890 plerique,
661 2823 753 2892 qui
792 2822 976 2877 dicunt
1022 2831 1128 2877 non
1177 2821 1356 2877 futura
1390 2835 1490 2892 pro
1522 2823 1765 2892 peccatis
1812 2837 1932 2878 esse

356 2914 638 2984 supplicia,
672 2928 771 2969 nec
801 2914 1144 2970 extrinsecus
1170 2913 1472 2969 adhibenda
1507 2922 1804 2979 tormenta,
1835 2916 1932 2971 sed

354 3006 530 3076 ipsum
579 3015 857 3076 peccatum
884 3046 899 3072 ,
941 3012 997 3060 et
1041 3005 1425 3062 conscientiam
1459 3007 1640 3063 delicti
1683 3023 1805 3064 esse
1834 3022 1932 3077 pro

354 3112 549 3169 ptena,
580 3098 706 3153 dum
755 3099 957 3154 vermis
1004 3098 1057 3153 in
1103 3099 1266 3154 corde
1299 3115 1406 3154 non
1459 3100 1710 3168 moritur,
1764 3110 1820 3155 et
1873 3102 1929 3156 in

354 3189 535 3245 animo
577 3188 716 3260 ignis
765 3189 1103 3255 accenditur,
1152 3189 1206 3243 in
1261 3189 1675 3245 similitudinem
1727 3187 1918 3254 febris,

351 3295 473 3352 quae
497 3296 603 3336 non
643 3288 860 3350 torquet
885 3279 1225 3334 extrinsecus
1252 3289 1632 3350 aegrotantem,
1673 3281 1768 3336 sed
1806 3295 1929 3336 cor-

351 3385 486 3442 pora
531 3371 644 3438 ipsa
689 3369 999 3439 corripiens
1059 3369 1242 3438 punit,
1285 3372 1402 3426 sine
1449 3372 1786 3427 cruciatuum
1832 3386 1929 3428 ex-

358 3465 629 3522 trinsecus
665 3461 1020 3530 adhibitione,
1064 3478 1200 3533 quos
1234 3464 1497 3532 possidet.
1526 3484 1544 3516 ι
1589 3464 1755 3520 Notat
1786 3479 1929 3536 prae-

356 3569 511 3618 terea
550 3559 911 3630 Ilieronymus
954 3560 1008 3614 in
1047 3561 1205 3629 epist.
1231 3560 1322 3627 59,
1363 3560 1429 3613 ad
1462 3559 1632 3626 Avit.,
1664 3574 1785 3628 cap.
1814 3555 1929 3616 1.4.

353 3651 646 3720 Origenem
677 3651 886 3706 dixisse
920 3651 1130 3708 animas
1156 3665 1254 3721 pro
1284 3651 1570 3706 criminum
1601 3651 1760 3706 modo
1785 3666 1933 3712 cras-

359 3744 602 3802 sioribus
632 3743 932 3809 hominum,
968 3743 1055 3798 vel
1079 3744 1468 3813 jumentorum,
1511 3743 1596 3798 vel
1623 3745 1784 3799 etiam
1821 3745 1934 3798 dae-

349 3857 574 3899 monum
637 3841 954 3912 corporibus
1023 3838 1280 3902 immitti,
1337 3837 1670 3905 easdemque
1730 3837 1931 3903 resipi-

347 3944 568 3990 scentes
609 3931 674 3986 ad
724 3929 1036 4002 angelorum
1071 3937 1318 3983 naturam
1351 3925 1534 3981 redire
1575 3942 1605 3980 ς⁴
1640 3927 1783 3994 quod
1817 3923 1931 3992 jam

345 4023 781 4080 observavimus.
807 4022 968 4077 Addit
995 4035 1112 4089 cap.
1138 4019 1175 4073 2
1206 4027 1475 4074 tormenta
1506 4032 1630 4073 eum
1662 4026 1719 4071 et
1750 4016 1929 4087 ignem

343 4117 610 4188 gehenna:
649 4116 702 4170 in
751 4113 1081 4185 conscientia
1119 4119 1464 4183 peccatorum
1516 4109 1654 4164 libro
1697 4123 1736 4163 ιι
1786 4107 1930 4176 Περὶ

338 4207 555 4279 ἀρχῶν
584 4207 849 4279 posuisse,
874 4206 1016 4276 quod
1059 4205 1218 4260 iterat
1248 4202 1400 4272 Apol.
1428 4205 1502 4267 u‘,
1538 4214 1658 4270 cap.
1687 4200 1740 4264 1,
1782 4210 1839 4254 et
1873 4200 1928 4253 in
1963 4222 1966 4226 ν

344 4301 759 4360 Commentariis
814 4299 872 4353 in
928 4297 1101 4368 Epist.
1143 4297 1212 4350 ad
1253 4286 1482 4364 Ephes.,
1526 4306 1648 4361 cap.
1693 4292 1727 4347 5
1763 4300 1818 4347 et
1872 4290 1928 4346 6.

343 4395 618 4464 Queritur
643 4404 857 4462 quoque
882 4389 1022 4462 apud
1055 4387 1413 4458 Augustinum
1441 4385 1666 4440 Orosius
1697 4385 1752 4438 in
1783 4383 1932 4438 Com-

334 4485 657 4549 monitorio,
702 4482 915 4552 jactare
977 4479 1164 4535 solitos
1232 4476 1570 4547 Origenistas
1622 4474 1926 4545 quosdam,

337 4595 363 4630 ι
411 4574 601 4645 Ignem
647 4578 907 4626 aeternum
948 4577 1055 4638 quo
1089 4577 1404 4638 peccatores
1454 4567 1770 4636 puniantur,
1818 4580 1926 4619 non

1207 491 1776 550 OBIGENIANOBUM
1814 489 1942 544 LIB.
1983 489 2046 554 II,
2085 489 2236 545 CAP.
2279 488 2344 554 ll,
2389 485 2665 554 ρυιΕδΤ.
2709 487 2803 541 XI.

2035 702 2091 748 et
2137 693 2441 762 patrocinio
2495 701 2680 747 noster
2719 691 2979 761 Origenes
3025 691 3352 755 defenditur,
3403 709 3608 764 suaque

2034 782 2302 852 imprimis
2324 781 2679 846 dubitatione,
2706 795 2826 835 cum
2854 780 2947 836 lib.
2977 797 2993 835 ι
3031 783 3170 851 Περὶ
3203 783 3427 852 ἀρχῶν,
3455 785 3608 840 initio

2034 871 2224 941 capitis
2271 871 2443 938 sexti,
2497 871 2562 926 de
2618 886 2798 926 rerum
2863 875 3374 938 consummatione,
3432 876 3607 946 deque

2035 964 2211 1034 ptenis
2251 966 2661 1029 damnatorum,
2691 979 2754 1018 ac
2787 965 3066 1018 beatorum
3117 964 3356 1033 praemiis
3389 977 3610 1019 acturus

2035 1061 2112 1114 sic
2152 1059 2453 1128 praefatur:
2497 1077 2515 1111 ι
2547 1057 2678 1126 Quae
2723 1059 2940 1127 quidem
2991 1075 3021 1113 a
3063 1058 3219 1114 nobis
3275 1060 3436 1114 etiam
3485 1075 3605 1114 cum

2033 1165 2230 1220 magno
2273 1157 2420 1204 metu
2485 1157 2542 1203 et
2596 1149 2804 1204 cautela
2844 1149 3134 1213 dicuntur,
3186 1147 3605 1204 discutieutibus

2033 1245 2207 1315 magis
2239 1252 2295 1300 et
2327 1243 2807 1313 pertractantibus,
2847 1258 3011 1310 quam
3045 1259 3142 1314 pro
3173 1254 3322 1300 certo
3367 1257 3429 1298 ac
3476 1243 3609 1298 deli-

2034 1337 2148 1392 nito
2171 1336 2551 1392 statuentibus.
2575 1354 2592 1386 ι
2638 1334 2704 1388 Et
2736 1335 2805 1387 ita
2835 1334 3049 1389 demum
3086 1345 3248 1404 caput
3279 1336 3418 1390 idem
3457 1335 3611 1389 clau~

2033 1429 2158 1484 dit:
2207 1448 2225 1480 ι
2253 1429 2467 1484 Certius
2503 1437 2680 1482 tamen
2729 1428 2959 1495 qualiter
3013 1443 3071 1483 se
3117 1428 3368 1483 habitura
3407 1428 3477 1482 sit
3519 1442 3606 1482 res

2033 1522 2135 1576 scit
2169 1519 2316 1575 solus
2344 1521 2506 1585 Deus,
2535 1528 2590 1574 et
2617 1521 2660 1575 si
2690 1521 2779 1592 qui
2805 1521 2922 1588 ejus
2956 1519 3231 1574 Christum
3260 1532 3314 1574 et
3342 1518 3606 1589 Spiritum

2033 1620 2279 1668 sanctum
2332 1613 2494 1667 amici
2552 1622 2698 1667 sunt.
2733 1632 2750 1664 ι
2803 1611 2926 1666 Pari
2979 1625 3192 1681 quoque
3246 1612 3405 1665 modo
3452 1611 3609 1665 initio

2032 1703 2224 1772 capitis
2276 1703 2554 1772 sequentis
2600 1703 2994 1758 haesitationem
3042 1717 3194 1756 suam
3241 1700 3500 1756 declarat.
3545 1700 3608 1758 Id

2031 1808 2101 1849 ne
2133 1794 2248 1864 ipse
2302 1795 2521 1864 quidem
2578 1795 2850 1849 inlicialus
2907 1803 2994 1847 est
3042 1792 3430 1864 Hieronymus,
3480 1793 3605 1850 cum

2032 1884 2191 1952 epist.
2218 1884 2305 1948 59,
2338 1884 2404 1938 ad
2434 1885 2602 1951 Avit.,
2635 1899 2756 1953 cap.
2785 1884 2835 1948 l,
2869 1883 3154 1952 Origenem
3188 1884 3252 1937 de
3290 1887 3477 1940 eodem
3517 1901 3607 1939 ar-

1959 1963 2288 2045 Bgumento
2344 1975 2510 2030 multa
2563 1984 2979 2030 commentatum
3046 1977 3330 2048 scripsisse
3388 1979 3605 2033 tandem

2032 2068 2108 2123 ait
2138 2086 2151 2122 :
2193 2086 2213 2120 r
2241 2067 2365 2124 Haec
2393 2068 2547 2137 juxta
2582 2078 2828 2124 nostram
2865 2070 3189 2124 sententiam
3227 2087 3329 2126 non
3365 2073 3473 2126 sint
3507 2073 3603 2127 do-

2032 2169 2235 2230 gmata,
2274 2161 2368 2216 sed
2401 2161 2627 2231 quaesita
2666 2169 2897 2227 tantum,
2929 2170 3091 2230 atque
3121 2163 3382 2233 projecta,
3414 2179 3481 2218 ne
3512 2179 3604 2233 pe-

2033 2255 2179 2309 nitus
2204 2254 2489 2309 intractata
2519 2255 2846 2309 viderentur.
2872 2274 2890 2305 ι

2103 2346 2368 2403 Caeterum
2398 2346 2449 2401 in
2481 2349 2777 2402 asserendo
2805 2347 2930 2419 igne
2957 2349 3048 2405 illo
3075 2365 3165 2420 qut
3191 2350 3368 2417 justos
3407 2351 3461 2404 in
3493 2349 3604 2405 fine

2034 2454 2214 2495 rerum
2242 2439 2426 2494 itidem
2455 2448 2513 2494 ut
2547 2440 2740 2510 impios
2779 2441 3068 2498 invasurus
3111 2443 3180 2496 ab
3221 2442 3453 2512 Origene
3499 2442 3604 2497 ﬁn-

2034 2532 2198 2603 gitur,
2250 2533 2348 2602 ipsi
2401 2534 2673 2587 consentit
2736 2533 3050 2589 Lactantius
3105 2534 3287 2588 Instit.
3344 2534 3440 2590 lib.
3502 2549 3602 2598 vn,

2033 2640 2152 2695 cap.
2205 2624 2270 2680 2i.
2315 2644 2330 2681 :
2374 2624 2577 2691 Justos,
2643 2627 2840 2696 inquit,
2907 2614 3393 2697 cumjudicaverit,
3441 2629 3605 2685 etiam

2035 2717 2146 2788 igni
2191 2731 2285 2773 eos
2341 2719 2672 2774 examinabit
2730 2738 2744 2774 :
2805 2730 2917 2773 tum
2967 2735 3196 2790 quorum
3242 2733 3466 2790 peccata
3520 2721 3606 2777 vel

2032 2810 2302 2879 pondere.
2362 2810 2446 2864 vel
2496 2824 2721 2865 numero
2779 2810 3176 2880 praevaluerint,
3235 2814 3606 2884 perstringen-

2033 2904 2122 2952 tur
2146 2898 2252 2967 igni
2285 2907 2448 2967 atque
2482 2901 2880 2956 amburentur:
2919 2917 3059 2970 quos
3106 2911 3284 2958 autem
3325 2903 3479 2973 plena
3516 2905 3605 2976 ju-

2035 2989 2181 3044 stitia
2224 2998 2279 3044 et
2332 2990 2616 3045 maturitas
2661 2991 2877 3046 virtutis
2909 2993 3193 3056 incoxcrit,
3243 2994 3417 3064 ignem
3454 2995 3605 3051 illum

2033 3095 2139 3136 non
2171 3081 2424 3136 sentient.
2465 3101 2485 3134 ι
2520 3080 2753 3137 Hilarius
2785 3097 2999 3153 quoque
3029 3098 3152 3154 cap.
3189 3083 3226 3138 Ξ
3268 3086 3324 3140 in
3359 3085 3556 3141 Matth.
3585 3100 3608 3141 .’‹

2039 3193 2058 3227 ‹
2095 3174 2396 3246 Baptizatis
2418 3177 2471 3229 in
2502 3175 2706 3245 Spiritu
2737 3185 2929 3230 sancto
2968 3176 3235 3246 reliquum
3272 3196 3295 3230 ι
3323 3193 3444 3234 esse
3470 3181 3605 3236 dicit

2039 3280 2059 3314 ς
2093 3266 2456 3318 consummari
2487 3264 2608 3334 igne
2633 3263 2850 3334 judicii,
2894 3282 2912 3315 ι
2943 3272 3107 3332 atque
3147 3281 3214 3321 ne
3252 3267 3356 3320 hac
3386 3269 3603 3336 quidem

2033 3353 2150 3424 lege
2179 3353 2474 3409 immunem
2504 3354 2621 3408 fore
2650 3362 2800 3423 putat
2844 3353 2904 3407 Β.
2930 3349 3228 3424 Virginem.
3263 3358 3408 3412 Idem
3441 3359 3608 3414 habet

2033 3446 2086 3500 in
2141 3444 2433 3501 Comment.
2507 3448 2577 3499 ad
2626 3447 2814 3514 psalm.
2870 3463 3076 3513 cxvm,
3140 3447 3232 3502 20.
3285 3450 3608 3507 Ambrosius

2033 3553 2198 3593 serm.
2232 3539 2288 3592 in
2318 3537 2508 3607 psalm.
2545 3554 2706 3594 xxxvr
2751 3557 2764 3592 :
2812 3558 2831 3590 ι
2877 3538 3003 3608 Igne
3057 3555 3184 3609 ergo
3231 3541 3609 3611 purgabuntur

2033 3633 2124 3688 filii
2153 3632 2302 3699 Levi,
2334 3634 2455 3705 igne
2485 3633 2752 3698 Ezechiel,
2781 3634 2904 3704 igne
2938 3633 3157 3699 Daniel;
3209 3653 3228 3686 ι
3277 3645 3332 3689 et
3356 3635 3553 3691 deinde
3587 3653 3604 3691 :

2037 3745 2058 3777 ι
2100 3727 2245 3782 Salvi
2278 3727 2481 3783 erimus
2523 3742 2622 3796 per
2667 3726 2849 3790 fidem,
2897 3727 2976 3780 sic
3032 3735 3212 3782 tamen
3271 3728 3405 3783 salvi
3451 3729 3606 3798 quasi

2032 3833 2129 3886 per
2161 3819 2376 3888 ignem;
2420 3820 2520 3874 etsi
2561 3834 2666 3874 non
2701 3834 3015 3886 exuremur,
3063 3830 3238 3875 tamen
3293 3834 3534 3874 uremur.
3579 3838 3602 3872 ι

2032 3907 2162 3975 Quae
2205 3920 2540 3978 sequuntur,
2588 3925 2656 3964 ex
2709 3909 2941 3979 Origene
3002 3911 3285 3966 manifeste
3341 3910 3605 3966 translata

2034 4008 2162 4054 sunt
2188 4017 2201 4052 :
2228 4018 2246 4050 ι
2276 3998 2557 4066 Quomodo
2590 4010 2768 4056 tamen
2798 4002 2887 4056 alii
2915 4011 3232 4056 remaneant
3261 4003 3312 4056 in
3343 4003 3485 4074 igne,
3512 4002 3605 4058 alii

2034 4100 2431 4160 pertranseant,
2451 4093 2606 4148 docet
2627 4109 2726 4148 nos
2751 4095 2933 4150 divina
2971 4094 3252 4165 Scriptura
3285 4111 3515 4166 :nempe
3549 4097 3604 4151 iu

2032 4197 2183 4237 mare
2215 4181 2457 4239 Rubrum
2493 4183 2776 4241 demersus
2809 4195 2894 4241 est
2929 4187 3156 4257 populus
3196 4185 3603 4258 {Eg-ypliorum,

2031 4275 2280 4331 transivit
2306 4284 2433 4330 ante
2463 4277 2695 4346 populus
2737 4277 3108 4334 Hebraeorum.
3163 4298 3182 4331 ι
3221 4279 3438 4348 Igneam
3473 4295 3607 4336 vero

2031 4370 2296 4442 ejusmodi
2325 4371 2706 4442 purgationem
2739 4371 2918 4441 gladio
2945 4370 3196 4426 flammeo
3225 4372 3371 4426 circa
3406 4373 3606 4427 ostium

2031 4465 2640 4536 paradisi'circumacto
2682 4471 2737 4517 et
2777 4473 2952 4519 rotato
2982 4462 3278 4533 significari
3331 4464 3408 4517 ait
3451 4462 3608 4517 Com-

2030 4565 2195 4612 ment.
2248 4558 2302 4612 in
2343 4556 2530 4625 psalm.
2579 4569 2769 4610 cxvm.
2813 4555 2880 4610 Et
2907 4553 3262 4625 Hieronymus
3320 4554 3412 4609 lib.
3453 4571 3512 4609 ιιι
3553 4556 3609 4608 in

333 4683 472 4725 esse
520 4667 697 4735 ignem
743 4674 931 4718 verum
954 4701 970 4726 ,
1014 4661 1255 4716 dicentes
1316 4659 1518 4714 dictum
1570 4673 1690 4714 esse
1748 4659 1926 4728 ignem
1961 4669 2007 4727 ι)
2033 4649 2193 4702 Amos
2226 4664 2322 4714 vn,
2353 4647 2408 4713 4,
2444 4657 2667 4703 sanctos
2696 4655 2750 4702 et
2793 4647 2986 4716 impios
3040 4647 3259 4717 ignibus
3285 4649 3490 4710 pariter
3512 4662 3609 4702 ex-

333 4757 582 4833 propriae
610 4754 959 4811 conscientire
989 4754 1356 4821 punitionem;
1388 4768 1451 4806 ac
1475 4753 1553 4806 sic
1583 4765 1774 4806 omnes
1805 4767 1927 4821 pec-

331 4859 596 4910 catorum
645 4847 855 4900 animas
899 4855 1018 4914 post
1059 4844 1432 4916 purgationem
1480 4841 1824 4898 conscientiae
1865 4847 1922 4896 in

330 4941 614 4998 unitatem
648 4934 895 5005 corporis
935 4931 1138 4989 Christi
1184 4949 1306 4989 esse
1356 4933 1649 4988 redituras.
1677 4950 1696 4982 ›
1734 4933 1928 5001 Arguit

327 5035 480 5090 item
507 5029 765 5085 circuitus
794 5026 912 5084 illos
941 5025 1291 5083 beatitudinis
1315 5033 1369 5080 et
1401 5023 1764 5079 damnationis
1790 5036 1926 5076 sem-

321 5125 384 5199 pi
397 5134 593 5179 ternos
616 5119 947 5184 Augustinus
976 5116 1182 5174 eres.
1210 5124 1341 5172 mu
1368 5116 1434 5172 ad
1461 5114 1920 5183 Quodvultdeum,

323 5230 389 5277 et
427 5217 528 5274 lib.
561 5231 654 5272 xxt
700 5213 776 5270 De
819 5215 963 5270 civit.
989 5213 1107 5279 Dei,
1141 5228 1261 5282 cap.
1292 5212 1382 5267 I7.
1421 5211 1492 5265 At
1529 5209 1744 5265 Nicetes
1777 5207 1924 5263 Cho-

323 5313 526 5368 niates
566 5307 662 5363 lib.
687 5320 742 5360 tv
782 5304 938 5359 Thes.
966 5303 1173 5357 orthod.
1206 5302 1328 5371 ﬁd.,
1363 5303 1496 5357 hazr.
1522 5314 1688 5362 χχιιι,
1721 5297 1923 5352 dixisse

324 5406 414 5460 ait
457 5401 768 5470 Origenem,
812 5393 1055 5452 futurum
1088 5405 1147 5450 ut
1192 5395 1373 5448 anima
1410 5393 1672 5459 tantisper
1711 5391 1764 5445 in
1797 5390 1922 5460 igne

326 5503 586 5557 maneat,
611 5492 737 5546 dum
757 5490 1012 5545 vitiorum
1037 5487 1288 5544 sordibus
1319 5492 1688 5556 expurgetur;
1722 5490 1778 5537 at
1802 5496 1923 5537 ver-

326 5603 492 5648 mem
531 5593 712 5640 tamen
760 5581 880 5638 sine
917 5579 1024 5636 ﬁne
1057 5591 1494 5651 permansurum,
1535 5589 1638 5631 nec
1681 5587 1921 5643 unquam

325 5686 652 5760 gehennam
699 5677 1026 5734 exstinctum
1067 5674 1164 5739 iri,
1215 5691 1234 5724 ‹
1265 5682 1324 5726 ut
1370 5671 1475 5727 hoc
1523 5676 1680 5740 pacto
1726 5667 1920 5724 stimu-

325 5759 490 5835 letur
527 5772 581 5827 in
620 5780 932 5842 posterum,
988 5766 1381 5835 refriceturque
1414 5761 1674 5818 memoria
1726 5759 1921 5816 divina:

323 5864 701 5928 humanitatis
759 5863 816 5917 in
867 5861 1096 5925 animis,
1142 5873 1264 5929 qum
1309 5873 1341 5914 a
1386 5854 1719 5931 perennibus
1769 5850 1924 5911 hisce

324 5955 629 6030 suppliciis
656 5954 898 6013 liberata:
927 5950 1146 6009 fuerint.
1173 5967 1194 6003 ι

2035 4739 2344 4811 purgandos
2376 4755 2498 4795 esse
2529 4741 2606 4794 ait
2632 4741 2829 4809 quibus
2865 4740 3120 4794 omnibus
3151 4739 3393 4809 prmlusit
3432 4737 3606 4809 Sibyl-

2034 4833 2262 4886 linorum
2291 4833 2621 4885 oraculorum
2652 4833 2888 4900 scriptor
2917 4831 3012 4886 lib.
3041 4847 3077 4885 ιι
3120 4850 3132 4884 :
3409 4829 3415 4835 ’

2103 4923 2215 4977 Καὶ
2250 4923 2382 4975 τότε
2406 4921 2483 4991 δὴ
2515 4922 2736 4988 πάντες
2766 4923 2863 4977 διὰ
2889 4921 3201 4991 αἰθομένου
3229 4913 3534 4992 ποταμοῖο,

2104 4994 2215 5048 Καὶ
2254 4993 2479 5062 φλογὸς
2525 4993 2828 5050 ἀσϐέστου
2870 4993 3238 5047 διελεύσονθ’
3262 5009 3276 5022 ·
3320 4995 3378 5046 οἵ
3418 5010 3484 5062 τε
3522 4994 3610 5046 δίο

2103 5137 2332 5202 Πάντες
2397 5135 2763 5203 σωθήσοντ’,
2818 5132 3056 5200 ἀσεϐεῖς
3126 5130 3189 5184 δ’
3245 5133 3345 5186 ἐπὶ
3415 5061 3610 5187 ἑέἕιῗῗιξ

2141 5237 2146 5241 -
3116 5271 3126 5274 _
3304 5203 3609 5274 [ὁλοῦνται

2099 5281 2204 5344 Εὶς
2236 5277 2453 5344 αἰῶνας
2486 5279 2687 5343 ὅλους,
2725 5275 2937 5330 ὀπόσοι
2985 5271 3140 5328 κακὰ
3179 5271 3608 5415 πρόσθεν-[ἕρε-

3507 5360 3604 5395 αν.

2030 5463 2098 5518 Et
2117 5463 2312 5519 deinde
2344 5481 2357 5517 :

2117 5478 2312 5520 uernae
2344 5481 2357 5517 :

2106 5554 2250 5622 Τοὺς
2273 5557 2326 5608 δ’
2351 5554 2603 5620 ἄλλους,
2636 5553 2887 5618 ὁπόσοις
2912 5567 2975 5605 τε
2999 5551 3158 5617 δίκη,
3465 5547 3609 5671 ἔλεξα

3312 5638 3330 5671 ι
3385 5636 3462 5671 un
3590 5657 3606 5671 .

2104 5699 2368 5768 Ἄπτδλοε
2406 5694 2704 5768 αῖρόμεννοι
2731 5693 2831 5748 διὰ
2861 5693 3179 5763 αἰθομένου
3215 5618 3606 5758 πο[έέιέβοτέέεν’

2099 5766 2357 5838 Εὶζέφῶς
2385 5766 2623 5832 ἄξουσι.

2104 5860 2251 5915 Tunc
2272 5877 2390 5915 vero
2413 5876 2587 5915 omnes
2625 5874 2729 5926 per.
2749 5859 3019 5913 ardentem
3047 5858 3288 5928 ﬂuvium,

2070 5961 2072 5963 >
2103 5929 2173 5986 Et
2203 5933 2467 5988 ﬂammam
2497 5931 2867 5988 inexstinctam
2897 5932 3195 5986 transibunt
3225 5945 3243 5993 ;
3257 5928 3396 5997 justi
3430 5936 3604 5982 autem
