4170 6456
578 502 717 556 1007

1867 497 1928 553 P.
1972 494 2286 550 DANIELIS
2319 495 2553 551 llUETII

3678 499 3816 556 £008

644 616 836 687 Omnes
871 614 1088 669 salutem
1120 614 1524 687 adipiscentur;
1564 616 1711 687 impii
1741 631 1861 669 vero
1896 614 2135 682 peribunt
2168 618 2211 672 A
2241 616 2376 678 dies,
2407 616 2450 670 si
2483 616 2586 671 hoc
2629 616 2889 685 temporis
2935 616 3219 673 intervallo
3260 618 3489 687 spiritus
3528 619 3815 675 defuncto-

644 684 712 739 In
743 687 917 740 omnia
968 685 1187 750 sarcula,
1236 689 1529 757 quicunque
1589 686 1730 739 malu
1786 697 1907 739 ante
1949 701 2137 757 gesse—

1948 754 2093 826 [runt
2120 770 2138 808 :

575 848 640 903 Et
667 847 863 903 deinde
888 868 901 903 :

640 942 788 996 Alios
821 957 961 1005 vero,
1007 940 1194 1012 quibus
1230 940 1464 1011 justitia,
1507 948 1554 994 et
1592 949 1735 994 recta
1786 956 1943 1080 ορεῧι
1997 956 2139 993 curre

1928 1020 2136 1074 uerunt,

1928 1020 2136 1074 uerunt,

641 1081 829 1149 ΔηρεΙὶ
859 1080 1092 1134 tollentes
1112 1096 1216 1145 .per
1246 1082 1509 1134 ardentem
1538 1079 1757 1150 ﬂuvium

640 1153 711 1204 In
738 1151 906 1205 lucem
931 1152 1210 1204 deducent.

644 1244 826 1312 ignem
866 1245 922 1298 in
949 1241 1302 1298 conscientia:
1345 1241 1553 1298 facibus
1596 1252 1652 1297 et
1683 1241 1910 1314 ﬂagellis
1953 1242 2138 1296 itidem

570 1343 629 1387 ut
672 1334 930 1402 Origenes
975 1332 1261 1388 constituit
1300 1331 1620 1388 Ambrosius
1649 1332 1740 1388 lib.
1780 1349 1855 1387 vn
1891 1333 1949 1386 in
1980 1332 2135 1395 Luc.,

568 1441 690 1495 cap.
735 1426 827 1490 H,
866 1426 1055 1480 iisdem
1107 1424 1221 1479 fere
1280 1424 1448 1494 ipsius
1508 1425 1689 1480 verbis
1732 1443 1747 1479 :
1794 1426 1956 1494 Ergo,
1998 1444 2016 1476 ι
2054 1426 2137 1479 in-

569 1518 707 1586 quit,
756 1532 930 1586 neque
978 1515 1340 1585 corporalium
1378 1516 1581 1570 stridor
1629 1516 1824 1587 aliquis
1864 1515 2136 1579 dentium,

569 1624 743 1678 neque
772 1608 910 1678 ignis
940 1607 1135 1677 aliquis
1167 1616 1461 1678 perpetuus
1496 1607 1835 1662 ﬂammarum
1877 1622 2137 1677 corpora-

568 1702 722 1769 lium,
748 1716 922 1772 neque
955 1701 1153 1757 vermis
1188 1710 1272 1755 est
1315 1701 1639 1770 corporalis.
1696 1699 1802 1756 Sed
1848 1701 1964 1756 haec
1993 1700 2134 1764 ideo,

568 1782 696 1866 qdia
730 1798 875 1851 sicut
904 1809 969 1850 ex
997 1793 1163 1848 multa
1186 1792 1455 1848 cruditate
1476 1801 1531 1847 et
1552 1791 1733 1848 febres
1763 1802 2060 1848 nascuntur
2083 1801 2139 1849 et

569 1901 817 1953 vermes;
842 1887 915 1941 ita
942 1887 986 1941 si
1020 1887 1142 1956 quis
1164 1901 1269 1941 non
1296 1887 1562 1956 decoquat
1592 1894 1814 1954 peccata
1845 1901 1970 1950 sua,
1991 1886 2137 1940 velut

573 1978 805 2046 quadam
850 1953 1165 2047 interposita
1196 1953 1487 2033 sobrietate
1512 1953 1875 2043 abstinentiae,
1903 1976 1997 2032 sed
2031 1977 2135 2032 mi—
2165 1953 2209 2013 Β

568 2071 770 2125 scendo
801 2079 1025 2139 peccata
1048 2070 1303 2140 peccatis,
1332 2079 1585 2139 tanquam
1606 2070 1926 2125 cruditatem
1953 2084 2138 2139 quam-

567 2161 691 2214 dam
732 2160 1015 2215 contrahat
1061 2169 1302 2215 veterum
1346 2169 1402 2215 et
1438 2160 1742 2217 recentium
1787 2159 2132 2229 delictorum,

569 2253 694 2321 igne
733 2252 987 2306 adoretur
1020 2252 1256 2321 pmprio,
1291 2260 1346 2306 et
1372 2253 1486 2307 suis
1521 2252 1801 2307 vermibus
1845 2266 2136 2308 consume-

568 2352 673 2397 tur.
710 2361 732 2395 ι
763 2342 1122 2414 Hieronymus
1151 2343 1413 2399 doctrinae
1457 2343 1586 2399 huic
1615 2343 1752 2399 alias
1780 2346 1915 2399 satis
1956 2343 2136 2400 infen-

565 2449 679 2501 sus,
712 2434 767 2489 in
799 2448 918 2489 eam
964 2443 1144 2488 tamen
1176 2432 1410 2503 benigne
1450 2449 1512 2491 se
1553 2437 1693 2506 gerit
1743 2436 1845 2492 sub
1876 2435 2038 2491 linem
2063 2433 2135 2490 li—

566 2527 648 2581 bri
681 2541 814 2581 xvm
850 2527 1137 2581 Comment.
1171 2525 1228 2578 in
1254 2524 1495 2581 Isaiam:
1524 2544 1544 2579 ι
1583 2526 1795 2584 Vermis
1822 2536 2003 2583 autem
2040 2526 2136 2596 qui

570 2633 674 2673 non
695 2618 975 2685 morietur,
1009 2629 1068 2674 et
1093 2618 1229 2689 ignis
1253 2618 1343 2687 qui
1382 2633 1488 2673 non
1523 2618 1919 2690 exstinguetur,
1961 2633 1992 2674 a
2018 2617 2135 2688 ple-

569 2716 753 2785 risque
778 2714 1113 2771 conscientia
1154 2715 1421 2785 accipitur
1451 2724 1816 2785 peccatorum,
1857 2723 1980 2784 quae.
2016 2722 2134 2767 tor-

566 2818 729 2878 queat
753 2809 809 2863 in
847 2806 1124 2878 suppliciis
1151 2808 1497 2873 constitutos,
1521 2820 1691 2875 quare
1729 2804 1860 2860 vitio
1906 2818 2005 2861 suo
2048 2811 2134 2859 at--

564 2914 672 2973 que
698 2907 921 2969 peccato
960 2898 1236 2953 caruerint
1274 2898 1570 2955 electorum
1606 2898 1782 2963 bono;
1819 2915 1842 2949 ι
1876 2904 1933 2953 et
1972 2895 2133 2966 paulo

568 3000 727 3060 post:
765 3007 785 3043 ι
831 2990 890 3046 Si
918 2990 1042 3061 quis
1082 2989 1248 3061 igitur
1292 2990 1491 3046 habeat
1542 2990 1598 3044 in
1650 2988 1983 3045 conscientia
2032 3002 2132 3044 sua

566 3084 794 3151 zizania,
831 3097 951 3154 qua:
990 3081 1245 3136 inimicus
1269 3082 1452 3147 homo,
1478 3080 1780 3136 dormiente
1812 3078 2134 3150 patrefami-

567 3176 691 3241 tias,
725 3172 1335 3246 superseminavit,bazc
1359 3171 1503 3242 ignis
1535 3185 1746 3238 exuret,
1773 3170 1889 3227 ltth
1922 3170 2137 3226 vorabit

564 3267 895 3323 incendium.
930 3284 949 3319 ι
986 3264 1205 3320 Minime
1228 3263 1446 3334 quidem
1472 3262 1631 3318 ﬁdem
1656 3262 1797 3318 his'a
1822 3277 1880 3317 se
1910 3260 2129 3333 adjungi

567 3368 828 3423 testatur;
861 3358 957 3413 sed
984 3371 1087 3412 nec
1115 3371 1180 3412 ea
1219 3356 1326 3412 sibi
1366 3355 1659 3426 improbari
1690 3353 1994 3426 signiﬁcat;
2029 3370 2129 3411 nec
2156 3329 2200 3388 (ἶ

565 3450 665 3506 sub
712 3450 910 3516 aliena,
949 3448 1042 3504 sed
1077 3447 1177 3502 sub
1207 3461 1305 3503 sua
1358 3447 1530 3517 ipsius
1569 3461 1800 3515 persona
1856 3448 2127 3517 proponit.

571 3538 790 3594 Diversa
832 3552 960 3593 vero
1000 3543 1087 3592 est
1141 3535 1427 3607 Augustini
1481 3533 1642 3599 ratio,
1699 3550 1825 3591 nam
1880 3537 2132 3607 quamvis

564 3630 661 3685 lib.
688 3645 778 3684 ιιι
803 3628 879 3682 De
899 3627 1041 3684 civit.
1070 3627 1188 3694 Dei,
1217 3641 1340 3697 cap.
1368 3627 1422 3693 9,
1462 3641 1649 3682 eorum
1689 3627 1997 3698 opinionem
2044 3644 2133 3686 re-

564 3721 774 3794 probat,
805 3720 899 3790 qui
950 3720 1130 3790 ignem
1182 3718 1562 3773 damnatorum
1618 3719 1991 3788 metaphorice
2040 3736 2134 3777 su-

567 3823 741 3878 munt,
770 3826 1003 3880 eumque
1041 3822 1362 3881 corporeum
1414 3808 1657 3866 fateatur
1704 3809 1827 3865 libri
1889 3811 2129 3879 ejusdem

563 3921 687 3975 cap.
712 3904 779 3960 10
807 3915 862 3959 et
894 3903 1036 3960 libro
1061 3917 1135 3957 xu
1165 3900 1240 3956 De
1265 3898 1451 3955 Cenes.
1483 3901 1552 3957 ad
1588 3900 1774 3968 litter.,
1805 3914 1927 3972 cap.
1967 3900 2040 3955 32
2077 3911 2135 3957 et

561 3999 655 4063 55,
700 4009 859 4069 neget
904 3994 1201 4051 inferorum
1227 3992 1586 4049 substantiam
1629 4007 1753 4049 esse
1789 3993 2127 4063 spiritalem;

562 4101 617 4147 et
639 4106 701 4146 ea
732 4092 927 4161 quibus
962 4074 1159 4145 animae
1200 4087 1521 4159 corporibus
1563 4095 1739 4145 exuta;
1784 4086 2129 4155 alliciuntur,

560 4184 753 4239 doceat
774 4198 879 4239 non
906 4196 1031 4239 esse
1071 4179 1398 4252 corporalia,
1444 4179 1539 4237 sed
1582 4180 1782 4236 similia
1825 4181 2131 4252 corporali-

562 4275 694 4342 bus;
726 4282 904 4329 tamen
925 4274 1064 4330 libro
1090 4288 1163 4327 xx
1192 4270 1267 4327 De
1289 4272 1431 4329 civit.
1474 4269 1595 4336 Dei,
1635 4284 1755 4342 cap.
1808 4270 1898 4337 16,
1944 4271 2128 4342 ignem

565 4366 714 4422 illum
744 4366 877 4422 dicit
911 4380 971 4420 se
1001 4382 1023 4417 ι
1062 4365 1388 4435 cuiusmodi,
1417 4373 1472 4420 et
1494 4364 1548 4419 in
1578 4380 1686 4435 qua
1718 4363 1906 4418 mundi
1929 4362 2015 4419 vel
2037 4377 2130 4418 re-

563 4475 684 4515 rum
713 4469 867 4529 parte
900 4457 1113 4512 laturus
1150 4457 1222 4512 sit
1249 4456 1527 4512 hominem
1556 4456 1700 4511 scire
1733 4455 1988 4510 arbitrari
2034 4468 2127 4510 ne-

563 4550 784 4613 minem,
813 4547 913 4602 nisi
949 4545 1089 4601 forte
1132 4545 1218 4601 cui
1266 4546 1481 4601 divinus
1519 4544 1755 4616 Spiritus
1792 4544 2058 4600 ostendit.
2103 4560 2124 4595 ι

560 4640 749 4711 Capite
772 4638 845 4694 26
877 4638 1000 4694 libri
1038 4638 1315 4707 sequentis
1358 4637 1474 4693 haec
1521 4636 1790 4707 Apostoli,
1824 4634 1846 4690 l
1877 4635 2005 4693 Cor.
2035 4652 2126 4703 Ill,

562 4733 660 4787 l5:
693 4750 712 4784 t
736 4729 1171 4799 Uniuscujusque
1191 4744 1326 4800 opus
1341 4728 1499 4799 quale
1518 4728 1612 4795 sit,
1635 4729 1776 4797 ignis
1793 4729 2071 4799 probabit;
2106 4748 2126 4781 ι

561 4832 614 4876 et
635 4836 777 4876 vers.
808 4820 918 4875 l5:
963 4839 982 4873 t
1020 4819 1137 4889 Ipse
1183 4829 1365 4875 autem
1423 4818 1606 4875 salvus
1647 4820 1772 4886 erit,
1826 4820 1907 4876 sic
1950 4830 2131 4877 tamen

561 4914 715 4984 quasi
750 4927 846 4982 per
889 4912 1063 4980 ignem
1087 4951 1102 4976 ,
1135 4930 1154 4963 ι
1182 4910 1486 4981 signiﬁcare
1541 4918 1695 4980 putat
1747 4913 2030 4981 angustias
2065 4927 2129 4968 ac

560 5018 844 5069 mterores,
865 5005 1061 5074 quibus
1088 5003 1249 5057 homo
1271 5001 1601 5071 percellitur,
1628 5017 1751 5058 cum
1795 5004 1956 5058 rebus
2001 5004 2126 5058 ani-

560 5110 649 5151 mo
676 5110 773 5152 suo
812 5105 1010 5166 praeter
1046 5109 1256 5165 aquum
1284 5094 1464 5150 charis
1502 5102 1558 5149 et
1600 5094 1936 5164 complacitis
1961 5095 2126 5150 orba-

560 5197 694 5242 tnr:
747 5206 767 5240 ι
800 5188 954 5256 Quod
999 5190 1168 5252 enim,
1216 5186 1414 5257 inquit,
1463 5185 1581 5241 sine
1625 5186 1883 5242 illiciente
1940 5202 2128 5244 amore

561 5293 667 5332 non
704 5279 912 5342 habuit,
951 5279 1070 5335 sine
1108 5288 1300 5334 urente
1333 5278 1518 5334 dolore
1565 5291 1673 5333 non
1716 5279 1924 5348 perdet.
1964 5299 1984 5332 ι
2013 5280 2127 5335 lloc

561 5382 775 5438 quoque
825 5370 948 5440 igne
990 5379 1221 5425 mortem
1265 5370 1443 5424 notari
1505 5368 1814 5438 conjectat,
1864 5370 2129 5427 Ecclesia:

560 5465 987 5530 persecutiones.
1020 5462 1313 5534 martyris;
1343 5476 1406 5515 ac
1431 5475 1551 5516 eum
1580 5460 1807 5530 proinde
1833 5462 1902 5517 ab
1924 5471 2130 5519 aeterno

564 5552 669 5607 hoe
696 5554 819 5621 igne
846 5554 1145 5625 distinguit,
1186 5553 1241 5608 in
1279 5568 1439 5624 quem
1479 5552 1719 5608 damnati
1776 5553 1981 5611 Christi
2028 5555 2128 5610 de-

563 5654 714 5698 creto
744 5646 985 5700 mittendi
1020 5652 1164 5701 sunt.
1199 5648 1267 5699 At
1293 5644 1423 5700 illud
1453 5643 1658 5697 adverti
1683 5644 1903 5699 omnino
1924 5644 2086 5701 velim
2111 5662 2125 5700 ε

569 5753 588 5785 ι
621 5734 752 5788 l’ost
782 5734 937 5790 istius
972 5748 1103 5788 sane
1143 5735 1388 5804 corporis
1436 5740 1686 5796 mortem,
1733 5733 1906 5790 donec
1938 5736 2005 5790 ad
2058 5735 2127 5790 il-

565 5825 675 5878 lum
725 5826 995 5888 veniatur,
1048 5824 1138 5894 qui
1186 5835 1309 5894 post
1341 5828 1797 5882 resurrectionem
1833 5841 2122 5897 corporum

570 5916 787 5969 futurus
805 5923 889 5969 est
929 5913 1289 5972 damnationis
1318 5926 1372 5973 et
1400 5917 1860 5976 remunerationis
1904 5918 2128 5977 ultimus

2242 724 2358 762 rum
2391 706 2652 774 ejusmodi
2694 707 2870 778 ignem
2911 707 3167 762 dicuntur
3215 711 3448 778 perpeti,
3488 725 3651 779 quem
3703 727 3812 765 non

2242 800 2474 854 sentiant
2505 798 2579 852 illi
2611 799 2704 868 qui
2743 814 2847 852 non
2873 799 3182 853 habuerunt
3212 800 3345 855 tales
3374 816 3554 856 mores
3583 810 3637 857 et
3659 817 3816 858 amo-

2243 905 2332 944 res
2366 891 2420 943 in
2468 890 2628 959 hujus
2660 888 2911 959 corporis
2952 888 3084 952 vita,
3125 899 3184 945 ut
3225 906 3412 945 eorum
3450 892 3620 961 ligna,
3649 902 3706 947 et
3738 891 3817 947 fe-

2240 996 2392 1043 num,
2445 990 2499 1036 et
2545 980 2744 1047 stipula
2775 990 3211 1034 consumantur:
3250 980 3338 1033 alii
3381 996 3511 1034 vero
3555 982 3813 1045 sentiant,

2240 1074 2331 1141 qui
2362 1073 2623 1142 ejusmodi
2652 1086 2836 1127 secum
2872 1072 3099 1127 aedilicia
3151 1080 3541 1141 portaverunt;
3590 1075 3705 1129 sive
3739 1074 3814 1128 ibi

2242 1172 2448 1218 tantum
2471 1180 2486 1229 ;
2511 1164 2625 1219 sive
2654 1174 2708 1219 et
2737 1164 2826 1220 hic
2858 1174 2913 1219 et
2940 1164 3036 1230 ibi,
3071 1165 3191 1219 sive
3225 1165 3349 1219 ideo
3376 1165 3465 1219 hic
3495 1174 3553 1219 ut
3579 1181 3685 1221 non
3716 1166 3813 1231 ibi,

2240 1255 2541 1320 saecularia,
2568 1256 2814 1325 quamvis
2840 1270 2870 1309 a
2898 1255 3251 1310 damnatione
3298 1254 3530 1308 venialia
3578 1270 3812 1310 concre-

2240 1356 2478 1400 mantem
2518 1347 2692 1416 ignem
2720 1344 3050 1400 transitoria:
3097 1343 3467 1399 tribulationis
3506 1344 3810 1410 inveniant,

2241 1451 2345 1489 non
2377 1437 2661 1505 redarguo,
2694 1435 2819 1505 quia
2857 1434 3085 1489 forsitan
3136 1448 3325 1488 verum
3375 1443 3478 1487 est.
3530 1452 3551 1487 ι
3586 1432 3697 1489 Nec
3733 1433 3812 1489 lc-

2239 1526 2356 1579 vius
2384 1525 2435 1578 in
2460 1523 2664 1579 Grtccis
2696 1523 3054 1592 scriptoribus
3084 1521 3321 1594 positum
3370 1521 3591 1591 Origeni
3621 1525 3809 1591 ιπωεὶ-

2237 1616 2383 1670 dium
2414 1626 2498 1671 est
2522 1633 2536 1669 :
2559 1614 2715 1669 Philo
2740 1616 2793 1669 in
2822 1616 2959 1670 libro
2989 1614 3127 1682 Περὶ
3166 1613 3280 1683 τῆς
3325 1616 3413 1678 εις
3455 1614 3525 1667 τὰ
3560 1627 3811 1684 προπαι-

2237 1710 2497 1780 δεύματα
2516 1707 2801 1762 συνόδου·
2834 1708 2947 1779 Τὴν
2979 1708 3161 1762 ἄδικον
3196 1709 3291 1762 καὶ
3326 1709 3482 1764 ἄθεον
3507 1708 3683 1779 ψυχὴν
3713 1727 3815 1779 φυ-

2237 1802 2477 1871 γαδεύων
2510 1802 2603 1870 ἀφ’
2650 1798 2843 1854 ἑαυτοῦ
2884 1801 3219 1872 πορρωτάτω
3265 1800 3571 1873 διέσπειρεν
3603 1802 3683 1864 εἰς
3720 1800 3811 1853 τὸν

2237 1893 2437 1965 ἡδονῶν
2467 1894 2562 1948 καὶ
2599 1891 2902 1964 ἐπιθυμιῶν
2945 1893 3037 1946 καὶ
3068 1892 3420 1963 ἀδικημάτων
3452 1893 3628 1963 χῶρον
3647 1909 3659 1921 ·
3695 1894 3724 1945 6
3752 1891 3810 1944 δὲ

2237 1979 2410 2051 χῶρος
2440 1976 2594 2042 οὗτος
2627 1980 3044 2051 προσφυέστατα
3084 1980 3297 2035 ἀσεϐῶν
3339 1981 3596 2046 καλεῖται,
3648 1980 3747 2051 οὐχ
3779 1981 3810 2033 6

2237 2070 2599 2142 μυθευόμενος
2619 2071 2676 2123 ὲν
2709 2070 2853 2141 ᾅδου·
2883 2073 2976 2125 καὶ
3007 2071 3115 2143 γὰρ
3146 2074 3174 2127 6
3205 2072 3341 2142 πρὸς
3372 2072 3628 2143 ἀλήθειαν
3653 2072 3808 2143 ᾅδης,

2232 2164 2262 2216 6
2292 2162 2384 2217 τοῦ
2409 2161 2684 2234 μοχθηροῦ
2719 2161 2830 2232 βίος
2871 2164 3037 2225 ἐστιν,
3074 2165 3103 2217 ὁ
3146 2163 3417 2236 ἀλάστωρ,
3454 2165 3547 2218 καὶ
3593 2164 3812 2235 παλαμ-

2233 2257 2401 2322 ναῖος,
2443 2256 2537 2309 καὶ
2571 2254 2773 2319 πάσαις
2799 2255 2961 2328 ἀραῖς
2999 2254 3202 2326 ἔνοχος.
3244 2274 3263 2305 ι
3303 2254 3558 2323 lnjustam
3594 2267 3650 2310 et
3702 2257 3807 2309 im-

2233 2348 2377 2421 piam
2409 2348 2649 2403 animam
2672 2347 2908 2419 fugatam
2936 2362 2966 2401 a
2990 2348 3167 2418 seipso
3199 2347 3356 2419 longe
3379 2348 3564 2418 procul
3596 2348 3810 2418 disper-

2234 2439 2312 2511 git
2343 2438 2528 2511 (Deus)
2554 2439 2607 2495 in
2638 2440 3004 2510 voluptatum,
3044 2448 3101 2495 et
3132 2440 3507 2510 cupiditatum,
3530 2448 3585 2494 et
3617 2439 3809 2494 crimi-

2234 2547 2362 2587 num
2403 2531 2605 2588 locum.
2658 2531 2759 2587 Hic
2798 2541 2979 2587 autem
3022 2532 3176 2587 locus
3206 2531 3484 2600 aptissime
3523 2531 3813 2601 impiorum

2235 2616 2557 2687 appellatur,
2583 2633 2689 2675 non
2721 2620 2817 2691 qui
2844 2620 2987 2692 apud
3035 2620 3240 2676 inferos
3273 2619 3515 2675 fabulose
3566 2619 3810 2691 fingitur.

2234 2706 2409 2765 Verus
2457 2710 2601 2766 enim
2660 2712 2921 2778 infernus,
2974 2712 3086 2768 vita
3130 2723 3216 2769 est
3260 2712 3497 2767 hominis
3549 2727 3810 2782 nequam,

2234 2801 2574 2869 perniciosa,
2637 2804 3035 2870 conscelerata,
3092 2814 3148 2859 et
3215 2806 3361 2860 omni
3428 2804 3810 2860 exsecratione

2233 2892 2415 2961 digna.
2452 2910 2472 2944 ι
2503 2892 2839 2964 Corporeunt
2874 2910 3093 2965 quoque
3144 2903 3309 2965 negat
3357 2908 3479 2950 esse
3536 2892 3809 2949 infernum

2232 2979 2525 3053 Gregorius
2560 2982 2838 3054 Nyssenus
2891 2984 2985 3039 lib.
3038 2983 3115 3038 De
3164 2985 3342 3038 anima
3400 2997 3449 3038 et
3503 2994 3812 3049 resurrect.,

2233 3074 2682 3145 quemadmodum
2724 3077 2901 3147 ignem
2953 3087 3217 3131 aeternum
3275 3076 3499 3130 materia
3561 3087 3815 3132 constare

2234 3165 2507 3221 inliciatur
2532 3165 2765 3223 Joannes
2821 3167 3190 3225 Damasceuus
3233 3169 3285 3223 in
3331 3168 3437 3222 fine
3482 3167 3606 3221 libri
3637 3182 3690 3222 tv
3734 3166 3814 3222 De

2234 3259 2442 3314 orllzod.
2466 3259 2587 3329 ﬁd.,
2613 3258 2770 3329 cujus
2812 3267 2991 3314 tamen
3034 3259 3358 3316 sententiam
3403 3258 3612 3313 mollire
3645 3274 3815 3312 cona-

2238 3359 2325 3406 tur
2380 3350 2441 3405 S.
2494 3350 2757 3419 Thomas,
2806 3362 2869 3406 ut
2914 3359 2999 3405 est
3045 3351 3185 3420 apud
3239 3348 3449 3406 Sixtum
3506 3348 3811 3406 Senensem

2236 3438 2491 3498 Biblioth.
2530 3441 2625 3496 lib.
2662 3456 2715 3507 v,
2765 3442 2948 3497 adnot.
2999 3441 3121 3496 Ml.
3170 3440 3351 3512 Ignem
3388 3450 3443 3496 et
3486 3457 3726 3496 vermem
3755 3442 3812 3496 itt

2235 3531 2500 3587 scelerum
2531 3532 2789 3587 memoria
2806 3532 2958 3602 ponit
2986 3529 3424 3602 Theophylactus
3448 3532 3500 3586 in
3521 3548 3573 3587 ιχ
3594 3530 3767 3588 Marc.
3793 3546 3812 3584 .-

2236 3623 2460 3695 Σκώληξ
2488 3624 2546 3678 δὲ
2575 3625 2670 3679 καὶ
2709 3624 2820 3698 πῦρ
2859 3624 3154 3691 κολάζοντα
3193 3625 3321 3689 τοὺς
3367 3624 3729 3697 ἁμαρτωλοὺς
3778 3626 3813 3695 ἠ

2239 3716 2539 3788 συνείδησις
2566 3719 2712 3770 ἐστιν
2738 3716 2988 3780 ἑκάστου,
3008 3716 3101 3768 καὶ
3128 3716 3162 3788 ἡ
3192 3716 3381 3787 μνήμη
3407 3714 3516 3769 τῶν
3544 3714 3816 3791 πραχθέν-

2235 3825 2345 3863 των
2375 3810 2433 3862 ὲν
2468 3807 2544 3880 τῷ
2574 3807 2675 3879 βίῳ
2699 3808 2871 3879 τούτῳ
2916 3808 3176 3880 αἰσχρῶν·
3216 3808 3337 3880 ἥτις
3368 3806 3558 3880 ὥσπερ
3593 3806 3811 3879 σκώληξ

2238 3900 2591 3971 καταδαπανᾷ
2616 3899 2710 3953 καὶ
2731 3898 2806 3963 ὡς
2832 3897 2943 3971 πῦρ
2964 3898 3172 3968 φλέγει.
3204 3916 3223 3949 ι
3266 3898 3474 3953 Vermis
3521 3908 3700 3952 autem
3754 3909 3812 3952 et

2239 3992 2411 4062 ignis,
2477 3995 2569 4061 qui
2640 3991 2872 4062 puniunt
2937 4003 3275 4061 peccatores,
3342 3989 3680 4046 conscientia
3730 3999 3814 4045 cst

2239 4084 2666 4155 uniuscujusque
2695 4092 2750 4137 et
2790 4083 3050 4137 memoria
3102 4082 3339 4152 turpium
3371 4081 3425 4135 in
3462 4083 3562 4135 hac
3586 4081 3692 4135 vita
3724 4096 3817 4150 ge-

2238 4189 2445 4236 storum
2472 4195 2486 4239 ;
2516 4193 2635 4247 qua:
2681 4178 2821 4232 sicut
2859 4177 3057 4232 vermis
3088 4174 3348 4240 absumit,
3388 4183 3444 4229 et
3482 4174 3624 4229 sicut
3672 4174 3815 4244 ignis

2237 4272 2365 4327 urit.
2410 4289 2429 4323 ι
2465 4270 2679 4325 Nicetes
2712 4269 2808 4325 lib.
2837 4283 2888 4322 tv
2923 4267 3075 4323 Thes.
3113 4268 3320 4322 orthod.
3348 4268 3469 4338 ﬁd.,
3492 4269 3624 4323 liter.
3658 4283 3810 4332 xm,

2237 4362 2404 4418 Deum
2432 4362 2573 4432 ignis
2624 4360 2769 4415 illius
2819 4361 3039 4416 nomine
3085 4361 3259 4415 notari
3314 4360 3648 4429 suspicatur,
3684 4359 3812 4427 quia

2243 4472 2263 4505 ε
2298 4454 2485 4508 vitium
2533 4451 2825 4519 consumit,
2882 4460 2937 4507 et
2980 4451 3033 4506 in
3084 4451 3318 4506 favillam
3364 4451 3656 4508 convertit.
3701 4470 3720 4504 ι
3752 4450 3810 4506 ln

2236 4547 2520 4602 statuendo
2550 4544 2844 4600 inferorum
2872 4544 2990 4599 loco
3028 4553 3179 4599 extra
3214 4544 3398 4599 mundi
3439 4545 3599 4615 hujus
3641 4553 3816 4599 metas

2236 4639 2456 4711 Origeni
2500 4638 2836 4709 suffragatur
2882 4637 3309 4710 Chrysostomus
3376 4637 3566 4693 homil.
3625 4636 3690 4692 31
3756 4637 3811 4689 in

2239 4732 2415 4803 Epist.
2445 4733 2513 4786 ad
2553 4730 2730 4799 Rom.,
2754 4732 3059 4802 gehennam
3083 4731 3135 4784 in
3167 4729 3357 4800 spatiis
3388 4730 3454 4783 ab
3475 4728 3577 4784 hoc
3609 4730 3813 4783 mundo

2236 4824 2466 4881 secretis
2493 4832 2737 4879 statuens
2786 4823 2889 4879 hoc
2927 4834 3265 4893 argumento,
3303 4822 3447 4892 quod
3478 4836 3658 4890 regum
3688 4836 3811 4875 cur-

2236 4930 2391 4973 ceres
2413 4924 2469 4970 et
2495 4914 2714 4970 metalla
2746 4924 2948 4968 remota
2976 4926 3099 4967 esse
3130 4912 3361 4968 soleant.
3396 4909 3733 4982 Sttll‘ragatur
3754 4920 3810 4966 et

2232 5009 2566 5079 Augustinus
2609 5007 2702 5062 lib.
2751 5022 2823 5062 xu
2864 5005 2943 5060 De
2980 5003 3166 5061 Cenes.
3218 5006 3289 5059 ad
3324 5006 3511 5071 liuen,
3550 5020 3669 5073 cap.
3713 5003 3809 5068 '53,

2235 5101 2326 5165 5-1,
2355 5116 2477 5156 cum
2524 5099 2730 5154 inferos
2765 5109 2921 5154 extra
2959 5108 3163 5153 terram
3192 5098 3457 5163 collocat;
3506 5106 3561 5153 et
3607 5098 3704 5153 lib.
3741 5115 3808 5153 xx

2236 5192 2312 5250 De
2334 5193 2479 5248 civit.
2508 5191 2625 5256 Dei,
2660 5206 2777 5261 cap.
2807 5191 2895 5256 16,
2940 5206 3063 5247 cum
3100 5192 3348 5265 ignorare
3393 5205 3451 5246 se
3502 5190 3808 5260 proﬁtetur,

2240 5304 2258 5336 ι
2298 5284 2349 5337 in
2375 5298 2480 5355 qua
2514 5283 2699 5337 mundi
2736 5282 2819 5337 vel
2856 5297 3037 5338 rerum
3085 5293 3237 5352 parte
3280 5281 3502 5337 futurus
3544 5282 3619 5336 sit
3665 5280 3811 5351 ignis

2232 5371 2345 5426 ille.
2394 5389 2413 5422 ι
2447 5369 2707 5436 Quamvis
2739 5371 2832 5426 lib.
2865 5386 2903 5427 tt
2934 5370 3192 5438 Κασπίη
3234 5373 3357 5443 ca’p.
3391 5370 3488 5436 ‘24,
3526 5371 3628 5426 sub
3653 5372 3813 5425 terris

2232 5462 2377 5518 hunc
2395 5476 2517 5517 esse
2552 5462 2767 5516 tandem
2797 5463 3080 5517 concedat.
3106 5462 3266 5516 Certe
3296 5464 3360 5516 de
3385 5460 3505 5517 loco
3534 5471 3584 5516 et
3617 5470 3810 5514 natura

2232 5554 2372 5626 ignis
2404 5552 2589 5623 hujus,
2621 5553 2748 5609 licet
2778 5554 2983 5609 nullum
3015 5554 3190 5609 adhuc
3212 5553 3416 5610 editum
3444 5552 3513 5607 sit
3537 5552 3813 5622 peculiare

2235 5646 2537 5707 decretum,
2593 5644 2790 5701 nedum
2846 5644 3154 5698 Adamantii
3206 5653 3387 5708 aetate,
3425 5645 3692 5698 universa:
3726 5652 3813 5696 ta-

2239 5753 2362 5795 men
2386 5753 2682 5793 conscnsus
2711 5736 2965 5792 Ecclesia:
2991 5738 3123 5793 satis
3143 5737 3403 5803 ostendit,
3442 5735 3570 5806 quid
3604 5734 3815 5789 unicui~

2238 5847 2344 5901 que
2377 5831 2673 5886 tenendum
2721 5829 2813 5885 sit.
2874 5831 3114 5903 Denique
3163 5828 3405 5886 Joannes
3459 5828 3810 5899 Philoponus,

2237 5923 2577 5981 Christianus
2601 5921 2975 5994 philosomtus,
3018 5922 3232 5981 animas
3265 5921 3587 5996 corporibus
3623 5937 3810 5980 exent-
