4170 6412
419 317 558 375 1609

1263 311 1836 366 ΟιὶΙΟΕΜΛΝΟΙίυΜ
1879 309 2008 362 Llll.
2051 309 2114 374 ll,
2156 311 2308 364 CAP.
2349 309 2413 374 ll,
2455 311 2730 376 QUAZST.
2775 311 2865 368 XI.

3517 311 3652 366 lOIO

409 445 530 504 ptas
557 431 702 484 circa
743 439 1084 482 monumenta
1117 427 1344 480 volutari
1384 442 1506 479 rum
1540 427 1768 492 Origene
1805 428 1988 480 decre-
2018 423 2062 478 Α
2093 423 2346 474 vitiorum
2381 423 2512 476 faece
2555 433 2806 492 purgata,
2864 421 2995 474 nihil
3037 421 3182 474 aliud
3231 423 3308 475 vel
3353 423 3654 492 intelligere

407 525 530 578 vit:
579 537 702 576 nam
747 521 1021 574 hominem
1053 519 1246 585 triplici
1285 519 1609 571 instructum
1655 518 1854 578 anima,
1897 531 1986 568 ve-

406 615 658 684 getativa,
717 611 972 665 sensitiva
1019 619 1070 662 et
1135 609 1424 670 rationali,
1474 609 1744 675 prioribus
1777 607 1983 660 duabus

407 721 502 774 per
535 711 764 756 mortem
795 699 994 770 privari
1037 700 1198 764 dixit,
1231 701 1438 752 tertiam
1485 715 1612 752 vero
1661 713 1980 766 superesse;

401 813 522 866 quze
545 797 586 850 si
624 793 922 848 sceleribus
954 793 1232 860 inquinata
1267 793 1358 858 sit,
1388 794 1673 860 expiandis
1699 795 1764 846 iis
1785 796 1980 862 spiritu

405 887 548 942 tenui
587 885 798 948 vestiri,
845 884 898 936 iu
934 897 1105 945 eoque
1171 885 1520 938 conuueritas
1567 901 1754 954 pmnas
1813 889 1976 948 dare;

403 980 636 1047 alioquin
659 979 1030 1042 incorpoream
1064 975 1322 1038 animam,
1349 979 1622 1044 corporeis
1652 980 1813 1032 rebus
1842 981 1978 1033 allici

405 1087 508 1124 non
550 1083 736 1138 posse;
777 1067 1016 1136 spiritale
1067 1067 1246 1135 itaque
1307 1069 1448 1124 istud
1486 1085 1678 1137 corpus
1707 1073 1980 1139 suppliciis

405 1161 676 1228 torqueri;
704 1159 831 1212 etin
875 1155 1189 1224 sepulcretis
1237 1158 1448 1212 interim
1473 1159 1688 1228 degere,
1711 1163 1979 1231 variisque

405 1251 552 1304 indui
595 1248 804 1312 formis,
853 1258 906 1304 et
951 1249 1238 1316 vaporibus
1283 1249 1508 1314 nutriri;
1549 1265 1722 1318 cuque
1761 1253 1976 1306 tandem

401 1341 706 1408 absumpto,
761 1349 871 1394 tum
919 1339 1135 1392 demum
1165 1339 1438 1409 expiatam
1471 1342 1710 1394 animam
1743 1342 1969 1406 absolvi,

399 1445 452 1490 et
479 1436 530 1487 in
564 1435 757 1488 caelum
787 1433 936 1488 ferri.

471 1525 614 1579 Nihil
646 1541 806 1595 porro
839 1526 1034 1580 iterare
1055 1527 1270 1590 attinet,
1305 1527 1450 1596 quod
1481 1527 1706 1596 suojam
1729 1529 1972 1595 disputa-

400 1622 576 1676 vinms
625 1621 759 1682 loco,
815 1635 1114 1688 ecquonam
1167 1627 1408 1688 tempore
1465 1621 1799 1674 daemonibus
1847 1620 1976 1674 infe-

402 1713 566 1768 renda
627 1711 888 1782 supplicia
952 1711 1218 1780 Origenes
1271 1712 1565 1778 putaverit.
1620 1711 1970 1778 Perspicuum

400 1805 542 1856 enim
573 1801 800 1856 fecimus
829 1801 1024 1864 nullas,
1061 1801 1226 1872 ipsius
1260 1802 1531 1870 opinione,
1561 1819 1752 1872 punias
1793 1805 1856 1858 iis
1885 1805 1971 1856 iu-

399 1893 528 1963 lligi,
575 1891 748 1962 quoad
805 1903 1074 1961 postremo
1133 1892 1334 1961 iudicio
1389 1895 1438 1946 iu
1485 1895 1660 1962 ignem
1711 1904 1968 1950 aeternum

398 1985 624 2054 eoiijecti
651 1986 791 2050 sint;
823 1987 1124 2054 multosque
1152 2001 1181 2040 e
1215 1987 1416 2040 sanctis
1453 1985 1700 2040 Patribus
1731 2002 1968 2056 poenam,

399 2081 474 2134 uti
502 2079 820 2148 appellatur,
847 2094 1035 2133 sensus
1066 2082 1132 2132 ah
1157 2079 1218 2133 iis
1243 2081 1562 2135 removisse.

469 2171 558 2228 IX.
583 2171 738 2225 Nunc
763 2171 888 2240 quid
917 2169 984 2224 de
1027 2171 1280 2225 beatitate
1301 2180 1642 2225 commentus
1673 2173 1762 2234 sit,
1791 2174 1972 2242 explo-

399 2279 602 2316 remus.
639 2263 786 2318 Ilanc
817 2263 869 2316 in
898 2277 963 2316 eo
995 2261 1224 2330 positam
1253 2263 1449 2322 sensit,
1497 2273 1554 2316 ut
1582 2263 1828 2332 quisquis
1850 2279 1969 2318 eam

399 2356 470 2408 sit
515 2355 761 2422 adeptus,
817 2369 952 2408 unus
1003 2369 1122 2408 cum
1175 2355 1286 2407 Deo
1327 2353 1611 2419 elIiciatur,
1642 2355 1794 2422 juxta
1845 2357 1971 2410 illud

397 2445 556 2500 Joan.
591 2462 724 2510 xvn,
771 2445 842 2499 24
891 2455 946 2500 et
977 2445 1042 2499 21
1079 2467 1091 2500 :
1135 2464 1154 2496 ι
1203 2445 1364 2499 Pater
1401 2461 1537 2514 quos
1585 2447 1778 2501 dedisti
1811 2447 1964 2514 mihi,

399 2537 520 2592 volo
544 2547 603 2592 ut
634 2539 724 2592 ubi
755 2553 872 2594 sum
909 2553 1032 2608 ego,
1066 2545 1121 2592 et
1161 2538 1238 2591 illi
1272 2537 1382 2593 sint
1417 2553 1660 2604 mecum;
1701 2548 1758 2593 ut
1787 2557 1975 2596 omnes

399 2645 564 2684 unum
599 2629 727 2694 sint,
763 2629 904 2684 sicut
935 2638 989 2683 tu
1018 2629 1179 2684 Pater
1203 2631 1254 2683 in
1287 2644 1394 2694 me,
1431 2641 1487 2684 et
1521 2645 1621 2700 ego
1645 2631 1696 2684 in
1735 2639 1807 2696 te,
1834 2641 1892 2685 ut
1921 2641 1976 2685 et

399 2721 497 2790 ipsi
527 2720 578 2774 in
609 2721 763 2774 nobis
809 2736 972 2774 unum
1022 2721 1151 2774 sint.
1202 2739 1222 2772 ι
1271 2720 1354 2774 Ad
1387 2719 1436 2773 id
1469 2727 1648 2773 autem
1701 2719 1974 2776 felicitatis

396 2813 610 2868 culmen
638 2829 742 2868 non
779 2813 960 2867 statim
1003 2813 1216 2881 putavit
1269 2811 1565 2880 perveniri,
1617 2813 1712 2867 sed
1751 2827 1846 2880 per
1873 2828 1972 2868 co-

398 2907 690 2976 gnitionem
721 2904 954 2970 primum
986 2913 1042 2959 et
1062 2903 1446 2964 eruditionem,
1481 2917 1586 2970 qua
1615 2917 1862 2957 errorum
1923 2913 1976 2958 et

399 2997 718 3068 ignorantia:
744 2995 921 3064 caligo
963 2994 1286 3058 discutitur;
1339 3007 1404 3047 ac
1431 2993 1626 3048 deinde
1655 3009 1749 3064 per
1778 2993 1871 3047 Dei
1903 2995 1980 3048 si-

2089 513 2174 565 vel
2197 514 2398 566 sentire
2427 523 2620 580 potest,
2661 528 2822 581 quam
2863 511 3067 580 Deum;
3101 529 3199 566 nec
3223 515 3453 582 amplius
3478 531 3543 568 ex
3574 530 3658 566 ar-

2089 604 2218 658 bore
2253 606 2490 660 seientia:
2533 606 2656 660 boni
2707 613 2762 657 ct
2805 605 2930 658 mali
2969 605 3254 673 decerptos
3307 605 3518 660 fructus
3563 606 3656 658 de-

2089 705 2305 762 gustare
2333 695 2687 764 concupiscit,
2717 710 2836 748 cum
2864 711 3076 762 semper
3107 697 3156 748 in
3191 698 3330 750 bono
3364 699 3456 762 sit,
3483 714 3582 752 nec
3605 699 3654 752 ei

2086 788 2284 842 malum
2329 798 2642 857 perpetrare
2697 799 3012 856 promptum
3067 788 3166 852 sit;
3219 805 3390 858 eoque
3437 792 3654 846 tandem

2085 890 2242 948 pacto
2294 879 2448 933 linem
2517 881 2757 948 reparari
2820 880 2871 932 in
2941 881 3300 949 principium,
3367 897 3656 952 rerumque

2083 977 2259 1028 exitus
2299 975 2468 1027 initiis
2510 975 2770 1041 conferri,
2804 989 2926 1028 cum
2973 977 3024 1026 in
3068 973 3214 1028 illum
3254 983 3454 1028 statum
3500 976 3656 1030 resti-

2086 1075 2268 1120 tuetur
2303 1068 2506 1130 anima,
2540 1081 2701 1134 quem
2751 1082 2874 1120 cum
2927 1077 3156 1132 teneret,
3213 1068 3358 1137 ligno
3414 1068 3654 1122 scientia:

2081 1158 2203 1210 boni
2241 1167 2293 1210 et
2328 1159 2450 1210 mali
2480 1174 2584 1212 non
2621 1159 2840 1226 egebat;
2879 1169 3006 1215 tunc
3033 1175 3150 1214 eam
3177 1161 3334 1214 morti
3362 1161 3654 1214 obnoxiam

2083 1264 2186 1302 non
2223 1251 2478 1312 futuram,
2511 1253 2786 1306 detersum
2816 1253 2884 1306 iri
2913 1267 3128 1308 omnem
3156 1251 3374 1306 malitia:
3407 1267 3650 1314 sensum,

2085 1341 2355 1410 Deumque
2385 1359 2509 1397 vere
2541 1343 2781 1396 futurum
2813 1345 2998 1398 omnia
3042 1346 3092 1396 in
3117 1345 3390 1400 oumibus.
3433 1346 3512 1398 Ad
3537 1345 3654 1400 luce

2079 1433 2238 1500 quale
2277 1434 2512 1487 futurum
2537 1436 2607 1487 sit
2639 1436 2884 1502 spiritale
2913 1437 3044 1490 illud
3067 1451 3265 1506 corpus
3293 1452 3399 1505 quo
3427 1437 3656 1491 circurn-

2080 1527 2339 1578 vestiendi
2367 1537 2492 1580 sunt
2534 1529 2696 1592 beati,
2733 1529 3012 1595 patefecit,
3041 1529 3374 1596 splendidius
3399 1527 3652 1580 nimirum

2077 1625 2130 1670 et
2159 1619 2510 1674 excellentius
2532 1621 2844 1687 corporibus
2872 1621 3090 1690 reliquis
3119 1636 3240 1690 qua:
3259 1620 3360 1675 sub
3379 1629 3653 1690 aspectum

2078 1711 2270 1764 cadere
2300 1719 2561 1778 possunt;
2612 1727 2677 1765 co
2715 1727 2841 1766 vero
2867 1715 2987 1781 plus
3019 1713 3334 1768 subtilitatis
3365 1728 3428 1766 ac
3473 1712 3656 1782 splen-

2077 1802 2224 1857 doris
2256 1804 2596 1872 adepturum,
2627 1821 2734 1874 quo
2783 1808 2994 1860 ratione
3031 1807 3294 1861 instructa
3325 1807 3506 1860 anima
3537 1805 3658 1876 plus

2077 1895 2282 1948 meritis
2311 1897 2426 1949 suis
2449 1913 2512 1950 ac
2537 1899 2822 1952 virtutibus
2855 1902 3180 1968 poposcerit.
3213 1899 3414 1966 Quaerit
3441 1901 3653 1954 demum

2077 1995 2254 2036 utrum
2287 1997 2404 2054 post
2443 2002 2623 2040 rerqu
2667 1990 3210 2055 consummationem,
3245 2005 3366 2045 cum
3395 1990 3536 2045 Deus
3555 1993 3656 2045 erit

2073 2075 2252 2127 munia
2297 2076 2348 2129 iu
2401 2079 2689 2143 omnibus,
2755 2078 2894 2132 idem
2939 2080 3044 2134 erit
3087 2095 3376 2150 corporum
3415 2081 3652 2136 omniurn

2079 2165 2254 2236 fulgor
2300 2177 2354 2221 et
2395 2169 2596 2238 gloria;
2637 2171 3033 2240 respondetque
3088 2171 3382 2226 summurn
3409 2172 3556 2226 illum
3602 2181 3656 2226 et

2076 2260 2372 2328 perfectum
2425 2271 2624 2314 Statum
2667 2263 2985 2332 adepturam
3022 2279 3338 2334 corpoream
3383 2273 3654 2326 naturam,

2073 2360 2358 2418 postquam
2413 2353 2618 2406 sanctis
2658 2353 2921 2409 doctrinis
2981 2355 3221 2410 eruditas
3272 2355 3483 2410 animas
3545 2356 3654 2410 Deo

2075 2439 2220 2494 Patri
2267 2443 2514 2498 Christus
2573 2443 2886 2514 subjecerit.
2947 2448 3122 2515 Atque
3163 2447 3278 2502 han:
3341 2447 3454 2502 l'ere
3495 2447 3658 2502 habet

2077 2533 2434 2604 Hieronymus
2492 2535 2652 2602 epist.
2718 2535 2820 2600 59,
2867 2537 2931 2590 ad
2976 2537 3146 2602 Avit.,
3201 2553 3322 2607 cap.
3375 2539 3442 2604 3,
3490 2549 3545 2594 et
3589 2541 3656 2594 ad

2075 2625 2236 2679 linem
2270 2626 2390 2680 libri
2427 2627 2586 2696 hujus
2613 2628 2758 2682 tertii
2807 2630 2948 2698 Περὶ
2982 2629 3184 2700 ἀρχῶν
3235 2633 3334 2686 ista
3368 2631 3655 2703 Origenem

2075 2717 2325 2771 intulisse
2351 2718 2425 2772 ait
2458 2735 2470 2772 :
2507 2737 2524 2769 ι
2575 2717 2638 2772 Et
2673 2721 2780 2774 erit
2821 2719 2961 2775 Deus
2985 2724 3168 2776 omnia
3201 2723 3253 2777 in
3283 2725 3558 2790 erunibus,
3597 2733 3658 2779 ut

2076 2810 2326 2864 universa
2354 2821 2546 2865 natura
2577 2827 2837 2881 corporea
2881 2816 3154 2884 redigatur
3179 2816 3230 2869 in
3260 2831 3380 2870 eam
3402 2819 3659 2872 substan-

2076 2902 2202 2955 tiam
2240 2917 2360 2971 quae
2387 2903 2640 2958 omnibus
2681 2905 2876 2960 melior
2903 2915 3008 2968 est,
3053 2907 3106 2960 in
3152 2908 3388 2962 divinam
3423 2908 3651 2974 scilicet,

2077 3007 2182 3058 qua
2213 2992 2355 3046 nulla
2383 3002 2468 3047 est
2505 2994 2730 3062 melior;
2766 3015 2784 3048 ι
2820 2997 2965 3066 qttod
3011 2996 3238 3054 Rufinus
3276 2999 3653 3054 dissimulavit.

399 3089 786 3150 militudinetn;
837 3093 893 3140 et
942 3085 1156 3139 deunun
1211 3099 1310 3155 per
1367 3085 1614 3139 intimam
1669 3101 1812 3139 cum.
1866 3086 2044 3158 Deoc
2081 3081 2452 3136 Dissimulavit
2489 3093 2544 3138 et
2589 3085 2694 3140 hoc
2741 3086 2990 3153 alterum,
3043 3088 3184 3156 quod
3215 3103 3278 3142 ex
3309 3089 3498 3142 eodem
3534 3089 3659 3144 Ori-

398 3179 834 3247 conjunctionem
865 3185 920 3229 et
943 3175 1234 3241 unitatem,
1270 3190 1374 3244 qua
1414 3187 1724 3241 supremum
1776 3174 1972 3229 bonum

398 3268 731 3324 continetur.
765 3265 948 3320 Multis
983 3266 1096 3320 hree
1119 3265 1460 3334 explicantur
1491 3265 1589 3319 lib.
1635 3281 1676 3318 tt
1718 3263 1793 3319 De
1832 3268 1986 3334 prin-

397 3365 522 3430 cip.,
554 3375 674 3428 cap.
709 3359 798 3425 ll,
835 3373 982 3411 num.
1019 3359 1072 3420 5,
1104 3368 1158 3412 et
1193 3359 1287 3412 lib.
1313 3375 1398 3421 Ill,
1451 3373 1568 3427 cap.
1604 3357 1658 3420 6,
1697 3373 1844 3411 num.
1877 3359 1902 3411 l
1932 3367 1986 3412 et

400 3468 516 3522 seq.
551 3470 565 3506 :
603 3467 726 3505 nam
759 3451 941 3520 priore
968 3450 1087 3502 loco
1116 3449 1350 3502 ostendit
1377 3447 1636 3517 Origenes
1655 3457 1984 3503 comestnros

399 3553 615 3600 sanctos
641 3561 660 3594 ς
690 3557 884 3612 panem
907 3541 1052 3604 vitae,
1074 3541 1166 3608 qui
1199 3541 1445 3594 veritatis
1460 3551 1511 3596 et
1541 3542 1821 3608 sapientiae
1848 3539 1984 3596 cibis

401 3635 606 3690 nutriat
629 3635 888 3696 animam,
915 3643 970 3686 et
994 3632 1256 3685 illuminet
1291 3641 1548 3695 mentem,
1593 3641 1645 3685 et
1686 3643 1830 3702 potet
1863 3649 1980 3688 eam

399 3725 594 3778 divina:
625 3723 900 3793 sapientia:
930 3723 1230 3790 poculis....
1278 3721 1475 3788 quibus
1525 3722 1806 3790 sapientia:
1840 3723 1978 3778 escis

401 3813 600 3867 nutrita
627 3827 780 3866 meus
800 3813 864 3866 ad
894 3813 1156 3882 integrum
1183 3821 1236 3866 et
1257 3809 1572 3879 perfectmn,
1592 3811 1810 3865 sieutex
1831 3814 1982 3866 initio

403 3907 576 3960 factus
607 3915 689 3960 est
719 3906 904 3966 homo,
939 3904 1003 3956 ad
1031 3905 1320 3970 imaginem
1349 3913 1405 3955 et
1445 3901 1858 3956 similitudinem
1883 3901 1976 3956 Dei

402 4010 702 4070 reparetur.
732 4017 749 4048 ι
775 3997 910 4050 lliuc
941 3995 1228 4063 unicuique
1268 4011 1296 4047 a
1331 3993 1439 4048 Deo
1471 3994 1732 4046 insertum
1757 4007 1878 4047 esse
1905 3995 1981 4046 ait

402 4091 644 4150 discendi
691 4106 953 4152 amorem,
1014 4087 1104 4156 qui
1160 4097 1270 4140 tum
1323 4084 1648 4154 explebitur,
1697 4099 1817 4139 cum
1857 4093 1980 4154 post

403 4188 686 4255 diligenter
715 4183 996 4252 quaesitam
1029 4181 1082 4234 in
1127 4181 1228 4234 hac
1277 4179 1387 4231 vita
1425 4177 1674 4232 veritatis
1705 4177 1978 4242 notitiam,

403 4281 688 4336 clariorem
717 4292 897 4330 rerum
926 4275 1328 4347 perceptionem
1377 4273 1633 4342 consequi
1665 4287 1980 4342 promerue-

405 4375 594 4428 rituus.
629 4371 975 4440 lllultiplicem
1005 4367 1196 4422 deinde
1229 4381 1411 4420 rerum
1445 4364 1730 4419 scientiam
1757 4378 1982 4420 enume-

2085 3175 2236 3243 genis
2266 3173 2403 3228 libro
2433 3189 2554 3244 cap.
2591 3175 2646 3241 6,
2677 3194 2802 3231 num
2833 3179 2888 3242 5,
2921 3179 3140 3234 adducit
3173 3179 3370 3235 ibidem
3397 3179 3651 3251 Hierony-

2085 3282 2204 3322 mus
2241 3284 2254 3320 :
2303 3284 2320 3317 ι
2362 3266 2470 3321 Nec
2505 3269 2724 3322 dubium
2765 3279 2852 3324 est
2881 3272 3010 3340 quin
3047 3281 3166 3341 post
3197 3273 3444 3340 quaedam
3487 3273 3657 3327 inter-

2083 3359 2220 3412 valla
2259 3369 2559 3429 temporum
2584 3376 2772 3416 rursus
2795 3364 3020 3417 materia
3042 3366 3321 3429 subsistat,
3351 3373 3404 3420 et
3428 3379 3658 3434 corpora

2085 3449 2249 3515 fiant,
2303 3461 2359 3504 et
2414 3450 2599 3504 mundi
2665 3451 2954 3508 diversitas
3021 3465 3393 3521 construatur;
3443 3465 3661 3524 propter

2083 3543 2264 3596 varias
2295 3541 2602 3598 voluntates
2647 3545 3049 3600 rationabilium
3091 3555 3490 3612 creaturarum,
3539 3561 3660 3616 quae

2083 3643 2203 3702 post
2233 3633 2532 3702 perfectam
2586 3636 2972 3691 beatitudinem
3017 3651 3188 3705 usque
3237 3638 3304 3692 ad
3353 3637 3513 3692 linem
3544 3653 3662 3692 om-
3701 3695 3706 3702 ,

2081 3725 2231 3778 nium
2269 3742 2449 3780 rerqu
2493 3727 2750 3796 paulatim
2794 3729 2860 3782 ad
2903 3729 3160 3783 inferiora
3199 3729 3417 3796 dilapsae
3455 3739 3656 3784 tantam

2085 3817 2345 3872 malitiam
2373 3831 2722 3888 receperunt,
2747 3827 2808 3872 ut
2843 3819 2893 3871 in
2923 3821 3258 3873 contrarium
3295 3831 3656 3888 verterentur,

2081 3913 2207 3964 dum
2259 3911 2446 3965 uolunt
2493 3925 2720 3964 servare
2777 3911 3140 3980 principium,
3190 3921 3246 3966 et
3293 3912 3658 3980 incorruptam

2081 4005 2468 4058 beatitudinem
2519 4004 2816 4072 possidere.
2857 4021 2876 4054 ι
2919 4003 2974 4058 Id
3036 4003 3234 4072 quippe
3283 4003 3656 4073 pervulgatum

2082 4093 2335 4160 Origenis
2383 4091 2576 4163 dogma
2633 4093 2700 4146 de
2726 4091 3014 4147 beatorum
3070 4094 3374 4145 animorum
3420 4095 3658 4161 peccatis

2082 4195 2138 4236 et
2171 4183 2426 4251 lapsibus,
2475 4187 2528 4238 in
2571 4185 2707 4240 alios
2747 4185 3008 4238 transfert
3063 4185 3512 4256 interpretatione
3559 4201 3656 4239 sua

2085 4273 2312 4329 Rufinus
2355 4276 2494 4331 libro
2523 4279 2710 4331 eodem
2762 4293 2822 4331 ιιι
2869 4275 2947 4330 De
3002 4277 3250 4346 priucip.,
3300 4291 3417 4347 cap.
3467 4277 3520 4331 6.
3567 4278 3658 4334 Slc

2085 4369 2230 4421 enim
2259 4367 2425 4422 habet
2460 4387 2474 4422 :
2513 4387 2532 4419 ‹
2573 4367 2769 4422 Verum
2801 4369 2962 4424 istam
2995 4369 3382 4438 perfectionem
3416 4385 3480 4424 ac
3527 4371 3656 4426 bea-

407 4478 512 4529 rat,
543 4481 646 4534 qua
675 4471 788 4516 tum
815 4475 965 4516 mens
1017 4459 1392 4524 illttstrabitur,
1435 4471 1540 4510 non
1586 4456 1814 4526 simplici
1855 4459 1976 4526 qui-
2011 4467 2054 4523 ι)
2083 4457 2365 4510 titudinem
2418 4459 2819 4512 rationabilium
2861 4470 3256 4523 creaturarum,
3307 4459 3392 4512 vel
3437 4471 3658 4514 natura-

406 4557 525 4610 dem
555 4567 610 4609 et
637 4556 916 4624 repentina
938 4551 1364 4614 collustratioue,
1397 4551 1490 4604 sed
1523 4549 1759 4612 diversa,
1791 4557 1846 4603 et
1877 4565 1972 4618 pro

407 4651 602 4702 mentis
649 4657 807 4716 captu
835 4655 890 4700 et
921 4659 1212 4714 progressu
1269 4641 1576 4697 continenti
1627 4641 1976 4696 successione

409 4741 700 4810 impertita.
753 4739 1062 4793 Posteriore
1114 4747 1294 4790 autem
1336 4735 1454 4789 loco
1505 4734 1662 4789 docet
1703 4749 1973 4788 sununum

409 4835 631 4894 bonum,
659 4846 754 4886 seu
790 4833 948 4884 linem
978 4829 1239 4888 omnium,
1269 4827 1336 4880 ad
1376 4842 1534 4896 quem
1571 4835 1762 4879 natura
1813 4825 1977 4878 ratio-

411 4925 548 4979 nalis
597 4923 850 4977 universa
911 4923 1103 4988 tendit,
1161 4922 1304 4975 hunc
1364 4933 1509 4982 esse,
1563 4917 1794 4971 similem
1845 4915 1974 4982 Deo,

409 5019 584 5084 qttoad
620 5015 738 5083 ejus
773 5013 884 5068 fieri
923 5023 1120 5082 potest,
1155 5013 1419 5077 evadere;
1471 5015 1634 5078 atque
1663 5025 1725 5064 ex
1765 5010 1866 5063 hac
1905 5011 1980 5062 si-

412 5107 714 5161 militudine
762 5105 814 5159 in
859 5105 1049 5158 melius
1091 5104 1467 5171 proficientem
1518 5103 1752 5155 animam
1814 5118 1979 5154 unmn

404 5197 515 5265 jam
565 5197 680 5249 fieri
723 5210 846 5250 cum
897 5195 1024 5260 Deo,
1072 5202 1231 5264 prout
1281 5195 1554 5263 pollicitus
1601 5202 1688 5248 est
1729 5193 1982 5249 Christus

410 5287 568 5342 Joan.
601 5303 732 5353 xvu,
757 5287 828 5340 21-
857 5295 912 5340 et
940 5285 1032 5350 21,
1068 5295 1228 5354 atque
1255 5288 1327 5340 ita
1357 5301 1524 5358 porro
1553 5286 1606 5340 in
1639 5287 1746 5340 fine
1775 5287 1980 5354 omnia,

412 5391 468 5432 et
496 5381 546 5432 in
572 5379 823 5432 omnibus
858 5378 1022 5430 Deum
1069 5376 1306 5431 futurum
1351 5393 1490 5433 esse.
1543 5379 1778 5448 Exponit
1825 5389 1980 5447 post-

415 5471 628 5527 modum
661 5469 754 5536 qui
803 5469 984 5522 omnia
1017 5477 1072 5523 et
1107 5468 1159 5521 in
1209 5469 1457 5523 omnibus
1514 5469 1653 5525 Deus
1697 5485 1818 5526 esse
1855 5485 1974 5539 pos-

415 5563 486 5615 sit
519 5561 598 5628 ³⁶;
633 5575 826 5630 nempe
875 5575 997 5615 cum
1053 5561 1278 5617 rationis
1334 5561 1538 5632 pollens
1584 5563 1786 5630 anima,
1827 5563 1972 5619 omni

493 5763 536 5794 ³⁸
562 5763 579 5817 Ι
609 5763 735 5820 Cor.
763 5778 850 5829 xv,
884 5761 972 5818 28.

2079 4563 2218 4613 rum,
2255 4549 2328 4602 ita
2355 4549 2570 4602 deruunt
2595 4549 2814 4618 quidam
2841 4565 3160 4618 permanere
3183 4551 3234 4605 iu
3267 4551 3456 4606 eodem
3487 4561 3654 4616 statu,

2077 4657 2184 4709 quo
2212 4657 2373 4709 supra
2405 4642 2660 4709 diximus,
2695 4651 2910 4712 putant,
2945 4643 2997 4696 id
3038 4653 3121 4698 est
3173 4655 3232 4698 ut
3263 4645 3430 4698 Deum
3476 4645 3655 4698 omnia

2079 4733 2339 4799 habeant,
2367 4743 2424 4787 et
2451 4734 2591 4789 Deus
2617 4735 2699 4790 eis
2743 4735 2814 4789 sit
2860 4738 3060 4802 omnia,
3109 4737 3154 4791 si
3205 4736 3520 4791 nullatenus
3565 4753 3658 4790 eas

2080 4823 2312 4878 societas
2393 4835 2600 4878 natura!
2669 4826 2968 4894 corporalis
3043 4835 3312 4880 amoveat.
3403 4827 3656 4893 Alioquin

2085 4915 2398 4970 existimant
2445 4917 2674 4988 gloriam
2716 4933 2942 4972 summa:
2988 4917 3340 4972 beatitudinis
3387 4918 3656 4986 impediri,

2087 5007 2132 5062 si
2184 5009 2479 5064 materialis
2529 5011 2846 5064 substantiae
2893 5011 3252 5065 interseratur
3298 5009 3577 5065 adtuistio.
3633 5029 3652 5061 ι

2088 5103 2226 5168 Quin
2251 5103 2414 5156 etiam
2451 5105 2592 5172 quod
2616 5105 2738 5158 aliis
2764 5105 3130 5160 ascribentetu
3159 5104 3538 5159 Adamantium
3573 5103 3656 5155 in-

2091 5194 2238 5247 ducit
2265 5193 2514 5262 Ruftuus,
2539 5195 2590 5250 id
2625 5195 2990 5250 confutantem
3015 5195 3192 5264 ipsum
3235 5196 3454 5250 exhibet
3484 5197 3660 5262 capite

2091 5284 2278 5339 eodem
2305 5301 2454 5340 num.
2478 5287 2511 5340 6
2543 5306 2556 5340 :
2595 5307 2613 5339 ι
2645 5289 2698 5342 In
2737 5305 2842 5358 quo
2875 5297 3019 5344 statu
3049 5287 3445 5359 (beatitudinis)
3493 5287 3655 5340 etiam

2087 5393 2406 5446 permanere
2437 5395 2654 5451 semper
2687 5392 2742 5436 et
2789 5383 3199 5438 immutabiliter
3243 5380 3518 5436 Creatoris
3555 5395 3655 5433 vo-

2084 5473 2286 5526 luntate
2312 5482 2396 5528 est
2435 5475 2781 5542 credendum,
2819 5475 2980 5529 tidem
3023 5476 3098 5529 rei
3131 5475 3364 5531 faciente
3389 5471 3656 5529 sententia

2081 5563 2318 5634 Apostoli
2370 5564 2642 5622 dicentis:
2677 5565 2898 5620 Domum
2951 5567 3197 5624 habemus
3257 5584 3358 5624 non
3403 5565 3656 5636 manufe—
