4170 6400
522 305 652 361 1011

1805 307 1864 361 Ρ.
1909 308 2227 363 DANlELIS
2254 307 2484 362 HUETII

3641 313 3778 368 1012

521 437 678 490 ctam,
704 434 954 478 (sternam
983 426 1037 478 in
1058 427 1197 481 caelis
1223 429 1318 480 ³⁷.»
1341 431 1410 484 De
1435 430 1765 500 ﬁnequoque
1792 445 1967 484 rerum
1995 429 2102 498 agit
2130 435 2177 491 Α
2206 442 2504 494 summum,
2539 441 2700 496 quem
2749 427 3005 494 diximus,
3051 427 3322 484 felicitatis
3351 429 3559 498 apicem
3585 445 3775 487 evase-

523 516 784 584 Origenes
816 517 911 575 lib.
947 534 961 572 ι
1000 517 1077 572 De
1104 520 1350 588 princip.,
1375 537 1494 591 cap.
1526 522 1580 587 6,
1619 538 1769 578 num.
1797 523 1849 584 l,
1885 523 1940 586 2,
1983 538 2098 576 om-

526 608 725 676 niaque
771 607 899 662 dicit
929 608 995 661 ad
1025 625 1190 663 unum
1245 612 1406 666 linem
1462 613 1788 677 revocanda,
1837 613 2098 682 quemad-

524 699 743 753 modum
771 698 839 752 ab
865 715 972 754 uno
997 701 1150 755 initio
1177 703 1412 769 profecta
1441 715 1588 768 sunt,
1623 713 1909 774 postquam
1951 703 2099 758 scili-

521 796 609 842 cet
663 791 971 860 regnaverit
1017 790 1292 858 Christus,
1343 810 1636 864 omnesque
1684 796 1933 850 inimicos
1991 795 2095 850 sibi

520 879 834 947 subjecerit,
860 883 1145 950 ipsumque
1167 887 1516 940 novissimum
1547 887 1826 941 inimicutn
1859 899 2094 943 mortem

519 973 878 1037 destruxerit,
902 985 956 1027 et
978 973 1124 1029 Patri
1159 991 1380 1044 regnum
1417 979 1699 1032 tradiderit
1724 989 1960 1049 tuncque
1987 995 2100 1035 cte-

520 1063 700 1130 lestia,
735 1066 1011 1120 terrestria
1041 1077 1096 1121 et
1129 1066 1335 1122 inferna
1388 1068 1453 1123 ad
1497 1086 1659 1124 unum
1690 1070 1848 1124 linem
1898 1073 2097 1127 deven-

523 1165 665 1221 tura,
703 1176 722 1208 ι
756 1173 852 1226 ρει·
878 1158 1170 1214 bonitatem
1210 1161 1324 1225 Dei,
1360 1171 1414 1230 et
1454 1161 1843 1228 subjectionem
1866 1162 2092 1225 Christi,

519 1256 684 1316 atque
716 1248 978 1302 unitatem
1011 1247 1248 1318 Spiritus
1279 1251 1475 1305 sancti.
1509 1272 1526 1304 ι
1557 1253 1722 1308 Addit
1751 1255 1974 1324 insuper
1995 1256 2093 1309 soli

519 1337 776 1392 Trinitati
819 1339 1113 1395 bonitatem
1147 1341 1586 1398 substantialiter
1627 1346 1822 1410 inesse,
1868 1358 2096 1402 caeteros

518 1429 642 1483 inde
671 1439 969 1484 mutuatam
1003 1440 1057 1485 et
1083 1433 1379 1487 derivatam
1413 1435 1649 1501 habere;
1689 1455 1706 1487 ι
1737 1447 1792 1492 et
1820 1447 1947 1493 tunc
1974 1454 2096 1494 esse

518 1519 572 1573 in
608 1520 959 1586 beatitudine,
993 1539 1115 1577 cum
1162 1526 1228 1580 de
1266 1527 1576 1591 sanctitate,
1621 1543 1685 1582 ac
1721 1529 2010 1598 sapientia,
2040 1539 2096 1584 et

518 1609 586 1664 de
614 1610 730 1679 ipsa
765 1611 1048 1667 divinitate
1079 1614 1403 1688 participant
1448 1635 1462 1671 :
1516 1636 1535 1668 ι
1592 1619 1734 1688 quod
1787 1621 2096 1691 quicunque

517 1701 817 1773 negligunt,
849 1705 1084 1775 propriae
1134 1707 1352 1762 desidia:
1395 1709 1524 1763 vitio
1562 1709 1824 1766 felicitate
1857 1712 1959 1767 hac
2001 1729 2095 1770 eos

515 1795 790 1855 excidere.
840 1806 893 1851 et
927 1814 957 1852 a
993 1797 1102 1852 Deo
1142 1815 1244 1869 pro
1281 1801 1450 1871 culpae
1493 1802 1652 1858 modo
1682 1802 1950 1858 adhiberi.
1987 1803 2096 1860 Nec
2127 1775 2168 1831 Β

515 1885 588 1938 ab
629 1885 715 1940 bis
741 1886 1055 1958 discrepant
1084 1904 1205 1959 qu:e
1239 1905 1306 1945 ex
1356 1890 1591 1964 Origene
1636 1895 1847 1965 profert
1891 1894 2094 1950 Catena

517 1975 849 2032 Corderiana
877 1979 930 2034 in
968 1978 1227 2046 Psalmos,
1249 1983 1316 2038 ad
1344 1985 1537 2052 psalm.
1569 2001 1660 2051 ιι,
1693 1987 1727 2042 '5
1751 2028 1765 2050 ,
1810 2002 1932 2058 pag.
1968 1987 2092 2054 759,

518 2067 609 2122 ubi
645 2067 895 2126 Christus
933 2087 1054 2127 esse
1103 2075 1302 2130 dicitur
1347 2077 1781 2144 tabernaculum,
1835 2089 1890 2134 et
1939 2096 2096 2136 mons

516 2169 761 2223 sanctus,
794 2162 846 2216 in
884 2179 992 2231 quo
1019 2164 1242 2233 perfecti
1269 2169 1707 2238 conquiescunt;
1749 2171 1944 2226 deinde
1966 2172 2096 2227 sub-

509 2252 631 2319 jieit
663 2271 677 2307 :
721 2253 868 2325 Πλὴν
899 2257 947 2309 sl
975 2258 1069 2309 καὶ
1098 2257 1239 2313 οὕτω
1265 2259 1604 2332 τελειότητος
1653 2264 1766 2334 ἔχει
1799 2267 1832 2336 ἡ
1869 2265 2093 2338 τοιαύτη

515 2345 712 2415 σκηνὴ,
743 2345 818 2410 ὡς
844 2349 940 2400 καὶ
969 2346 1102 2418 ᾰγια
1139 2351 1310 2418 ἁγίων
1342 2348 1501 2418 εἶναι,
1536 2355 1650 2408 ἀλλ’
1683 2352 1776 2410 οὖν
1821 2358 1939 2410 ἐστι
1977 2361 2094 2429 μετ’

513 2435 682 2507 αὐτὴν
729 2438 1060 2504 κατάστασις
1119 2442 1462 2513 ὑπερέχουσα
1512 2445 1620 2500 τῶν
1667 2447 1925 2516 λογικῶν,
1970 2449 2094 2504 καθ’

511 2527 580 2598 ἢν
613 2527 823 2583 ἔσονται
853 2533 911 2584 ὲν
943 2533 1120 2604 Πατρὶ
1155 2537 1245 2588 καὶ
1287 2536 1422 2608 Υἱῷ,
1466 2538 1664 2608 μᾶλλον
1699 2540 1756 2593 δὲ
1786 2544 1851 2612 τῇ
1883 2543 2090 2615 τριάδιο

511 2617 595 2671 διὸ
624 2623 907 2690 παροικεῖν
943 2623 1022 2686 εἰς
1065 2624 1191 2688 τοὺς
1229 2626 1450 2692 αἰῶνας,
1492 2629 1607 2682 ἀλλ’
1637 2630 1699 2682 ού
1729 2635 2003 2685 κατοικεῖν
2037 2634 2094 2686 ὲν

511 2710 591 2782 τῷ
624 2713 938 2785 σκηνώματι
966 2716 1178 2788 εἴρηται
1198 2732 1210 2744 '
1237 2721 1266 2772 ὁ
1293 2722 1351 2773 ὲν
1375 2721 1549 2792 τούτῳ
1575 2723 1653 2794 τῷ
1684 2724 1818 2796 οἴκῳ
1855 2724 2094 2794 γεγονὼς

514 2805 953 2877 σκεπασθήσεται
1024 2810 1083 2863 ἐν
1155 2814 1221 2883 τῇ
1283 2813 1392 2868 τῶν
1469 2815 1752 2887 πτερύγων
1799 2818 1893 2872 τοῦ
1955 2818 2092 2873 Θεοῦ

513 2897 714 2969 σκέπῃ.
739 2896 852 2954 Hoc
879 2909 963 2955 est
993 2918 1006 2954 :
1033 2901 1075 2955 Ε
1097 2904 1466 2974 tabernaculo,
1505 2911 1648 2976 quod
1704 2917 1787 2962 est
1819 2909 2090 2978 Christus,

513 2990 745 3060 digressi
811 2993 982 3048 sancti
1047 2995 1100 3048 in
1148 2994 1412 3053 Trinitate
1486 3000 1919 3071 conquiescent,
1967 3018 2088 3058 cum

2204 522 2348 586 rint;
2380 536 2444 575 ac
2475 523 2708 592 primum
2748 521 2800 574 in
2833 530 2986 574 certo
3014 522 3252 590 quodam
3282 530 3441 577 terra:
3463 524 3582 578 loco
3603 533 3779 580 terre-

2202 628 2298 668 nas
2324 614 2504 677 faeces,
2539 621 2594 668 et
2619 613 2982 680 ignorantiam
3031 613 3249 683 deponi,
3299 622 3462 684 atque
3486 615 3631 670 hunc
3655 631 3778 673 esse

2200 706 2542 776 paradisum;
2579 705 2700 760 inde
2731 705 2782 760 in
2813 721 2960 769 aere,
2989 715 3042 760 et
3073 707 3124 759 in
3166 706 3396 762 diversis
3431 709 3776 776 postmodum

2201 798 2322 854 ρωΙὶ
2347 799 2483 853 locis
2514 813 2707 852 novam
2743 812 3026 867 capessere
3053 797 3416 868 disciplinam,
3446 808 3501 853 et
3535 800 3776 868 perfecta

2198 893 2414 946 demum
2441 890 2700 946 beatitate
2733 889 2876 956 i‘rui;
2911 889 2964 942 in
2996 889 3224 960 singulis
3260 899 3440 944 autem
3475 890 3778 944 mansioni-

2197 986 2302 1041 bus
2345 999 2412 1041 eo
2465 985 2860 1042 diuturniorem
2914 999 3076 1053 agere
3127 1000 3336 1039 moram
3389 986 3634 1049 animas,
3671 1000 3778 1054 quo

2199 1077 2465 1146 pluribus,
2510 1079 2636 1131 dum
2675 1077 2890 1146 corpori
2921 1076 3195 1146 adjuncta
3223 1087 3425 1141 essent,
3457 1092 3580 1132 sese
3617 1077 3778 1132 noxis

2199 1171 2662 1232 contaminarunt,
2693 1169 3043 1241 pluribusque
3093 1169 3521 1239 inquinamentis
3565 1185 3769 1238 expur-

2199 1260 2386 1330 ganda:
2436 1270 2582 1314 sunt.
2633 1259 2973 1329 Frequentes
3031 1268 3248 1313 exstant
3300 1258 3561 1313 doctrinm
3615 1258 3776 1327 hujus

2201 1359 2378 1410 notae;
2441 1365 2542 1405 nos
2587 1351 2888 1418 praecipuas
2918 1363 3292 1419 excerpemus.
3339 1347 3569 1404 Homilia
3600 1351 3672 1404 26
3723 1353 3777 1404 in

2201 1439 2390 1506 Num.,
2422 1456 2572 1496 num.
2613 1440 2666 1498 4.
2698 1440 2998 1509 digressum
3037 1439 3232 1492 animae
3260 1453 3290 1492 a
3327 1452 3576 1506 corpore,
3599 1437 3776 1493 Israe-

2198 1533 2415 1586 litarum
2452 1531 2601 1586 exitu
2629 1531 2692 1584 de
2723 1529 2958 1600 Egypto
2987 1529 3215 1596 exprimi
3252 1530 3437 1596 tradit,
3475 1544 3620 1592 cum,
3648 1529 3776 1584 reli-

2197 1624 2300 1678 ctis
2332 1621 2516 1677 mundi
2569 1622 2727 1693 hujus
2765 1621 3026 1686 tenebris,
3060 1630 3113 1676 et
3148 1622 3392 1691 corporis
3422 1621 3686 1686 czecitate,
3719 1623 3774 1677 in

2198 1721 2362 1776 alium
2391 1721 2576 1775 orbem
2609 1721 2805 1774 transit
2831 1719 3010 1773 anima
3037 1761 3053 1785 ,
3089 1720 3182 1790 qui
3213 1720 3297 1774 vel
3330 1721 3484 1775 sinus
3507 1719 3768 1784 Abrahre,

2203 1823 2264 1867 ut
2291 1813 2343 1868 in
2392 1812 2582 1866 Lazari
2615 1812 2879 1879 historia;
2911 1811 2994 1866 vel
3029 1811 3338 1881 paradisus,
3375 1822 3434 1866 ut
3469 1813 3522 1866 in
3574 1811 3661 1866 illa
3690 1812 3776 1866 lae

2202 1907 2396 1970 tronis,
2421 1917 2796 1974 nuncupatur;
2837 1923 2855 1956 ι
2899 1904 2984 1958 vel
3011 1906 3197 1969 etiam,
3226 1904 3428 1973 inquit,
3457 1905 3502 1959 si
3535 1919 3638 1974 qua
3674 1918 3774 1958 no-

2199 1997 2276 2052 vit
2302 1998 2442 2052 Deus
2471 2011 2594 2052 esse
2623 1996 2725 2050 alia
2750 1995 2888 2060 loca,
2910 1997 2994 2052 vel
3023 1997 3157 2052 alias
3189 1997 3520 2060 mansiones,
3541 2010 3638 2065 per
3654 2010 3776 2064 qua:

2200 2091 2470 2144 transiens
2506 2088 2685 2144 anima
2733 2089 2841 2144 Deo
2869 2089 3132 2154 credens,
3168 2100 3221 2144 et
3251 2089 3577 2158 perveniens
3605 2103 3777 2159 usque

2199 2183 2265 2236 ad
2293 2181 2492 2237 ﬂumen
2520 2183 2671 2249 illud,
2709 2185 2854 2252 quod
2899 2181 3136 2236 ltetilicat
3157 2179 3458 2236 'civitatem
3486 2181 3601 2246 Dei,
3633 2182 3776 2236 intra

2203 2275 2376 2345 ipsam
2410 2285 2613 2330 sortem
2666 2274 2946 2344 promissa.-
2979 2273 3230 2328 Patribus
3264 2273 3598 2328 luereditatis
3631 2275 3774 2328 acci-

2195 2367 2338 2438 piat;
2380 2387 2399 2420 ι
2431 2377 2486 2423 et
2533 2367 2812 2437 aliquanto
2861 2375 3023 2438 post,
3068 2381 3216 2420 num.
3246 2365 3280 2419 5
3318 2384 3330 2419 :
3371 2384 3390 2416 ι
3446 2365 3602 2420 Istius
3640 2380 3772 2436 ergo

2197 2471 2355 2518 terrae
2401 2463 2772 2518 hacreditatem
2799 2503 2814 2530 ,
2859 2472 3214 2534 posteaquam
3268 2463 3338 2518 de
3387 2463 3574 2516 mundi
3616 2462 3775 2531 hujus

2196 2555 2435 2627 IEgypto
2469 2555 2690 2620 exierit,
2724 2555 2835 2610 Deo
2869 2554 3097 2609 credens
3147 2555 3327 2608 anima
3369 2555 3721 2622 consequitur
3753 2570 3770 2606 :

2195 2657 2251 2703 et
2278 2648 2406 2702 alibi
2435 2647 2652 2716 quidem
2681 2648 2718 2702 ii
2741 2647 2831 2716 qui
2856 2647 2956 2700 sub
2982 2646 3100 2716 lege
3129 2645 3408 2709 vixerunt;
3439 2645 3563 2699 alibi
3590 2655 3772 2699 autem

2194 2740 2284 2810 qui
2331 2754 2427 2810 per
2469 2737 2596 2794 Jesu
2644 2737 2844 2794 Christi
2895 2737 3054 2792 ﬁdem
3100 2747 3155 2792 et
3201 2737 3438 2804 gratiam
3475 2735 3772 2806 dispensati

2195 2841 2341 2886 sunt.
2392 2850 2410 2882 ι
2440 2829 2672 2886 Homilia
2697 2829 2892 2885 deinde
2913 2829 3156 2898 sequenti
3194 2829 3388 2898 repetit
3416 2827 3530 2882 haec
3553 2828 3770 2893 eadem,

2193 2935 2246 2980 et
2277 2926 2507 2980 diversis
2562 2923 2940 2979 mansionibus
2987 2921 3352 2977 lsraelitarum
3413 2922 3466 2976 in
3515 2921 3770 2985 deserto,

2195 3019 2389 3073 anima:
2439 3017 2750 3072 mansiones
2783 3015 2960 3071 notari
2997 3014 3218 3079 scribit;
3252 3022 3312 3067 ut
3341 3021 3396 3068 et
3445 3011 3538 3066 illo
3563 3010 3771 3066 Christi

511 3104 677 3183 regno
707 3089 904 3183 Christi
963 3094 1234 3160 absoluto,
1283 3094 1447 3151 Pater
1480 3096 1594 3168 ipse
1640 3113 1864 3169 regnum
1906 3115 2160 3183 susce—c
2192 3108 2351 3166 Joan,
2404 3125 2518 3173 xw,
2549 3109 2585 3163 2
2622 3126 2635 3162 :
2681 3127 2700 3160 ι
2752 3105 2811 3162 In
2860 3107 3023 3162 domo
3072 3105 3254 3162 Patris
3304 3104 3409 3159 mei
3459 3103 3774 3158 mansione!

510 3182 672 3251 perit.
703 3182 818 3240 Hac
838 3184 1087 3242 doctrina
1115 3188 1352 3250 imbutus
1376 3188 1692 3246 Theodorus
1714 3191 1959 3257 Ascidas,
1977 3191 2089 3248 Cae-

512 3287 682 3328 sareae
717 3275 1074 3346 Cappadocia:
1109 3281 1414 3352 episcopus,
1457 3281 1889 3359 Origcnistarum
1922 3285 2090 3340 Justi-

511 3363 661 3418 niani
693 3373 850 3421 aetate
875 3380 1156 3437 patronus,
1189 3372 1325 3427 dixit
1364 3391 1375 3426 :
1430 3375 1494 3428 Et
1543 3375 1639 3430 νῦν
1681 3378 1730 3430 οἱ
1775 3377 2086 3443 ἀπόστολοι,

511 3455 605 3508 καὶ
623 3456 672 3508 οἱ
705 3457 982 3531 μάρτυρες
1003 3461 1499 3537 Θαυματουργοῦσι,
1537 3469 1631 3521 καὶ
1661 3471 1718 3522 ὲν
1758 3472 1825 3542 τῇ
1857 3470 2090 3542 τοσαύτῃ

510 3550 646 3620 τιμῇ
680 3549 1034 3622 ὑπάρχουσιν,
1066 3555 1124 3608 ὲν
1143 3559 1208 3628 τῇ
1235 3557 1674 3615 ἀποκαταστάσει
1707 3564 1756 3615 εἰ
1775 3563 1848 3635 μὴ
1879 3563 1982 3616 ῐσοι
2007 3563 2092 3632 γέο

511 3657 687 3696 νοιντο
750 3643 828 3715 τῷ
898 3647 1158 3718 Χριστῷ,
1219 3650 1349 3704 ποία
1411 3652 1856 3718 ἀποκατάστασις
1906 3655 2089 3719 αὐτοῖς

512 3735 692 3802 ὲστιν;
738 3754 758 3789 ι
805 3737 863 3792 Si
917 3755 1060 3797 nunc
1108 3745 1336 3814 apostoli
1393 3757 1448 3802 et
1497 3757 1769 3820 martyres
1825 3751 2086 3805 miracula

511 3829 698 3894 edunt,
730 3840 783 3886 et
811 3831 864 3886 in
904 3843 1056 3890 tanto
1095 3846 1223 3892 sunt
1267 3841 1514 3905 honore;
1551 3841 1606 3896 in
1661 3844 2008 3900 restitutione
2042 3847 2086 3901 si

510 3922 749 3990 mqhales
780 3924 994 3981 Christo
1018 3943 1123 3984 non
1156 3931 1413 3997 evadant,
1445 3933 1620 4002 qualis
1650 3949 1837 3990 eorum
1867 3937 2088 3991 restitu-

509 4013 586 4064 tio
643 4011 825 4069 l'utura
877 4019 1002 4072 est?
1051 4039 1068 4071 ι
1115 4020 1288 4087 Quam
1314 4039 1501 4079 vocem
1553 4026 1607 4080 in
1658 4027 1848 4096 quinta
1879 4029 2086 4098 synodo

507 4104 817 4162 damnatam
853 4109 1020 4168 fuisse
1047 4122 1274 4169 testatur
1302 4115 1567 4187 Evagrius
1605 4117 1700 4174 lib.
1731 4135 1804 4186 tv,
1833 4134 1956 4188 cap.
1993 4121 2084 4177 58.

507 4193 897 4264 Verumtamen
943 4203 994 4257 in
1043 4205 1358 4274 praefatione
1407 4208 1698 4264 Comment.
1753 4211 1806 4264 in
1853 4210 2015 4266 Joan.
2055 4229 2084 4267 a

507 4295 776 4348 communi
827 4296 1195 4367 theologorum
1248 4301 1519 4356 sententia
1576 4304 1800 4359 minime
1881 4306 2088 4362 recedit

507 4378 788 4452 Origenes,
824 4385 874 4440 in
903 4387 997 4442 Dei
1030 4391 1340 4460 cognitione
1369 4403 1424 4448 et
1456 4395 1918 4464 contemplatione
1951 4397 2081 4452 bea-

2192 3201 2377 3256 multae
2433 3209 2592 3265 sunt;
2657 3218 2676 3255 ι
2739 3213 2803 3253 ac
2844 3197 3010 3252 variis
3074 3205 3337 3268 praeterea
3387 3195 3772 3264 prophetarum

2193 3293 2541 3358 testimoniis,
2577 3305 2698 3361 quae
2739 3290 2966 3350 subinde
3010 3297 3292 3351 enumerat
3324 3306 3338 3347 :
3371 3303 3470 3359 per
3497 3287 3612 3343 haec
3638 3301 3771 3357 ergo

2191 3380 2311 3436 loca
2346 3381 2780 3451 peregrinantem
2813 3379 3046 3434 animam
3075 3381 3142 3434 ad
3195 3377 3392 3449 quietis
3424 3376 3599 3433 locum
3645 3392 3770 3432 cum

2190 3473 2396 3544 gemitu
2426 3481 2484 3529 et
2510 3471 2696 3528 dolore
2719 3471 3008 3538 anhelare;
3033 3471 3332 3528 hebescere
3354 3472 3539 3537 etiam,
3557 3477 3613 3527 et
3636 3469 3773 3524 cali-

2189 3581 2337 3638 gare,
2371 3567 2549 3638 quoad
2580 3563 2793 3620 itineris
2821 3564 2904 3620 sui
2935 3571 3135 3619 metam
3175 3573 3422 3620 assecuta
3451 3564 3524 3618 sit
3555 3579 3570 3614 :
3607 3581 3627 3614 ι
3664 3561 3772 3617 Per

2189 3659 2428 3730 singulas
2464 3673 2706 3735 quasque
2728 3699 2744 3724 ,
2776 3677 2795 3711 ι
2829 3657 3008 3726 inquit
3056 3672 3206 3711 num.
3241 3657 3296 3722 4,
3331 3672 3453 3727 pag.
3482 3655 3610 3720 377,
3643 3674 3663 3707 ι
3685 3656 3770 3711 di-

2189 3751 2442 3822 grediens
2476 3751 2787 3805 mansiones
2812 3792 2827 3815 ,
2859 3749 2978 3803 illas
3006 3749 3214 3804 scilicet
3250 3749 3479 3815 multas,
3533 3765 3654 3818 qua:
3681 3751 3768 3803 di-

2187 3849 2384 3896 cuntur
2426 3856 2548 3896 esse
2587 3841 2727 3911 apud
2782 3840 3021 3906 Patrem,
3060 3839 3396 3894 illuminatnr
3423 3840 3656 3910 amplius
3699 3855 3770 3896 ex

2187 3947 2294 3989 una
2329 3933 2395 3986 ad
2423 3931 2583 3986 aliam
2613 3932 2858 3998 veniens,
2891 3931 3096 4000 majora
3117 3947 3332 4001 semper
3354 3931 3769 3987 illuminationis

2187 4031 2474 4094 augmenta
2525 4022 2848 4092 conquirit,
2881 4036 3163 4092 usquequo
3213 4031 3433 4076 assueta
3482 4021 3552 4076 sit
3598 4021 3768 4092 ipsius

2185 4115 2301 4169 veri
2329 4114 2571 4179 luminis,
2614 4114 2758 4182 quod
2806 4113 3076 4168 illuminat
3105 4127 3320 4169 omnem
3350 4113 3646 4181 hominem,
3680 4113 3768 4168 in-

2188 4208 2381 4262 tuitum
2415 4208 2549 4279 pati,
2601 4216 2657 4263 et
2687 4207 2839 4260 mira:
2885 4205 3188 4273 maiestatis
3231 4205 3374 4260 ferre
3409 4205 3697 4275 fulgorem.
3739 4223 3761 4258 ι

2185 4299 2424 4354 lnculcat
2447 4301 2587 4356 idem
2634 4299 2688 4357 in
2714 4295 3090 4366 sequentibus,
3123 4312 3272 4350 num.
3302 4296 3367 4350 ϐε
3397 4312 3416 4346 ι
3437 4293 3566 4350 Post
3583 4309 3770 4349 resur-

2185 4392 2480 4446 rectionem
2513 4404 2806 4445 ascensura
2846 4388 2914 4443 ad
2959 4387 3128 4442 ccelos
3159 4385 3389 4459 (anima)
3421 4400 3528 4439 non
3561 4384 3764 4448 subito,

507 4470 788 4528 titudinem
825 4477 985 4530 sitam
1014 4494 1134 4535 esse
1163 4481 1386 4548 docens,
1433 4494 1489 4537 et
1512 4485 1691 4551 :linem
1721 4501 1843 4541 esse
1869 4486 1931 4540 τὸ
1954 4487 2082 4541 Οεω-
2113 4475 2158 4529 ι)
2191 4499 2292 4538 nec
2323 4485 2629 4550 importune
2660 4481 2726 4536 ad
2758 4494 2966 4535 summa
2993 4478 3330 4542 conscendit,
3365 4477 3458 4532 sed
3491 4490 3590 4547 per
3627 4475 3768 4531 mul-

505 4563 749 4634 ρητικδν²
776 4568 907 4631 εἰςὸ
947 4570 1273 4642 καταλήγειν
1310 4574 1369 4626 τὸ
1405 4574 1554 4640 τέλος
1593 4575 1711 4631 ὁδοῦ
1748 4579 1807 4630 ὲν
1825 4582 1892 4650 τῇ
1925 4580 2081 4650 λεγο-

507 4654 644 4727 μένῃ
673 4657 1134 4715 ἀποκαταστάσει.

579 4744 645 4801 Χ.
671 4749 788 4805 Νοιι
815 4753 1001 4807 statim
1025 4764 1203 4811 autem
1229 4757 1296 4811 ad
1327 4773 1636 4828 supremam
1663 4761 2079 4832 beatitudinem,

502 4837 597 4891 sed
635 4840 964 4907 pedetentim
1019 4859 1084 4900 ac
1134 4861 1235 4916 per
1266 4847 1514 4904 diversos
1569 4853 1766 4921 gradus
1812 4855 2082 4921 perveniri

501 4928 692 4984 voluit.
727 4929 864 4985 Nam
894 4933 1103 4991 animas
1129 4936 1521 4994 beatitudinem
1566 4942 1898 5008 promeritas
1923 4985 1939 5010 ,
1985 4945 2080 5000 sed

503 5029 846 5078 terrenarum
895 5040 1078 5082 rerum
1133 5040 1369 5104 contage
1407 5031 1705 5086 etiamnum
1749 5033 2079 5100 laborantes,

501 5123 786 5183 postquam
820 5132 1051 5194 corpore
1103 5121 1317 5178 emissae
1354 5132 1524 5190 sunt,
1570 5138 1668 5193 per
1699 5126 1850 5179 varia
1885 5127 2078 5183 deduci

500 5205 616 5259 loca
654 5207 830 5274 ﬁnxit,
862 5211 912 5264 in
943 5213 1143 5281 quibus
1177 5224 1526 5292 expurgatas,
1553 5218 1700 5272 etab
1721 5219 1929 5291 angelis
1951 5221 2077 5277 huic

501 5297 805 5355 ministerio
833 5301 1122 5359 destinatis
1151 5307 1419 5371 eruditas,
1470 5316 1525 5362 et
1555 5322 1803 5364 errorum
1833 5311 2076 5366 tenebris

501 5389 817 5457 exsolutas,
870 5396 1294 5465 splendidiorem
1333 5415 1398 5456 ac
1455 5401 1742 5458 celsiorem
1801 5404 2079 5473 regionem

500 5487 901 5554 conscendere;
973 5490 1153 5560 ibique
1209 5493 1364 5548 novis
1417 5495 1711 5552 instructas
1772 5495 2076 5564 doctrinisf,

501 5570 732 5644 aliisque
760 5593 888 5635 usas
917 5583 1194 5652 magistris
1226 5586 1278 5643 in
1307 5585 1592 5646 sublimius
1621 5587 1777 5660 ferri,
1818 5590 1988 5647 donec
2012 5589 2079 5647 ad

570 5774 612 5805 ³⁷
647 5773 686 5827 ll
713 5777 834 5831 Cor.
867 5793 914 5842 ν,
943 5779 991 5831 l.

2190 4588 2272 4630 tas
2296 4575 2582 4629 deducitur
2612 4574 2944 4636 mansiones,
2977 4571 3030 4625 in
3059 4570 3258 4640 quibus
3303 4569 3610 4624 illuminata
3667 4582 3768 4638 per

2190 4663 2434 4732 singulas
2462 4703 2477 4728 ,
2526 4671 2581 4718 et
2605 4670 2897 4733 augmento
2924 4676 3140 4730 semper
3164 4659 3470 4729 splendoris
3515 4666 3762 4728 accepto,

2189 4758 2242 4810 in
2272 4770 2596 4825 unaquaque
2634 4755 2919 4809 mansione
2947 4753 3219 4806 illustrata
3251 4751 3531 4819 sapientia:
3559 4750 3768 4804 lumine

2192 4862 2364 4916 usque
2399 4848 2465 4902 ad
2495 4847 2670 4918 ipsum
2694 4846 2975 4918 perveniat
3005 4844 3267 4900 luminum
3296 4843 3536 4899 Patrem.
3578 4861 3599 4894 ι
3635 4840 3767 4897 Post

2185 4942 2301 4996 haec
2342 4941 2686 4996 mansionum
2721 4940 2934 4995 illarum
2971 4937 3174 4993 deserti
3207 4936 3426 4991 nomina
3463 4937 3766 4992 mansioni-

2183 5035 2283 5089 bus
2306 5032 2698 5097 accommodat,
2725 5045 2872 5102 quas,
2893 5031 3071 5084 anima
3095 5029 3148 5084 in
3172 5028 3372 5085 ctelum
3390 5028 3601 5084 abitura
3636 5043 3762 5098 per-

2188 5133 2362 5193 agrat,
2401 5124 2746 5192 ostenditque
2793 5125 2934 5178 hanc
2961 5124 3123 5178 etiam
3152 5131 3264 5177 tum
3292 5121 3595 5177 daemonum
3623 5121 3763 5175 insi-

2184 5217 2290 5272 diis
2315 5226 2370 5270 et
2397 5218 2747 5272 tentamentis
2775 5231 2894 5272 esse
2928 5216 3216 5272 obnoxiam
3242 5256 3258 5282 ,
3290 5216 3615 5285 laboresque
3642 5227 3766 5268 sus-

2186 5308 2378 5371 tinere,
2425 5317 2480 5361 at
2503 5321 2608 5361 non
2650 5307 2872 5361 invitam
2898 5349 2914 5374 ,
2944 5321 3044 5362 nec
3079 5315 3289 5361 tantum
3323 5305 3391 5361 iis
3424 5303 3707 5374 delatigari
3741 5343 3758 5370 ,

2187 5409 2448 5471 quantum
2489 5415 2586 5470 spe
2618 5399 2961 5468 sublevatur;
2987 5400 3082 5456 sed
3110 5409 3166 5456 et
3195 5398 3496 5470 refrigeriis
3523 5401 3762 5450 animam

2188 5496 2384 5562 foveri,
2413 5495 2783 5568 paulatimque
2813 5495 2881 5549 ad
2921 5493 3227 5550 caelestium
3256 5492 3632 5564 cognitionem
3668 5503 3763 5544 as—

2188 5602 2430 5658 surgere,
2449 5585 2670 5656 jamque
2702 5588 2913 5657 plcnam
2946 5586 3002 5642 in
3028 5600 3224 5658 corpus
3241 5597 3500 5643 exercere
3522 5587 3764 5657 potest»
