4170 6446
437 336 575 392 Nl?)

1320 330 1896 390 ORIGENIANORUM
1937 329 2067 419 LlB.
2109 329 2173 396 ll,
2209 330 2360 386 CAP.
2403 331 2465 396 ll,
2509 331 2785 398 QUASST.
2825 329 2914 386 XI.

3545 333 3682 387 40M

437 461 567 513 tem,
595 457 651 504 et
681 456 793 501 tum
823 445 1079 501 curriculi
1110 452 1308 500 metam
1345 446 1630 514 stringere,
1665 460 1788 499 cum
1824 460 2015 515 perve-
2047 447 2090 502 A
2119 445 2414 497 certamina
2445 453 2498 497 ct
2526 458 2725 512 agones
2751 444 3036 498 exsistunt.
3080 442 3395 498 Tum-docet
3446 447 3495 500 in
3539 461 3681 514 ρης-

435 546 514 596 nit
563 543 630 595 ad
670 539 867 593 ﬂumen
895 539 1020 604 Dei,
1056 545 1111 590 et
1141 537 1422 605 sapientia
1455 537 1706 602 ﬂuentis,
1740 537 2004 606 undisque

439 635 634 687 divina:
668 631 911 686 scientiza
961 629 1240 698 irrigatur.
1271 628 1348 683 Ex
1393 629 1588 698 quibus
1617 629 1750 684 satis
1777 639 2007 699 apparet

441 725 726 780 sententiae
753 723 882 777 huic
907 720 1158 791 Origenis
1186 721 1293 774 vim
1330 720 1524 776 all’errc
1549 722 1761 778 Sixtum
1794 705 2004 778 Senen-

436 833 549 873 sem
575 817 670 872 lib.
706 831 738 868 v
763 813 1045 879 Biblioth.,
1087 816 1266 868 adnot.
1295 813 1418 878 128,
1433 829 1554 868 cum
1589 815 1666 868 ait
1694 815 2004 870 mansiones

436 909 575 974 illas,
609 921 714 961 non
743 907 808 960 ad
832 906 1048 960 diversa
1089 904 1468 960 ascensionum
1511 913 1776 972 tempora,
1812 907 1905 960 sed
1937 906 2005 959 ad

437 999 684 1053 diversos
717 997 1066 1067 praemiorum
1106 995 1302 1065 gradus
1327 1008 1449 1048 esse
1477 993 1808 1051 referendas.
1839 998 2004 1052 Deni-

436 1103 541 1159 que
569 1089 719 1144 bom.
748 1087 818 1143 28
849 1087 902 1140 in
931 1085 1121 1152 Num.,
1168 1101 1318 1140 num.
1348 1086 1408 1152 2,
1438 1086 1494 1151 5,
1524 1085 1756 1156 aliquem
1791 1088 1946 1144 nobis
1974 1104 2003 1142 a

438 1182 547 1236 Deo
574 1181 750 1235 locum
773 1180 1068 1250 praeparari
1097 1179 1547 1244 comminiscitur,
1587 1180 1673 1235 ubi
1699 1181 1768 1236 ad
1797 1191 2002 1237 certum

441 1284 650 1342 tempus
677 1273 1004 1336 habitemus,
1035 1272 1079 1326 si
1121 1286 1240 1341 quae
1262 1282 1480 1340 peccata
1511 1271 1876 1340 imprudentes
1911 1274 2006 1327 ad-

443 1365 720 1429 misimus;
777 1365 1225 1434 quemadmodum
1270 1373 1446 1420 certas
1487 1363 1682 1436 refugii
1738 1364 1899 1419 urbes
1940 1366 2006 1419 iis

439 1456 738 1525 assignavit
766 1454 997 1525 Moyses,
1051 1455 1144 1524 qui
1177 1455 1533 1510 homicidium
1578 1471 1711 1510 casu
1741 1462 1797 1509 et
1821 1455 2008 1509 incon-

437 1548 580 1604 sulto
607 1547 1044 1612 commisissent;
1078 1556 1132 1602 et
1157 1561 1599 1616 unumquemque
1629 1546 1682 1600 in
1726 1546 1827 1599 hac
1848 1545 2007 1599 illave

440 1640 563 1696 coeli
612 1649 762 1710 parte
802 1655 831 1693 a
882 1639 1101 1695 Christo
1147 1654 1246 1710 pro
1290 1640 1500 1694 meritis
1536 1637 1814 1694 constitui.
1848 1637 2008 1691 Addit

436 1733 626 1789 homil.
652 1732 722 1787 25
749 1734 804 1786 in
837 1732 1018 1798 Iosue,
1038 1747 1186 1788 num.
1215 1733 1273 1798 4,
1301 1733 1443 1788 ﬁlios
1473 1733 1744 1788 Abraham
1775 1731 2006 1786 locatum

2124 534 2263 587 senti
2297 544 2350 587 et
2379 535 2430 587 in
2469 536 2650 588 futuro
2688 535 2887 590 saeculo
2936 534 3179 601 singulas
3214 536 3439 590 diversis
3463 540 3684 608 castiga-

2115 635 2196 680 tas
2223 626 2520 694 supplici-is,
2552 627 2810 694 angelicis
2849 625 3146 692 disciplinis
3185 627 3479 690 emendari,
3513 628 3686 683 donec

2112 719 2177 771 ad
2212 719 2445 786 perfecta
2477 728 2529 772 et
2567 727 2765 771 aeterna
2795 718 3144 784 perveniant;
3175 733 3335 788 quem
3361 721 3538 773 locum
3576 737 3684 776 non

2113 808 2278 863 semel
2303 823 2466 877 supra
2498 810 2842 862 adduximus.
2866 807 3107 863 Tandem
3131 810 3184 864 in
3219 825 3284 864 eo
3317 811 3538 878 desinit,
3577 829 3684 867 non

2112 903 2454 956 interituram
2485 901 2698 970 quidem
2729 900 2781 953 in
2831 899 2940 953 line
2974 915 3155 953 rerum
3191 903 3528 968 corporalem
3588 919 3686 957 na-

2113 1001 2312 1058 turam,
2341 990 2433 1046 sed
2482 998 2748 1043 mutatum
2799 988 2867 1041 iri
2897 989 3115 1042 aetheris
3138 988 3191 1041 in
3221 990 3454 1052 modum,
3481 1000 3536 1045 et
3569 1006 3685 1046 cac-

2112 1085 2299 1139 lestem
2333 1083 2623 1153 quamdam
2660 1080 3016 1135 subtilitatem
3065 1095 3126 1134 ac
3179 1081 3518 1150 splendorem
3560 1083 3686 1137 ade—

2112 1186 2344 1246 pturam.
2381 1174 2563 1227 Multis
2609 1173 2772 1226 etiam
2817 1181 3194 1242 argumentum
3239 1173 3379 1226 istud
3432 1173 3687 1242 explanat

2112 1267 2205 1322 lib.
2235 1282 2274 1322 ιι
2305 1265 2444 1334 Περὶ
2469 1263 2670 1334 ἀρχῶν
2693 1278 2811 1332 cap.
2841 1263 2892 1325 5,
2939 1261 3150 1331 sibique
3182 1263 3528 1332 quaerendum
3561 1279 3686 1332 pro-

2114 1359 2286 1429 ponit,
2313 1369 2492 1411 utrum
2526 1365 2648 1426 post
2689 1354 2832 1410 hunc
2864 1355 3120 1408 mundum
3173 1355 3382 1409 curatio
3421 1356 3602 1425 aliqua
3631 1364 3688 1410 et

2113 1451 2425 1504 emendatio
2454 1448 2637 1501 futura
2671 1447 2762 1513 sit,
2809 1447 3054 1517 asperior
3105 1446 3322 1516 quidem
3377 1446 3430 1500 in
3468 1461 3562 1502 eos
3591 1448 3686 1518 qui

2117 1541 2294 1596 Verbo
2314 1542 2404 1595 Dei
2432 1556 2636 1594 morem
2663 1555 2771 1594 non
2797 1549 3115 1610 gesserunt;
3148 1554 3274 1610 erga
3300 1549 3526 1596 cazteros
3555 1555 3686 1594 vero

2115 1633 2326 1688 mollior
2360 1641 2415 1688 et
2447 1633 2641 1698 lenior,
2672 1630 2894 1700 quijam
2935 1631 2988 1686 in
3014 1632 3194 1686 studio
3240 1632 3507 1695 veritatis,
3555 1633 3681 1686 dum

2115 1725 2385 1788 viverent,
2414 1723 2651 1787 subacti,
2682 1722 2879 1777 divinae
2904 1723 3182 1791 sapientia:
3211 1723 3525 1791 capaciores
3553 1721 3684 1779 θεῖε-
3756 1757 3771 1767 -

441 1824 504 1877 iri
533 1824 584 1878 in
612 1823 752 1881 cmlo
789 1825 1083 1890 secundum
1110 1824 1354 1887 ordinem
1382 1823 1662 1880 stellarum
1693 1831 1744 1876 et
1774 1821 2008 1891 partium
2043 1807 2083 1861 Β
2111 1817 2181 1872 cti
2214 1825 2339 1870 sunt
2368 1834 2382 1870 :
2411 1827 2592 1869 utrum
2628 1815 2792 1868 etiam
2824 1814 2947 1869 ﬁnis
2983 1813 3222 1868 omnium
3259 1812 3401 1868 hanc
3425 1813 3590 1868 vitam
3611 1815 3686 1869 sit

438 1917 595 1982 caeli;
623 1918 916 1986 datumque
953 1917 1016 1970 iri
1040 1915 1161 1970 aliis
1202 1925 1406 1970 sortem
1449 1915 1515 1968 ad
1551 1914 1836 1981 orientem,
1889 1913 2011 1968 aliis

440 2011 508 2064 ad
536 2010 868 2064 occidentem
897 2046 912 2071 ,
946 2007 1013 2062 ad
1043 2019 1287 2062 austrum
1320 2007 1465 2074 aliis,
1521 2006 1644 2060 aliis
1687 2013 1867 2059 autem
1915 2007 2006 2075 qui

443 2101 550 2157 Deo
579 2101 750 2170 magis
778 2101 890 2155 noti
941 2109 1070 2155 sunt
1099 2099 1165 2152 ad
1210 2098 1542 2168 aquilonem.
1578 2097 1733 2152 Facit
1779 2098 1846 2153 ad
1897 2113 2008 2152 rem

436 2191 568 2247 illud
597 2207 661 2246 ex
689 2191 874 2246 homil.
904 2191 930 2245 1
959 2192 1014 2245 in
1040 2190 1174 2260 psal.
1221 2205 1446 2254 xxxvm,
1489 2205 1637 2245 num.
1668 2188 1700 2244 8
1727 2204 1742 2242 :
1781 2207 1800 2240 ‹
1830 2189 2008 2244 Alium

441 2281 571 2339 facit
597 2283 736 2337 diem
771 2282 904 2337 solis
928 2283 1028 2336 iste
1057 2297 1250 2336 cursus
1280 2281 1452 2336 nostri
1478 2281 1638 2349 hujus
1669 2280 1793 2336 ειεΙὶ
1819 2281 2010 2350 spatiis

447 2376 800 2441 terminatus;
834 2374 998 2429 alium
1034 2374 1197 2428 habet
1227 2374 1370 2428 diem
1403 2372 1492 2428 ille
1540 2373 1631 2442 qui
1669 2373 1735 2428 ad
1783 2372 2009 2426 secundi

444 2466 568 2521 οωιὶ
609 2467 893 2535 pervenire
919 2473 1162 2520 meretur
1187 2479 1496 2519 ascensum.
1523 2463 1690 2518 Multo
1733 2463 1876 2518 enim
1901 2462 2010 2516 cla-

445 2559 642 2612 riorem
674 2555 816 2611 diem
849 2558 997 2611 ducit
1026 2557 1113 2612 ille
1146 2557 1236 2626 qui
1258 2571 1430 2625 usque
1464 2555 1530 2609 ad
1561 2555 1784 2610 tertium
1813 2558 2009 2612 caelum

439 2647 523 2701 vel
551 2647 689 2718 rapi,
712 2646 795 2700 vel
820 2648 1099 2715 pervenire
1120 2647 1375 2716 potuerit,
1410 2646 1501 2701 ubi
1536 2661 1640 2702 non
1672 2649 1844 2701 solum
1875 2645 2011 2699 inef-

439 2733 605 2791 fabile
626 2734 807 2789 lumen
842 2735 1099 2802 inveniet,
1127 2751 1318 2792 verum
1355 2735 1521 2791 etiam
1549 2738 1712 2791 verba
1762 2753 1882 2806 qua:
1914 2736 2012 2790 ho-

442 2830 573 2885 mini
603 2830 748 2900 loqui
781 2845 884 2884 non
910 2831 1094 2894 liceat,
1129 2829 1332 2883 audiet.
1380 2827 1514 2883 Novi
1566 2837 1621 2883 et
1674 2828 1808 2884 alios
1855 2829 2006 2892 dies,

441 2935 670 2989 quorum
702 2934 985 2972 numerum
1017 2917 1270 2972 fortassis
1311 2917 1573 2986 propheta
1604 2919 1798 2971 merito
1830 2917 2010 2985 requi-

443 3011 533 3063 rit.
573 3029 592 3062 ι
622 3009 1000 3064 Clarissimqu
1039 3022 1166 3061 vero
1201 3007 1345 3062 istud
1366 3007 1508 3076 quod
1551 3006 1746 3074 legitur
1790 3015 2009 3062 tractat.

441 3120 550 3157 xxx
577 3103 628 3154 in
678 3100 894 3167 Matth.,
928 3116 1078 3154 num.
1113 3098 1202 3162 51,
1253 3113 1374 3168 pag.
1411 3098 1509 3152 871
1545 3118 1556 3152 :
1597 3118 1615 3150 ‹
1661 3098 2016 3168 Unumquod-

441 3191 766 3262 quecmlum
791 3207 902 3247 sua:
941 3191 1299 3246 institutionis
1328 3200 1381 3245 et
1414 3192 1566 3245 initia
1593 3191 1776 3256 habet,
1802 3199 1857 3244 et
1886 3204 2012 3260 per-

369 3305 372 3308 ’
441 3287 723 3349 lectiones,
755 3285 806 3338 id
837 3293 920 3340 est
953 3286 1233 3338 terminos.
1276 3282 1344 3338 Ut
1399 3295 1527 3352 puta
1567 3291 1692 3352 post
1723 3299 2015 3338 conversa-

444 3383 644 3437 tionem
701 3395 965 3436 summam
994 3395 1116 3450 quae
1167 3379 1266 3433 l'uit
1297 3394 1462 3451 super
1495 3390 1697 3435 terram
1725 3421 1740 3446 ,
1788 3382 2018 3451 suscipit

444 3474 639 3527 iterum
683 3473 961 3527 hominem
1004 3474 1342 3527 conversatio
1373 3475 1534 3530 unius
1579 3475 1723 3539 cwli,
1765 3483 1818 3529 et
1839 3475 2018 3545 perfe-

447 3565 556 3619 ctio
586 3578 705 3633 quae
731 3563 785 3618 in
821 3577 884 3618 ea
916 3571 1019 3618 est.
1045 3564 1248 3618 lterum
1271 3566 1498 3636 suscipit
1528 3580 1651 3620 eum
1697 3568 1858 3623 tertia
1886 3583 2018 3624 con-

445 3656 683 3711 versatio
714 3655 858 3709 tertii
888 3655 1013 3710 cmli
1041 3694 1056 3720 ,
1088 3665 1143 3710 et
1181 3656 1442 3725 perfectio
1475 3673 1596 3726 quae
1634 3659 1688 3713 in
1713 3673 1776 3714 ea
1800 3671 1903 3715 est.
1950 3661 2018 3714 Et

447 3751 531 3804 sic
552 3749 788 3818 intellige
823 3751 956 3803 mihi
989 3748 1278 3803 multorum
1308 3749 1572 3804 caelorum
1595 3751 1760 3806 multa
1795 3769 2016 3808 conver-

445 3840 712 3893 sationum
751 3840 902 3893 initia
927 3854 1049 3894 esse
1081 3849 1138 3894 et
1185 3839 1467 3906 terminos,
1505 3841 1559 3896 id
1611 3852 1694 3897 est
1727 3845 2018 3912 perfectio-

449 3949 566 4000 nes,
600 3948 630 3987 a
662 3933 861 4002 quibus
891 3933 1059 3987 initiis
1087 3944 1140 3987 et
1184 3933 1432 3988 terminis
1475 3933 1818 3990 diversorum
1856 3938 2018 3992 coelo-

448 4041 566 4080 rum
612 4033 905 4096 congregat
946 4023 1088 4080 Deus
1131 4039 1260 4080 suos
1307 4025 1535 4082 electos.
1581 4045 1599 4078 ι
1636 4027 1781 4081 Idem
1814 4026 1953 4086 libro
1998 4044 2014 4081 r

445 4117 523 4172 De
555 4117 806 4185 princip.,
833 4133 951 4187 cap.
985 4117 1036 4184 6,
1070 4118 1226 4173 docet
1269 4119 1338 4173 ad
1387 4133 1550 4173 unum
1583 4119 1745 4172 linem
1779 4120 2015 4175 reditura

447 4209 652 4274 omnia,
685 4209 1138 4276 quemadmodum
1165 4209 1351 4264 eadem
1381 4209 1531 4263 initia
1554 4209 1882 4274 habuerunt,
1901 4221 2012 4265 tum

446 4299 658 4353 scilicet
693 4313 814 4352 cum
859 4299 1146 4367 imperium
1175 4300 1410 4354 tenuerit
1438 4299 1712 4366 Christus,
1753 4311 1810 4355 et
1834 4301 2018 4372 proﬂi-

447 4390 586 4460 gatis
640 4389 892 4454 inimicis,
954 4391 1162 4461 sibique
1209 4392 1491 4461 subjectis,
1551 4408 1616 4448 ac
1676 4392 1791 4461 ipsa
1850 4393 2014 4447 etiam

2111 1921 2425 1980 exceptura,
2457 1908 2595 1963 alius
2628 1922 2758 1962 vero
2808 1907 3042 1961 mundus
3087 1905 3305 1960 futurus
3359 1905 3434 1960 sit
3490 1907 3556 1960 ad
3587 1921 3682 1962 eos

2110 2004 2478 2074 corrigendos,
2513 2001 2606 2070 qui
2659 2001 2712 2055 id
2764 2000 2941 2054 meriti
2976 2007 3120 2054 sunt.
3155 1998 3306 2054 Hanc
3354 2000 3547 2055 deinde
3589 2015 3684 2054 ex-

2112 2097 2248 2151 cutit
2278 2095 2588 2166 opinionem
2637 2108 2756 2163 quae
2809 2106 3126 2162 corpoream
3177 2101 3426 2146 naturam
3473 2092 3527 2146 in
3577 2091 3684 2147 line

2113 2201 2293 2240 rerum
2343 2185 2557 2256 penitus
2612 2184 2665 2238 in
2702 2182 2928 2238 nihilum
2982 2182 3333 2253 redigendam
3362 2191 3679 2248 asseverat;

2113 2294 2274 2348 quam
2305 2279 2613 2334 edisserens
2641 2277 2715 2330 ait
2746 2291 2891 2328 num.
2912 2274 2948 2327 2
2982 2294 2994 2328 :
3024 2293 3044 2326 ι
3087 2274 3212 2329 Hzac
3235 2276 3463 2329 materia
3491 2289 3685 2345 corpo-

2111 2373 2209 2436 ris,
2241 2387 2361 2440 qua:
2385 2386 2526 2425 nunc
2557 2368 2932 2439 corruptibilis
2971 2377 3075 2434 est,
3107 2369 3292 2422 induet
3322 2369 3684 2440 incorruptio-

2111 2478 2257 2528 nem,
2298 2479 2419 2519 cum
2462 2463 2696 2534 perfecta
2731 2463 2932 2529 anima,
2976 2470 3033 2515 et
3080 2462 3414 2532 dogmatibus
3439 2462 3685 2538 incorru-

2111 2557 2312 2627 ptionis
2344 2558 2604 2612 instructa
2641 2556 2714 2610 uti
2734 2571 2798 2610 eo
2817 2557 3074 2626 coeperit;
3111 2573 3130 2606 ι
3152 2555 3412 2624 docetque
3447 2555 3682 2607 animam

2114 2647 2359 2718 corporis
2393 2647 2765 2701 indumentum
2821 2645 3086 2710 futuram,
3138 2662 3260 2712 quae
3301 2646 3416 2714 ipsa
3461 2645 3681 2700 Christo

2113 2739 2386 2804 induetur,
2413 2739 2554 2793 unde
2593 2739 2911 2808 incorrupta
2957 2738 3169 2795 evadet.
3196 2738 3547 2794 Postmodum
3580 2738 3678 2791 ad-

2112 2833 2192 2885 dit
2217 2849 2230 2886 :
2270 2851 2288 2884 ‹
2322 2830 2664 2900 Incorruptio
2679 2841 2859 2886 autem
2888 2841 2942 2885 et
2975 2832 3358 2886 immortalitas
3381 2832 3512 2900 quid
3539 2831 3684 2885 aliud

2113 2926 2239 2989 erit,
2271 2924 2376 2979 nisi
2404 2924 2706 2993 Sapientia,
2739 2933 2792 2977 et
2825 2921 3077 2989 Verbum,
3113 2931 3166 2977 et
3189 2922 3404 2978 Justitia
3438 2923 3685 2992 Dei,qua:

2115 3015 2351 3072 formant
2379 3017 2639 3081 animam,
2669 3026 2724 3070 et
2758 3015 3007 3083 induunt,
3042 3023 3095 3070 et
3133 3017 3450 3072 exornant?
3485 3036 3505 3069 ι
3548 3016 3681 3071 Eam

2117 3117 2295 3163 autem
2327 3109 2672 3175 sententiam,
2701 3124 2819 3177 qua:
2861 3108 3104 3162 futurum
3134 3109 3348 3173 statuit,
3395 3118 3453 3162 ut
3501 3109 3684 3164 incor-

2118 3215 2279 3270 porea
2308 3199 2418 3254 vita
2451 3202 2656 3270 agenda
2690 3201 2783 3266 sit,
2818 3215 2938 3255 cum
2963 3199 3184 3254 Christo
3225 3200 3469 3270 subjecta
3499 3199 3685 3255 omnia

2119 3292 2354 3357 iuerint;
2393 3292 2477 3346 vel
2510 3293 2732 3347 alteram
2778 3293 2918 3347 hanc
2951 3307 3070 3359 qua:
3095 3306 3405 3360 corpoream
3438 3293 3685 3347 substan-

2120 3382 2248 3435 tiam
2281 3381 2588 3450 purissimis
2620 3383 2901 3453 spiritibus
2946 3399 3045 3452 pro
3074 3382 3283 3436 meritis
3334 3383 3644 3437 sociandam
3667 3421 3680 3445 ,

2117 3483 2172 3528 et
2227 3473 2278 3527 in
2326 3474 2618 3529 aathereum
2664 3483 2863 3530 statum
2911 3475 3380 3530 transmutandam
3407 3475 3683 3538 decernit;

2119 3575 2211 3620 aut
2240 3567 2452 3622 tertiam
2506 3567 2758 3636 denique,
2791 3582 2910 3638 qua:
2954 3566 3254 3622 desiturum
3288 3566 3473 3620 mundi
3528 3556 3686 3632 hujus

2119 3657 2364 3712 habitum
2407 3657 2626 3724 deﬁnit,
2655 3667 2711 3714 et
2743 3674 2903 3728 supra
2938 3660 3202 3729 sphaeram
3233 3657 3446 3728 ἀπλανῆ
3482 3658 3534 3711 in
3569 3668 3688 3711 tuto

2118 3749 2488 3806 collocandam
2511 3752 2722 3821 piormn
2759 3753 3072 3816 stationem,
3108 3761 3217 3806 tum
3249 3752 3341 3821 qui
3371 3751 3687 3818 castigatio-

2118 3841 2275 3895 nibus
2301 3841 2495 3896 delicta
2518 3842 2834 3910 expiarunt,
2869 3851 2978 3896 tum
3013 3845 3106 3911 qui
3133 3842 3421 3895 virtutibus
3455 3855 3522 3894 eo
3564 3855 3689 3910 per-

2117 3932 2304 3986 venire
2337 3941 2675 3997 meruerunt,
2704 3934 2962 4002 proponit
2991 3933 3304 4001 unicuique,
3339 3940 3399 3985 ut
3429 3945 3548 4000 qua:
3571 3931 3690 3984 ani-

2119 4035 2206 4074 mo
2236 4035 2337 4074 suo
2378 4019 2684 4076 collibuerit
2714 4022 2886 4092 magis
2908 4062 2922 4086 ,
2951 4036 3069 4076 eam
3094 4036 3192 4092 pro
3222 4020 3452 4074 arbitrio
3480 4019 3686 4086 ample-

2119 4123 2318 4168 ctatur.
2349 4114 2542 4182 Capite
2571 4118 2630 4171 il
2660 4116 2781 4170 libri
2804 4116 3067 4185 ejusdem,
3113 4132 3262 4172 num.
3301 4115 3354 4182 6,
3394 4127 3588 4186 putare
3627 4133 3688 4173 se

2120 4208 2431 4277 pronuntiat
2456 4211 2749 4278 migrantes
2786 4225 2852 4264 ex
2893 4211 2994 4263 hac
3028 4211 3136 4263 vita
3169 4210 3380 4265 animas
3413 4212 3466 4264 in
3507 4210 3685 4264 locum

2118 4302 2351 4369 aliquem
2374 4303 2427 4356 in
2465 4311 2605 4357 terra
2634 4303 2863 4371 positum
2890 4303 3164 4367 secedere,
3190 4317 3347 4372 quem
3375 4303 3686 4372 paradisum

2124 4392 2403 4462 Scriptura
2436 4393 2711 4464 appellat,
2754 4395 2936 4464 ibique
2969 4395 3049 4448 sic
3081 4404 3337 4462 tanquam
3387 4395 3440 4448 in
3476 4397 3684 4460 schola,

452 4491 644 4547 morte,
688 4499 914 4553 regnum
963 4481 1108 4536 Patri
1170 4485 1475 4539 tradiderit.
1527 4483 1774 4539 Ostendit
1823 4486 2015 4541 deinde
2046 4497 2090 4551 D
2124 4501 2304 4540 rerum
2333 4501 2470 4556 quas
2499 4487 2552 4540 in
2590 4486 2750 4540 terris
2797 4487 3064 4554 viderant,
3097 4503 3160 4541 ac
3190 4487 3490 4541 futurorum
3522 4487 3686 4541 etiam

446 4575 559 4629 suis
584 4574 864 4629 ordinibus
889 4574 1136 4644 delapsas
1167 4576 1427 4645 quasdam
1457 4576 1749 4632 rationales
1773 4588 2016 4641 naturas,

447 4663 572 4717 aliis
594 4663 761 4718 fuisse
790 4664 857 4718 ad
891 4666 1182 4734 regendqu
1228 4667 1454 4720 traditas
1499 4681 1620 4735 quae
1650 4666 1826 4722 locum
1861 4683 2016 4722 suum

452 4756 790 4821 tenuissent,
842 4759 1470 4826 earumquesalubribus
1499 4761 1796 4828 disciplinis
1845 4761 2016 4816 refor-

453 4855 623 4902 matas
670 4847 927 4902 amissam
975 4847 1373 4904 beatitudinem
1425 4863 1750 4919 recuperare
1799 4865 1958 4920 posse
1999 4869 2014 4906 :

457 4955 476 4989 c
513 4938 591 4992 Ex
645 4937 876 5008 quibus,
924 4958 943 4991 ι
992 4940 1170 5010 inquit
1199 4957 1348 4994 num.
1384 4941 1439 5004 2,
1473 4960 1491 4992 ε
1536 4942 1812 5006 existimo,
1860 4954 2020 5012 prout

450 5046 551 5099 ego
573 5032 779 5086 sentire
812 5045 1028 5100 possum
1059 5071 1074 5096 ,
1107 5033 1252 5088 hunc
1279 5033 1522 5088 ordinem
1553 5034 1771 5088 humani
1803 5037 2019 5103 generis

449 5124 778 5188 institutum,
805 5125 900 5194 qui
922 5125 1109 5195 utique
1157 5129 1208 5180 in
1245 5127 1426 5181 futuro
1457 5128 1680 5195 saeculo,
1708 5128 1790 5183 vel
1825 5143 2020 5198 super-

451 5216 793 5272 venientibus
844 5219 1082 5283 seculis,
1138 5237 1261 5275 cum
1313 5223 1510 5277 coelum
1546 5237 1743 5276 novum
1775 5232 1830 5277 et
1873 5231 2016 5277 terra

451 5323 588 5362 nova
641 5308 936 5364 secundum
991 5311 1183 5366 Isaiam
1215 5315 1360 5378 erit,
1415 5314 1732 5369 restituetur
1761 5315 1816 5367 in
1870 5313 2017 5369 illam

452 5399 748 5465 unitatem,
777 5415 940 5470 quam
971 5404 1240 5473 promittit
1277 5405 1535 5460 Dominus
1567 5404 1748 5460 Iesus.
1791 5425 1810 5458 ›
1849 5405 2021 5473 Quas-

452 5493 571 5544 dam
614 5500 870 5560 praeterea
906 5493 958 5546 in
991 5502 1191 5547 tantam
1231 5495 1308 5548 ait
1358 5498 1640 5552 devenisse
1686 5499 2018 5567 nequitiam,

454 5593 512 5636 ut
556 5586 817 5639 virtutum
869 5586 1172 5641 cceleslium
1228 5588 1584 5644 eruditionem
1647 5591 1864 5660 penitus
1923 5608 2013 5646 re-

453 5685 673 5743 Spllalll,
725 5675 899 5745 iisque
929 5687 1263 5746 repugnent;
1315 5689 1477 5746 atque
1515 5679 1634 5734 illas
1657 5681 1725 5735 ab
1757 5683 2018 5750 apostolis

457 5771 682 5824 virzutes
716 5770 1014 5827 contrarias
1055 5769 1314 5840 appellari
1342 5811 1354 5837 ,
1389 5771 1530 5827 unde
1561 5773 1865 5830 mortalium
1897 5775 2019 5831 vita:

2120 4594 2317 4633 causas
2367 4579 2706 4633 condiscere.
2739 4578 2855 4645 Quo
2896 4580 3151 4633 mtmdior-
3181 4591 3386 4644 autem,
3409 4588 3463 4633 et
3488 4579 3691 4634 exerci-

2131 4671 2293 4725 tatior
2316 4671 2495 4740 aliqua
2545 4671 2730 4736 luerit,
2758 4687 2824 4726 eo
2870 4671 3041 4742 magis
3086 4670 3478 4740 proﬁcientem,
3529 4673 3688 4726 citius

2121 4761 2172 4814 in
2201 4775 2380 4815 aerem
2415 4775 2854 4825 conscensuram,
2887 4761 3014 4815 hinc
3037 4763 3115 4815 ad.
3136 4761 3380 4830 sphaeras
3415 4761 3686 4826 caelestes,

2123 4855 2175 4908 in
2199 4852 2397 4922 quibus
2425 4841 2578 4906 ndvis
2603 4853 2929 4907 eruditionis
2961 4852 3367 4907 accessionibus
3395 4851 3689 4922 locupletac

2119 4943 2288 4997 bitur.
2336 4941 2537 4997 Eadem
2577 4943 2843 4998 habentur
2879 4944 2971 4998 lib.
3004 4960 3062 4999 ιιι
3101 4944 3243 5012 Περὶ
3293 4943 3518 5011 ἀρχῶν,
3557 4958 3680 5014 cap.

2119 5033 2173 5099 6,
2231 5050 2383 5087 num.
2412 5034 2464 5098 6,
2500 5034 2764 5102 docetque
2805 5051 2900 5103 per
2932 5036 3193 5089 immensa
3229 5050 3492 5089 annorum
3517 5037 3690 5090 curri-

2121 5127 2240 5180 cula
2279 5126 2491 5181 animas
2516 5127 2629 5181 suis
2655 5127 2706 5180 in
2742 5128 2876 5182 locis
2901 5127 3201 5192 emendari,
3228 5127 3682 5195 praecurrentibus

2121 5223 2265 5287 aliis,
2290 5231 2345 5277 et
2375 5223 2540 5277 citato
2566 5239 2729 5278 cursu
2780 5224 2846 5278 ad
2869 5238 3079 5277 summa
3109 5222 3458 5286 enitentibus,
3506 5221 3688 5276 subse-

2121 5315 2410 5384 quentibus
2454 5314 2702 5384 proxime
2727 5314 2870 5381 aliis,
2924 5314 3201 5369 nonnullis
3231 5313 3472 5379 tardius;
3509 5321 3564 5366 et
3607 5311 3688 5366 sic

2119 5424 2216 5476 per
2239 5408 2480 5463 diversos
2503 5408 2722 5463 ordines
2746 5409 3035 5477 proﬁcere,
3069 5421 3133 5463 ac
3184 5407 3292 5460 Deo
3320 5404 3689 5469 reconciliari,

2118 5500 2290 5554 donec
2320 5501 2628 5555 destruatur
2657 5509 2959 5570 postremus
2977 5499 3248 5562 inimicus,
3276 5513 3420 5552 mors
3447 5496 3687 5566 scilicet;

2123 5607 2187 5646 ac
2218 5591 2478 5646 restitutis
2521 5593 2736 5646 tandem
2766 5593 2817 5646 in
2862 5593 3006 5647 hunc
3044 5601 3241 5645 statum
3281 5591 3500 5655 animis,
3534 5598 3692 5642 natu-

2126 5699 2241 5739 ram
2276 5681 2612 5751 corporalem
2648 5683 2713 5736 ad
2745 5681 2972 5750 gloriam
3004 5681 3318 5749 perductum
3359 5679 3460 5745 iri;
3488 5679 3694 5732 omnia-

2130 5787 2232 5844 que
2260 5788 2425 5829 unum
2450 5772 2653 5842 futura,
2681 5788 2803 5830 cum
2837 5771 2978 5829 Deus
3028 5771 3190 5829 fuerit
3233 5772 3413 5829 omnia
3448 5771 3500 5829 in
3525 5769 3695 5825 omni-
