4170 6474
491 314 629 368 1015

1791 314 1844 366 Ρ.
1889 310 2202 366 ῸΑΝΙΕΗΞ
2243 308 2475 366 ΙΙΕΕΤΠ

3585 307 3718 360 1016

486 435 612 490 bus.
665 435 778 489 Sub
828 437 985 490 linem
1019 437 1208 504 capitis
1261 435 1496 500 ejusdem
1551 450 1695 488 num.
1748 435 1779 488 8
1821 436 2050 502 idipsum
2083 437 2127 492 Α
2161 447 2262 502 ego
2294 432 2491 485 lmtitire
2544 446 2730 484 eorum
2764 431 3035 500 particeps
3076 429 3221 484 fiam.
3252 429 3433 500 Neque
3459 431 3598 484 enim
3627 432 3721 484 de—

490 526 746 589 iuculcat,
789 526 1039 594 additque
1068 529 1119 579 in
1151 527 1250 578 alia
1281 537 1421 579 terra
1455 538 1668 580 sanctos
1692 542 1813 579 esse
1849 526 2054 594 angeli-

488 620 571 673 cis
605 618 1033 672 institutionibus
1083 618 1474 672 informandos.
1528 621 1596 672 At
1647 619 1864 672 homilia
1903 619 1960 672 Η
2001 619 2056 671 in

494 707 686 772 Num.,
717 726 864 762 num.
899 711 952 774 ti,
983 711 1048 762 ad
1074 712 1352 777 superiora
1386 711 1569 780 adjicit
1605 711 1823 780 angelos
1875 711 1940 763 iis
1972 725 2058 763 re-

491 798 680 864 gendis
705 799 754 851 in
781 798 961 852 futuro
990 799 1186 853 smculo
1227 800 1342 854 fore
1372 800 1676 869 praefectos,
1710 817 1845 868 quos
1875 801 2056 855 labore

490 904 591 944 suo
621 903 684 942 ac
724 890 1024 944 ministerio
1075 905 1104 944 e
1148 891 1379 946 diversis
1411 892 1659 961 gentibus
1708 902 2058 961 congregatus

491 981 558 1034 ad
609 980 810 1034 Christi
867 982 1114 1035 notitiam
1160 984 1518 1050 adduxeriut;
1554 984 1686 1037 adeo
1725 993 1783 1036 ut
1816 985 2060 1036 Christus

493 1085 598 1124 non
635 1080 742 1125 tam
797 1087 889 1127 rex
938 1072 1152 1127 futurus
1207 1075 1299 1139 sit,
1353 1090 1512 1143 quam
1561 1093 1578 1124 ε
1625 1073 1737 1128 Rex
1775 1089 1979 1144 regum,
2004 1083 2058 1127 et

493 1163 751 1218 Dominus
773 1165 1161 1218 dominantium
1195 1165 1260 1231 ³⁸,
1296 1186 1314 1217 ι
1351 1176 1400 1220 et
1434 1166 1718 1220 nonnullos
1751 1165 1820 1218 ab
1853 1164 2058 1231 angelis

490 1255 708 1309 Christo
735 1254 944 1320 offerri,
973 1257 1185 1326 aliquos
1215 1272 1348 1312 vero
1379 1258 1724 1327 archangelis
1776 1259 2054 1312 duntaxat.

493 1341 733 1412 Denique
787 1343 866 1399 sic
916 1346 1188 1400 concludit
1230 1363 1380 1402 num.
1416 1349 1449 1402 5
1483 1366 1496 1401 :
1529 1367 1546 1398 t
1589 1349 1742 1403 Sicut
1786 1363 1851 1402 ex
1903 1347 2060 1402 initio

492 1433 672 1487 sreculi
724 1433 906 1502 hujus,
955 1451 1078 1490 cum
1112 1438 1448 1507 dispergeret
1499 1441 1643 1494 Deus
1679 1440 1816 1494 filios
1867 1441 2059 1504 Adam,

491 1522 680 1575 statuit
720 1524 853 1578 fines
882 1528 1119 1595 gentium
1175 1531 1467 1584 secundum
1510 1547 1795 1586 numerum
1836 1532 2060 1602 angelo-

491 1629 611 1668 rum
643 1615 771 1682 Dei,
801 1628 852 1671 et
891 1633 1229 1689 unaquaeque
1260 1636 1392 1690 gens
1445 1625 1545 1678 sub
1581 1624 1669 1678 illo
1699 1624 1890 1695 angelo
1921 1625 2061 1679 facta

492 1717 612 1771 est,
645 1723 747 1761 una
780 1717 961 1763 autem
991 1710 1092 1766 fuit
1119 1722 1172 1768 et
1199 1713 1368 1768 electa
1394 1731 1525 1785 gens
1551 1715 1740 1779 Israel,
1779 1731 1898 1786 quae
1935 1732 2061 1786 por-

495 1801 570 1856 tio
597 1800 808 1856 Domini
838 1802 956 1869 fuit,
979 1817 1031 1860 et
1064 1806 1334 1864 funiculus
1358 1811 1693 1866 hanreditatis
1727 1811 1841 1878 ejus
1871 1814 1951 1880 '9;
1987 1815 2058 1869 ita

491 1893 653 1948 credo
683 1903 738 1948 et
769 1895 821 1949 iu
849 1895 954 1953 fine
981 1897 1138 1975 hujus
1177 1901 1387 1968 mundi,
1420 1911 1582 1972 atque
1620 1906 1672 1957 in
1705 1905 1856 1960 initio
1877 1909 2056 1961 steculi

494 1985 739 2051 alterius,
776 1988 1015 2044 futurum
1056 2001 1117 2046 ut
1157 1993 1350 2048 iterum
1407 1997 1609 2051 dividat
1637 1996 1896 2052 Excelsus
1925 1999 2061 2054 ﬁlios

491 2079 688 2144 Adam,
712 2089 766 2133 et
803 2081 892 2149 qui
925 2097 1032 2136 non
1063 2086 1340 2153 potuerint
1388 2087 1458 2140 ita
1506 2089 1688 2145 mundi
1730 2105 1848 2144 esse
1877 2091 2057 2157 corde,

494 2181 553 2223 ut
586 2170 758 2238 ipsum
788 2172 1007 2228 videant
1050 2174 1361 2242 Dominum,
1387 2188 1443 2232 et
1478 2193 1601 2234 esse
1625 2180 1800 2249 portio
1829 2179 2058 2248 Domini,

494 2261 716 2317 videant
753 2273 971 2320 sanctos
1021 2267 1266 2334 angelos,
1302 2277 1357 2322 et
1398 2271 1508 2324 sint
1541 2272 1836 2343 secundum
1871 2287 2060 2326 nume-

496 2370 615 2410 rum
644 2355 952 2426 angelorum
978 2358 1094 2416 Dei.
1127 2359 1231 2414 Sed
1263 2361 1452 2416 heatus
1478 2373 1562 2417 est
1609 2363 1701 2432 qui
1726 2363 1920 2435 dignus
1946 2363 2064 2418 fue-

495 2453 568 2506 rit
608 2449 660 2503 in
691 2450 780 2505 illa
810 2449 920 2504 vita
951 2465 1073 2506 esse
1101 2452 1280 2521 portio
1306 2451 1542 2514 Domini,
1578 2461 1633 2506 et
1686 2451 1914 2522 populus
1943 2452 2062 2522 ejus

495 2541 665 2600 Iacob
691 2581 707 2608 ,
752 2557 817 2598 ac
851 2541 1124 2598 funiculus
1154 2543 1488 2599 hereditatis
1516 2559 1628 2599 sua:
1655 2544 1838 2600 Israel.
1875 2563 1896 2596 ›
1925 2544 2062 2600 Ger-

495 2647 714 2689 manum
753 2632 944 2687 horum
974 2639 1058 2687 est
1085 2633 1227 2701 quod
1267 2633 1464 2703 legitur
1496 2634 1642 2687 hom.
1683 2633 1750 2687 2’1
1788 2635 1843 2688 in
1870 2632 2060 2699 Num.,

497 2743 650 2782 num.
685 2727 739 2792 1,
777 2726 868 2781 ubi
900 2726 1043 2782 aliud
1072 2728 1349 2784 beatilatis
1395 2743 1566 2797 genus
1592 2728 1661 2784 iis
1684 2729 1948 2800 assignat,
1971 2727 2064 2798 qui

498 2819 680 2872 (.ivina
730 2816 1027 2872 ministeria
1077 2817 1130 2873 in
1178 2819 1318 2874 vivis
1372 2819 1636 2884 obierint;
1686 2820 1831 2874 aliud
1873 2821 1938 2876 iis
1969 2821 2064 2890 qui

496 2915 752 2967 virtutem
792 2915 1011 2982 segnius
1054 2912 1392 2970 excolueriut
1426 2935 1436 2968 :
1471 2912 1590 2967 illos
1643 2915 1844 2983 quippe
1876 2917 2067 2971 scribit

499 3008 814 3077 supergredi
844 3022 1055 3063 summa
1085 3007 1207 3062 εωιί
1247 3004 1459 3075 fastigia
1486 3044 1501 3069 ,
1537 3013 1592 3058 et
1643 3005 1712 3059 ibi
1748 3021 1964 3076 semper
2010 3007 2064 3061 in

2157 524 2413 577 cedentes
2454 523 2578 577 hinc
2629 523 2800 577 sancti
2837 523 3095 576 continuo
3147 523 3352 592 integra
3403 524 3716 576 meritorum

2158 629 2374 668 suorum
2395 615 2613 683 praemia
2643 625 3069 682 consequuntur,
3097 614 3190 666 sed
3220 622 3534 682 exspectant
3557 615 3717 668 etiam

2159 719 2290 770 nos,
2328 704 2452 757 licet
2481 715 2757 758 morantes
2781 745 2796 771 ,
2838 705 2964 758 licet
3008 706 3237 759 desides.
3275 703 3390 758 Non
3437 705 3582 758 enim
3638 714 3722 760 est

2160 792 2264 846 illis
2310 792 2546 861 perfecta
2589 793 2772 846 laetitia
2804 833 2820 859 ,
2868 792 3040 847 donec
3078 809 3176 862 pro
3212 794 3488 848 erroribus
3523 796 3722 849 nostris

2161 884 2364 949 dolent,
2412 895 2467 939 et
2515 886 2702 954 lugent
2757 898 2940 941 nostra
2977 897 3222 955 peccata.
3265 907 3284 941 ι
3317 889 3415 943 Cui
3447 889 3722 956 probando

2161 978 2332 1030 utitur
2362 978 2467 1032 hoc
2516 979 2759 1047 Apostoli
2792 977 2954 1033 Hebr.
2993 995 3070 1044 xl,
3107 980 3195 1045 '59,
3222 979 3330 1034 40:
3364 999 3383 1032 ει
3428 979 3491 1034 Hi
3535 996 3724 1035 omnes

2164 1067 2474 1122 testimonio
2507 1066 2629 1120 fidei
2659 1068 2894 1136 probati,
2933 1084 3038 1122 non
3072 1081 3399 1139 acceperunt
3428 1074 3723 1140 repromis-

2165 1161 2372 1213 siouem
2403 1180 2414 1213 :
2450 1159 2558 1214 Deo
2593 1175 2692 1228 pro
2726 1161 2882 1215 nobis
2919 1160 3109 1215 melius
3139 1162 3340 1232 aliquid
3384 1164 3722 1231 providente,

2162 1261 2223 1303 ut
2265 1265 2370 1306 non
2406 1251 2524 1306 sine
2561 1251 2717 1306 nobis
2749 1263 3275 1307 consummarentur.
3312 1272 3330 1307 ι
3384 1254 3545 1307 Addit
3575 1264 3723 1322 post-

2164 1345 2380 1398 modum
2416 1353 2634 1398 sanctos
2669 1344 2962 1412 perfectam
3008 1345 3291 1399 nobiscum
3339 1345 3390 1399 in
3422 1346 3509 1400 die
3535 1346 3724 1415 judicii

2166 1456 2273 1494 una
2302 1443 2692 1496 beatitudinem
2719 1453 3003 1512 capturos,
3049 1451 3332 1511 propterea
3369 1443 3508 1511 quod
3555 1451 3725 1496 totum

2165 1533 2324 1587 simul
2363 1549 2560 1603 corpus
2595 1536 2960 1589 suscitandum
3014 1536 3118 1601 sit,
3172 1535 3419 1589 homines
3470 1535 3724 1589 nitnirum

2166 1626 2401 1681 universi
2437 1646 2450 1680 :
2493 1628 2637 1696 quod
2667 1642 2866 1696 corpus
2895 1641 3017 1700 cum
3074 1625 3259 1681 multis
3300 1635 3511 1680 constet
3558 1640 3729 1679 mem-

2167 1718 2302 1783 bris,
2331 1719 2561 1788 singulis
2589 1717 2841 1774 videlicet
2875 1717 3207 1783 hominibus,
3245 1717 3483 1772 futurum
3517 1717 3728 1772 scilicet

2177 1819 2427 1864 truncum
2467 1825 2667 1880 corpus
2694 1821 2744 1864 et
2784 1809 3198 1880 imperfectum“
3237 1811 3280 1863 si
3323 1823 3426 1877 qua
3466 1809 3546 1862 sui
3578 1819 3731 1876 parte

2166 1911 2391 1966 careat,
2447 1919 2547 1957 nec
2580 1903 2815 1972 perfecta
2868 1902 3095 1972 proinde
3139 1917 3204 1956 ac
3255 1902 3409 1971 plena
3441 1901 3728 1957 fruiturum

2169 1993 2379 2060 laetitia,
2409 1997 2586 2063 quoad
2611 1994 2972 2064 integritatem
3005 2009 3157 2048 suam
3192 1994 3476 2060 receperit.
3508 1993 3574 2047 Et
3593 2002 3733 2062 post-

2173 2103 2236 2141 ea
2268 2106 2280 2140 :
2314 2106 2331 2138 ε
2371 2087 2522 2154 Quod
2563 2088 2606 2142 si
2647 2087 2764 2152 tibi,
2809 2086 2900 2156 qui
2943 2087 3244 2140 membrum
3271 2099 3351 2150 es,
3393 2101 3498 2139 non
3521 2085 3733 2139 videtur

2170 2192 2290 2232 csse
2327 2175 2563 2244 perfecta
2615 2176 2838 2242 laetitia,
2892 2177 2936 2231 si
2979 2176 3118 2231 desit
3171 2175 3314 2230 aliud
3364 2176 3662 2231 membrum
3713 2194 3730 2232 :

2173 2279 2373 2339 quanto
2415 2269 2585 2337 magis
2613 2269 2872 2324 Dominus
2899 2277 2955 2324 et
2987 2269 3241 2324 Salvator
3273 2281 3480 2334 noster,
3517 2270 3610 2340 qui
3645 2285 3737 2324 ca-

2172 2371 2266 2431 put
2312 2373 2368 2416 et
2411 2371 2603 2416 auctor
2650 2370 2734 2415 est
2773 2362 2938 2416 totius
2983 2362 3256 2431 corporis,
3291 2377 3396 2418 non
3428 2361 3526 2416 sibi
3558 2360 3736 2430 perfe-

2171 2465 2314 2507 ctam
2350 2453 2482 2506 dicit
2518 2466 2638 2507 esse
2685 2452 2966 2516 laetitiam,
2998 2453 3167 2506 donec
3216 2451 3417 2522 aliquid
3457 2466 3523 2505 ex
3565 2467 3736 2506 mem-

2170 2545 2286 2599 bris
2309 2545 2500 2599 deesse
2526 2543 2740 2612 corpori
2772 2558 2871 2598 suo
2910 2543 3055 2597 videt
3084 2543 3106 2596 ?
3144 2562 3162 2594 ι
3191 2541 3484 2597 Laborauti
3514 2542 3737 2613 Origeni

2170 2651 2490 2692 succurrere
2516 2648 2745 2691 conatur
2777 2634 3160 2690 Genebrardus
3197 2635 3248 2688 iu
3281 2635 3500 2689 Collect.
3527 2649 3650 2704 cap.
3679 2635 3731 2696 6,

2171 2738 2227 2782 et
2257 2732 2371 2786 haec
2411 2729 2640 2784 scribit:
2677 2747 2696 2780 ι
2741 2730 2906 2797 Atqui
2959 2729 3010 2782 id
3055 2729 3120 2782 de
3153 2729 3361 2798 integra
3405 2736 3460 2782 et
3493 2727 3737 2783 absoluta

2172 2820 2523 2875 beatitudinis
2555 2819 3057 2885 consummatione,
3092 2834 3250 2888 quam
3283 2819 3521 2874 nondum
3563 2821 3738 2874 sancti

2173 2917 2226 2969 iu
2260 2912 2581 2982 corporibus
2608 2920 2966 2981 receperunt,
3015 2920 3191 2981 potest
3224 2911 3508 2981 explicari.
3549 2931 3568 2964 ι
3599 2911 3741 2978 Quid

2167 3009 2321 3078 juvat
2349 3018 2528 3061 autem
2563 3004 2835 3059 recusanti
2868 3019 3024 3073 opem
3059 3003 3237 3071 ferre,
3269 3020 3390 3059 cum
3420 3006 3524 3060 hac
3558 3005 3741 3059 neuti-

502 3098 752 3167 Domino,
779 3115 991 3170 semper
1027 3101 1079 3155 in
1106 3099 1281 3154 Verbo
1305 3099 1421 3168 ejus
1447 3112 1510 3152 ac
1542 3097 1815 3165 Sapientia
1843 3114 2067 3155 versan-
2097 3135 2138 3193 ο
2172 3115 2334 3170 quam
2376 3099 2444 3153 tle
2471 3113 2634 3151 causa
2660 3136 2675 3161 ,
2725 3111 2884 3166 quam
2915 3106 3298 3149 commemorat
3331 3095 3736 3166 Genebrardus,

499 3198 582 3244 tes
634 3193 863 3246 summis
895 3191 1103 3246 deliciis
1128 3190 1273 3256 frui;
1332 3192 1432 3246 hos
1476 3203 1604 3243 vero
1636 3197 1794 3244 terrm
1844 3193 2070 3261 alicujus

501 3281 834 3340 sublimioris
867 3294 921 3339 et
959 3283 1305 3354 potentioris,
1340 3294 1497 3340 terrae
1545 3301 1734 3356 nempe
1770 3286 2069 3339 viventium

504 3374 876 3429 haereditatem
903 3385 1180 3446 capturos.
1216 3375 1418 3430 Scribit
1445 3386 1707 3444 praeterea
1735 3374 1927 3431 homil.
1955 3377 1989 3431 ὅ
2018 3377 2072 3430 in

502 3464 658 3531 Luc.,
695 3466 748 3520 in
798 3464 978 3520 futura
1024 3467 1135 3520 vita
1169 3483 1274 3523 non
1313 3483 1500 3524 omnes
1535 3468 1718 3522 statim
1752 3477 1913 3537 atque
1948 3483 2072 3523 cor-

502 3571 640 3627 pore
677 3558 938 3623 exierint,
974 3559 1141 3614 Deum
1201 3563 1492 3629 angelosve
1535 3561 1751 3615 visuros
1778 3602 1794 3625 ,
1848 3562 1943 3616 sed
1981 3576 2074 3617 eos

511 3657 719 3702 tantum
747 3650 840 3718 qui
883 3651 1142 3704 munditie
1181 3651 1360 3707 cordis
1391 3653 1581 3722 dignos
1613 3667 1674 3707 se
1720 3652 1814 3709 Dei
1851 3665 2072 3724 aspectu

509 3741 888 3809 praebuerint;
927 3743 1176 3810 quamvis
1216 3752 1397 3796 autem
1445 3743 1500 3796 in
1537 3745 1726 3798 eodem
1760 3743 1877 3798 loco
1909 3743 2072 3798 futuri

508 3831 620 3886 sint
651 3840 707 3887 et
736 3833 826 3902 qui
852 3847 987 3902 puro
1016 3835 1178 3889 corde
1199 3845 1380 3900 erunt,
1405 3843 1460 3890 et
1487 3837 1579 3906 qui
1609 3837 1859 3892 sordibus
1896 3835 2074 3890 finda-

506 3923 570 3989 ti,
598 3923 874 3992 disparem
911 3933 1086 3980 tamen
1115 3935 1474 3998 utrorumque
1502 3928 1738 3983 futuram
1767 3937 1988 3994 sortem,
2020 3936 2075 3980 et

504 4017 626 4072 illos
657 4016 749 4072 Dei
779 4019 973 4073 intuitu
997 4018 1279 4085 fruituros,
1305 4035 1412 4089 quo
1440 4022 1491 4076 hi
1523 4022 1803 4077 carebunt.
1839 4019 2072 4074 Ilomilia

505 4109 575 4162 17
595 4121 856 4180 sequente
885 4123 1163 4167 asseverat
1197 4113 1265 4167 ab
1295 4112 1538 4169 Ecclesia
1575 4113 1782 4170 ccelesti
1807 4113 2073 4180 deiectum

505 4200 574 4255 iri
607 4203 872 4268 digamos,
903 4203 1354 4272 quemadmodum
1394 4205 1448 4258 in
1485 4215 1624 4259 terra
1659 4205 1726 4258 ab
1747 4205 2076 4260 ecclesiasti-

506 4291 588 4346 cis
633 4292 986 4363 dignitatibus
1033 4305 1306 4351 arcentur.
1365 4315 1384 4348 ι
1439 4295 1554 4352 Non
1597 4313 1736 4366 quo,
1785 4299 1981 4367 inquit,
2021 4298 2072 4351 in

506 4391 768 4438 aeternum
800 4384 1087 4440 mittantur
1113 4387 1444 4452 incendium,
1470 4390 1562 4442 sed
1603 4404 1708 4457 quo
1739 4401 1944 4459 partem
1969 4405 2074 4444 non

507 4475 748 4534 habeant
781 4476 834 4530 in
883 4491 1049 4546 regno
1102 4476 1195 4533 Dei
1228 4498 1241 4533 :
1292 4499 1312 4532 ι
1355 4489 1410 4534 et
1445 4479 1640 4534 deinde
1674 4495 1769 4535 eos
1797 4482 1872 4534 ait
1908 4500 1926 4532 α
1959 4497 2075 4536 esse
2109 4469 2150 4522 D

505 4566 574 4622 de
628 4567 865 4621 secundo
906 4567 1120 4638 gradu,
1172 4579 1227 4624 et
1272 4570 1338 4625 de
1389 4571 1477 4626 his
1528 4573 1619 4641 qui
1676 4571 1931 4626 invocant
1983 4586 2080 4625 no-

507 4673 632 4713 men
687 4659 939 4723 Domini,
998 4669 1053 4714 et
1104 4661 1195 4730 qui
1248 4661 1524 4716 salvantur
1578 4662 1798 4730 quidem
1860 4661 1913 4716 in
1978 4677 2077 4715 no-

509 4750 653 4806 mine
702 4749 830 4805 Jesu
874 4750 1114 4819 Christi,
1148 4767 1488 4822 nequaquam
1522 4764 1704 4808 tamen
1739 4764 2083 4808 coronantur

507 4845 576 4900 ab
605 4859 691 4900 eo.
721 4863 740 4898 ι

579 4936 660 4990 Ad
691 4946 1024 5005 postremum
1076 4936 1334 5006 quoniam
1368 4938 1434 4993 ad
1483 4952 1748 4992 summam
1789 4936 2080 5006 perfectio-

509 5043 632 5082 nem
669 5043 754 5082 res
784 5037 980 5083 creatte
1015 5030 1250 5083 nondum
1277 5030 1524 5085 adductae
1547 5040 1692 5094 sunt,
1733 5029 1937 5085 idcirco
1955 5044 2084 5084 non-

507 5119 634 5172 dum
666 5119 856 5175 beatos
875 5119 1091 5188 plenam
1120 5121 1396 5190 recepisse
1445 5120 1708 5186 laetitiam,
1737 5136 1835 5175 nec
1870 5136 2082 5176 summo

508 5210 707 5279 gaudio
740 5211 844 5265 frui
877 5211 1185 5278 ailirmavit,
1214 5228 1282 5267 ne
1328 5214 1475 5282 ipsos
1501 5213 1718 5282 quidem
1767 5216 2080 5284 prophetas,

508 5300 594 5354 vel
620 5303 933 5371 apostolos,
959 5304 1069 5360 imo
1096 5320 1161 5359 ue
1188 5307 1365 5373 ipsum
1395 5307 1613 5376 quidem
1641 5307 1939 5362 Christum.
1960 5307 2086 5362 Ver-

510 5389 577 5444 ba
608 5393 777 5462 ipsius
826 5395 938 5451 haec
988 5405 1114 5452 sunt
1163 5397 1346 5453 homil.
1424 5399 1455 5450 7
1523 5400 1578 5450 in
1621 5397 1812 5463 Levit.,
1847 5414 1996 5453 num.
2028 5399 2084 5463 2,

515 5482 692 5550 p.922
723 5499 736 5536 :
771 5504 788 5535 ι
833 5485 1079 5542 Nondum
1109 5491 1252 5544 enim
1281 5498 1598 5559 receperunt
1632 5488 1876 5545 laetitiam
1907 5504 2083 5553 suam,

517 5586 586 5626 ne
617 5574 843 5641 apostoli
894 5579 1108 5646 quidem
1137 5621 1152 5646 ,
1205 5580 1298 5636 sed
1336 5591 1391 5636 et
1424 5581 1523 5651 ipsi
1569 5592 1888 5652 exspectant
1941 5592 1999 5636 ut
2033 5591 2086 5638 et

589 5755 631 5786 ³⁸
666 5757 830 5827 Apoc.
857 5771 970 5826 tux,
1003 5759 1087 5816 i6.
1166 5760 1212 5794 ³⁹
1243 5761 1394 5818 Deut.
1427 5777 1598 5830 χχιιι,
1635 5761 1686 5830 8,
1721 5766 1766 5816 9.

2174 3199 2391 3245 sanctos
2441 3186 2717 3242 existimet
2769 3185 3004 3238 nondum
3059 3186 3292 3254 perfecta
3345 3185 3450 3238 frui
3503 3187 3738 3242 laetitia:

2178 3301 2199 3332 ς
2234 3281 2350 3335 Νοιι
2381 3281 2523 3334 enim
2557 3289 2640 3332 est
2667 3278 2794 3343 illis,
2828 3277 2904 3330 ait
2935 3277 3068 3345 ipse,
3099 3275 3344 3346 perfecta
3376 3277 3596 3342 lzetitia,
3645 3280 3744 3333 do-

2175 3390 2275 3429 nec
2306 3388 2403 3444 pro
2446 3372 2724 3427 erroribus
2772 3369 2974 3426 nostris
3015 3371 3199 3426 dolent
3245 3383 3300 3427 et
3347 3373 3532 3443 lugent
3556 3381 3742 3430 nostra

2174 3478 2418 3539 peccata.
2443 3486 2461 3517 ›

2243 3561 2378 3616 Cum
2413 3562 2491 3613 ait
2517 3569 2697 3614 autem
2731 3559 2992 3629 Origenes
3022 3571 3154 3615 tom.
3202 3576 3236 3613 ι
3265 3560 3319 3613 in
3343 3558 3559 3627 Matth.,
3587 3572 3738 3612 num.

2175 3653 2210 3707 2
2232 3663 2287 3707 et
2319 3654 2372 3717 3,
2399 3655 2631 3716 animas,
2665 3665 2949 3724 postquam
2976 3669 3073 3724 pro
3105 3654 3346 3708 sordium
3389 3662 3445 3708 et
3491 3653 3748 3722 inquina-

2178 3747 2343 3801 menti
2380 3747 2628 3812 ratione,
2675 3745 2795 3814 plus
2844 3745 3090 3800 minusve
3136 3745 3332 3800 fuerint
3387 3754 3746 3814 expurgatae,

2175 3839 2391 3892 tandem
2427 3854 2587 3892 unum
2618 3839 2796 3892 solare
2825 3839 3000 3892 lumen
3032 3837 3243 3892 futuras
3267 3877 3283 3902 ,
3309 3847 3365 3892 et
3392 3835 3748 3892 inferioribus

2179 3931 2352 3985 lucem
2403 3945 2555 3985 suam
2603 3932 2931 4000 praebituras
2967 3949 2981 3984 :
3017 3931 3066 3984 id
3097 3931 3201 3985 sibi
3227 3929 3341 3985 vult
3373 3969 3389 3996 ,
3433 3943 3746 3998 supremum

2178 4022 2297 4078 illas
2324 4021 2598 4076 felicitatis
2641 4022 2846 4090 apicem
2899 4033 3324 4087 consecuturas,
3374 4036 3536 4091 supra
3586 4034 3748 4089 quem

2178 4129 2464 4182 assurgere
2493 4128 2599 4167 non
2637 4113 2762 4166 licet
2791 4132 2803 4166 :
2827 4128 2986 4182 quem
3012 4113 3188 4167 locum
3211 4127 3546 4182 quaecunque
3573 4121 3755 4166 tenue-

2181 4207 2314 4269 rint,
2347 4206 2539 4273 aaquali
2575 4205 2695 4260 luce
2727 4205 2952 4275 fulgere,
2977 4214 3030 4259 et
3058 4205 3481 4273 pari'beatitatis
3498 4216 3750 4258 mensura

2181 4297 2282 4350 frui
2315 4310 2538 4351 necesse
2585 4305 2691 4350 est.
2729 4295 2924 4352 Verqu
2980 4298 3249 4366 aliquibus
3276 4312 3344 4352 ex
3393 4298 3495 4352 hoc
3525 4310 3753 4350 numero

2181 4402 2397 4456 semper
2425 4385 2791 4442 recidentihus
2819 4389 2884 4442 ad
2914 4387 3140 4456 pristina
3177 4387 3308 4440 vitia
3339 4425 3355 4451 ,
3389 4396 3441 4440 et
3473 4402 3504 4441 e
3540 4400 3756 4440 summo

2185 4478 2275 4532 illo
2305 4479 2476 4547 gradu
2524 4478 2832 4533 labentibus
2857 4517 2872 4542 ,
2901 4479 3162 4532 obtusiori
3191 4477 3311 4531 luce
3335 4517 3352 4543 ,
3381 4486 3436 4530 et
3462 4477 3641 4544 priore
3689 4491 3756 4529 ac

2185 4573 2413 4628 multum
2448 4571 2694 4626 inferiori
2725 4570 3109 4641 splendebunl.
3141 4570 3406 4625 Similiter
3451 4567 3757 4637 intelligen-

2185 4665 2287 4718 dus
2322 4673 2446 4726 est,
2479 4679 2600 4718 cum
2654 4663 2727 4717 ait
2765 4661 3006 4716 futurum
3034 4660 3328 4730 aliquando
3360 4659 3529 4712 Deum
3572 4657 3755 4712 omnia

2188 4755 2241 4808 in
2272 4756 2542 4820 omnibus,
2563 4769 2793 4823 cumque
2819 4768 3129 4822 supremum
3154 4751 3302 4806 illum
3335 4751 3492 4804 finem
3512 4749 3579 4803 ad
3595 4763 3758 4818 quem

2187 4848 2366 4900 omnia
2400 4848 2754 4917 pervenient,
2800 4859 3094 4915 rerumque
3133 4845 3509 4898 universarum
3543 4843 3758 4894 ἀποκα-

2189 4939 2448 4994 τάστασιν
2481 4947 2890 4994 commemorat.
2932 4939 3000 4990 At
3040 4951 3162 4990 cum
3187 4946 3332 4990 tomu
3359 4949 3428 4987 xv
3456 4935 3512 4986 in
3538 4932 3758 4995 Matth"

2191 5047 2338 5085 num.
2372 5030 2462 5097 36,
2489 5046 2614 5099 pag.
2642 5028 2768 5091 706,
2797 5027 2989 5082 scribit
3038 5026 3095 5080 in
3143 5025 3557 5079 remunerandis
3583 5024 3762 5078 homi-

2193 5120 2372 5185 nibus,
2400 5120 2696 5173 voluntatis
2726 5121 2994 5172 duntaxat
3032 5116 3274 5186 ipsorum
3310 5129 3374 5169 ac
3401 5113 3565 5169 studii
3593 5112 3761 5167 ratio-

2189 5228 2312 5268 nem
2345 5212 2549 5268 habere
2580 5213 2748 5267 Deum
2777 5253 2794 5278 ,
2830 5226 2936 5265 non
2979 5211 3239 5280 temporis
3267 5209 3408 5278 quod
3441 5208 3760 5264 exercendis

2191 5303 2484 5358 virtutibus
2500 5303 2899 5373 impenderunt,
2918 5319 2980 5357 ac
2993 5303 3194 5356 idcirco
3209 5301 3506 5370 aequalibus
3523 5299 3762 5369 praemiis

2193 5394 2468 5450 donandos
2505 5395 2821 5464 quicunque
2867 5409 2970 5462 pro
3016 5393 3157 5448 virili
3188 5393 3544 5456 laborarunt,
3596 5391 3649 5444 id
3683 5389 3761 5443 ita

2192 5505 2255 5545 ex
2286 5488 2656 5557 superioribus
2683 5488 3062 5556 explicandum
3096 5498 3179 5542 est
3208 5525 3222 5551 ,
3256 5486 3501 5541 eamdem
3549 5485 3616 5540 iis
3656 5483 3759 5536 tri-

2195 5580 2463 5636 buendam
2487 5593 2607 5637 esse
2640 5578 2968 5647 mercedem,
2996 5578 3222 5635 salutem
3253 5577 3508 5633 nimirum
3535 5613 3553 5645 ,
3574 5582 3630 5629 at
3651 5588 3758 5628 non
