4170 6420
384 355 521 412 1017

1229 347 1798 405 ontcENtANonuM
1841 349 1966 403 un.
2011 348 2076 412 ll,
2118 349 2270 408 CAP.
2315 351 2380 416 ιι,
2411 353 2686 419 oumsr.
2731 336 2834 408 Xt."

3499 365 3634 420 1018

385 475 630 532 eamdem
661 467 904 524 adhiberi
935 465 1330 535 purgationem,
1352 465 1396 518 si
1433 465 1520 518 diu
1547 465 1619 518 illi
1654 466 1704 518 in
1740 466 1956 528 virtute,
1987 471 2036 524 A
2065 483 2153 521 mo
2189 468 2310 522 loco
2345 469 2674 536 moriuntur,
2712 469 2953 540 ablegari
3003 472 3054 526 in
3093 473 3512 542 ﬁrmamentum,
3549 484 3634 536 Vcl

389 579 578 636 parum
613 563 701 616 isti
735 561 1091 622 desudat-unt,
1122 557 1386 610 similibus
1417 555 1542 610 licet
1573 558 1624 610 in
1655 556 1822 609 Deum
1843 564 1956 610 stu-

387 661 492 715 diis
524 657 650 712 elati
679 655 842 708 vitam
891 650 1223 716 clauserint;
1280 651 1376 704 sed
1418 650 1649 704 diversis
1695 659 1956 719 utrosque

385 751 692 820 disciplinis
719 789 733 813 ,
770 756 826 800 et
852 741 1322 800 emendationibus
1360 743 1636 812 reparari,
1665 751 1954 812 antequam

387 847 441 901 in
471 857 724 912 supremo
755 837 1035 893 beatitatis
1089 835 1325 888 culmine
1367 835 1722 888 collocentur.
1771 835 1956 904 Itaque

385 937 606 1007 subjicit
637 936 900 1004 Origenes
952 946 1104 985 num.
1153 930 1242 992 57,
1280 945 1399 1000 pag.
1449 929 1588 986 707:
1653 929 1955 998 Ἐχέτωσαν

391 1030 612 1101 μὲνγὰρ
643 1027 728 1080 διὰ
755 1026 853 1096 τὴν
885 1024 1170 1094 μετάνοιαν
1203 1023 1296 1075 καὶ
1339 1020 1400 1074 τὸ
1443 1019 1954 1090 καταλαμϐάνεσθαι

386 1127 445 1177 ὲν
473 1119 906 1193 ἐπεστραμμένῳ
937 1117 1036 1187 βίῳ
1067 1115 1348 1187 κρείττονα
1400 1113 1508 1166 τῶν
1538 1112 1954 1182 καταλαμϐανο-

389 1215 564 1286 μένων
592 1215 650 1266 sv
675 1213 792 1273 ταῖς
836 1209 1149 1281 ἁμαρτίαις,
1175 1207 1235 1260 οὐ
1268 1205 1372 1276 μὴν
1405 1204 1508 1276 χρὴ
1558 1203 1954 1274 ὑπολαμϐάνειν

385 1303 515 1373 περὶ
547 1301 724 1355 αὐτῶν
751 1301 830 1354 ὅτι
863 1299 1036 1370 ὅμοιοί
1072 1299 1176 1350 εἰσι
1199 1299 1312 1360 τοῖς
1335 1297 1482 1364 παρὰ
1513 1295 1668 1348 τοῦτο
1705 1297 1955 1365 ἡμαρτη-

383 1397 534 1451 κόσιν
565 1397 622 1448 ὲν
655 1397 720 1466 τῇ
743 1393 974 1464 νεότητι,
1006 1392 1155 1464 παρὰ
1179 1392 1239 1444 τὸ
1264 1389 1396 1462 μηδὲ
1424 1389 1522 1459 τὴν
1548 1389 1721 1460 ἀρχὴν
1762 1387 1830 1440 τὰ
1859 1389 1956 1460 τῆς

386 1491 624 1552 πίστεως
674 1485 1069 1560 μεμαθηκέναι.
1128 1484 1424 1538 Plurimum
1476 1497 1604 1550 ergo
1650 1482 1763 1536 haec
1817 1482 1956 1534 inter

388 1579 640 1650 Origenis
698 1577 884 1633 deliria
938 1592 1001 1632 ac
1061 1575 1329 1631 Joviniani
1387 1575 1635 1630 haeresim
1702 1575 1952 1640 interest,

383 1675 474 1743 qui
530 1673 758 1726 virtutes
793 1685 858 1724 ac
887 1679 1108 1738 peccata
1135 1682 1256 1722 esse
1288 1667 1516 1736 aequalia
1546 1705 1562 1732 ,
1605 1679 1666 1720 ac
1693 1666 1952 1735 aequalem

383 1765 612 1836 proinde
659 1762 960 1817 mercedem
1015 1769 1070 1815 et
1107 1775 1324 1831 prunam
1376 1760 1491 1814 fore
1547 1758 1952 1822 arbitrabatur,

385 1857 599 1911 Stoicos
629 1863 849 1908 secutus
885 1853 976 1921 qui
1006 1871 1024 1903 ι
1064 1852 1129 1906 de
1155 1851 1432 1922 parilitate
1457 1860 1827 1919 peccatorum,
1858 1871 1877 1904 ι
1899 1861 1958 1906 ιιι

383 1943 462 1995 ait
493 1941 826 2010 Augustinus
866 1940 1028 2010 epist.
1075 1939 1145 1994 29
1174 1980 1188 2005 ,
1247 1939 1316 1994 ad
1364 1939 1724 2009 llieronym.,
1785 1959 1804 1991 ‹
1857 1943 1954 1996 soli

386 2035 504 2088 ausi
539 2043 666 2089 sunt
700 2033 980 2102 disputare
1005 2041 1197 2087 contra
1224 2047 1444 2087 omnem
1489 2047 1708 2088 sensum
1739 2036 1956 2104 generis

383 2123 628 2178 humani.
667 2141 688 2174 ι

455 2215 546 2270 XI.
584 2213 834 2269 Emensis
865 2213 971 2269 illis
1006 2228 1070 2268 ac
1103 2215 1404 2284 peragratis
1434 2216 1648 2285 spatiis,
1684 2232 1802 2286 qua:
1832 2217 1952 2272 ani-

383 2323 502 2362 mas
535 2308 798 2378 purgandi
827 2321 992 2363 causa
1015 2307 1306 2363 decurrere
1339 2309 1496 2363 ﬁnxit
1525 2307 1809 2378 Origenes,
1849 2326 1956 2379 quo

381 2413 476 2454 eas
516 2401 818 2457 subsistere
856 2401 980 2457 loco
1005 2417 1069 2456 ac
1098 2403 1488 2472 conquiescere
1533 2412 1686 2458 ratus
1721 2403 1814 2466 sit,
1869 2403 1956 2457 vi-

381 2493 618 2548 dendum
648 2503 750 2548 est.
785 2491 994 2548 Novum
1024 2495 1240 2565 quidem
1272 2494 1492 2559 coelum,
1525 2508 1590 2548 ac
1617 2501 1820 2547 terram
1855 2509 1956 2548 no-

383 2598 506 2637 vam
560 2583 808 2638 felicitati
856 2595 910 2639 et
959 2585 1127 2654 quieti
1169 2593 1294 2654 post
1339 2583 1484 2638 hanc
1533 2583 1697 2638 vitam
1733 2583 1956 2654 deputat

381 2676 476 2730 lib.
522 2692 538 2730 ι
585 2677 724 2745 Περὶ
764 2677 986 2746 ἀρχῶν,
1027 2691 1147 2746 cap.
1184 2677 1240 2742 6,
1285 2691 1438 2731 num.
1471 2675 1526 2742 2,
1561 2685 1781 2747 propter
1823 2677 1956 2731 illud

383 2768 532 2823 Isaiae
567 2783 694 2834 va,
731 2771 834 2824 l7:
890 2787 910 2820 ι
947 2769 1086 2824 Ecce
1119 2769 1262 2824 enim
1321 2784 1422 2840 ego
1467 2784 1594 2824 creo
1640 2769 1808 2824 caelos
1859 2785 1958 2823 no-

380 2873 476 2914 vos
529 2867 584 2914 et
632 2869 832 2914 terram
897 2875 1127 2926 novam;
1163 2867 1216 2914 et
1259 2874 1364 2914 non
1401 2867 1560 2914 erunt
1607 2859 1660 2912 in
1691 2858 1956 2914 memoria

379 2949 588 3020 priora,
635 2959 690 3004 et
733 2965 839 3004 non
881 2952 1178 3006 ascendent
1235 2966 1400 3018 super
1454 2965 1583 3016 cor;
1619 2968 1638 3001 ι
1689 2949 1832 3018 quod
1871 2963 1956 3002 re-

379 3051 739 3111 praesentatur
785 3039 828 3094 ll
879 3041 1028 3096 Petr.
1077 3057 1159 3099 ιιι.
1213 3043 1314 3108 15,
1371 3051 1428 3096 et
1479 3041 1702 3111 Apocal.
1737 3056 1851 3108 xxi,
1903 3040 1953 3098 1.

2060 560 2114 612 in
2153 567 2372 625 terram,
2422 569 2476 614 et
2516 564 2664 614 varia
2709 562 2782 617 ibi
2833 563 2949 617 loca
2990 566 3268 619 nancisci:
3315 583 3378 622 ac
3415 586 3632 626 rursum

2059 649 2516 719 quemadmodum
2565 651 2864 720 migrantes
2900 667 2964 704 ex
3000 651 3190 706 inferis
3223 655 3436 721 anima},
3477 667 3531 710 et
3565 660 3634 712 ob

2057 751 2206 796 recte
2239 753 2388 812 gesta
2429 743 2482 795 in
2519 752 2714 798 terram
2768 756 3098 809 remeantes,
3144 747 3294 800 nasci
3343 748 3630 817 dicuntur;

2058 833 2131 888 ita
2174 834 2356 888 varios
2385 835 2688 888 animarum
2731 845 2884 890 ortus
2929 835 2982 890 in
3031 837 3390 902 ﬁrmamento,
3435 848 3490 892 et
3535 855 3632 896 su-

2057 940 2243 994 premo
2278 926 2400 980 item
2438 927 2585 982 coelo
2616 927 2948 996 contingere.
2993 926 3164 982 Verba
3209 929 3324 998 ipsa
3362 928 3628 1000 Origenis,

2057 1016 2254 1084 quibus
2297 1017 2412 1071 haec
2452 1019 2764 1072 continetur
2803 1019 3072 1083 doctrina,
3113 1020 3332 1075 adducit
3371 1021 3630 1096 Hierony-

2057 1119 2178 1160 mus
2212 1107 2390 1176 capite
2434 1107 2468 1160 2
2500 1117 2553 1160 et
2602 1108 2636 1161 4
2669 1108 2829 1176 epist.
2875 1107 2942 1162 59
2965 1148 2982 1172 ,
3014 1109 3079 1162 ad
3111 1111 3292 1174 Avit.,
3333 1127 3364 1166 e
3401 1112 3538 1170 libro
3583 1132 3632 1169 Iv

2057 1200 2198 1265 Περὶ
2229 1197 2450 1265 ἀρχῶν,
2487 1215 2637 1253 num.
2689 1199 2780 1254 25.
2823 1199 2991 1268 llujus
3021 1210 3168 1254 certe
3206 1201 3328 1256 libri
3377 1219 3529 1262 num.
3562 1205 3636 1261 22

2060 1289 2224 1343 tradit
2255 1289 2516 1361 Origenes
2539 1290 2950 1363 Jerosolymam,
2983 1295 3076 1347 sed
3107 1302 3161 1347 et
3199 1295 3432 1365 reliquas
3465 1297 3628 1352 etiam

2058 1388 2216 1434 terrae
2275 1383 2558 1450 regiones,
2619 1381 2752 1438 alias
2818 1384 2920 1437 sibi
2967 1385 3312 1452 cognomines
3367 1387 3420 1440 in
3479 1386 3636 1444 caelis

2058 1471 2278 1536 habere,
2327 1473 2508 1542 ibique
2557 1473 2868 1544 IEgyptum,
2909 1473 3280 1545 Babyloniam,
3333 1475 3531 1548 Tyrum
3577 1487 3636 1533 et

2061 1565 2317 1620 Sidonem
2359 1567 2632 1635 reperiri;
2677 1567 2954 1637 multaque
2997 1570 3062 1622 de
3113 1567 3244 1622 locis
3295 1569 3400 1624 illis
3445 1569 3636 1627 vatici-

2061 1665 2224 1712 natos
2254 1671 2372 1712 esse
2401 1660 2719 1727 prOpbetas,
2763 1675 2882 1728 quae
2921 1661 2964 1714 si
3001 1660 3125 1728 quis
3163 1661 3228 1714 ad
3271 1671 3484 1716 terrena
3513 1661 3633 1716 loca

2061 1750 2283 1816 referat,
2333 1749 2493 1804 valde
2533 1767 2653 1803 eum
2691 1751 3033 1805 halluciuari.
3071 1751 3304 1807 Plurima
3337 1755 3410 1810 ibi
3457 1757 3508 1810 in
3541 1771 3634 1810 sa-

2060 1839 2173 1893 cris
2205 1840 2570 1894 voluminibus
2602 1853 2900 1896 memorata
2947 1854 3213 1909 recenset,
3267 1861 3388 1914 quae
3426 1846 3630 1918 allego-

2063 1931 2176 1984 rice
2208 1930 2639 2001 interpretanda,
2689 1947 2742 1987 et
2775 1935 2837 1986 ad
2872 1937 3114 1988 coelestia
3143 1936 3508 2006 detorquenda
3549 1955 3634 1992 ar-

2061 2022 2319 2078 bitratur.
2353 2024 2585 2078 ilomilia
2617 2026 2686 2080 28
2717 2027 2772 2078 in
2813 2024 3006 2093 Nmn.,
3040 2043 3188 2081 num.
3221 2028 3278 2090 2.
3307 2029 3546 2084 Judmam
3579 2031 3633 2085 in

2064 2117 2204 2170 cltelo
2250 2117 2366 2172 suis
2395 2117 2702 2171 distinctam
2739 2118 3036 2182 montibus,
3085 2120 3200 2172 suis
3239 2119 3551 2174 civitatibus
3577 2130 3634 2174 et

2061 2209 2222 2274 vicis,
2261 2208 2376 2264 suis
2398 2211 2562 2264 etiam
2597 2210 2842 2264 tribubus
2875 2211 3084 2274 statuit,
3133 2211 3188 2264 in
3231 2226 3402 2281 eaque
3447 2211 3630 2266 sedem

2059 2303 2365 2372 positurum
2407 2303 2662 2374 populum
2703 2303 2820 2370 Dei,
2865 2313 2920 2359 et
2951 2321 3138 2360 verum
3173 2304 3450 2372 Israelem,
3501 2305 3628 2364 Jesu

2060 2394 2220 2462 duce,
2252 2394 2402 2462 cujus
2425 2397 2712 2464 imaginem
2737 2398 2909 2466 gessit
2932 2397 3090 2452 Jesus
3116 2399 3252 2454 alter
3278 2399 3420 2454 ﬁlius
3450 2401 3630 2465 Nave;

2062 2501 2512 2556 unumquemque
2546 2497 2722 2541 autem
2777 2489 2828 2542 in
2875 2488 3016 2542 hanc
3065 2489 3282 2544 illamve
3321 2491 3519 2546 tribum
3563 2491 3634 2548 iri

2066 2578 2374 2648 ablegatum
2403 2593 2502 2648 pro
2549 2579 2757 2635 meritis
2789 2594 2852 2635 ac
2899 2581 3229 2649 virtutibus;
3269 2599 3286 2632 ι
3329 2597 3503 2650 neque
3541 2597 3634 2638 so-

2061 2669 2170 2723 lum
2202 2685 2302 2741 pro
2331 2671 2540 2725 meritis
2577 2686 2764 2726 eorum
2813 2673 2904 2740 qui
2937 2673 3340 2741 dispensantur,
3390 2692 3412 2726 ι
3459 2675 3636 2744 inquit

2059 2777 2210 2816 num.
2238 2761 2295 2828 4,
2319 2780 2337 2813 ι
2363 2764 2456 2818 sed
2488 2773 2542 2818 et
2563 2778 2658 2833 pro
2687 2763 2970 2818 novissimi
2996 2765 3186 2828 Adam,
3217 2766 3276 2820 in
3307 2781 3415 2834 quo
3443 2781 3634 2823 omnes

2062 2853 2374 2908 viviﬁcandi
2409 2854 2685 2920 dicuntur,
2713 2855 3188 2926 contemplatione.
3228 2877 3248 2910 ι
3283 2857 3483 2912 Ibidem
3527 2857 3638 2912 col-

2059 2947 2202 3003 locat
2235 2947 2558 3012 Jerusalem,
2591 2960 2646 3004 et
2679 2959 2915 3004 montem
2951 2952 3104 3014 Sion,
3129 2951 3284 3020 juxta
3313 2949 3630 3020 Apostolum

2058 3041 2180 3094 Gal.
2217 3057 2291 3106 ιν,
2323 3041 2414 3108 26,
2448 3049 2502 3096 et
2539 3041 2702 3096 Hebr.
2747 3056 2847 3105 χιι,
2879 3040 2969 3104 22,
3018 3052 3070 3096 et
3115 3040 3374 3096 Joannem
3405 3040 3632 3109 Apocal.

381 3139 613 3207 Propter
645 3137 776 3192 illud
825 3148 1004 3192 autem
1036 3137 1188 3192 Pauli
1225 3138 1242 3191 l
1287 3137 1412 3193 Cor.
1455 3153 1528 3192 vu
1551 3178 1565 3202 ,
1600 3137 1690 3202 51,
1728 3156 1746 3189 ι
1803 3137 1949 3191 Prae-
1980 3145 2024 3204 α
2059 3149 2143 3200 ιιι,
2173 3133 2260 3198 12,
2292 3143 2345 3188 et
2375 3149 2488 3199 ιιιι,
2519 3134 2574 3198 2,
2608 3143 2662 3188 et
2707 3133 2960 3204 templum
3004 3133 3128 3198 Dei;
3173 3133 3397 3201 diesque
3435 3131 3632 3186 ibidem

377 3229 508 3283 terit
544 3230 686 3282 enim
725 3228 893 3297 ﬁgura
943 3229 1101 3298 hujus
1149 3229 1360 3295 mundi,
1403 3248 1422 3282 ι
1456 3237 1510 3283 et
1561 3229 1703 3284 istud
1737 3229 1953 3284 Davidis

378 3321 572 3390 psalm.
606 3335 680 3385 Cl,
707 3321 796 3386 27,
839 3339 858 3371 ι
895 3321 1029 3375 Coeli
1074 3323 1359 3392 peribunt,
1411 3330 1465 3373 tu
1511 3333 1690 3376 autem
1739 3337 1955 3391 perma—

379 3429 498 3478 nes,
535 3423 590 3468 et
617 3429 808 3468 omnes
837 3416 982 3468 sicut
1011 3415 1394 3468 vestimentum
1431 3423 1805 3482 veterascent;
1845 3435 1863 3466 )
1900 3425 1955 3471 et

381 3509 487 3564 hoc
521 3507 753 3560 fortasse
783 3506 932 3559 Isaiae
967 3521 1040 3570 LI,
1073 3505 1126 3568 6,
1171 3523 1190 3555 ι
1220 3504 1357 3559 C(eli
1386 3505 1526 3560 sicut
1561 3506 1740 3561 fumus
1771 3507 1951 3576 lique-

379 3605 564 3662 scent,
605 3607 659 3651 et
688 3605 834 3651 terra
882 3599 1023 3652 sicut
1061 3598 1448 3651 vestimentum
1480 3607 1768 3664 atteretur,
1806 3619 1825 3652 ι
1863 3615 1954 3654 ea-

380 3701 538 3745 tenus
588 3704 785 3744 Itovum
822 3689 1018 3743 malum
1060 3699 1114 3744 et
1153 3704 1347 3744 novam
1381 3699 1578 3744 terram
1610 3703 1852 3746 creatum
1887 3695 1952 3749 iri

377 3784 558 3846 docet,
591 3793 859 3852 quatenus
893 3782 946 3835 in
980 3781 1084 3835 ﬁne
1116 3796 1296 3836 rerum
1330 3783 1643 3836 destruetur
1673 3786 1774 3839 iste
1800 3801 1954 3838 mun—

377 3878 500 3940 dus,
537 3886 592 3930 et
639 3877 693 3929 in
727 3889 922 3928 novam
967 3885 1187 3939 terram,
1219 3889 1282 3930 ac
1321 3891 1518 3929 novum
1551 3875 1750 3929 cmlum
1793 3893 1951 3946 repa-

377 3969 631 4023 rabitur:
670 3986 688 4018 ι
725 3966 1030 4032 lnnovatio,
1061 3987 1079 4020 ι
1115 3967 1293 4036 inquit
1328 3969 1481 4030 ibid.,
1513 3984 1661 4020 num.
1687 3967 1741 4034 4,
1773 3985 1792 4018 ι
1829 3970 1949 4023 cmli

373 4067 431 4115 et
463 4067 642 4124 terrae,
674 4067 730 4114 et
761 4059 1144 4113 transmutatio
1181 4057 1396 4112 habitus
1448 4059 1612 4128 hujus
1655 4061 1861 4124 mttmli,
1897 4069 1952 4114 et

375 4151 684 4205 immutatio
722 4151 1118 4226 cmlorumJtis
1161 4151 1278 4204 sine
1319 4149 1482 4204 dubio
1533 4152 1950 4218 praeparabitur,

373 4243 470 4312 qui
513 4257 610 4312 per
643 4243 792 4297 illam
835 4243 1001 4307 viam,
1039 4257 1202 4310 quant
1245 4256 1412 4311 supra
1445 4242 1802 4305 ostendimus,
1849 4242 1954 4296 iter

375 4343 602 4403 agentes
643 4335 709 4387 ad
766 4333 914 4387 illum
953 4333 1114 4387 ﬁnen‘l
1159 4331 1507 4388 beatitudinis
1560 4335 1824 4399 tendunt,
1862 4335 1948 4389 cui

373 4426 540 4480 etiam
577 4425 676 4496 ipsi
708 4425 910 4480 inimici
946 4423 1267 4494 sultjicicndi
1301 4425 1577 4487 dicuntur,
1615 4427 1668 4478 in
1701 4441 1809 4496 quo
1845 4425 1951 4480 line

2059 3225 2234 3280 festos
2266 3227 2596 3280 celebratum
2639 3226 2702 3278 iri
2753 3235 2925 3295 putat,
2957 3235 3013 3280 et
3053 3239 3384 3294 qmccunque
3412 3225 3630 3278 demum

2056 3319 2454 3389 praecipiuntur
2496 3319 2551 3370 in
2589 3319 2726 3387 lege,
2761 3333 2923 3387 quam
2954 3319 3198 3372 umbram
3243 3317 3522 3372 continere
3549 3315 3634 3368 di-

2060 3413 2138 3466 cit
2184 3410 2472 3482 Apostolus
2520 3412 2824 3466 i'uturoruut
2883 3412 3172 3468 bonorum.
3223 3411 3423 3466 Eadem
3473 3407 3636 3470 habe;

2057 3505 2246 3560 bomil.
2297 3506 2380 3572 25⁵
2408 3508 2461 3559 in
2500 3507 2681 3572 Josue,
2736 3523 2886 3560 num.
2937 3507 3012 3573 4,
3064 3521 3238 3575 eoque
3279 3508 3443 3562 refert
3491 3509 3634 3564 istud

2055 3594 2213 3650 Joan.
2260 3612 2372 3661 ιιιν,
2424 3597 2494 3663 2,
2549 3615 2568 3648 ι
2631 3599 2686 3652 ln
2743 3598 2903 3651 domo
2953 3597 3130 3650 Patris
3173 3596 3276 3652 mei
3325 3599 3636 3654 mansiones

2057 3689 2242 3745 multa:
2281 3699 2430 3755 sunt,
2467 3709 2485 3742 ι
2518 3699 2572 3744 et
2606 3705 2770 3761 super
2795 3691 3043 3745 civitates
3101 3689 3220 3744 illas
3245 3690 3500 3746 ccelestes
3539 3705 3638 3759 po-

2057 3791 2308 3837 teStatem
2337 3783 2646 3836 habiturmn
2691 3783 2966 3838 existimat
3011 3799 3228 3837 servum
3273 3783 3422 3838 illutn
3467 3783 3634 3855 frugi,

2057 3874 2150 3943 qui
2187 3874 2533 3928 commissam
2567 3873 2667 3927 sibi
2717 3875 3002 3942 pecuniam
3039 3874 3242 3928 utiliter
3283 3875 3484 3943 posuit.
3525 3873 3635 3929 llas

2059 3981 2192 4034 ergo
2225 3968 2365 4019 inter
2401 3966 2704 4020 animarum
2733 3968 2892 4021 sedes
2930 3981 3048 4019 eam
3087 3967 3492 4035 proportionem
3518 3975 3632 4022 sta-

2057 4057 2162 4110 tuit
2204 4067 2262 4111 et
2305 4057 2716 4112 similitudinem
2773 4057 3056 4127 Origenes,
3095 4068 3152 4110 ut
3180 4058 3478 4113 cmlestium
3515 4075 3635 4113 um-

2057 4152 2212 4204 bram
2258 4135 2380 4203 esse
2407 4159 2459 4202 et
2493 4149 2785 4218 imaginem
2819 4149 2949 4202 velit
2983 4160 3183 4204 terram
3217 4151 3376 4215 hanc,
3407 4163 3634 4218 quaeque

2057 4243 2110 4295 in
2164 4244 2328 4296 terris
2360 4245 2644 4310 geruntur,
2676 4241 2830 4308 juxta
2871 4241 3182 4309 Apostolum
3221 4240 3386 4296 Hebr.
3423 4257 3542 4306 vm,
3573 4241 3630 4298 5.

2059 4333 2427 4388 Memorabilis
2461 4348 2589 4387 vero
2629 4347 2740 4402 prae
2775 4334 2989 4386 czntcris
3026 4331 3113 4388 ille
3157 4331 3307 4387 locus
3341 4347 3502 4410 quem
3531 4333 3635 4396 ho-

2063 4425 2180 4480 mil.
2211 4425 2245 4480 5
2275 4427 2330 4478 in
2361 4426 2550 4498 psalm.
2598 4441 2784 4498 xxxvi,
2811 4425 3134 4500 reperimus,
3185 4434 3274 4486 ubi
3307 4434 3410 4488 hoc
3452 4433 3636 4504 expla-

370 4519 583 4584 umnia,
616 4527 669 4572 et
721 4519 772 4572 in
810 4517 1060 4571 omnibus
1104 4507 1303 4570 dicitur
1347 4531 1470 4572 esse
1501 4515 1664 4572 Dens.
1709 4537 1726 4571 ι
1769 4519 1954 4590 Itaque
1987 4493 2203 4574 D‘nans
2233 4519 2419 4591 psalmi
2450 4537 2636 4587 xxxvi,
2669 4523 2756 4587 54,
2793 4541 2812 4573 ι
2851 4521 2916 4576 Ει
2957 4523 3214 4578 exaltabit
3259 4536 3329 4594 te,
3361 4534 3419 4581 ut
3463 4493 3638 4581 hatre-

372 4615 738 4684 llieronymus
781 4615 938 4682 epist.
973 4611 1060 4678 59,
1093 4613 1158 4668 ad
1206 4613 1375 4678 Avit.,
1423 4627 1541 4682 cap.
1581 4614 1632 4678 1,
1679 4617 1954 4672 censuisse

375 4709 668 4780 Origeuem
704 4709 971 4777 queritur,
1011 4707 1254 4761 futurum
1291 4713 1348 4760 ut
1389 4723 1454 4762 ex
1497 4709 1696 4762 animis
1728 4711 1955 4778 quibus-

370 4803 498 4857 dam
551 4819 570 4853 ‹
619 4800 898 4854 hominum
952 4787 1166 4854 constet
1213 4813 1383 4867 genus
1431 4799 1482 4851 in
1525 4815 1632 4852 uno
1669 4799 1850 4869 aliquo
1883 4819 1948 4858 ex

374 4894 621 4958 mundis,
665 4893 881 4962 quando
902 4890 1058 4962 juxta
1093 4892 1284 4946 Isaiam
1315 4891 1513 4947 caalum
1554 4904 1607 4946 et
1639 4901 1782 4946 terra
1811 4909 1951 4952 nova

371 4989 522 5043 ﬁent.
573 5005 593 5038 ι

447 5077 626 5145 Supra
675 5075 781 5130 hoc
822 5075 988 5130 etiam
1045 5073 1412 5146 conspicabile
1461 5075 1691 5137 coelum,
1749 5085 1948 5132 terram

371 5184 571 5225 novam
621 5182 685 5221 ac
717 5167 915 5220 caelum
966 5181 1162 5220 novum
1207 5166 1531 5234 quandoque
1580 5166 1846 5232 collocat;
1897 5178 1953 5222 et

369 5262 568 5318 summi
619 5259 766 5313 illius
803 5273 868 5312 ac
921 5258 1043 5312 novi
1107 5257 1228 5311 cmli
1275 5257 1486 5312 ratione
1548 5259 1950 5314 ﬁrmamentum

369 5367 494 5408 esse
527 5349 732 5406 inferos
761 5351 859 5411 ait,
890 5349 1344 5419 quemadmodum
1379 5349 1593 5404 ratione
1624 5352 1952 5406 ﬁrmamenti

370 5456 520 5499 terra
559 5445 675 5497 haec
723 5452 934 5507 nostra,
965 5455 1128 5510 quam
1173 5441 1392 5510 proprie
1432 5442 1641 5495 aridam
1675 5445 1954 5513 appellan-

371 5539 497 5592 dam
531 5544 751 5602 censet,
804 5534 964 5588 inferi
1019 5543 1179 5599 sunt;
1231 5533 1530 5588 inferorum
1571 5549 1703 5591 vero
1745 5539 1954 5595 ratione

373 5629 572 5685 malum
626 5627 746 5698 ipsa
807 5637 926 5691 est;
988 5635 1043 5680 et
1103 5625 1556 5694 quemadmodum
1605 5628 1952 5685 discedentes

373 5734 446 5774 ex
481 5719 565 5774 bis
597 5717 829 5774 terrenis
863 5717 1083 5772 sedibus
1113 5717 1308 5770 anima:
1345 5729 1442 5770 nvo
1472 5718 1587 5773 suis
1633 5719 1841 5774 meritis.
1869 5721 1952 5774 di-

377 5825 536 5868 versa
576 5809 718 5880 apud
752 5807 960 5865 inferos
999 5808 1241 5865 obtinent
1269 5809 1410 5875 loca,
1449 5809 1520 5864 ita
1550 5821 1670 5880 qua.
1695 5807 1698 5810 ’
1727 5828 1762 5867 n
1797 5827 1946 5868 sum-

2063 4613 2239 4668 ditate
2271 4615 2716 4682 capias‘tcrram,
2761 4634 2780 4666 ι
2812 4625 3009 4669 terram
3043 4620 3180 4671 hanc
3213 4633 3336 4674 esse
3370 4618 3483 4672 vult
3511 4619 3637 4673 dor-

2063 4720 2182 4758 sum
2214 4703 2387 4774 ipsius
2437 4705 2764 4759 lirmamenti
2798 4721 2810 4756 :
2866 4725 2884 4756 ι
2924 4707 3096 4774 Unde,
3129 4729 3146 4759 ι
3189 4711 3362 4780 inquit
3397 4726 3547 4764 num.
3577 4712 3634 4776 4,

2067 4815 2086 4847 ι
2115 4811 2214 4864 ego
2265 4797 2522 4858 arbitror,
2582 4799 2704 4867 quia
2754 4801 2894 4852 sicut
2927 4801 3048 4855 (τωΙὶ
3099 4801 3289 4870 ipsius,
3327 4802 3378 4856 id
3426 4810 3509 4856 est
3541 4803 3634 4856 ﬁr-

2061 4889 2321 4944 mamenti
2361 4887 2592 4944 inferius
2623 4890 2800 4944 solum
2848 4891 2995 4946 arida
3027 4894 3140 4946 ha-c
3167 4893 3220 4945 in
3257 4909 3362 4962 qua
3405 4910 3502 4948 nos
3544 4897 3638 4948 ha-

2053 4981 2296 5035 bitamus
2320 5021 2334 5045 ,
2387 4991 2528 5034 terra
2555 4981 2676 5046 ejus
2708 4983 2906 5035 dicitur
2933 5000 2948 5050 ;
2995 4985 3066 5038 ita
3117 4997 3174 5040 et
3205 4987 3346 5040 illius
3387 4987 3637 5056 superio-

2055 5073 2152 5137 ris,
2207 5074 2350 5140 quod
2396 5073 2770 5143 principaliter
2806 5077 3008 5131 dicitur
3059 5079 3288 5133 inferius
3336 5079 3533 5145 solum,
3581 5081 3638 5136 in

2054 5177 2164 5231 quo
2203 5164 2543 5219 habitatores
2593 5166 2665 5219 illi
2717 5167 2970 5222 caelestes
3016 5180 3427 5236 conversantur,
3461 5181 3535 5238 et,
3579 5184 3638 5226 ut

2053 5257 2128 5310 ita
2169 5256 2366 5322 dicam,
2395 5259 2612 5312 dorsum
2647 5259 2824 5328 ipsum
2856 5261 3182 5316 lirmamenti
3214 5263 3388 5332 hujus,
3421 5265 3638 5330 merito,

2053 5356 2114 5402 ut
2167 5347 2303 5414 dixi,
2342 5357 2488 5403 terra
2544 5349 2689 5404 illius
2719 5351 2842 5406 caeli
2885 5369 3008 5407 esse
3045 5355 3280 5408 dicitur:
3338 5358 3432 5410 sed
3493 5365 3636 5410 terra

2061 5445 2226 5509 bona,
2272 5455 2418 5498 terra
2469 5456 2676 5514 sancta,
2725 5455 2868 5500 terra
2923 5447 3114 5514 multa,
3167 5457 3312 5503 terra
3365 5449 3635 5512 vivorum,

2027 5529 2030 5532 ’
2056 5543 2203 5589 terra
2239 5535 2413 5590 ﬁuens
2447 5535 2530 5589 lac
2557 5545 2612 5589 et
2641 5539 2766 5590 mel.
2805 5555 2824 5586 ι
2856 5537 2894 5590 F
2903 5551 2995 5591 use
3025 5546 3194 5592 totum
3231 5539 3494 5594 doctrina:
3525 5555 3639 5593 sua:

2059 5635 2373 5681 contextum
2427 5627 2662 5696 explicat
2702 5629 2794 5683 lib.
2845 5644 2882 5681 ιι
2936 5630 3078 5697 Περὶ
3122 5629 3350 5700 ἀρχῶν,
3400 5646 3522 5703 cap.
3579 5631 3638 5696 5,

2057 5735 2212 5774 num.
2251 5717 2308 5784 6,
2341 5719 2396 5786 7,
2437 5729 2599 5789 atque
2649 5735 2830 5776 rerum
2883 5723 3129 5780 omnium
3185 5725 3589 5781 universitatem
3620 5767 3634 5790 ,

2055 5809 2419 5876 infernarum,
2459 5821 2820 5880 terrenarum,
2852 5813 3180 5886 cmlestium,
3213 5825 3267 5873 et
3306 5831 3426 5887 quae
3475 5831 3638 5886 supra
