4170 6422
566 359 704 416 4019

1856 357 1914 411 Ρ.
1959 353 2275 409 DANIELIS
2315 350 2547 409 HUETH

3667 347 3690 402 1
3700 349 3806 400 09.0

567 482 768 539 caelum
806 492 956 545 sunt,
993 482 1230 550 generati
1276 481 1494 535 nomine
1529 479 1784 533 mundum
1818 480 1916 541 ait,
1957 477 2138 546 appel-
2169 485 2214 538 Α
2249 485 2354 541 tur,
2409 471 2717 542 temporalia
2773 477 2924 535 sunt;
2962 485 3081 540 qua:
3135 477 3316 524 autem
3370 484 3474 524 non
3522 468 3805 537 videntur,

570 574 690 632 lari,
725 588 831 640 quo
882 571 1062 625 caeteri
1115 570 1298 623 mundi
1351 569 1737 630 continentur;
1781 575 1837 619 et
1873 564 2134 634 quemad-

571 667 787 720 modum
832 663 1230 718 ﬁrmamentum
1265 671 1465 714 terram
1510 659 1652 712 hanc
1685 658 1988 726 capacitate
2039 671 2135 709 sua

571 756 970 822 complectitur,
1014 755 1086 806 ita
1141 753 1412 816 sphaeram
1444 749 1731 818 quamdam
1776 749 2134 817 superiorem,

568 862 686 916 quas
732 847 784 899 in
819 845 1117 914 Scripturis
1168 854 1310 897 terra
1369 842 1533 904 bona,
1571 849 1625 895 et
1660 849 1804 894 terra
1839 839 2135 892 viventium

569 941 899 1001 nominatur,
949 945 1004 992 et
1053 935 1278 991 mitibus
1325 949 1388 988 ac
1439 933 1736 986 mansuetis
1779 930 2134 1000 promittitur,

571 1045 670 1083 suo
692 1029 986 1096 constringi
1015 1027 1176 1088 caelo,
1210 1027 1262 1076 in
1308 1037 1415 1092 quo
1460 1033 1773 1076 sanctorum
1803 1022 2019 1072 nomina
2047 1021 2139 1074 de-

572 1123 779 1190 scripta
819 1131 984 1184 sunt;
1030 1133 1094 1172 ex
1127 1119 1231 1172 hoc
1261 1127 1436 1170 autem
1469 1115 1630 1174 ctelo.
1679 1129 1742 1168 ex
1773 1127 1942 1179 eaque
1971 1121 2136 1176 terra,

571 1225 732 1266 terrm.
773 1228 836 1266 ac
864 1212 988 1266 coeli
1027 1208 1333 1264 nominibus
1378 1207 1570 1260 aﬂecta
1607 1207 1774 1259 fuisse
1821 1205 2134 1257 ﬁrmamen-

575 1316 685 1357 tum
733 1313 788 1356 et
834 1303 1072 1365 aridam;
1125 1299 1375 1366 aliudque
1428 1311 1547 1350 esse
1597 1295 1792 1349 ctelum
1847 1303 1902 1349 et
1938 1305 2134 1348 terram

571 1411 692 1463 qua:
743 1394 894 1447 initio
937 1408 966 1446 a
1017 1392 1122 1445 Deo
1166 1398 1345 1444 creata
1401 1397 1556 1452 sunt,
1617 1401 1680 1441 ac
1737 1387 2137 1439 ﬁrmamentum

573 1487 718 1555 quod
747 1487 834 1540 die
866 1484 1105 1539 secundo
1127 1482 1400 1537 conditum
1437 1480 1670 1535 dicitur:
1703 1479 1960 1532 mundum
1995 1478 2139 1533 hunc

574 1591 754 1632 autem
795 1578 1156 1644 superiorem.
1199 1588 1323 1626 eum
1357 1587 1501 1636 esse,
1535 1570 1675 1624 unde
1717 1569 1944 1624 missum
1975 1585 2034 1624 se
2065 1570 2139 1623 si-

572 1664 794 1733 gniﬁcat
826 1665 1071 1718 Christus
1118 1662 1302 1715 dicens
1330 1659 1487 1716 Joan.
1520 1675 1638 1723 vnr,
1664 1658 1772 1712 25:
1808 1677 1827 1710 ί
1878 1657 1991 1726 Ego
2033 1674 2138 1714 non

573 1771 691 1810 sum
721 1755 786 1808 de
817 1755 916 1808 hoc
947 1752 1168 1815 mundo,
1201 1769 1220 1804 ι
1255 1749 1590 1819 corruptioni
1623 1747 1930 1816 neutiquam
1961 1745 2137 1816 ipsum

2244 580 2444 624 aeterna
2479 576 2623 621 sunt.
2656 584 2674 616 ι

2318 660 2432 715 XII.
2469 659 2547 713 Ad
2578 658 2886 728 paradisum
2932 655 3072 725 quod
3124 655 3344 718 attinet,
3395 668 3424 707 a
3469 666 3681 705 summo
3716 651 3808 704 illo

2245 762 2299 808 et
2329 766 2584 820 supremo
2613 751 2751 806 cmlo
2797 762 2919 803 eum
2963 747 3316 800 Adamantius
3351 744 3631 806 distinxit,
3665 751 3720 796 et
3753 741 3807 796 in

2245 853 2395 900 certo
2426 845 2606 911 aliquo
2633 852 2790 898 terra:
2834 842 2948 897 loco
2975 839 3284 903 collocavit;
3333 851 3453 892 cum
3498 847 3809 890 terrestrem

2245 936 2552 991 econtrario
2606 934 2912 1002 paradisum
2935 973 2949 996 ,
2977 947 3135 1000 quem
3181 930 3234 984 in
3272 938 3417 984 terra
3448 928 3608 981 situm
3639 925 3810 981 fuisse

2247 1027 2612 1082 certissimum
2653 1035 2758 1089 est,
2792 1025 3076 1095 allegorice
3110 1037 3385 1092 exponens
3417 1035 3575 1088 supra
3609 1019 3807 1073 ctelum

2247 1119 2606 1184 constituerit,
2645 1125 2704 1171 ut
2747 1118 3118 1173 ostendemus.
3171 1115 3247 1168 Ac
3287 1114 3354 1168 de
3403 1114 3582 1183 priore
3635 1111 3809 1166 mani-

2247 1210 2444 1265 festum
2467 1217 2550 1264 est
2580 1209 2944 1263 testimonium
2973 1207 3067 1261 lib.
3095 1222 3132 1260 ιι
3159 1205 3296 1273 Περὶ
3323 1203 3547 1274 ἀρχῶν,
3572 1218 3690 1273 cap.
3719 1202 3809 1267 Η,

2247 1318 2375 1357 num
2411 1302 2486 1356 6:
2542 1319 2560 1352 ι
2598 1299 2736 1355 Ριιιο
2761 1300 2926 1365 enim,
2957 1299 3152 1369 inquit,
3189 1296 3330 1366 quod
3379 1295 3553 1351 sancti
3607 1294 3811 1363 quique

2247 1393 2587 1449 discedentes
2613 1393 2680 1446 de
2706 1391 2809 1446 hac
2837 1391 2952 1444 vita
2981 1389 3372 1459 permanebunt
3404 1387 3457 1440 in
3489 1385 3607 1440 loco
3629 1385 3810 1454 aliquo

2246 1483 2303 1541 in
2337 1494 2477 1540 terra
2510 1485 2705 1553 posito,
2733 1498 2892 1554 quem
2919 1482 3226 1553 paradisum
3254 1481 3388 1536 dicit
3415 1479 3693 1549 Scriptura
3728 1479 3811 1533 di-

2245 1579 2406 1641 vina,
2460 1576 2607 1630 velut
2656 1576 2708 1630 in
2751 1575 2984 1645 quodam
3033 1571 3353 1627 eruditionis
3396 1572 3537 1625 loco.
3577 1589 3596 1622 ι
3637 1571 3812 1638 Atque

2248 1669 2388 1723 hanc
2421 1669 2652 1737 primam
2675 1680 2794 1721 esse
2826 1665 2938 1718 vult
2967 1663 3323 1728 mansionem,
3361 1663 3412 1717 in
3442 1676 3547 1731 qua
3582 1675 3812 1728 corpore

2247 1770 2506 1815 exeuntes
2556 1758 2751 1811 animae
2811 1756 3042 1811 terrenis
3105 1755 3355 1810 sordibus
3402 1762 3807 1822 expurgantur;

575 1863 698 1902 esse
743 1845 1062 1907 obnoxium,
1118 1858 1217 1898 nec
1262 1842 1438 1896 oculis
1485 1839 1887 1911 aspectabilem,
1943 1838 2142 1892 sanctis

2254 1866 2406 1920 quam
2437 1860 2491 1905 et
2520 1850 2661 1904 idem
2704 1862 2828 1903 esse
2857 1846 2972 1901 vult
3002 1863 3066 1904 ac
3117 1847 3294 1900 sinum
3345 1844 3594 1899 Abraln'c.
3629 1861 3647 1895 ι
3703 1843 3811 1898 Sed

576 1948 754 1991 autem
801 1945 855 1990 et
906 1934 1162 2004 perfectis
1200 1932 1381 1988 sedem
1425 1934 1566 1986 hanc
1622 1945 1744 1985 esse
1793 1929 2139 1994 destinatam,

575 2038 634 2082 et
663 2037 863 2080 terram
890 2027 1106 2097 quidem
1153 2024 1337 2078 mundi
1372 2024 1513 2079 illius
1557 2023 1626 2077 iis
1649 2022 1740 2092 qui
1772 2021 2144 2089 castigationi-

577 2120 679 2172 bus
737 2127 792 2170 et
843 2115 1318 2171 emendationibus
1380 2113 1607 2168 fuerunt
1656 2111 1978 2182 expurgati,
2023 2110 2144 2166 aliis

575 2225 707 2265 vero
746 2210 964 2274 malum,
1011 2209 1101 2277 qui
1149 2209 1274 2261 dum
1311 2206 1365 2260 in
1396 2205 1557 2260 terris
1587 2214 1811 2274 agerent
1867 2203 1960 2258 Dei
1994 2219 2144 2257 man-

577 2305 721 2358 datis
745 2303 1217 2372 obtemperarnnt,
1247 2299 1340 2353 sed
1371 2299 1443 2352 ita
1477 2307 1656 2352 tamen
1686 2307 1744 2352 ut
1788 2297 1856 2351 ab
1888 2295 1976 2349 illa
2004 2305 2144 2350 terra

578 2395 645 2448 ad
691 2393 887 2447 omium
930 2405 1240 2460 supremum
1275 2391 1531 2443 transitus
1578 2396 1779 2457 pateat.
1833 2387 2146 2442 Consimilia

578 2495 708 2541 sunt
740 2483 1158 2554 quaebabentur
1185 2481 1430 2551 ejusdem
1478 2480 1600 2534 libri
1643 2495 1762 2549 cap.
1792 2479 1846 2545 9,
1895 2495 2044 2534 num.
2089 2481 2144 2546 3,

578 2587 635 2630 et
673 2591 794 2645 qua:
823 2574 999 2642 capite
1040 2581 1312 2641 postremo
1361 2571 1481 2627 libri
1527 2587 1610 2637 ιιι,
1666 2587 1816 2625 num.
1859 2571 1913 2636 8,
1949 2572 2004 2636 9,
2056 2571 2147 2625 ubi

579 2677 636 2721 et
664 2666 793 2719 illud
839 2663 1049 2732 adjicit,
1083 2677 1264 2716 rerum
1304 2661 1528 2714 istarum
1561 2660 1887 2722 coalestium,
1917 2677 2037 2730 quae
2066 2662 2149 2714 in-

583 2754 846 2809 feriorum
892 2755 1147 2807 harumce
1199 2762 1381 2822 typum
1431 2761 1645 2821 gerunt,
1696 2753 1928 2806 formam
1980 2751 2149 2822 Moysi

580 2847 636 2901 itt
697 2855 879 2900 monte
923 2845 1089 2900 fuisse
1132 2853 1526 2910 monstratam;
1589 2845 1655 2897 ad
1702 2844 1924 2914 ejusque
1967 2857 2152 2896 exem-

579 2937 726 3008 plum
750 2937 1142 2992 tabernaculiet
1168 2937 1562 2992 sacriﬁciorum
1588 2937 1948 2990 instrumenta
1976 2935 2147 3004 ipsum

579 3042 942 3098 comparasse,
977 3029 1267 3082 secnmlum
1298 3037 1628 3096 praeceptum
1668 3028 1796 3082 illud
1831 3027 1924 3082 Dei
1977 3026 2148 3081 Exod.

581 3136 719 3186 xxv,
782 3119 888 3174 40:
937 3137 956 3171 ς
1013 3120 1222 3188 Inspice
1279 3129 1333 3174 et
1389 3119 1473 3174 fac
1521 3121 1817 3174 secundum
1877 3119 2152 3187 exemplar

2243 1951 2298 1994 et
2327 1939 2472 1994 illam
2499 1938 2745 2009 ﬁguram,
2783 1957 2800 1990 ι
2839 1937 3014 2008 inquit
3047 1935 3233 1991 bomil.
3259 1935 3329 1990 26
3355 1936 3409 1988 in
3436 1933 3622 1998 Nam,
3656 1950 3810 1987 nutu.

2241 2032 2298 2098 4,
2344 2050 2362 2083 ι
2398 2045 2519 2084 esse
2550 2029 2786 2084 diximus
2831 2027 3062 2082 exeundi
3091 2027 3162 2081 de
3193 2025 3448 2096 :Egypto,
3481 2041 3602 2079 cum
3647 2025 3813 2080 relin-

2245 2123 2363 2192 quit
2393 2121 2576 2175 anima
2614 2120 2798 2174 mundi
2849 2118 3006 2187 hujus
3039 2119 3313 2185 tenebras,
3349 2134 3410 2172 ac
3447 2128 3648 2171 natura:
3683 2131 3812 2171 cor-

2247 2226 2422 2283 porca:
2449 2213 2774 2270 ctecitatem.
2799 2219 2855 2263 et
2898 2209 3221 2263 transfertur
3249 2209 3315 2262 ad
3352 2209 3497 2262 aliud
3532 2211 3814 2272 sarcmtnn,

2245 2299 2388 2369 quod
2425 2299 2505 2353 vel
2547 2299 2700 2354 sinus
2742 2298 2995 2361 Abrabm,
3041 2310 3100 2351 ut
3137 2298 3191 2350 in
3231 2296 3472 2364 Lazaro;
3521 2297 3602 2352 vel
3655 2312 3818 2367 para-

2247 2392 2421 2454 disus,
2462 2399 2519 2443 ut
2551 2391 2602 2443 in
2643 2389 2851 2444 latrone
2882 2391 2972 2458 qui
3007 2389 3074 2443 de
3104 2403 3266 2443 cruce
3316 2389 3578 2451 credidit,
3615 2388 3818 2442 indica-

2248 2491 2356 2535 tur.
2398 2499 2418 2532 ι
2454 2481 2745 2549 Aliquibus
2777 2481 2941 2535 etiam
2989 2480 3299 2550 paradisum
3343 2477 3660 2534 dill’erentiis
3705 2478 3819 2533 dis-

2249 2571 2502 2626 criminat
2551 2571 2741 2626 homil.
2773 2573 2841 2626 15
2881 2571 2936 2624 in
2971 2571 3190 2634 Ezech.,
3225 2585 3375 2623 num.
3403 2569 3458 2634 2,
3509 2584 3632 2639 pag.
3682 2568 3817 2631 403,

2250 2664 2378 2731 404,
2413 2674 2470 2718 ιιι
2505 2663 2646 2718 alter
2675 2665 2748 2720 sit
2781 2663 3088 2732 paradisus,
3124 2662 3265 2717 alter
3300 2661 3614 2716 deliciarum
3651 2675 3819 2729 para-

2249 2756 2424 2810 disus.
2451 2757 2631 2826 Atque
2652 2757 2796 2811 hunc
2815 2756 3130 2810 deliciarum
3153 2755 3478 2822 paradisum,
3500 2769 3620 2807 cum
3645 2753 3820 2819 Eden,

2250 2846 2352 2902 hoc
2377 2857 2480 2912 est,
2518 2849 2759 2902 terrestri
2788 2849 3037 2917 paradiso
3066 2846 3346 2900 confundit
3384 2845 3482 2900 lib.
3515 2861 3557 2910 ι,
3588 2847 3642 2898 in
3673 2843 3820 2898 Can-

2252 2940 2365 3001 tic.,
2397 2953 2518 3006 pag.
2548 2937 2658 3005 42;
2695 2939 2772 2992 ait
2799 2938 2981 2992 enim:
3015 2957 3034 2989 σ
3073 2938 3173 3004 Qui
3210 2947 3388 2991 autem
3425 2937 3617 3005 dignus
3653 2937 3825 2992 fuerit

2253 3029 2432 3084 redire
2458 3038 2512 3082 et
2537 3042 2662 3083 esse
2693 3043 2815 3082 cum
2856 3027 3097 3095 Christo,
3130 3029 3330 3098 quique
3359 3027 3411 3080 in
3442 3041 3607 3096 parvo
3642 3026 3823 3081 ﬁdelis

2255 3119 2503 3172 inventus
2533 3118 2901 3172 constituetur
2933 3132 3097 3188 super
3130 3117 3318 3181 multa,
3357 3115 3443 3170 ille
3472 3115 3730 3185 gustabit,
3764 3125 3826 3172 et

581 3214 724 3284 quod
765 3213 858 3267 tibi
937 3212 991 3265 in
1045 3219 1227 3266 mente
1288 3220 1642 3265 monstratum
1717 3219 1819 3265 est.
1871 3227 1890 3261 ›
1957 3196 2227 3278 AdjicitC
2258 3209 2435 3279 capiet
2485 3209 2820 3278 voluptatem
2877 3208 3129 3273 Domini,
3178 3209 3467 3278 perductus
3524 3205 3588 3259 ad
3636 3205 3824 3260 locum

580 3304 742 3357 etiam
789 3303 844 3356 in
885 3316 1096 3356 summo
1149 3301 1240 3356 illo
1286 3301 1426 3356 cutio
1479 3299 1716 3354 futurum
1766 3301 1894 3354 illud
1941 3319 1962 3350 ι
2010 3301 2153 3370 quod

581 3401 844 3444 :eternum
875 3391 1072 3444 dicitur
1100 3389 1448 3458 Evangelium
1484 3399 1537 3444 et
1586 3387 1988 3443 Testamentum
2023 3403 2159 3444 sem-

583 3497 683 3553 per
709 3481 1091 3550 novum,quod
1130 3495 1402 3550 nunquam
1445 3488 1788 3534 veterascet:
1828 3499 1852 3533 ι
1880 3481 1934 3535 in
1983 3495 2156 3550 eaque

586 3575 798 3644 piorum
829 3584 970 3627 terra
998 3574 1264 3628 eruditum
1293 3574 1355 3626 iri
1385 3573 1452 3627 ab
1486 3575 1691 3643 angelis
1715 3575 1946 3638 animas,
1968 3590 2158 3644 quem-

587 3666 872 3721 admodum
905 3676 958 3720 et
990 3667 1041 3718 in
1083 3665 1527 3719 commemoratis
1563 3681 1725 3734 supra
1757 3668 2151 3736 mansionibus,

585 3757 756 3811 donec
792 3770 1102 3823 supremum
1135 3754 1343 3822 adeptis
1369 3754 1564 3808 cmlum
1600 3755 1670 3809 sit
1699 3755 1841 3811 Deus
1879 3757 2061 3811 omnia
2099 3760 2152 3813 in

585 3846 858 3902 omnibus.
892 3844 1001 3899 Nec
1035 3847 1102 3899 ab
1142 3845 1224 3899 his
1264 3845 1468 3899 abludit
1509 3846 1696 3901 ltomil.
1765 3849 1790 3903 1
1848 3849 1904 3903 in
1944 3847 2154 3918 Genes.,

589 3955 736 3994 num.
771 3938 827 4001 2,
861 3953 982 3992 cum
1018 3936 1209 3992 scribit
1242 3936 1438 3992 omium
1486 3937 1614 3992 illud
1648 3953 1956 4008 supremum
2000 3950 2052 3995 et
2077 3943 2156 3994 in-

589 4045 948 4100 corporeum,
995 4031 1139 4099 quod
1189 4031 1283 4084 Dei
1333 4032 1489 4085 sedes
1541 4040 1655 4094 est,
1701 4031 1936 4099 primum
1982 4047 2010 4084 a
2048 4033 2157 4088 Deo

588 4124 864 4178 conditum
891 4163 907 4187 ,
953 4124 1147 4178 deinde
1173 4139 1493 4193 corporeum
1526 4124 1744 4188 coelum,
1798 4125 1903 4179 hoc
1943 4133 2026 4179 est
2064 4125 2158 4178 ﬁr-

589 4224 964 4268 mamentum:
1017 4229 1141 4267 nam
1188 4216 1564 4283 incorporeum
1610 4215 1866 4284 appellat,
1901 4226 1962 4268 ut
1996 4231 2156 4283 supra

589 4305 950 4368 ostendimus,
975 4306 1116 4374 quod
1147 4316 1366 4374 propter
1403 4305 1662 4359 eximiam
1707 4306 2020 4360 tenuitatem
2058 4306 2157 4359 sub

589 4411 783 4450 sensus
829 4411 932 4449 non
976 4397 1139 4450 cadit.
1181 4396 1307 4451 Item
1344 4397 1520 4465 capite
1547 4396 1736 4449 ultimo
1778 4396 1903 4451 libri
1947 4412 1984 4450 ιι
2014 4396 2156 4463 Περὶ

587 4485 809 4555 ἀρχῶν,
838 4504 982 4540 num.
1024 4487 1081 4550 6,
1111 4497 1390 4556 postquam
1426 4495 1640 4542 sanctos
1667 4501 1731 4540 ex
1765 4487 1868 4540 hac
1908 4487 2019 4538 vita
2045 4487 2156 4541 dis-

595 4573 852 4627 cedentes
898 4573 948 4624 in
981 4574 1268 4641 quemdam
1300 4583 1456 4627 terra:
1492 4575 1650 4645 hujus
1685 4575 1860 4629 locum
1895 4575 2156 4628 deventu-

592 4677 677 4718 ros
710 4663 868 4724 dixit,
895 4665 984 4732 qui
1005 4665 1287 4732 paradisus
1318 4663 1636 4734 appellatur,
1669 4663 1792 4717 inde
1825 4664 1967 4718 aeris
1999 4679 2154 4716 man-

586 4753 834 4808 sionibus
875 4769 940 4807 ac
977 4754 1291 4809 emit-subus
1332 4755 1654 4823 transgressi
1687 4756 1752 4809 ad
1800 4768 1861 4808 ea
1889 4770 2010 4824 quae
2048 4771 2153 4809 non

586 4849 861 4914 videntur,
909 4858 962 4903 et
1003 4865 1122 4918 quas
1174 4850 1393 4905 nomine
1438 4851 1702 4904 duntaxat
1746 4849 1899 4904 nobis
1939 4850 2154 4918 cognita

586 4947 734 5001 sunt,
766 4937 994 4994 aﬁirmat
1033 4955 1376 4994 ascensuros.
1424 4939 1560 4995 Hinc
1599 4941 1737 4996 libro
1778 4956 1848 4994 vn
1880 4941 1937 4993 in
1980 4939 2148 5008 Epist.

584 5038 655 5087 nd
692 5034 866 5098 Rom.,
910 5051 1056 5090 num.
1094 5035 1148 5100 5,
1189 5051 1307 5106 pag.
1343 5035 1467 5104 600,
1505 5051 1570 5090 ea
1617 5052 1736 5104 quae
1784 5035 1957 5090 oculis
1993 5050 2152 5089 usuro

586 5138 806 5191 pantur,
844 5127 1050 5180 aridam
1087 5129 1341 5181 nimirum
1389 5127 1467 5181 vel
1511 5129 1906 5182 ﬁrmamentum
1945 5125 2153 5195 sperari

587 5227 752 5284 vetat,
798 5219 891 5272 sed
917 5235 1035 5287 quae
1068 5219 1122 5272 in
1166 5219 1352 5274 oculos
1386 5234 1493 5273 non
1527 5220 1836 5284 incurrunt,
1874 5228 1928 5272 et
1952 5227 2155 5271 (eterna

589 5315 736 5370 sunt,
777 5325 970 5377 nempe
1019 5309 1248 5364 cmlum:
1289 5328 1307 5360 ‹
1353 5309 1463 5363 lmo
1504 5310 1680 5379 potius
1709 5349 1724 5374 ,
1750 5309 1948 5378 inquit,
1990 5305 2156 5361 caelos

592 5401 761 5453 multo
799 5401 1183 5455 eminentiores
1226 5409 1282 5454 et
1318 5400 1649 5456 excelsiores
1695 5416 1856 5471 quam
1903 5410 1986 5454 est
2029 5398 2158 5453 illud

593 5495 989 5544 ﬁrmamentum
1028 5491 1169 5559 quod
1221 5492 1391 5546 videri
1428 5491 1600 5546 oculis
1649 5500 1847 5560 potest,
1903 5508 1922 5541 ι
1965 5497 2020 5544 et
2058 5497 2162 5543 ler-

592 5594 704 5633 ram
765 5585 1062 5637 mansuetis
1114 5583 1481 5651 assignatam,
1536 5584 1780 5638 edicente
1823 5580 2080 5651 Apostolo
2121 5580 2163 5634 ll

595 5670 721 5724 Cor.
752 5687 828 5736 IV,
861 5673 961 5726 18:
1001 5693 1020 5724 ι
1055 5673 1170 5728 Non
1211 5673 1704 5743 contemplantibus
1737 5673 1894 5728 nobis
1922 5685 2043 5740 quae
2086 5670 2165 5724 vi-

593 5762 807 5828 denlur,
849 5767 940 5819 sed
983 5782 1100 5832 qua:
1153 5782 1260 5820 non
1306 5768 1584 5822 videntur:
1632 5780 1748 5836 qua:
1797 5765 1940 5820 enim
1981 5764 2166 5819 viden-

2183 4537 2233 4596 D

2254 3301 2564 3371 quemdam,
2592 3303 2684 3370 qui
2716 3315 2813 3371 pro
2842 3299 3146 3369 hujnsmodi
3169 3299 3408 3354 ciborum
3441 3299 3610 3368 c0piis
3637 3307 3696 3354 et
3726 3313 3825 3352 va-

2254 3393 2569 3458 rietatibus,
2624 3393 2938 3448 deliciarum
2995 3391 3305 3446 nominatur
3359 3391 3524 3446 locus.
3591 3391 3826 3460 Propter

2253 3484 2396 3551 quod
2431 3493 2486 3538 et
2525 3485 2580 3537 in
2618 3483 2764 3538 Eden
2803 3484 3012 3552 positus
3043 3483 3263 3543 dicitur,
3297 3483 3439 3551 quod
3485 3481 3704 3537 delicias
3736 3483 3826 3536 in-

2255 3577 2421 3629 dicat.
2455 3593 2474 3628 ›
2509 3575 2626 3642 Quo
2669 3575 2738 3630 de
2785 3577 3027 3630 terrestri
3068 3574 3320 3646 paradiso
3366 3575 3493 3644 quid
3544 3575 3824 3641 senserit,

2255 3665 2394 3718 intra
2425 3665 2852 3736 explorabimus.

2327 3757 2464 3812 Xlll.
2506 3757 2710 3813 Hausta
2751 3768 2878 3814 sunt
2919 3766 2974 3813 et
3023 3758 3111 3812 illa
3159 3759 3272 3812 fere
3313 3771 3344 3813 e
3376 3755 3614 3810 Platonis
3660 3755 3828 3810 fonti-

2254 3849 2396 3904 bus:
2433 3865 2556 3904 nam
2600 3851 2984 3905 beatitudinem
3019 3853 3074 3904 in
3113 3848 3205 3905 Dei
3256 3848 3608 3903 similitudine
3658 3847 3828 3901 sitam

2257 3939 2347 3995 ille
2376 3940 2567 3995 voluit.
2598 3939 2790 3995 Testes
2825 3939 3072 3994 Laertius
3105 3939 3158 3992 in
3203 3938 3449 4004 Platone,
3477 3949 3533 3992 et
3575 3937 3828 3991 Clemens

2256 4032 2651 4088 Alexandrinus
2692 4032 2891 4088 Strom.
2927 4033 3022 4087 lib.
3062 4046 3124 4097 ιι,
3153 4032 3241 4100 qui
3270 4040 3323 4086 et
3350 4032 3401 4086 in
3433 4031 3620 4085 eadem
3655 4029 3831 4084 fuisse

2259 4122 2474 4179 Stoicos
2506 4124 2776 4178 sententia
2807 4125 3177 4187 demonstrat,
3224 4130 3282 4176 et
3321 4121 3619 4174 Abammon
3652 4117 3829 4188 Egy-

2259 4215 2404 4283 ptins
2437 4214 2490 4267 in
2511 4212 2864 4281 responsione
2912 4214 2978 4266 ad
3023 4205 3302 4281 epistOlam
3319 4209 3622 4280 Porphyrii.
3664 4207 3825 4263 Plato

2259 4312 2520 4371 praeterea
2555 4302 2609 4355 in
2658 4300 2944 4364 Phwdone,
2994 4310 3278 4370 postquam
3326 4299 3522 4352 inferni
3573 4307 3832 4366 topogra-

2259 4396 2446 4464 phiam
2475 4393 2784 4462 descripsit,
2819 4402 3006 4446 narrat
3037 4393 3267 4457 animas,
3301 4405 3420 4462 quas
3447 4390 3706 4445 virtutem
3740 4393 3829 4445 in-

2264 4499 2344 4541 ter
2373 4495 2429 4542 et
2461 4487 2651 4541 vitium
2686 4485 2915 4540 mediam
2971 4492 3262 4539 tenuerunt
3291 4484 3457 4546 viam,
3507 4492 3627 4550 post
3661 4481 3829 4537 latam

2260 4583 2325 4633 de
2363 4593 2422 4633 se
2473 4577 2798 4632 sententiam
2838 4577 2905 4630 ad
2950 4575 3313 4630 Acheruntem
3361 4573 3652 4638 prolectas,
3692 4589 3834 4628 con-

2271 4671 2482 4725 scensis
2510 4669 2776 4724 vehiculis
2806 4669 2872 4722 ad
2899 4667 3318 4722 Acberusiadem
3347 4666 3594 4735 paludem
3623 4667 3826 4735 depor-

2267 4761 2394 4825 tari,
2424 4760 2760 4828 expiatisque
2789 4757 2899 4812 illic
2926 4772 3022 4826 per
3052 4756 3312 4826 supplicia
3341 4755 3640 4811 sceleribus
3669 4757 3832 4824 solvi,

2261 4861 2316 4905 et
2346 4851 2567 4922 praemia
2599 4851 2821 4905 tandem
2871 4862 3049 4901 rerum
3102 4848 3238 4900 bene
3284 4855 3558 4915 gestarum
3598 4844 3834 4911 referre,

2259 4952 2313 4998 et
2340 4943 2406 4997 ad
2451 4941 2768 4995 animalium
2805 4940 2969 4993 etiam
3011 4938 3410 5005 generationem
3444 4951 3835 5005 nonnunquam

2260 5036 2507 5090 remitti:
2543 5048 2663 5103 qua:
2706 5047 2835 5087 vero
2887 5031 3282 5085 insanabilibus
3324 5043 3442 5082 sese
3495 5028 3837 5083 facinoribus

2263 5129 2572 5196 alligarunt,
2610 5124 2663 5176 in
2697 5122 2986 5176 Tartarum
3042 5122 3247 5190 absque
3291 5119 3398 5173 ulla
3437 5119 3603 5172 futuri
3654 5121 3836 5173 exitus

2262 5233 2357 5286 spe
2402 5216 2766 5285 praecipitari:
2828 5222 2883 5266 at
2933 5227 3162 5281 quorum
3211 5209 3436 5265 crimina
3480 5210 3664 5264 sanari
3706 5224 3836 5277 pos-

2265 5318 2412 5372 sunt,
2456 5306 2646 5376 projici
2679 5313 2733 5358 et
2789 5304 2908 5359 illas
2960 5305 3010 5358 in
3060 5304 3388 5364 Tartarum,
3429 5301 3524 5354 sed
3556 5311 3838 5355 transacto

2269 5399 2379 5453 illic
2417 5412 2559 5450 anno
2584 5435 2599 5460 ,
2644 5393 2808 5449 ﬂuctu
2847 5394 2973 5447 inde
3027 5394 3172 5462 ejiei,
3212 5401 3266 5446 et
3304 5392 3372 5445 ad
3405 5392 3834 5446 Aclterusiadem

2271 5486 2496 5550 revolvi,
2532 5498 2632 5538 nec
2661 5493 2784 5537 ante
2833 5481 3077 5543 liberari,
3119 5493 3277 5548 quam
3325 5491 3421 5530 eos
3463 5477 3836 5540 exoraverint,

2271 5593 2406 5647 quos
2453 5577 2648 5646 injuria
2687 5573 2772 5627 vel
2807 5583 2981 5628 morte
3016 5570 3345 5624 aﬂ'ecerunt:
3378 5584 3497 5638 qua:
3522 5582 3710 5638 puram
3739 5581 3832 5619 au-

2274 5679 2381 5723 tem
2433 5677 2489 5721 et
2535 5668 2802 5721 insontem
2853 5666 3122 5719 duxerunt
3171 5660 3373 5723 vitam,
3418 5673 3522 5712 eas-
3561 5657 3834 5726 regionem

2272 5759 2564 5829 quamdam
2611 5756 2964 5826 superiorem,
3015 5763 3067 5810 et
3103 5751 3310 5808 deliciis
3343 5747 3671 5812 alllucntem,
3715 5757 3831 5812 qua
