4170 6412
374 361 506 416 ιυει

1191 354 1763 411 ΟΡωἻΟΕΝΙΑΝΟΡνυΜ
1803 356 1931 411 LIB.
1975 356 2039 421 ll,
2080 356 2230 413 CAP.
2270 356 2334 422 ll,
2374 356 2648 422 QUEST.
2688 356 2782 411 XI.

3475 358 3495 411 l
3506 357 3612 412 029.

377 495 536 536 terra:
583 479 992 550 supereminet,
1046 480 1376 541 ascendere;
1434 479 1829 548 ironnullasque
1880 497 1946 535 ex
1973 491 2021 543 Α
2049 482 2244 534 animae
2282 474 2497 550 quidem
2551 480 2830 543 fuerimus,
2882 480 2975 532 sed
3029 492 3181 532 mens
3212 486 3265 531 et
3305 491 3497 531 sensus
3543 476 3612 531 ad

377 573 443 626 iis
476 571 831 640 philosophiae
877 571 1158 641 pi'aaceptis
1203 571 1479 624 institutas
1510 586 1770 641 corporea
1804 573 1944 628 mole

374 661 593 716 liberari
630 662 866 729 penitus,
917 660 1058 713 etin
1109 659 1407 714 ammniora
1457 659 1573 714 loca
1623 663 1942 718 concedere.

376 751 653 822 Praecipue
709 752 1000 807 notandum
1049 752 1198 806 venit
1248 752 1379 806 illud
1431 752 1625 806 Plotini
1681 754 1822 807 Enn.
1861 769 1943 817 ιιι,

377 845 471 901 lib.
510 859 584 908 tv,
622 859 741 913 cap.
783 843 839 907 6,
877 857 986 912 quo
1037 843 1340 897 animarum
1389 844 1452 897 ad
1500 845 1775 910 superiora
1819 858 1946 911 pro-

378 951 690 1004 gressarum
721 934 1006 988 nonnullas
1029 944 1304 988 asseverat
1329 936 1382 988 in
1417 935 1599 989 sensili
1626 936 1729 989 hoc
1748 935 1947 988 mundo

379 1031 548 1083 vitam
608 1041 791 1097 agere,
837 1025 970 1080 alias
1004 1037 1158 1080 extra
1202 1026 1347 1080 hunc
1391 1027 1684 1081 mundum:
1732 1041 1850 1096 quae
1891 1026 1947 1080 in

381 1121 566 1176 sensili
597 1119 799 1172 mundo
834 1117 1072 1187 degunt,
1117 1117 1252 1171 alias
1282 1131 1450 1186 penes
1489 1116 1684 1180 solem,
1730 1116 1816 1171 vel
1847 1117 1952 1170 ali-

381 1227 542 1280 quem
567 1210 858 1278 planetam,
890 1208 1026 1264 alias
1059 1213 1112 1262 in
1140 1210 1480 1263 tirmamento
1507 1223 1678 1262 aevum
1720 1209 1947 1278 agitare,

383 1315 818 1370 unamquamque
867 1315 964 1370 pro
1015 1302 1242 1356 meritis.
1301 1302 1614 1356 Dictaverat
1662 1315 1794 1356 vero
1837 1301 1949 1370 jam

381 1403 509 1447 ante
538 1393 892 1463 Pythagoras,
932 1401 991 1446 ut
1038 1392 1207 1447 refert
1243 1393 1490 1448 Laertius
1530 1393 1584 1446 in
1616 1391 1947 1463 Pythagora,

382 1482 520 1540 εἶναι
551 1487 727 1540 πάντα.
759 1485 850 1538 τὸν
876 1485 1013 1555 ἀέρα
1044 1484 1230 1554 ψυχῶν
1263 1484 1535 1556 ἔμπλεων,
1569 1501 1589 1534 ι
1623 1498 1801 1538 aerem
1833 1500 1950 1538 om-

384 1591 506 1630 nem
538 1577 735 1630 animis
769 1579 986 1643 plenum
1022 1589 1163 1630 esse.
1214 1593 1233 1627 ›
1267 1575 1443 1643 Atque
1487 1575 1600 1630 haec
1629 1573 1949 1642 interpolata

382 1661 644 1729 Origenes
710 1662 776 1716 ad
857 1659 1153 1731 Scriptum
1218 1677 1389 1718 sacrae
1455 1662 1614 1718 effata
1677 1672 1950 1733 utcunque

383 1753 607 1823 aptavit.

2047 571 2342 640 perfectum
2376 572 2618 633 veniens,
2652 570 2906 639 nulloque
2937 569 3397 639 perturbationum
3429 567 3613 624 nubilo

2047 663 2303 731 caligatis,
2337 662 2636 716 intuebitur
2665 661 2961 730 (legendum
2990 661 3232 726 fortasse,
3262 660 3610 729 intuebimur)

2049 753 2421 816 rationabiles,
2476 750 2950 820 intelligibilesqne
2985 750 3315 804 substantias
3359 749 3496 804 facie
3545 751 3610 803 ad

2051 845 2264 900 faciem.
2314 865 2332 896 ι
2381 844 2506 915 Legi
2542 845 2700 898 velim
2746 853 2801 897 et
2862 851 3114 910 quartum
3159 840 3400 906 ejusdem
3452 849 3614 909 caput

2049 938 2311 1008 epistolae,
2344 951 2450 1006 quo
2481 935 2684 990 dixisse
2713 934 3003 1004 Origenem
3039 932 3216 1000 prodit
3254 931 3612 1000 Hieronymus

2051 1033 2311 1084 adversus
2355 1029 2562 1082 animas
2591 1029 2642 1080 in
2680 1041 2861 1082 rerum
2898 1025 3004 1078 line
3036 1023 3101 1077 ad
3148 1025 3423 1078 caelestem
3452 1020 3613 1075 Jeru-

2050 1119 2216 1174 salem
2243 1127 2592 1186 pmperantes
2614 1115 3046 1170 adversariarum
3074 1113 3450 1168 fortitudinum
3475 1110 3616 1165 bella

2050 1225 2403 1279 consurgere,
2454 1225 2523 1264 ne
2561 1210 2863 1263 animarum
2899 1208 3241 1263 remollescat
3278 1205 3470 1270 virtus,
3522 1203 3616 1258 sed

2051 1313 2112 1358 ut
2171 1303 2373 1372 prmliis
2433 1304 2688 1358 exercitae
2736 1317 2931 1357 novum
2976 1300 3188 1355 roboris
3220 1299 3615 1353 incrementum

2051 1396 2290 1465 Capiant.
2341 1393 2536 1465 Tangit
2577 1393 2629 1446 id
2678 1401 2733 1448 et
2777 1391 3109 1461 Theophilus
3157 1388 3348 1442 Pasch.
3383 1404 3456 1451 ιι,
3492 1401 3615 1440 cum

2053 1487 2353 1540 somniasse
2405 1485 2537 1539 dicit
2581 1482 2874 1554 Origenem
2909 1501 2928 1533 σ
2975 1483 3270 1537 ascendere
3319 1480 3527 1534 animas
3559 1479 3614 1531 in

2052 1579 2252 1634 coelum
2284 1587 2340 1633 et
2377 1578 2749 1641 descendere;
2789 1586 2845 1632 et
2877 1591 3018 1629 nunc
3057 1575 3346 1644 prolicere,
3377 1587 3522 1626 nunc
3552 1571 3620 1624 ad

2052 1669 2310 1725 inferiora
2339 1669 2538 1726 delabi.
2580 1689 2598 1721 ι
2636 1669 2918 1725 Variarum
2954 1683 3170 1736 quoque
3204 1665 3328 1720 caeli
3379 1662 3618 1717 mansio-

2055 1777 2182 1816 num
2214 1761 2528 1832 ligmentum
2576 1761 2896 1830 perstringit
2928 1759 3087 1827 paulo
3118 1756 3371 1819 inferius,
3421 1755 3620 1809 dixisse

453 1845 621 1900 Terra
681 1853 861 1901 autem
915 1844 1001 1901 illa
1052 1846 1376 1903 ﬁrmamenti
1440 1848 1696 1904 convexis
1739 1848 1947 1904 incum-
1980 1848 2336 1922 BOrigenem
2382 1853 2620 1918 tradens,
2659 1871 2678 1901 ι
2719 1864 2950 1920 corpora
2989 1864 3111 1918 qua:
3160 1854 3466 1916 resurgunt,
3498 1853 3620 1914 post

383 1936 540 2001 bens,
579 1952 742 2006 quam
783 1936 1036 1991 describit
1067 1936 1450 2002 Adamantius,
1497 1938 1651 1992 alteri
1683 1939 1809 1993 huic
1840 1954 1956 2007 per-

385 2029 583 2085 similis
616 2038 719 2091 est,
749 2044 910 2098 quam
948 2028 1085 2083 libro
1126 2029 1316 2083 eodem
1360 2029 1513 2084 Plato
1541 2040 1953 2096 commemorat,

385 2122 474 2178 ubi
521 2122 616 2183 ait,
660 2122 829 2193 αὐτὴν
855 2121 950 2193 τὴν
986 2123 1088 2192 γῆν
1128 2122 1373 2193 καθαρὰν
1400 2123 1456 2175 ὲν
1486 2122 1709 2195 καθαρῷ
1745 2122 1955 2177 κεῖσθαι

385 2212 464 2284 τῷ
485 2213 715 2285 οὐρανῷ,
745 2216 802 2268 ὲν
831 2208 982 2286 ᾧπέρ
1010 2217 1124 2268 ἐστι
1145 2215 1214 2270 τὰ
1228 2217 1424 2287 ἄστρα,
1447 2216 1504 2270 ὃν
1527 2217 1590 2287 δὴ
1623 2216 1816 2288 αἰθέρα
1837 2217 1956 2272 ὀνο-

391 2305 580 2374 μάζειν
607 2308 732 2369 τοὺς
775 2307 1002 2371 πολλοὺς
1027 2307 1137 2361 τῶν
1167 2309 1304 2379 ,περὶ
1335 2309 1403 2362 τὰ
1433 2308 1654 2363 τοιαῦτα
1691 2309 1958 2366 εἰωθότων

386 2397 582 2468 λέγειν·
603 2391 663 2452 οὗ
691 2399 754 2469 δὴ
777 2400 1127 2473 ὑποστάθμην
1145 2402 1315 2456 ταῦτα
1346 2398 1504 2465 εἶναι,
1520 2403 1615 2457 καὶ
1643 2403 1857 2475 ξυρῤεἶν
1872 2405 1959 2458 ἀεὶ

386 2489 548 2553 eius
571 2490 723 2544 κοῖλα
741 2491 842 2561 τῆς
873 2493 995 2562 γῆς’
1029 2511 1047 2544 ι
1081 2492 1274 2547 Puram
1307 2501 1504 2548 terram
1535 2493 1587 2547 in
1620 2509 1754 2561 pnro
1787 2494 1955 2548 sitam

388 2594 509 2634 esse
547 2581 683 2635 rtelo
723 2581 775 2634 in
806 2597 914 2650 quo
947 2592 1074 2637 sunt
1111 2591 1279 2648 astra,
1310 2587 1450 2653 quod
1479 2583 1628 2637 multi
1667 2598 1734 2638 ex
1767 2585 1832 2638 iis
1863 2585 1956 2654 qui

388 2672 695 2739 hujusmodi
727 2675 792 2729 de
821 2673 981 2729 rebus
1013 2675 1280 2730 disserere
1317 2676 1510 2741 solent,
1553 2677 1815 2730 aetherem
1868 2691 1959 2745 ap-

390 2765 608 2832 pellant,
642 2765 794 2832 cujus
825 2767 938 2821 haec
972 2781 1096 2820 esse
1128 2765 1336 2832 faecem,
1363 2779 1418 2822 et
1448 2768 1502 2821 in
1530 2782 1764 2823 concava
1799 2776 1960 2822 teme

389 2870 602 2924 semper
627 2857 919 2912 conﬂuere.
957 2877 976 2909 ι
1023 2857 1159 2912 Hinc
1187 2858 1552 2914 Tertullianus
1593 2859 1687 2912 lib.
1726 2859 1800 2914 De
1843 2859 1961 2912 ani-

389 2962 498 3009 ma,
530 2961 650 3016 cap.
686 2947 788 3002 55:
827 2965 845 2997 ‹
872 2947 978 3001 Sed
1012 2947 1064 3001 in
1097 2947 1298 3002 aethere
1332 2948 1585 3002 dormitio
1623 2958 1805 3002 nostra
1835 2961 1960 3001 cum

394 3038 578 3105 pueris
611 3037 886 3104 Platonis;
927 3047 1020 3092 aut
1059 3039 1111 3092 in
1145 3053 1288 3102 aere,
1335 3053 1454 3092 cum
1486 3038 1654 3105 Ario;
1685 3047 1778 3092 aut
1815 3039 1962 3093 circa

393 3126 612 3194 lunam,
662 3143 782 3182 cum
837 3129 1261 3198 Endymionibus
1309 3128 1634 3184 Stoicorum.
1673 3148 1691 3182 ι
1739 3129 1960 3184 Vetusta

394 3233 608 3288 quoque
659 3218 748 3273 illa
785 3227 1068 3288 poetarum
1115 3217 1382 3286 theologia
1433 3219 1712 3273 beatorum
1750 3219 1960 3274 animas

393 3311 449 3366 in
493 3321 692 3365 terram
722 3311 1036 3380 quamdam,
1063 3311 1303 3380 Elysium
1330 3324 1523 3379 nempe
1547 3325 1757 3377 nemus,
1791 3310 1959 3380 recipi

393 3392 643 3456 canebat.
678 3401 808 3456 lude
838 3401 1168 3456 Christianis
1208 3399 1514 3467 objectabat
1542 3399 1730 3456 Celsus
1761 3414 1859 3454 nos
1893 3399 1962 3455 ab

398 3490 634 3546 ethnicis
661 3490 882 3545 edoctos
912 3490 1112 3545 dixisse
1147 3490 1387 3545 abituras
1419 3497 1540 3559 post
1583 3499 1809 3545 mortem
1847 3491 1963 3544 ani-

396 3596 513 3636 mas
547 3581 599 3634 in
632 3581 795 3634 aliam
825 3591 1026 3636 terram
1058 3582 1161 3637 hac
1189 3582 1488 3638 meliorem.
1521 3581 1656 3636 Tum
1685 3597 1812 3637 vero
1853 3597 1966 3636 ma-

396 3673 554 3741 gistri
584 3673 667 3727 sui
703 3671 988 3742 Origenem
1029 3674 1220 3744 puduit
1259 3674 1390 3746 (49),
1422 3683 1477 3728 et
1517 3689 1634 3743 qua:
1675 3690 1704 3728 a
1741 3673 1965 3729 Platone

395 3764 680 3830 didicerat,
737 3763 942 3820 referre
988 3765 1176 3820 maluit
1231 3768 1296 3820 ad
1340 3766 1611 3836 Moysem,
1668 3767 1758 3836 qui
1809 3766 1965 3821 bonis

400 3858 565 3910 Deum
596 3857 810 3911 induxit
853 3857 1265 3925 promittentem
1299 3867 1500 3912 terram
1535 3858 1674 3940 lacte
1712 3867 1766 3913 et
1810 3859 1966 3914 melle

398 3957 744 4015 manantem;
779 3947 930 4017 cujus
963 3948 1266 4019 symbolum
1301 3964 1422 4004 esse
1455 3958 1508 4005 et
1538 3949 1824 4020 imaginem
1865 3949 1964 4005 Ju-

397 4041 570 4100 dzeam
604 4042 742 4095 hanc
769 4053 1037 4095 terrenam
1061 4050 1115 4094 et
1139 4039 1439 4097 Jerusalem
1469 4042 1623 4110 dixit,
1650 4041 1802 4110 juxta
1830 4043 1969 4111 Apo-

401 4132 596 4188 stolum
647 4132 813 4188 Ilebr.
846 4149 946 4200 xtl,
973 4133 1065 4190 22.
1095 4134 1152 4188 ln
1200 4149 1389 4188 eorum
1437 4147 1812 4206 argumentum
1847 4135 1970 4205 qui-

401 4226 627 4280 busdam
661 4226 834 4280 utitur
870 4227 1090 4282 Davidis
1144 4228 1470 4283 testimoniis
1496 4270 1513 4297 ,
1544 4222 1700 4299 'frugi
1736 4227 1970 4284 homini-

399 4317 502 4370 bus
544 4331 704 4370 terraa
744 4318 1023 4387 cujusdam
1061 4318 1432 4372 haereditatem
1464 4319 1788 4388 pollicentis.
1822 4319 1969 4373 Illius

400 4423 614 4477 quoque
661 4417 822 4464 terra:
862 4423 1104 4480 gemmas
1137 4411 1206 4466 ab
1256 4411 1391 4465 Isaia
1440 4427 1554 4478 uv,
1589 4412 1676 4475 l2,
1732 4421 1966 4466 transtu-

2055 1943 2224 1997 multa
2269 1945 2465 1996 saecula
2510 1943 2563 1996 in
2615 1940 2840 1994 nihilum
2894 1936 3258 1999 dissolvenda,
3312 1948 3410 1988 nec
3441 1932 3619 1986 futura

2055 2036 2276 2104 aliquid,
2311 2036 2416 2090 nisi
2448 2049 2570 2089 cum
2603 2035 2670 2088 de
2711 2033 2976 2088 ccelorum
3023 2027 3396 2083 mansionibus
3425 2024 3622 2079 anima:

2055 2129 2122 2183 ad
2157 2129 2412 2184 inferiora
2444 2128 2684 2194 dilapsae,
2733 2123 3066 2196 indiguerint
3120 2119 3294 2183 novis,
3343 2132 3463 2187 qua:
3509 2115 3619 2169 alia

2055 2235 2270 2277 rursum
2304 2221 2456 2288 ﬁant,
2509 2217 2776 2289 prioribus
2824 2215 3045 2271 omnino
3089 2211 3299 2267 deletis.
3352 2229 3370 2260 ι
3427 2206 3618 2260 Totam

2056 2314 2196 2369 hane
2244 2314 2405 2368 etiam
2460 2313 2525 2366 de
2573 2310 2715 2367 melo
2755 2324 2914 2372 novo,
2944 2317 2996 2362 et
3047 2315 3191 2359 terra
3242 2317 3404 2366 nova,
3448 2301 3622 2369 deque

2057 2405 2264 2462 cmlesti
2310 2405 2402 2458 illo
2441 2404 2662 2466 mundo,
2718 2401 2877 2469 hujus
2918 2399 3086 2453 nostri
3136 2394 3416 2464 persimili,
3466 2408 3621 2448 como

2057 2497 2446 2553 mentationem
2470 2493 2719 2550 exsufflat
2743 2493 3104 2562 Hieronymus
3133 2489 3325 2557 cap.4,
3343 2486 3503 2556 epist.
3529 2485 3622 2550 59,

2059 2589 2126 2642 ad
2161 2589 2304 2641 Avit.
2336 2589 2406 2641 At
2443 2587 2715 2640 immerito
2748 2584 3038 2654 Origenem
3074 2580 3255 2650 culpat
3295 2575 3627 2647 Epiphanius

2059 2679 2193 2733 bmr.
2224 2693 2370 2741 LXtv,
2419 2693 2537 2748 cap.
2586 2679 2644 2738 4,
2695 2678 2836 2746 quod
2887 2674 3202 2730 Davidicum
3253 2669 3382 2723 illud
3427 2667 3624 2738 psaltn.

2057 2785 2204 2836 cxrv,
2259 2771 2310 2836 7,
2369 2788 2387 2820 ί
2445 2769 2796 2830 Convertere,
2854 2767 3032 2820 anima
3088 2780 3230 2829 mea,
3277 2765 3332 2818 in
3383 2760 3625 2830 requiem

2059 2871 2228 2927 tuam,
2261 2881 2282 2914 ι
2317 2862 2384 2917 ad
2415 2861 2658 2929 requiem
2685 2859 2827 2912 illam
2856 2858 3130 2913 caelestem
3167 2856 3433 2920 retulerit,
3463 2868 3626 2923 quam

2059 2954 2128 3008 ob
2162 2952 2425 3022 praeclara
2466 2952 2518 3005 in
2546 2952 2655 3006 vita
2692 2950 2796 3004 hac
2832 2960 2985 3020 gesta
3014 2949 3190 3001 anima
3236 2945 3626 3014 consequitur;

2063 3051 2231 3097 totum
2263 3042 2460 3112 quippe
2486 3041 2629 3093 hunc
2659 3038 2920 3109 psalmum
2946 3037 3134 3092 eodem
3171 3036 3335 3091 refert
3366 3032 3626 3088 Ecclesia.

2061 3135 2392 3205 Augustinus
2442 3133 2496 3186 in
2548 3132 2685 3186 libro
2739 3129 2816 3183 De
2845 3128 3128 3183 hwresibus
3169 3143 3238 3180 :c
3285 3125 3628 3188 Paradisum,

2062 3235 2118 3281 et
2155 3225 2345 3290 caelos,
2380 3231 2436 3278 et
2463 3223 2567 3278 alia
2597 3237 2702 3278 non
2739 3221 2968 3276 credunt
3003 3217 3360 3289 (Origeniani)
3389 3229 3510 3271 esse
3541 3228 3629 3269 se-

2063 3317 2299 3372 cundum
2338 3315 2596 3381 litteram,
2637 3315 2730 3370 sed
2785 3315 2839 3368 in
2887 3311 3166 3384 allegoria.
3206 3329 3224 3363 ι
3261 3308 3500 3378 Denique
3530 3305 3629 3361 Mi-

2064 3408 2219 3464 chael
2250 3408 2450 3478 Glycas
2487 3407 2682 3462 Annal.
2727 3414 2870 3477 part.
2905 3423 2922 3462 ι
2956 3414 3012 3461 et
3056 3420 3110 3460 IV
3153 3411 3315 3459 vexat
3343 3400 3633 3471 Origenem

2064 3503 2167 3558 hoc
2207 3505 2443 3568 nomine,
2478 3504 2756 3573 ipsiusque
2789 3501 3115 3556 sententiam
3146 3513 3176 3552 a
3219 3495 3428 3552 Joanne
3455 3491 3634 3562 Chry-

2065 3605 2304 3652 sostomo
2338 3594 2676 3667 profligatam
2707 3600 3120 3649 commemorat.

2144 3689 2260 3745 XV.
2299 3690 2551 3745 Attamen
2587 3696 2776 3744 contra
2814 3693 2892 3741 tot
2920 3681 3350 3740 adversariorum
3400 3675 3638 3733 assultus

2067 3785 2288 3856 Origeni
2331 3783 2584 3854 praesidio
2625 3791 2708 3835 est
2759 3780 2876 3833 haec
2934 3776 3105 3848 ipsius
3153 3771 3440 3830 obtestatio
3486 3769 3581 3824 lib.
3618 3783 3637 3822 ι

2067 3880 2209 3950 Περὶ
2232 3879 2454 3949 ἀρχῶν,
2489 3891 2610 3945 cap.
2645 3876 2700 3940 6,
2733 3889 2879 3927 num.
2918 3874 2970 3936 l,
2999 3885 3102 3939 qua
3127 3869 3336 3922 animos
3377 3863 3635 3918 lectorum

2069 3975 2136 4029 ad
2188 3987 2349 4042 supra
2395 3969 2642 4038 exposita
2671 3967 2918 4036 dogmata
2962 3963 3037 4016 ita
3086 3958 3410 4030 prmmunit:
3450 3971 3471 4006 ι
3507 3954 3638 4021 Quae

2069 4065 2285 4136 quidem
2313 4078 2344 4117 a
2380 4061 2534 4116 nobis
2566 4059 2729 4114 etiam
2767 4073 2889 4112 cum
2929 4068 3128 4124 magno
3165 4059 3308 4105 metu
3335 4058 3391 4103 et
3427 4045 3638 4104 cautela

2071 4158 2346 4221 dicuntur,
2380 4152 2796 4209 discutientibus
2835 4147 3008 4217 magis
3054 4153 3110 4200 et
3157 4139 3638 4213 pertractantibus,

2070 4264 2230 4320 quam
2265 4263 2366 4319 pro
2399 4255 2548 4302 certo
2573 4260 2638 4299 ac
2667 4241 2890 4298 definito
2927 4235 3312 4293 statuentibus.
3340 4232 3639 4287 lndicatum

2071 4355 2304 4409 namque
2354 4354 2383 4393 a
2425 4337 2582 4392 nobis
2637 4337 2690 4390 in
2741 4332 3114 4401 superioribus
3150 4338 3253 4393 est,
3284 4341 3406 4396 qtae
3436 4323 3544 4379 sint
3574 4320 3642 4376 de

2070 4433 2267 4502 quibus
2301 4430 2590 4486 manifesto
2620 4429 2870 4495 dogmate
2925 4420 3322 4477 terminandum
3367 4417 3459 4481 sit,
3500 4415 3642 4484 quod

401 4501 530 4555 lisse
563 4499 842 4556 Platonem
896 4501 1213 4568 arbitratur,
1264 4517 1328 4556 ac
1379 4503 1586 4573 reliqua
1625 4502 1809 4556 itidem
1851 4517 1970 4571 qua:
2003 4527 2048 4582 υ
2077 4499 2131 4578 έι
2153 4537 2252 4591 pro
2281 4519 2487 4575 viribus
2526 4532 2626 4571 nos
2666 4515 2856 4570 fecisse
2893 4520 3060 4580 puto,
3095 4523 3218 4563 Cum
3266 4507 3334 4559 de
3379 4502 3644 4558 Τΐίηίιθιθ

405 4593 471 4647 ad
510 4595 648 4648 hanc
689 4592 926 4648 fabulam
979 4595 1283 4664 pertinent,
1338 4596 1792 4663 quemadmodum
1837 4605 1893 4649 et
1941 4609 1973 4648 a

408 4685 612 4756 Moyse,
647 4686 874 4755 aliisque
903 4687 1201 4756 prophetis.
1231 4689 1484 4758 Aggaeum
1503 4701 1630 4742 vero
1655 4687 1972 4741 nominatim

405 4781 608 4846 laudat,
652 4781 745 4849 qui
773 4795 893 4850 cap.
927 4796 991 4847 ιι,
1024 4796 1165 4837 vers.
1189 4781 1245 4844 7,
1271 4790 1470 4835 terram
1505 4781 1572 4835 ab
1616 4779 1766 4834 arida
1797 4778 1974 4832 mani-

407 4875 545 4928 feste
570 4874 876 4943 distinguit.

478 4964 618 5019 XIV.
654 4963 1013 5036 Origenianos
1044 4979 1259 5021 errores
1288 4963 1442 5020 libris
1478 4963 1619 5033 Περὶ
1662 4963 1866 5033 ἀρχῶν
1893 4963 1976 5018 in-

410 5068 587 5114 sertos
607 5074 937 5128 percensens
967 5059 1326 5130 Hieronymus
1352 5058 1404 5112 in
1433 5059 1592 5128 epist.
1619 5057 1787 5122 59,ad
1813 5057 1980 5120 Avit.,

413 5160 742 5206 memoratos
771 5151 893 5206 illos
927 5152 995 5206 de
1023 5165 1274 5219 suprema
1318 5149 1598 5216 felicitate,
1645 5165 1708 5204 ac
1750 5147 1983 5203 diversis

414 5243 690 5298 felicitatis
736 5243 997 5312 gradibus
1045 5244 1270 5297 minime
1319 5241 1689 5311 praetermisit.
1737 5239 1980 5295 Primum

411 5332 570 5401 hujus
609 5333 850 5402 epistolae
895 5341 1060 5403 caput
1100 5333 1202 5402 legi
1229 5333 1411 5390 velim.
1455 5349 1519 5388 ac
1553 5333 1783 5388 alterum
1829 5331 1981 5395 item,

411 5426 554 5494 quod
583 5426 634 5479 in
672 5427 756 5482 his
788 5427 994 5493 verbis,
1029 5441 1060 5481 e
1089 5426 1195 5480 ﬁne
1235 5426 1460 5480 secundi
1489 5425 1567 5480 De
1615 5425 1886 5495 principiis
1914 5423 1982 5476 li-

416 5513 498 5568 bri
530 5516 736 5583 petitis,
769 5515 1006 5570 desinit:
1039 5533 1060 5568 c
1089 5516 1335 5585 Cumque
1365 5516 1643 5570 intantum
1679 5515 1982 5585 profeceri-

415 5619 552 5668 mus,
587 5614 646 5658 ut
674 5620 1015 5676 nequaquam
1047 5621 1237 5662 carnes
1269 5616 1323 5662 et
1352 5621 1600 5676 corpora,
1645 5607 1872 5664 forsitan
1915 5626 1981 5667 ne

486 5715 531 5746 ‘°
556 5715 710 5771 Joan.
741 5733 870 5784 XVI',
897 5718 985 5772 15.

491 5808 598 5883 (49)
628 5811 775 5883 Orig.
807 5813 899 5872 lib.
931 5828 1001 5869 vn
1030 5823 1211 5867 contra
1246 5811 1476 5881 Celsum,
1509 5829 1656 5868 num.
1687 5813 1777 5880 Ψ),
1809 5814 1894 5868 50.

2081 4615 2445 4683 loqueremur.
2479 4607 2630 4662 Nunc
2665 4616 2846 4661 autem
2886 4599 3196 4671 disputandi
3237 4597 3418 4667 specie
3450 4591 3640 4660 magis,

2075 4721 2238 4776 quam
2293 4702 2603 4766 definiendi,
2661 4706 2822 4769 prout
2867 4709 3176 4767 possumus,
3229 4700 3566 4746 exercemur.
3619 4701 3638 4734 ι

2076 4800 2158 4854 Ad
2194 4799 2310 4853 haec
2346 4797 2488 4851 libro
2521 4792 2788 4864 sequenti,
2835 4806 2956 4859 cap.
3003 4788 3058 4852 5,
3110 4800 3257 4840 num.
3303 4780 3359 4845 6,
3394 4779 3522 4850 quid
3553 4783 3646 4831 aut

2077 4904 2186 4960 quo
2219 4887 2338 4942 loco
2382 4885 2454 4941 sit
2496 4885 2599 4939 iste
2627 4883 2881 4946 mundus,
2916 4895 2945 4933 e
2969 4892 3076 4948 quo
3106 4875 3324 4929 venisse
3358 4885 3418 4926 se
3446 4864 3648 4960 signifi-

2079 4957 2236 5037 cabat
2271 4979 2548 5041 Servator,
2579 4989 2700 5031 cum
2751 4973 2984 5036 dicebat,
3043 4986 3062 5020 ι
3103 4968 3214 5037 Ego
3275 4979 3379 5019 non
3419 4976 3534 5016 sum
3581 4957 3648 5011 de

2080 5075 2186 5129 hoc
2223 5071 2422 5125 mundo
2472 5070 2539 5138 ⁸⁸,
2591 5088 2610 5121 ›
2668 5083 2775 5122 non
2816 5065 2954 5119 satis
3001 5068 3315 5116 constanter
3364 5050 3643 5138 prodidit;

2085 5176 2104 5210 ι
2149 5159 2256 5212 Sed
2310 5167 2490 5211 utrum
2528 5137 2777 5209 mundus
2835 5152 2959 5211 iste,
3022 5146 3216 5216 inquit,
3264 5157 3421 5212 quem
3459 5137 3647 5195 sentiri

2079 5249 2218 5314 vult,
2270 5259 2554 5320 separatus
2603 5248 2671 5302 ab
2711 5246 2816 5300 hoc
2869 5243 2962 5306 sit,
2999 5240 3264 5310 longeque
3290 5231 3524 5295 divisus,
3563 5227 3648 5280 vel

2080 5340 2219 5408 loco,
2249 5341 2333 5395 vel
2367 5338 2652 5410 qualitate,
2710 5335 2794 5390 vel
2840 5332 3050 5403 gloria;
3101 5344 3168 5382 an
3202 5324 3370 5397 gloria
3405 5320 3647 5410 quidem,

2082 5441 2138 5487 et
2189 5409 2451 5501 qualitate
2498 5427 2793 5497 praecellat,
2841 5425 2983 5478 intra
3029 5429 3212 5474 tamen
3260 5413 3444 5470 mundi
3487 5409 3649 5501 huius

2083 5498 2639 5590 circumscriptionem
2675 5516 3015 5580 cohibeatur,
3050 5508 3191 5578 quod
3222 5514 3279 5561 et
3303 5502 3435 5557 mihi
3477 5498 3648 5570 magis

2086 5613 2385 5672 verisimile
2409 5611 2648 5676 videtur,
2685 5609 2950 5665 incertum
2981 5610 3162 5657 tamen
3205 5605 3314 5664 est,
3336 5601 3395 5649 ut
3422 5604 3523 5660 ego
3555 5601 3646 5644 ar-
