4170 6402
595 335 736 390 10ὶὸ

1871 337 1929 391 Ρ.
1976 334 2292 390 DANiELlS
2332 334 2566 390 HUETII

3719 337 3855 392 {03L

596 451 795 516 bitror,
826 461 879 506 et
911 453 1161 509 humanis
1201 455 1379 511 adhuc
1434 457 1851 527 cogitationibus
1890 468 1946 512 et
1975 458 2169 511 menti-
2196 465 2244 518 Α
2278 470 2421 518 ram,
2458 470 2581 509 cum
2614 456 2753 508 Deus
2788 453 2895 508 erit
2924 455 3107 509 omnia
3142 454 3197 509 in
3228 455 3523 519 omnibus;
3570 459 3855 524 consequi-

591 543 695 599 hus
741 545 1055 598 inusitatum
1096 562 1167 611 ;›
1227 546 1421 602 deinde
1463 550 1661 618 triplici
1709 551 1774 605 de
1826 565 2011 604 rerum
2038 564 2169 602 con-

592 638 953 691 summatione
992 648 1047 693 et
1098 653 1311 694 summa
1351 642 1686 697 beatitudine
1735 643 2012 714 proposita
2049 657 2172 695 sen-

590 727 790 792 tentia,
862 729 928 781 ad
999 729 1299 798 quamlibet
1370 737 1799 802 persequendam
1878 734 2172 802 unicuique

586 820 799 874 arbitrii
855 821 940 874 sui
1003 821 1309 878 libertatem
1375 826 1661 894 permittit.
1718 825 1788 879 Et
1836 834 2168 895 postremum

591 910 808 964 tandem
868 921 1032 980 caput
1082 912 1205 968 libri
1243 929 1328 979 ιιι,
1380 914 1459 968 De
1515 916 1770 985 pt‘incip.,
1801 916 1944 985 quod
1975 925 2058 970 est
2092 913 2169 968 De

584 1004 1047 1056 consummatione
1073 1006 1279 1071 mundi,
1310 1004 1514 1061 claudit
1541 1008 1625 1062 bis
1661 1007 1841 1061 verbis
1866 1026 1880 1062 :
1910 1026 1930 1060 ι
1969 1007 2167 1063 Hacte-

586 1108 690 1146 nus
724 1094 881 1147 nobis
906 1096 1069 1149 etiam
1103 1111 1611 1165 corporeaenaturaa
1643 1099 1723 1153 vel
1749 1100 2012 1167 spiritalis
2040 1114 2166 1155 cor-

585 1179 735 1248 poris
768 1179 978 1234 ratione
1025 1184 1293 1248 discussa,
1347 1187 1578 1241 arbitrio
1631 1186 1859 1253 legentis
1904 1190 2161 1258 relinqui-

584 1287 730 1331 mus.
777 1286 845 1327 ex
886 1285 1115 1339 utroque
1170 1280 1317 1348 quod
1366 1280 1560 1336 melius
1610 1281 1937 1350 iudicaverit
1966 1283 2166 1353 eligen-

583 1362 733 1416 dum.
766 1382 785 1415 ι
843 1364 1071 1421 llomilia
1114 1367 1186 1423 23
1241 1369 1295 1421 in
1339 1365 1542 1436 Iosue,
1590 1388 1742 1429 num.
1787 1373 1842 1439 4,
1875 1383 2163 1443 postquam

592 1470 703 1510 .oca
756 1457 1000 1513 caelestia
1058 1461 1142 1520 his
1194 1462 1548 1519 terrestribus
1595 1465 1793 1520 similia
1839 1468 2161 1535 assignavit,

580 1546 850 1616 ejusmodi
913 1553 1175 1623 mysteria
1235 1556 1588 1612 veneratione
1645 1557 1808 1629 digna
1851 1567 1907 1613 et
1948 1560 2164 1614 silentio

581 1653 706 1693 esse
735 1640 1004 1709 declarat,
1036 1659 1139 1699 nec
1178 1659 1208 1697 a
1241 1647 1556 1701 mortalium
1614 1662 1911 1718 quoquam,
1939 1664 2007 1703 ne
2030 1651 2163 1718 ipsis

579 1732 802 1800 quidem
851 1736 1119 1802 apostolis
1165 1737 1408 1806 perfecte
1455 1739 1690 1809 proferri
1728 1756 1906 1811 posse.
1954 1740 2159 1809 Quam-

2277 555 2364 600 tur
2395 544 2546 599 illinc
2584 546 2895 599 necessario
2933 545 3174 599 desitura
3225 547 3605 600 damnatorum
3647 550 3851 616 suppli-

2272 641 2380 701 cia,
2411 652 2585 706 eaque
2614 653 2877 692 noxarum
2927 638 3193 691 duntaxat
3235 640 3573 708 expurgandi
3620 655 3783 695 causa
3821 657 3850 694 a

2272 729 2385 784 Deo
2418 730 2729 783 hominibus
2758 727 2948 798 intligi.
2970 728 3217 783 Hominis
3238 739 3386 784 esset
3418 730 3849 799 intemperantis,

2271 841 2449 895 neque
2482 826 2616 880 satis
2649 825 2880 892 tempori
2906 824 3181 893 parcentis
3209 838 3328 889 suo,
3358 838 3698 893 quaecunque
3744 838 3849 879 ve-

2270 916 2423 970 sania
2463 915 2567 969 hac
2598 914 2767 969 oblita
2819 914 2873 968 in
2924 914 3275 984 Origenianis
3317 913 3726 968 commentariis
3769 927 3850 968 re-

2270 1008 2577 1077 periuntur,
2614 1006 2803 1062 lectori
2844 1007 3183 1063 recensenda
3221 1006 3492 1077 objicere;
3538 1007 3674 1061 adeo
3705 1006 3846 1060 mul-

2269 1106 2355 1153 tus
2380 1108 2465 1153 est
2493 1100 2546 1153 in
2574 1100 2677 1155 hoc
2701 1101 2958 1169 dogmate
2983 1099 3286 1169 prodendo,
3338 1107 3394 1153 et
3431 1100 3652 1154 odiosus
3696 1100 3845 1154 Ada-

2268 1193 2527 1248 mantius.
2564 1193 2669 1247 Sed
2727 1208 2795 1247 ne
2837 1209 2935 1248 nos
2992 1203 3175 1246 tamen
3220 1205 3250 1245 a
3300 1206 3451 1245 more
3498 1190 3846 1246 deﬂectamus

2268 1293 2476 1345 nostro,
2512 1283 2744 1338 illustria
2778 1283 2950 1338 solum
2973 1283 3096 1337 fidei
3121 1296 3284 1336 causa
3314 1296 3659 1352 seponemus.
3689 1280 3844 1337 Prior

2265 1375 2507 1431 occurrit
2562 1374 2713 1430 locus
2759 1375 2945 1429 homil.
2994 1374 3028 1428 7
3083 1377 3138 1429 in
3177 1375 3368 1439 lavit,
3416 1375 3471 1428 in
3502 1389 3607 1443 qua
3637 1374 3844 1443 prolixe

2267 1466 2508 1537 disputat
2534 1467 2804 1537 quomodo
2831 1464 2977 1520 Patri
3009 1465 3289 1534 subjectus
3319 1465 3490 1520 Filius
3509 1465 3613 1519 dici
3650 1466 3839 1535 possit,

2267 1558 2616 1627 ostenditque
2665 1555 2861 1611 Filium
2921 1565 3148 1612 eatenus
3205 1555 3313 1611 dici
3366 1554 3517 1610 Patri
3567 1570 3674 1610 non
3721 1571 3843 1611 esse

2265 1653 2595 1723 subjectum,
2621 1658 3043 1720 quatenus'nos,
3075 1649 3165 1716 qui
3217 1662 3405 1703 sumus
3430 1646 3635 1702 Christi
3667 1660 3840 1702 mem-

2264 1744 2383 1808 bra,
2419 1742 2563 1797 Patri
2593 1741 2822 1796 minime
2863 1738 3090 1807 subjecti
3137 1754 3345 1794 sumus.
3387 1757 3406 1790 ι
3452 1737 3587 1793 Cum
3615 1752 3765 1804 vero,
3814 1755 3837 1791 ι

576 1826 763 1877 obrem
788 1834 844 1879 et
866 1825 1004 1880 libro
1050 1844 1103 1881 tv
1145 1830 1287 1899 Περὶ
1314 1830 1537 1899 ἀρχῶν,
1572 1848 1720 1887 num.
1758 1833 1851 1899 25,
1880 1849 2003 1904 pag.
2034 1835 2150 1901 1861

2266 1837 2464 1906 inquit,
2488 1848 2637 1888 num.
2665 1832 2722 1896 2,
2768 1846 2895 1902 pag.
2935 1831 3063 1897 221,
3127 1849 3148 1883 ς
3190 1831 3646 1886 consummaverit
3701 1845 3842 1901 opus

578 1928 803 1985 regnum
831 1919 1094 1975 cmlorum
1129 1922 1389 1980 thesauro
1420 1925 1472 1979 in
1507 1940 1641 1995 agro
1674 1925 1995 1983 abscondito
2020 1942 2163 1983 com-

576 2018 827 2078 paratum
860 2010 1032 2067 fuisse
1060 2024 1235 2082 putat.

651 2098 1065 2167 Verumtamen,
1114 2107 1364 2176 quamvis
1401 2108 1611 2179 liquido
1663 2120 1720 2168 et
1772 2112 1891 2169 sine
1934 2114 2161 2183 ambage

575 2204 963 2261 asseverasset,
1007 2212 1128 2268 qna:-
1172 2200 1416 2256 incertus
1474 2207 1783 2273 proposuit,
1846 2217 2158 2261 sanctorum

575 2282 782 2353 aliquot
810 2285 1050 2342 virorum
1085 2288 1362 2360 suﬂ‘ragiis
1393 2303 1449 2347 et
1476 2309 1746 2350 consensu
1781 2296 2155 2366 adjuvaretur.

571 2375 824 2432 Clemens
867 2378 1266 2436 Alexandrinus
1312 2382 1407 2438 lib.
1472 2400 1514 2439 ιι
1570 2385 1769 2441 Strom.
1818 2388 1869 2442 id
1919 2387 2160 2446 Platonis

572 2469 810 2539 axioma,
857 2487 966 2543 quo
1022 2482 1135 2529 tum
1182 2476 1400 2530 beatum
1456 2478 1728 2534 hominem
1779 2495 1898 2537 esse
1946 2482 2155 2551 dellnit,

570 2577 696 2616 cum
743 2563 852 2619 Deo
904 2565 1098 2621 similis
1142 2577 1246 2632 est,
1290 2569 1590 2639 Scriptura:
1621 2586 1793 2627 sacrre
1830 2575 2159 2630 auctoritate

571 2655 836 2712 defendit.
876 2656 951 2711 De
980 2662 1141 2715 modo
1188 2677 1250 2717 ac
1286 2662 1403 2718 loco
1440 2664 1718 2721 felicitatis
1751 2675 2084 2733 sanctorum,
2125 2684 2156 2724 a

569 2748 761 2816 primis
818 2765 989 2820 usque
1047 2751 1300 2808 Ecclesiae
1364 2757 1694 2825 temporibus
1751 2757 1820 2811 ad
1887 2759 2156 2821 Innocen-

572 2840 705 2893 tium
729 2838 796 2894 lll
825 2849 879 2896 et
909 2842 1248 2899 Benedictum
1272 2845 1361 2914 XI,
1386 2861 1451 2901 ac
1470 2847 1834 2903 Florentinam
1859 2850 2154 2921 synodum,

567 2931 702 2986 nihil
734 2933 869 2988 certi
897 2934 998 2987 fuit
1024 2936 1092 2989 ab
1128 2935 1376 2993 Ecclesia
1403 2940 1811 3011 praescriptum,
1843 2944 1980 2997 adeo
2011 2951 2071 2996 ut
2099 2942 2152 2996 in

569 3023 791 3078 diversa
824 3023 1017 3081 Patres
1050 3028 1305 3084 abierint.
1344 3030 1544 3086 Eorum
1568 3035 1874 3090 sententias
1904 3043 1957 3091 et
1998 3034 2154 3089 testi-

508 3148 513 3153 -
565 3117 748 3169 monia
775 3118 992 3185 collegit
1027 3118 1216 3175 Slxtus
1261 3121 1523 3178 Senensis
1566 3123 1661 3178 lib.
1694 3140 1729 3178 v
1786 3123 1953 3193 Bibl.,
1982 3130 2152 3183 adno-

567 3214 667 3260 tat.
704 3207 830 3273 545,
863 3218 921 3263 ιιι
946 3209 1001 3263 in
1036 3210 1229 3265 iisdem
1257 3211 1364 3267 huc
1393 3216 1721 3283 reponendis
1743 3231 2147 3286 supervacanea

562 3301 743 3356 otnnis
770 3316 893 3357 esse
933 3316 1097 3371 opera
1146 3304 1418 3361 videatur.
1462 3306 1667 3362 Prmter
1688 3323 1784 3364 eos
1816 3311 1907 3379 qui
1933 3312 2001 3366 ab
2033 3312 2150 3382 ipso

562 3394 980 3448 commemorati
1022 3402 1168 3461 sunt,
1198 3397 1334 3450 adiri
1367 3397 1530 3451 velim
1562 3398 1823 3469 Cypriani
1856 3403 2149 3470 epistolam

564 3480 657 3544 52,
690 3482 758 3537 ad
813 3482 1210 3553 Antonianum,
1264 3485 1623 3543 Novatiannm
1672 3491 1766 3549 lib.
1824 3492 1902 3548 De
1930 3494 2149 3561 Trinit.,

563 3586 685 3643 cap.
717 3576 787 3639 1;
831 3575 1187 3631 Athanasium
1232 3579 1286 3632 in
1347 3577 1689 3648 Expositione
1741 3584 1889 3654 ﬁdei,
1934 3588 2151 3656 paradi-

561 3679 681 3719 sum
705 3665 900 3720 latroni
925 3681 955 3720 a
984 3665 1204 3724 Christo
1235 3669 1288 3723 in
1317 3684 1482 3726 cruce
1506 3674 1856 3740 promissum,
1879 3690 2003 3732 eum
2029 3694 2150 3735 esse

563 3767 878 3811 censentem
921 3759 1061 3815 unde
1093 3760 1334 3818 Adamus
1380 3763 1589 3834 ejectus
1635 3775 1740 3831 est,
1788 3783 1910 3823 cum
1946 3769 2148 3842 Cyrillo

560 3848 1013 3922 Jerosolymitano
1069 3852 1282 3911 Cateclt.
1311 3868 1535 3927 τιτθείας.
1580 3875 1622 3925 ι,
1675 3860 1878 3916 Basilio
1918 3863 1970 3917 in
2006 3864 2147 3920 libro

562 3940 642 3995 De
672 3942 944 4010 paradiso,
998 3952 1054 3999 et.
1099 3961 1221 4008 cat).
1258 3947 1326 4002 27
1363 3949 1488 4005 libri
1538 3951 1617 4005 De
1669 3950 1875 4020 Spiritu
1919 3966 2144 4023 sancto;

560 4033 825 4102 Gregorio
850 4034 1099 4106 Nysseno
1129 4039 1181 4092 in
1209 4049 1354 4098 orat.
1393 4043 1450 4094 in
1474 4044 1828 4115 quadraginta
1862 4059 2141 4117 martyres,

560 4133 618 4176 et
637 4123 865 4181 Paulino
890 4127 1116 4195 Nolano,
1134 4130 1273 4185 idem
1298 4134 1664 4189 sentientibus
1684 4151 1747 4188 ac
1775 4139 1949 4192 sensit
1977 4142 2145 4194 Atha-

558 4215 769 4270 nasius.
801 4219 1044 4272 Adeatur
1071 4226 1124 4274 et
1157 4220 1500 4291 Epiphanius
1545 4223 1599 4278 in
1649 4225 1809 4295 epist.
1860 4231 1927 4281 ad
1981 4228 2139 4284 Joan.

555 4302 904 4377 Jerosolym.,
936 4324 1057 4378 cap.
1107 4311 1164 4378 4,
1212 4320 1267 4366 et
1320 4313 1372 4367 in
1403 4315 1691 4382 Ancorato,
1727 4332 1846 4388 cap.
1881 4318 1975 4383 54,
2008 4320 2136 4374 alibi

555 4399 867 4464 paradisum
895 4402 1191 4467 collocans,
1243 4405 1373 4461 alibi
1416 4406 1659 4472 caelum;
1700 4418 1758 4463 et
1804 4409 2142 4479 Augustinus

2263 1940 2445 1987 suum,
2480 1933 2535 1979 θῑ
2573 1924 2885 1978 universam
2918 1932 3231 1976 creaturam
3286 1936 3437 1975 suam
3470 1921 3536 1975 ad
3569 1936 3841 1976 summum

2262 2015 2614 2087 perfectionis
2639 2015 2955 2081 adduxerit,
2984 2022 3112 2069 tunc
3156 2014 3272 2084 ipse
3305 2013 3522 2068 dicetur
3563 2013 3842 2082 subjectus

2264 2108 2317 2162 in
2354 2107 2440 2162 his
2465 2121 2602 2176 quos
2624 2106 2865 2161 subdidit
2890 2105 3061 2168 Patri,
3094 2114 3151 2159 et
3186 2106 3239 2158 in
3283 2104 3484 2174 quibus
3516 2118 3652 2173 opus
3693 2106 3841 2174 quod

2261 2200 2309 2256 ei
2338 2199 2504 2255 Pater
2530 2198 2757 2253 dederat
2784 2196 3206 2262 consummavit,
3237 2206 3297 2250 ut
3327 2198 3372 2250 si
3399 2194 3543 2251 Deus
3571 2198 3753 2250 omnia
3784 2197 3842 2250 in

2259 2293 2532 2347 omnibus.
2570 2308 2589 2343 ι
2634 2287 2927 2357 Subjungit
2955 2288 3149 2343 deinde
3187 2287 3465 2342 Christum
3508 2296 3620 2342 tum
3649 2288 3839 2342 vinum

2260 2384 2581 2447 bibiturum,
2626 2400 2646 2433 ι
2698 2396 2824 2436 cum
2869 2379 3109 2448 subjecta
3180 2378 3233 2433 ci
3271 2378 3474 2433 fuerint
3523 2378 3731 2445 omnia,
3781 2388 3841 2435 et

2260 2473 2484 2530 salvatis
2518 2472 2777 2528 omnibus
2807 2485 2871 2525 ac
2898 2470 3173 2525 destructa
3204 2478 3381 2524 morte
3405 2470 3641 2539 peccati,
3691 2469 3839 2525 ultra

2253 2565 2366 2636 jam
2407 2566 2773 2621 necessarium
2810 2578 2913 2619 non
2954 2564 3061 2618 erit
3099 2561 3296 2620 oﬂ'crre
3324 2565 3531 2621 hostias
3560 2579 3660 2635 pro
3699 2579 3837 2635 pec-

2259 2668 2403 2715 cato.
2438 2677 2457 2711 ι
2494 2658 2655 2713 Addit
2677 2656 2838 2728 paulo
2876 2665 3039 2725 post:
3076 2673 3098 2708 ι
3127 2656 3347 2723 Quanto
3371 2658 3546 2726 magis
3576 2658 3839 2712 Dominus

2258 2762 2314 2806 et
2339 2750 2593 2807 Salvator
2631 2759 2838 2815 noster,
2885 2751 2979 2822 qui
3031 2761 3195 2819 caput
3244 2759 3297 2805 et
3322 2758 3514 2805 auctor
3559 2756 3644 2805 est
3665 2748 3838 2804 totius

2257 2844 2526 2914 corporis,
2576 2859 2683 2898 non
2717 2844 2820 2900 sibi
2856 2841 3155 2914 perfectam
3208 2842 3340 2897 dicit
3388 2856 3513 2897 esse
3562 2842 3832 2908 ltetitiam,

2256 2936 2429 2992 donec
2454 2936 2660 3006 aliquid
2703 2952 2771 2993 ex
2822 2938 3087 2995 membris
3139 2935 3331 2991 deesse
3363 2936 3580 3005 corpori
3615 2948 3718 2989 suo
3755 2934 3842 2990 vi-

2254 3027 2403 3082 det?
2450 3046 2472 3081 ι
2528 3027 2932 3099 Subjectiouem
3010 3030 3154 3085 illam
3196 3028 3359 3084 simili
3399 3028 3559 3082 modo
3606 3026 3837 3096 exponit

2254 3119 2351 3175 lib.
2396 3135 2457 3174 ιιι
2494 3121 2635 3188 Περὶ
2664 3120 2887 3191 ἀρχῶν,
2923 3137 3045 3190 cap.
3082 3122 3138 3187 5,
3181 3135 3333 3175 num.
3377 3119 3434 3185 6,
3482 3133 3605 3175 cum
3640 3117 3837 3173 scribit

2254 3211 2533 3267 Christum
2573 3212 2627 3267 in
2657 3214 2951 3283 semetipso
2980 3212 3435 3282 complectentem
3463 3223 3654 3266 onmes
3692 3224 3837 3280 quos

2253 3303 2485 3372 subjecit
2523 3303 2694 3371 Patri,
2731 3314 2787 3359 et
2808 3306 2899 3375 qui
2928 3305 3092 3375 hujus
3131 3319 3234 3376 ope
3272 3305 3498 3359 salutem
3546 3306 3832 3360 consecuti

2251 3403 2397 3459 sunt,
2450 3410 2575 3450 cum
2608 3396 2745 3464 ipsis
2773 3407 2830 3452 et
2878 3398 2930 3452 in
2961 3397 3095 3467 ipsis
3141 3398 3289 3452 Patri
3341 3396 3642 3472 subjectum
3695 3396 3833 3450 dici.

2251 3484 2536 3542 Subnectit
2563 3498 2748 3558 postea
2770 3504 2919 3544 num.
2950 3489 2983 3542 7
3010 3506 3024 3543 :
3052 3507 3071 3539 ε
3096 3487 3152 3544 Si
3185 3500 3312 3556 ergo
3336 3489 3475 3542 bona
3505 3497 3560 3541 et
3579 3486 3836 3541 salutaris

2251 3580 2523 3648 accipitur
2548 3580 2653 3635 ista
2685 3580 2975 3648 subjectio,
3002 3596 3107 3650 qua
3146 3579 3426 3649 subjectus
3457 3593 3581 3633 esse
3623 3578 3834 3633 dicitur

2252 3669 2421 3725 Filius
2443 3669 2612 3736 Patri,
2639 3671 2792 3725 valde
2844 3686 3188 3740 consequens
3220 3681 3275 3725 et
3315 3671 3595 3725 cohaerens
3622 3678 3729 3733 est,
3772 3679 3834 3723 ut

2251 3759 2598 3815 inimicorum
2666 3775 2786 3829 qua:
2836 3761 3037 3816 dicitur
3077 3760 3214 3816 Filio
3248 3761 3346 3815 Dei
3382 3774 3507 3814 esse
3537 3759 3829 3829 subjectio,

2250 3852 2507 3906 salutaris
2567 3854 2813 3921 quaedam
2864 3852 3190 3922 intelligatur
3245 3862 3301 3907 et
3336 3852 3528 3906 utilis:
3579 3863 3641 3905 ut
3680 3854 3829 3906 sicut

2249 3959 2372 4000 cum
2414 3944 2615 3999 dicitur
2649 3944 2821 4000 Filius
2872 3944 3023 3999 Patri
3076 3944 3373 4012 subjectus,
3413 3944 3652 4013 perfecta
3702 3944 3828 3996 uni-

2247 4046 2419 4087 versae
2481 4044 2747 4090 creaturm
2799 4037 3076 4091 restitutio
3140 4036 3451 4092 declaratur
3497 4051 3513 4102 ;
3581 4035 3654 4089 ita
3697 4048 3826 4089 cum

2248 4122 2388 4179 Filio
2420 4124 2513 4180 Dei
2546 4127 2750 4181 inimici
2796 4128 3054 4182 dicuntur
3089 4142 3212 4182 esse
3245 4127 3504 4196 subjecti,
3547 4126 3824 4196 subjecto-

2249 4232 2366 4270 rum
2421 4219 2567 4273 salus
2607 4220 2659 4273 in
2691 4235 2758 4274 eo
2796 4220 3149 4291 intelligatur,
3185 4228 3240 4275 et
3269 4219 3547 4288 reparatio
3578 4219 3826 4289 perdito-

2244 4324 2387 4362 rum.
2420 4327 2438 4361 ι
2472 4307 2569 4365 His
2596 4321 2900 4365 consonant
2922 4325 3043 4379 qua:
3084 4311 3342 4380 leguntur
3378 4311 3430 4363 in
3478 4311 3583 4364 fine
3619 4319 3826 4363 tracta-

2248 4408 2336 4454 tus
2388 4415 2524 4454 xxtn
2594 4401 2648 4453 in
2703 4400 2922 4467 ιΙαιιΙι.,
2975 4418 3126 4455 ιιιιιιι.
3182 4405 3237 4457 8.
3293 4402 3401 4456 Sed
3440 4412 3496 4457 et
3547 4402 3828 4470 aliquade

554 4487 652 4541 lib.
709 4505 779 4542 xx
831 4490 907 4544 De
955 4494 1100 4548 civit.
1144 4493 1265 4560 Dei,
1311 4498 1541 4566 cap.‘u
1569 4508 1624 4552 et
1663 4498 1752 4560 16,
1783 4499 1837 4553 in
1867 4501 2137 4570 aliquibus
2175 4514 2219 4569 ι)
2244 4492 2576 4562 subjectione
2624 4494 2711 4547 illa
2751 4494 2872 4548 Filii
2913 4494 3132 4550 disserit
3185 4504 3348 4551 tract.
3373 4510 3509 4563 xxx,
3542 4510 3690 4549 num.
3728 4493 3824 4561 55,

553 4576 774 4648 Origeni
810 4583 1181 4651 consentiens,
1217 4594 1273 4639 et
1306 4595 1498 4643 auctor
1529 4588 1895 4653 Quaestionum
1922 4591 1993 4643 ad
2022 4595 2134 4647 An-

552 4670 807 4735 tiochum,
846 4671 1156 4729 hominibus
1189 4676 1572 4731 absconditum
1621 4676 1746 4741 hoc,
1798 4687 1854 4732 et
1892 4678 2132 4747 ignotum

552 4777 673 4820 esse
703 4769 1021 4838 mysterium
1050 4769 1291 4829 ediceus.

633 4857 773 4913 XVI.
812 4860 958 4916 Satis
1000 4877 1067 4917 ex
1107 4863 1503 4932 superioribus,
1550 4865 1716 4921 etiam
1776 4883 1864 4922 mc
1911 4868 2129 4932 silente,

552 4950 832 5020 colligitur
859 4953 1446 5024 damnatorum'ptenis
1481 4960 1700 5012 modum
1747 4958 2040 5028 aliquando
2080 4958 2148 5016 et

553 5044 713 5098 linem
764 5061 832 5100 ex
884 5047 1110 5101 decreto
1164 5047 1420 5118 Origenis
1470 5051 1781 5117 impositum
1845 5052 1952 5107 iri:
2006 5067 2130 5107 cum

549 5139 694 5191 enim
740 5138 982 5193 futurum
1029 5149 1184 5195 ratus
1224 5140 1320 5205 sit,
1368 5151 1429 5195 ut
1474 5157 1860 5212 quemcunque
1916 5153 2135 5200 teneant

550 5240 750 5283 statum
790 5229 1011 5294 animat,
1043 5243 1273 5298 peccare
1323 5232 1554 5299 possint,
1589 5240 1645 5285 et
1678 5233 1858 5302 reipsa
1891 5247 2133 5303 persaepe

550 5331 799 5392 peccent,
838 5336 902 5376 ac
943 5337 1046 5390 pro
1082 5325 1324 5393 peccatis
1363 5324 1449 5379 vel
1497 5324 1708 5379 meritis
1738 5335 1997 5393 perpetuo
2019 5327 2131 5381 cir-

551 5416 694 5469 taitu
723 5414 792 5469 ab
815 5414 938 5468 imis
973 5415 1041 5468 ad
1075 5430 1311 5480 summa,
1337 5432 1366 5471 a
1396 5417 1627 5471 summis
1675 5418 1741 5470 ad
1789 5418 1895 5471 ima
1950 5419 2131 5474 revol-

560 5514 780 5570 vantur,
812 5506 1090 5576 ipsiusque
1136 5507 1335 5562 diaboli
1390 5523 1580 5563 aversa
1636 5522 1667 5561 a
1712 5506 1825 5564 Deo
1874 5508 2131 5565 voluntas

549 5596 677 5650 ulim
710 5600 1040 5653 conterenda
1073 5599 1163 5663 sit,
1194 5607 1251 5652 et
1273 5599 1385 5653 Deo
1420 5598 1569 5653 Patri
1612 5614 1839 5669 regnum
1877 5598 2129 5657 Christus

550 5689 619 5741 sit
650 5688 966 5750 traditurus,
1016 5698 1238 5759 tumque
1287 5689 1687 5745 existimaverit
1740 5690 1954 5758 plenam
2009 5708 2126 5747 om-

553 5779 700 5833 nium
743 5779 1182 5836 ἀποκατάστασιν
1211 5796 1273 5835 ac
1296 5781 1588 5851 perfectam
1628 5780 1943 5839 felicitatem
1982 5784 2124 5841 futu-

2243 4585 2426 4652 operis
2457 4587 2719 4655 ejusdem,
2773 4602 2896 4657 quas
2940 4589 3199 4656 quoniam
3243 4588 3470 4642 alterius
3499 4596 3628 4641 sunt
3659 4602 3826 4655 argu-

2241 4677 2434 4744 menti,
2469 4681 2847 4747 practermitto.
2903 4679 3172 4735 Succcdat
3202 4679 3423 4736 homilia
3466 4680 3500 4734 6
3549 4680 3608 4733 in
3632 4677 3825 4744 Nam,

2239 4783 2390 4822 num.
2419 4769 2475 4835 4,
2508 4770 2558 4823 in
2598 4786 2702 4840 qua
2732 4772 2799 4825 de
2847 4772 2992 4841 lepra
3041 4774 3347 4843 disputans,
3388 4782 3613 4842 propter
3656 4785 3824 4840 quam

2239 4861 2432 4914 castris
2462 4859 2817 4927 ejiciebantur
2848 4862 2939 4925 qui
2974 4877 3037 4917 ea
3078 4863 3423 4925 laborabant,
3456 4862 3661 4931 lepram
3695 4875 3823 4929 pec-

2240 4960 2361 5004 cato
2386 4950 2620 5017 conlert,
2653 4967 2883 5021 eamque
2920 4968 3024 5007 nou
3070 4964 3332 5023 perpetuo
3370 4967 3685 5007 mansuram
3721 4953 3823 5017 ait,

2239 5043 2333 5098 sed
2363 5045 2633 5115 completa
2666 5046 2970 5115 septimana
3003 5048 3069 5101 ad
3107 5056 3289 5102 castra
3322 5046 3572 5116 leprosos
3598 5063 3825 5101 revoca-

2246 5145 2357 5191 tum
2388 5137 2477 5200 iri,
2508 5138 2560 5190 in
2601 5138 2706 5192 fme
2738 5153 2933 5207 nempe
2965 5140 3172 5204 mundi,
3209 5154 3332 5194 cum
3366 5140 3642 5208 plenitudo
3680 5154 3819 5206 gen-

2243 5228 2378 5282 tium
2409 5227 2706 5294 introierit,
2736 5238 2792 5283 et
2823 5231 3003 5285 omnis
3039 5230 3208 5285 Israel
3251 5230 3431 5285 salvus
3469 5232 3596 5297 erit,
3624 5231 3825 5300 lietque

2240 5333 2381 5373 unus
2410 5332 2568 5389 grex,
2600 5330 2655 5374 et
2682 5335 2822 5375 unus
2846 5330 3052 5389 pastor,
3082 5330 3137 5376 et
3166 5320 3335 5376 Deum
3368 5322 3442 5376 ita
3466 5337 3659 5376 omnes
3688 5335 3824 5375 cou-

2239 5411 2468 5466 clusisse
2495 5412 2596 5468 sub
2624 5424 2869 5482 peccato,
2907 5424 2967 5469 ut
2994 5416 3237 5470 omnium
3263 5416 3482 5470 deruunt
3514 5415 3566 5469 in
3601 5414 3825 5469 Christo

2237 5506 2611 5562 misereretur.
2638 5507 2865 5564 lllustris
2885 5517 2940 5562 et
2974 5509 3062 5562 ille
3092 5508 3245 5564 locus
3272 5522 3303 5562 e
3325 5509 3532 5563 Catena
3557 5507 3726 5578 Regia
3763 5506 3821 5561 in

2240 5599 2437 5655 Ezech.
2492 5616 2546 5667 v,
2603 5602 2692 5668 15,
2737 5618 2858 5672 pag.
2908 5602 3015 5658 M5
3046 5621 3058 5656 :
3092 5602 3202 5656 Καὶ
3259 5600 3745 5673 συπελεσθὴσεται
3790 5597 3822 5650 ὁ

2236 5692 2403 5763 θυμός
2446 5712 2546 5765 μου
2572 5711 2586 5726 ·
2630 5695 2787 5747 τοῦτο
2826 5693 2975 5765 δηλοῖ
3014 5696 3095 5747 ὅτι
3122 5693 3298 5765 πέρας
3331 5692 3441 5758 ἔξει
3466 5695 3495 5747 ὁ
3525 5692 3693 5763 θυμὸς
3724 5689 3821 5743 τοῦ

2234 5783 2390 5852 Θεοῦ,
2426 5784 2562 5857 ὁμοῦ
2606 5787 2705 5858 τῆς
2756 5784 3061 5850 συντελείας
3098 5785 3193 5840 τοῦ
3234 5784 3474 5855 κόσμου·
3522 5793 3577 5842 et
3619 5782 3706 5838 hic
3751 5791 3818 5836 ex
