4170 6412
425 425 568 488 1025
1211 422 1781 482 ORIGENMNORUM
1821 423 1946 478 LIB.
1985 421 2048 486 ll,
2090 421 2247 475 CAP.
2286 422 2348 486 II,
2395 421 2674 488 QUIEST.
2715 421 2810 478 XI.
3523 423 3664 480 1026

428 545 615 602 nomil.
650 546 684 598 4
730 543 782 598 ἰιι
806 541 1054 598 eumdem
1094 541 1440 610 prophetam,
1493 555 1640 593 num.
1675 539 1706 594 8
1739 556 1752 592 :
1797 560 1813 590 ι
1851 537 1996 591 Talis
2027 539 2067 595 Α
2098 535 2416 605 perfectum,
2452 536 2506 590 in
2543 550 2857 589 mensuram
2894 535 3070 590 (etatis
3114 535 3468 605 plenitudinis
3501 537 3666 593 Chri~

427 648 511 692 est
529 640 741 708 justus:
780 634 921 690 vidit
961 635 1218 687 mundum
1269 643 1396 686 ante
1431 632 1715 695 diluvium,
1757 632 1857 685 hoc
1911 640 1992 685 est
2095 624 2199 688 sti;
2229 643 2246 674 ι
2279 639 2381 678 nec
2420 624 2693 678 daemones
2721 623 2938 693 quidem
2985 625 3130 692 ipsos
3175 626 3538 680 restitutionis
3569 629 3668 680 bu-

430 734 556 780 ante
588 723 1110 779 consummationem
1153 740 1166 776 :
1229 722 1364 775 vidit
1397 723 1656 775 mundum
1685 723 1739 774 in
1771 721 1990 785 diluvio,
2091 715 2180 784 jus
2210 714 2476 768 beneficio
2542 715 2817 768 carituros
2860 729 2980 769 esse
3009 725 3178 784 putat.
3213 716 3416 781 Qnazrit
3456 717 3522 768 ad
3555 717 3668 770 lucc

431 816 484 868 in
523 813 865 881 corruptione
913 821 968 866 et
1016 813 1069 865 in
1127 811 1350 866 interitu
1383 821 1757 879 peccatorum,
1793 825 1911 878 qua:
1941 811 1993 864 in

2098 817 2230 862 tom.
2300 823 2333 860 ι
2382 807 2435 858 in
2471 805 2686 872 Matth”
2726 822 2876 860 num.
2927 807 2980 870 '5,
3043 823 3164 874 pag.
3218 806 3344 871 465,
3397 808 3667 874 quomodo

427 904 517 957 die
546 913 672 956 sunt
705 910 964 955 eventura
1000 899 1223 967 judicii:
1260 914 1473 952 rursum
1505 897 1707 952 videbit
1741 896 1993 949 nmndum
2096 895 2307 950 diversa
2356 895 2459 948 erit
2518 896 2571 947 in
2632 895 3031 950 resurrectione
3085 895 3364 948 hominum
3420 896 3667 962 claritas,

429 992 482 1044 in
543 990 940 1044 resurrectione
997 989 1238 1042 omnium
1291 999 1634 1057 peccatorum
1669 1005 1684 1052 ;
1726 1008 1744 1039 ι
1802 997 1858 1042 et
1909 986 1997 1038 ille
2091 988 2245 1056 juxta
2295 987 2634 1056 Apostolum,
2673 986 2844 1040 lCor.
2891 1001 2980 1050 xv,
3009 987 3099 1050 41,
3143 1003 3262 1040 cum
3297 988 3494 1041 dixerit
3541 987 3669 1042 Ser-

428 1097 642 1152 qnoque
674 1095 739 1134 ex
770 1082 1075 1142 homil.10.
1131 1090 1392 1148 sequente
1449 1095 1598 1134 num.
1641 1079 1722 1132 ὃς
1776 1097 1794 1130 ι
1830 1078 1997 1133 Aiunt
2096 1091 2288 1134 valor:
2330 1079 2512 1134 «Justi
2563 1079 2844 1148 fulgebunt
2896 1080 3042 1133 sicut
3089 1080 3192 1144 sol,
3244 1100 3262 1132 ι
3320 1079 3509 1133 Matth.
3543 1097 3663 1148 xm,

428 1173 635 1228 Hebraei
664 1173 954 1227 Sodomam
986 1173 1038 1226 in
1067 1173 1313 1227 eumdem
1351 1183 1552 1228 statum
1577 1171 1993 1231 restituendam,
2096 1173 2203 1237 45;
2239 1181 2350 1227 tum
2382 1173 2670 1241 respondet
2714 1172 2766 1224 in
2811 1173 2930 1240 ipso
2971 1170 3325 1226 beatitudinis
3367 1173 3544 1237 initio,
3583 1172 3670 1225 fu-

426 1267 616 1334 inquo
643 1276 696 1318 et
724 1273 880 1318 antea
930 1267 1192 1330 constitit,
1233 1275 1290 1319 ut
1332 1282 1544 1320 rursum
1603 1264 1862 1333 paradiso
1903 1263 1994 1316 Dei
2099 1275 2276 1319 turmn
2320 1274 2378 1318 ιιι
2422 1264 2633 1319 diversa
2683 1265 2754 1318 sit
2810 1265 3089 1318 hominum
3136 1265 3376 1328 claritas,
3429 1265 3669 1318 nondum

424 1368 478 1412 et
512 1367 672 1412 terrae
695 1357 912 1428 IEgypti
944 1368 1311 1426 comparetur.
1349 1358 1411 1411 Si
1451 1358 1554 1411 hoc
1595 1369 1654 1410 se
1703 1357 1780 1408 sic
1810 1355 1992 1416 habet,
2096 1356 2347 1410 onmibus
2373 1357 2725 1424 expurgatis;
2761 1364 2818 1409 at
2848 1365 3137 1425 postquam
3185 1359 3412 1412 collecta
3467 1358 3671 1411 fuerint

425 1460 480 1504 et
504 1451 618 1505 sive
650 1449 890 1504 futurum
923 1459 1026 1512 est,
1063 1450 1181 1504 sive
1209 1464 1314 1503 non
1352 1467 1366 1514 ;
1409 1453 1725 1516 quaerentur
1747 1446 1888 1499 enim
1917 1444 1994 1498 is-
2095 1461 2125 1499 e
2154 1462 2314 1516 regno
2336 1444 2539 1501 Christi
2581 1445 2862 1510 scamlala,
2890 1455 2946 1500 et
2977 1447 3100 1516 igne
3130 1449 3430 1516 absumpta:
3475 1446 3670 1515 nequi-

426 1540 684 1595 tiusmodi
720 1555 808 1594 res
837 1541 975 1608 apud
1017 1555 1112 1594 eos
1143 1539 1234 1608 qtti
1261 1539 1562 1592 doctissimi
1591 1546 1752 1591 sunt:
1803 1545 1859 1588 ut
1896 1551 1994 1588 au-
2097 1537 2206 1600 tite,
2240 1549 2366 1593 tunc
2397 1554 2588 1594 omnes
2619 1555 2784 1592 ttnnm
2815 1539 2999 1594 solare
3038 1540 3221 1593 lumen
3275 1538 3510 1594 futuros.
3550 1537 3666 1592 Non

423 1639 530 1684 tem
565 1630 656 1684 liat
688 1630 830 1698 quod
856 1632 1077 1693 dicitur,
1106 1630 1522 1698 complebuntur
1554 1631 1684 1683 mihi
1724 1643 1991 1681 annorum
2096 1631 2230 1685 satis
2261 1645 2393 1684 vero
2422 1632 2697 1685 coltzerere
2725 1632 2944 1686 videtur
2972 1631 3114 1698 quod
3161 1631 3443 1699 sequitur;
3476 1630 3672 1685 scribit

423 1720 528 1773 tria
575 1720 768 1786 millia,
822 1729 878 1776 et
929 1731 1055 1775 tunc
1104 1722 1421 1774 restituetur
1469 1719 1779 1772 excruciala
1821 1716 1994 1770 tribus
2095 1723 2237 1776 enim
2291 1724 2407 1777 fore
2451 1731 2508 1776 ut
2545 1721 2677 1789 justi
2729 1733 2857 1778 tunc
2887 1722 3241 1777 inferioribus
3283 1722 3542 1790 fulgeant,
3576 1721 3670 1792 qui

423 1811 662 1867 millibus
713 1827 979 1867 annorum
1034 1813 1289 1875 Sodoma,
1343 1812 1395 1865 id
1459 1821 1541 1865 est
1594 1813 1775 1864 anima
1826 1825 1989 1864 mea:
2026 1811 2233 1882 _Incis
2279 1827 2465 1865 eorum
2531 1814 2824 1882 participes
2883 1814 3034 1878 ﬁent,
3091 1815 3542 1882 quemadmodum
3590 1814 3670 1868 sol

425 1903 682 1967 Sodoma,
718 1905 852 1958 meis
887 1918 1048 1973 paena
1089 1903 1348 1971 peccatis.
1393 1901 1610 1957 Grande
1644 1903 1988 1958 intervallum
2026 1875 2066 1931 Β
2098 1913 2257 1957 terrae
2289 1902 2461 1957 lucem
2491 1918 2644 1958 suam
2675 1906 2902 1974 praebet.
2947 1905 3082 1958 Nam
3116 1905 3159 1958 si
3194 1905 3261 1958 ita
3299 1905 3538 1958 omnium
3568 1921 3671 1960 ex-

423 1995 686 2063 temporis
740 1995 885 2050 inter
943 1996 1337 2049 restitutionem
1383 2003 1438 2048 et
1495 1994 1709 2048 ruinam
1753 1997 1986 2064 positum
2096 2003 2318 2063 purgata
2353 2003 2480 2048 tunc
2512 2007 2671 2049 erunt
2699 2007 2941 2064 peccata,
2977 2006 3038 2050 ut
3082 1995 3227 2050 nullo
3260 1997 3526 2051 claritatis
3560 1998 3672 2053 dis-

421 2094 525 2138 est.
566 2105 586 2136 ι
640 2085 848 2141 Animae
877 2086 1218 2155 postmodum
1270 2086 1445 2140 noxiae
1500 2087 1724 2155 liguram
1764 2102 1884 2142 esse
1914 2090 1989 2142 ait
2097 2087 2325 2140 crimine
2361 2087 2627 2156 fulgeant,
2669 2090 2896 2159 quinam
2929 2090 3216 2144 inferiores
3243 2100 3420 2156 erunt,
3450 2091 3669 2160 quinam

423 2175 744 2244 Samariam,
796 2193 918 2248 qua:
958 2193 1076 2231 'non
1135 2176 1272 2231 alias
1318 2179 1653 2233 restituenda
1697 2181 1785 2242 sit,
1827 2197 1987 2250 quam
2097 2175 2452 2242 superiores?
2480 2175 2678 2245 Nempe
2713 2177 2945 2232 neminis
2995 2177 3312 2231 beatitatem
3345 2178 3535 2245 utjam
3577 2193 3672 2233 su-

421 2280 543 2319 csm
583 2266 769 2320 decem
825 2266 998 2322 tribus
1041 2268 1244 2322 fuerint
1295 2281 1549 2332 reversae,
1585 2279 1694 2323 tum
1719 2271 1834 2324 ait:
1885 2288 1903 2321 ι
1931 2271 1987 2324 Si
2095 2281 2191 2334 pra
2226 2267 2408 2319 monui
2441 2281 2612 2335 usque
2642 2269 2778 2320 adeo
2808 2267 3084 2336 propriam
3114 2281 3235 2320 esse
3263 2275 3434 2336 putat,
3475 2276 3535 2321 ut
3561 2283 3668 2322 non

421 2367 600 2414 autem
634 2368 787 2413 tanto
818 2367 940 2428 post
981 2369 1221 2428 tempore
1245 2361 1561 2415 restituetur
1593 2361 1643 2414 id
1671 2362 1815 2430 quod
1843 2377 1988 2430 prae-
2095 2355 2248 2410 novis
2276 2357 2488 2412 delictis
2515 2359 2583 2412 ad
2613 2358 2870 2411 inferiora
2898 2372 3114 2426 semper
3141 2357 3317 2413 delabi
3344 2357 3556 2428 possit:
3601 2360 3670 2413 ad

418 2450 586 2506 cessit
634 2451 686 2503 in
728 2453 970 2520 signum,
1000 2453 1216 2520 quando
1266 2464 1319 2505 tu
1368 2455 1694 2520 restitueris,
1731 2455 1776 2508 si
1807 2464 1986 2508 tamen
2094 2449 2200 2501 ima
2230 2448 2394 2519 igitur
2431 2450 2904 2503 retrocedentibus
2957 2464 3173 2518 semper
3222 2450 3518 2519 aliquibus,
3574 2450 3668 2520 qui

418 2542 741 2606 restitueris,
782 2542 1133 2595 Samaritana
1160 2551 1215 2595 et
1247 2543 1501 2598 haeretica
1536 2545 1739 2598 anima.
1780 2562 1883 2614 qtta
1918 2547 1989 2598 si-
2095 2538 2271 2592 Iocutn
2305 2556 2458 2592 suum
2494 2541 2789 2605 tenuerint,
2817 2541 2998 2594 lumen
3043 2541 3111 2594 iis
3159 2556 3316 2594 suum
3349 2542 3668 2610 impartien-

420 2633 676 2687 mulacris
704 2641 758 2687 et
788 2633 940 2688 feriis
965 2650 1072 2687 non
1108 2634 1278 2699 veris,
1314 2652 1379 2690 ac
1416 2635 1686 2705 ﬁgmentis
1727 2637 1794 2690 de
1832 2636 1986 2691 Jero-
2097 2639 2202 2684 lur.
2245 2627 2497 2698 Ejusdem
2546 2639 2600 2683 et
2649 2629 2790 2682 istud
2841 2638 2927 2683 est
2975 2627 3164 2681 farinae
3231 2642 3261 2682 e
3311 2637 3442 2682 tom.
3493 2643 3562 2681 xv
3613 2629 3670 2683 in

418 2722 576 2776 boam
604 2722 769 2778 corde
789 2723 1132 2778 venientibus
1157 2723 1478 2779 credidisti?
1500 2743 1519 2776 ι
1552 2724 1826 2793 Ejusmodi
1855 2741 1989 2782 non-

2095 2719 2312 2784 Jlattlt.,
2346 2735 2492 2775 num.
2519 2719 2612 2783 Ἡ,
2639 2735 2759 2791 pag.
2790 2719 2893 2775 (595
2929 2737 2941 2773 :
2985 2718 3144 2772 Ἀλλὰ
3177 2719 3317 2773 κατὰ
3364 2719 3460 2790 μὲν
3497 2717 3669 2773 ταῦτα

421 2811 566 2866 nulla
619 2811 673 2866 in
719 2813 1073 2882 sequentibus
1117 2813 1303 2868 videre
1344 2823 1450 2878 est,
1503 2816 1703 2884 quibus
1740 2818 1986 2872 doctrina

2093 2812 2339 2882 πρώτους
2358 2809 2774 2882 ἀποδεδώκαμεν
2807 2812 2932 2874 τοὺς
2958 2810 3387 2880 σωθησομένους,
3409 2810 3669 2881 ἐσχάτους

416 2901 604 2957 eadem
642 2902 966 2957 inculcatur.
989 2901 1095 2957 Sed
1122 2903 1174 2956 in
1201 2903 1514 2958 Adamantii
1548 2914 1724 2961 tamen
1756 2909 1986 2975 gratiam

2092 2904 2149 2957 δὲ
2193 2907 2318 2968 τοὺς
2351 2903 2423 2975 μὴ
2452 2905 2637 2970 ἀξίους
2687 2905 2784 2974 τῆς
2823 2904 3080 2974 τοιαύτης
3124 2904 3233 2956 τῶν
3275 2905 3670 2976 σωθησομενων

419 3003 636 3048 notetur
666 2994 830 3060 istud,
868 3012 886 3045 ι
925 2995 982 3050 Si
1007 3007 1183 3050 tamen
1216 2996 1540 3060 restitueris,
1567 3016 1586 3049 ι
1616 3013 1724 3068 quo
1747 3001 1988 3055 incertus

2092 2994 2314 3059 τάξεως,
2361 2995 2494 3048 ἀλλὰ
2539 2995 2832 3058 κολάσεως,
2877 2994 2968 3048 καὶ
3021 2992 3116 3047 τοῦ
3169 2995 3667 3065 ἐγκαταληφθῆναι,

419 3083 541 3152 ejus
567 3093 622 3138 et
646 3085 913 3141 ﬂuctuans
942 3087 1158 3144 animus
1188 3089 1467 3160 proditur:
1504 3092 1550 3146 si
1583 3093 1744 3147 modo
1797 3091 1987 3164 Orige-

2091 3088 2209 3157 ἦτοι
2284 3088 2389 3151 ἕως
2451 3088 2512 3140 τὸ
2579 3088 2850 3159 πλήρωμα
2917 3087 3026 3141 τῶν
3101 3088 3269 3141 ἐθνῶν
3329 3089 3582 3160 εἰσέλθῃ,
3631 3089 3667 3160 ἢ

420 3177 640 3230 nianum
672 3178 846 3248 reipsa
880 3180 984 3235 hoc
1025 3190 1127 3248 est,
1167 3197 1272 3236 non
1307 3182 1676 3240 Rutinianum.
1719 3183 1988 3241 lllustrius
2017 3235 2056 3252 η

2020 3235 2056 3252 η
2091 3176 2196 3241 ἕως
2267 3177 2663 3249 ὲκπληρώσωσι
2722 3179 2792 3232 τὰ
2847 3178 2974 3250 περὶ
3034 3176 3140 3232 τῶν
3222 3179 3366 3233 ἰδίων
3413 3181 3667 3252 ἁμαρτη-

419 3267 582 3322 etiam
613 3235 840 3325 istud-et
871 3271 996 3326 libri
1035 3289 1052 3326 ι
1093 3235 1230 3341 ίΙερὶ
2015 3235 2057 3292 C

2020 3235 2057 3292 ε
2093 3269 2278 3339 μάτων
2303 3285 2316 3297 ·
2367 3279 2419 3324 et
2455 3270 2594 3324 istud
2625 3284 2656 3324 e
2683 3279 2900 3325 tractat.
2924 3235 3110 3325 ἰχιιιι
3154 3271 3209 3324 in
3263 3235 3478 3337 Matth...

416 3360 473 3425 2,
500 3359 554 3413 in
597 3375 706 3428 quo
740 3362 927 3429 probat
954 3364 1057 3418 hoc
1091 3364 1384 3433 Scriptura:
1423 3368 1769 3424 testimonio:
1801 3387 1819 3420 ι
1844 3369 1990 3422 Dixit
2090 3359 2192 3418 69:
2233 3378 2252 3412 ι
2284 3363 2393 3416 Iste
2423 3371 2601 3415 autem
2635 3363 2726 3432 qui
2759 3378 2924 3416 unum
2968 3373 3259 3432 acceperat
3290 3363 3577 3428 talentum,
3614 3376 3671 3420 et

421 3450 679 3507 Dominus
704 3453 930 3508 Domino
953 3470 1073 3510 meo
1103 3473 1116 3510 :
1151 3455 1292 3510 Sede
1321 3471 1351 3510 a
1378 3459 1584 3512 dextris
1614 3461 1784 3514 meis;
1813 3459 1990 3515 Donec
2090 3453 2448 3508 θυεεοηάθτθι
2477 3453 2652 3522 ipsum
2686 3453 2738 3508 ίιι
2792 3463 2955 3518 terra.
2989 3469 3105 3509 ηοιι
3151 3455 3326 3508 εοιυηι
3361 3455 3515 3523 ιιυθεῑ
3551 3471 3672 3510 ma-

418 3557 614 3610 ponam
656 3545 901 3600 inimicos
933 3555 1051 3601 tuos
1085 3548 1386 3603 scabellum
1420 3551 1616 3620 pedum
1646 3561 1858 3606 tuorum
1881 3551 1982 3618 “,r
2089 3544 2174 3600 Ius
2204 3553 2258 3599 et
2295 3545 2447 3616 piger
2478 3545 2746 3615 arguitur,
2776 3547 2868 3600 sed
2900 3547 3058 3614 quasi
3103 3545 3316 3600 inutilis
3349 3545 3583 3600 mittitur
3614 3547 3668 3600 in

417 3644 473 3685 et
503 3633 594 3687 illo
627 3635 645 3689 l
683 3635 809 3692 Cor.
839 3653 930 3702 xv,
982 3637 1074 3706 24,
1101 3639 1172 3694 25
1200 3657 1214 3693 :
1260 3658 1279 3691 ι
1313 3639 1517 3696 Deinde
1546 3643 1693 3709 linis,
1728 3659 1848 3697 cum
1882 3653 1990 3698 ira-
2092 3636 2346 3691 tenebras
2391 3637 2722 3701 exteriores,
2757 3636 2848 3692 ubi
2888 3636 3033 3690 nulla
3066 3635 3394 3691 illuminatio
3425 3645 3528 3701 est,
3561 3637 3670 3691 for-

419 3725 617 3780 diderit
652 3743 873 3798 regnum
899 3729 1008 3785 Deo
1030 3739 1083 3784 et
1106 3730 1288 3785 Patri:
1320 3747 1442 3786 cum
1487 3735 1835 3788 evacuaverit
1867 3749 1988 3788 om-
2089 3726 2231 3780 Sila“
2262 3741 2362 3780 nec
2414 3727 2740 3795 corporalis.
2783 3743 2884 3782 nec
2931 3737 3016 3782 εει
3061 3727 3332 3797 τεερθειῑο
3379 3727 3475 3781 ί)οῙ
3519 3727 3667 3796 “lic;

418 3829 541 3869 nem
608 3818 996 3888 principatum,
1055 3832 1110 3875 et
1165 3830 1524 3891 potestatem,
1583 3832 1638 3880 et
1707 3825 1985 3880 virtutem.
2087 3819 2181 3873 sed
2209 3819 2364 3888 quasi
2403 3820 2610 3890 indigni
2641 3819 3015 3890 speculatione
3065 3819 3156 3874 Dei
3196 3821 3286 3888 qui
3319 3819 3444 3873 talia
3475 3835 3672 3890 pecca.

420 3906 644 3975 Oportet
699 3922 879 3965 autem
916 3912 1065 3967 illum
1103 3931 1358 3984 regnare,
1399 3917 1570 3970 donec
1607 3926 1770 3985 ponat
1799 3932 1988 3972 omnes
2087 3920 2302 3974 verunt,
2337 3912 2766 3965 condemnamur
2800 3912 2850 3964 in
2890 3911 2973 3966 bis
2997 3926 3116 3981 qua:
3152 3914 3465 3973 exteriores
3505 3923 3662 3968 tene-

418 3995 672 4052 inimicos
717 4003 817 4055 sub
867 4003 1095 4071 pedibus
1125 4005 1264 4073 ejus,
1296 4025 1314 4057 ι
1346 4022 1469 4061 cum
1503 4008 1895 4076 sequentibus;
1929 4018 1990 4063 et

2088 4001 2200 4055 bra:
2247 4003 2627 4070 appellantur;
2675 4001 2904 4056 forsitan
2953 4003 3128 4058 donec
3179 4003 3567 4070 intellexerint,
3606 4015 3668 4062 ut

416 4090 522 4144 isto
579 4092 774 4159 psalm.
831 4109 944 4158 th,
984 4096 1020 4148 2
1065 4115 1079 4150 :
1125 4115 1144 4149 ι
1198 4096 1387 4151 Nonne
1434 4097 1543 4154 Deo
1596 4098 1840 4166 subjecta
1883 4100 1990 4155 erit
2087 4104 2492 4156 convertantur,
2519 4104 2574 4149 et
2602 4095 2749 4162 digni
2783 4093 3085 4149 efficiantur
3136 4096 3286 4150 exire
3319 4095 3388 4150 ab
3421 4097 3507 4162 iis,
3555 4098 3670 4152 for-

417 4183 598 4236 anima
631 4184 794 4238 mea?
821 4187 886 4240 ab
920 4187 1035 4256 ipso
1065 4190 1207 4243 enim
1253 4189 1496 4244 salutare
1548 4205 1770 4255 meum;
1811 4209 1832 4244 ›
1880 4191 1983 4256 his,
2087 4186 2227 4240 sitan
2271 4196 2325 4239 et
2365 4195 2586 4254 propter
2627 4185 2790 4238 aliam
2831 4201 3052 4239 causam
3081 4201 3246 4254 quam
3301 4201 3403 4240 nos
3444 4187 3665 4255 ignora-

416 4274 664 4344 inquam,
703 4277 1003 4347 Scriptura;
1035 4281 1360 4337 testimoniis
1398 4282 1637 4337 t‘uturum
1666 4283 1881 4354 probat,
1930 4294 1988 4338 ut
2087 4289 2236 4337 mus;
2273 4292 2293 4326 ι
2325 4283 2379 4326 (ξι
2408 4274 2509 4327 hoc
2541 4289 2754 4342 quoql'e
2787 4275 2931 4342 fl“0d
2975 4274 3236 4328 εετίδίιυτ
3268 4275 3360 4330 lib-
3408 4291 3506 4329 Vl”
3544 4292 3668 4332 6οη·

417 4367 658 4422 snbactis
686 4367 884 4425 Christi
918 4371 1152 4426 inimicis
1179 4374 1230 4426 in
1258 4389 1422 4429 unum
1446 4375 1605 4429 linem
1629 4390 1724 4442 per
1756 4375 1983 4438 Filium,
2087 4375 2170 4419 Ira
2203 4364 2362 4432 σείς..
2383 4383 2535 4424 ιιυιιι.
2565 4367 2653 4429 72.
2679 4368 2778 4420 sub
2811 4367 3026 4420 easdem
3056 4367 3202 4436 leges
3236 4367 3662 4423 concludendum

417 4456 632 4513 bonitas
664 4457 756 4514 Dei
785 4471 1090 4518 creaturam
1145 4471 1362 4517 revocet
1410 4465 1764 4519 universam:
1804 4465 1984 4532 subje-
2087 4456 2380 4526 aliQItando
2434 4456 2694 4526 quidquid
2746 4464 2834 4512 est
2887 4457 3117 4512 rationis
3169 4459 3474 4528 particeps,
3540 4475 3664 4514 cum

418 4550 646 4604 ctionem
699 4562 875 4608 autem
897 4555 1042 4608 illam
1083 4556 1312 4625 idipsum
1343 4571 1464 4610 esse
1492 4557 1624 4622 νυιι,
1644 4572 1748 4625 quo
1767 4557 1984 4611 Christo
2015 4573 2062 4630 υ
2089 4551 2259 4604 verbo
2283 4549 2374 4603 Dei
2407 4549 2459 4602 in
2493 4548 2790 4618 perfectmn
2821 4555 3023 4602 statum
3054 4549 3399 4607 restituetur.
3426 4549 3481 4603 In
3511 4549 3664 4616 cujus

417 4643 846 4702 adhaerescentes
875 4648 1136 4703 ellicimur
1161 4650 1350 4713 sancti,
1381 4661 1435 4705 et
1460 4651 1685 4705 salutem
1729 4651 1985 4719 adipisci-

2089 4651 2466 4710 argumetttum
2521 4640 2679 4694 affert
2732 4641 2860 4694 illud
2895 4641 3183 4709 Sophortiae
3227 4657 3314 4706 ιιι,
3352 4643 3424 4697 9:
3461 4660 3480 4694 ι
3515 4642 3662 4694 Tunc

418 4750 572 4794 mur:
608 4737 770 4792 talem
815 4750 997 4794 autem
1031 4740 1269 4795 futurum
1333 4744 1516 4805 linem,
1551 4743 1731 4812 qualia
1766 4743 1985 4796 fuerunt
2089 4733 2312 4786 reddam
2343 4731 2782 4802 POPUli513bium
2822 4732 3077 4800 θ¹θοιυ¹ην
3105 4744 3166 4786 ιιι
3189 4733 3443 4788 invocem
3473 4747 3667 4786 omnes

416 4828 588 4888 initia,
633 4845 754 4884 cum
807 4846 996 4886 omnes
1037 4833 1131 4888 Dei
1178 4834 1401 4888 nutibus
1459 4835 1896 4903 obtemperantes
1929 4836 1982 4887 in

1929 4836 1982 4887 in
2092 4823 2145 4876 in
2182 4825 2398 4879 nomine
2435 4825 2668 4890 Domini,
2696 4834 2752 4878 et
2784 4827 3026 4879 serviant
3053 4826 3103 4880 ei
3130 4826 3360 4878 humero
3383 4839 3509 4877 uno.
3541 4844 3559 4876 ι

415 4934 580 4974 unum
613 4923 1023 4992 conspirabant.
1075 4925 1130 4978 In
1169 4926 1520 4994 sequentibus
1557 4927 1749 4979 deinde
1799 4927 1980 4980 omnia
2161 4927 2327 4982 XVII.
2370 4927 2716 4998 Perspicuum
2754 4929 2878 4983 hinc
2926 4937 3011 4984 est
3044 4944 3152 4984 non
3203 4928 3336 4983 alias
3379 4928 3662 4984 admisisse

416 5012 468 5065 in
503 5029 668 5066 unum
702 5017 1005 5082 reparanda
1053 5031 1174 5070 esse
1224 5019 1564 5071 demonstrat
1592 5031 1657 5070 ex
1693 5017 1796 5070 hoc
1827 5017 1983 5071 Cbri-
2091 5034 2279 5089 poenas
2309 5017 2619 5090 Origenem,
2650 5036 2814 5088 quam
2847 5019 3150 5089 piaculares
3183 5029 3239 5074 et
3267 5021 3650 5087 temporarias;

415 5107 482 5158 sti
514 5106 603 5161 ηε
653 5126 673 5158 ι
711 5105 785 5160 Ut
833 5123 1024 5163 omnes
1077 5125 1245 5163 unum
1295 5111 1426 5174 sint,
1469 5111 1610 5164 sicut
1653 5122 1704 5164 ιιι
1735 5111 1896 5164 Pater
1927 5112 1980 5164 in
2089 5112 2392 5180 cujusmodi
2419 5121 2542 5165 sunt
2575 5112 2902 5181 purgatoria:
2939 5111 3060 5174 illae,
3090 5126 3224 5181 quas
3269 5111 3505 5164 Ecclesia
3559 5127 3656 5165 ca-

414 5210 502 5249 me
527 5207 581 5249 et
605 5211 706 5267 ego
737 5198 788 5250 in
819 5210 890 5264 te,
928 5210 986 5252 ut
1022 5211 1078 5254 et
1123 5201 1222 5267 ipsi
1263 5201 1316 5254 in
1351 5203 1517 5256 nobis
1557 5218 1720 5255 unum
1751 5203 1883 5256 sint.
1921 5201 1983 5255 Et
2094 5202 2293 5255 tbolica
2325 5203 2588 5271 agnoscit.
2638 5203 2747 5255 Sed
2779 5212 2833 5256 et
2861 5202 3201 5256 manifestius
3230 5201 3358 5254 illud
3397 5212 3567 5255 estex
3594 5218 3663 5256 eo

411 5304 518 5356 ego
565 5289 873 5344 claritatem
921 5307 1083 5359 quam
1134 5292 1328 5347 dedisti
1389 5295 1545 5356 mihi,
1604 5293 1726 5346 dedi
1765 5295 1864 5360 eis,
1927 5303 1985 5348 ut
2091 5291 2230 5360 quod
2261 5290 2492 5344 habetur
2520 5290 2703 5343 ltomil.
2737 5292 2769 5345 8
2805 5291 2859 5342 in
2896 5288 3191 5354 Levit.,ubi
3217 5303 3382 5357 agens
3408 5288 3473 5340 de
3493 5303 3658 5355 puer-

416 5380 523 5433 sint
550 5397 739 5446 unum,
787 5382 928 5435 sicut
949 5391 1004 5436 et
1029 5398 1126 5436 nos
1155 5399 1323 5436 unutn
1353 5398 1543 5436 sumus
1591 5401 1604 5435 :
1647 5382 1760 5453 Ego
1795 5383 1848 5437 in
1880 5383 1982 5445 eis,
2090 5398 2244 5450 pera,
2286 5382 2437 5451 juxta
2468 5383 2670 5436 veteris
2727 5381 2859 5450 legis
2888 5380 3291 5449 praescriptum,
3323 5395 3418 5448 per
3451 5389 3656 5448 septem

413 5481 466 5523 et
497 5482 550 5523 tu
585 5471 638 5523 in
671 5487 779 5532 me,
814 5481 875 5525 ut
905 5471 1014 5525 sint
1039 5473 1398 5526 consummati
1437 5474 1488 5527 in
1519 5490 1682 5526 unum
1708 5491 1722 5539 ;
1747 5491 1767 5526 ξ
1813 5485 1864 5526 et
1892 5472 1984 5526 illo
2091 5475 2206 5528 dies
2235 5474 2532 5538 immunda,
2570 5475 2614 5528 si
2660 5474 2960 5528 masculum
2996 5473 3336 5542 peperisset;
3389 5487 3484 5542 per
3522 5489 3660 5542 qua-

417 5560 563 5614 Pauli
593 5563 790 5630 Epltes.
836 5578 908 5626 tv,
935 5563 1030 5618 l3:
1067 5582 1084 5614 I
1114 5565 1292 5618 Donec
1315 5579 1664 5620 occurramus
1700 5580 1892 5619 omnes
1926 5567 1978 5618 in
2092 5564 2414 5626 tuordecim,
2435 5565 2479 5619 si
2507 5567 2782 5629 feminam,
2807 5565 3166 5634 septimanam
3205 5567 3345 5618 hanc
3372 5565 3656 5632 praesentis

419 5654 678 5710 unitatem
727 5656 876 5722 ﬁdei,
916 5665 971 5710 et
1027 5657 1319 5725 agnitionis
1366 5655 1488 5710 Filii
1530 5657 1644 5722 Dei,
1695 5657 1749 5712 in
1800 5657 1976 5712 virum
2092 5657 2210 5711 vita:
2271 5667 2481 5731 tempus
2537 5674 2658 5714 esse
2721 5659 2873 5724 dicit,
2930 5674 3024 5728 per
3072 5659 3215 5728 quod
3272 5673 3656 5728 usquequaque

488 5858 531 5889 “
563 5859 703 5917 Psal.
725 5876 836 5928 (ιιι,
860 5860 908 5915 I.
986 5862 1031 5893 “
1062 5861 1218 5919 Joan.
1248 5876 1380 5930 xm,
1409 5861 1596 5918 21-23.
