4170 6442
519 427 659 484 1027

1823 421 1884 476 Ρ.
1931 419 2248 476 DANIELIS
2285 421 2517 477 HUETII

3628 423 3766 478 1028

515 542 705 600 mundi
743 555 866 598 esse
925 555 1031 596 non
1081 552 1388 610 possumus,
1446 537 1549 592 nisi
1601 544 1828 591 octavus
1876 536 2086 591 venerit
2118 541 2161 599 Α
2191 534 2388 589 liarum
2417 536 2572 601 Sion,
2603 549 2650 592 et
2683 538 2991 608 sanguinem
3034 536 3342 606 expurgabit
3371 552 3400 591 e
3424 537 3594 592 medio
3621 539 3768 608 ipso-

516 635 685 700 dies,
743 632 907 686 futuri
972 646 1166 700 nempe
1234 629 1417 684 saeculi
1471 639 1682 697 tempus
1742 647 1755 682 :
1816 647 1835 675 ι
1871 627 1925 682 In
1979 642 2086 697 quo

518 735 698 780 tamen
728 723 838 788 die,
872 740 891 774 ι
954 723 1149 790 inquit,
1200 737 1348 775 num.
1395 719 1447 780 4.
1488 739 1506 771 ‹
1537 720 1580 775 si
1609 719 1880 774 masculus
1918 728 2004 773 est
2031 727 2087 773 et

515 816 749 870 viriliter
793 814 990 884 egerit,
1042 814 1226 868 statim
1279 813 1331 865 in
1369 812 1488 880 ipso
1517 813 1752 866 adventu
1785 809 1950 865 futuri
1982 825 2085 866 sa:-

518 909 630 962 culi
694 917 980 978 purgatur,
1031 916 1086 960 et
1134 907 1319 958 statim
1377 903 1576 958 munda
1618 902 1847 959 edicitur
1888 913 2083 971 mater,

517 1014 638 1068 qua:
663 999 852 1069 genuit
881 1014 1004 1053 eum
1037 1015 1050 1050 :
1086 1009 1370 1066 purgatam
1409 1012 1643 1067 namque
1682 997 1828 1051 vitiis
1862 1010 2085 1050 carnem

515 1105 584 1146 ex
636 1091 1037 1146 resurrectione
1080 1091 1325 1160 recipiet.
1368 1089 1426 1144 Si
1478 1104 1607 1143 vero
1645 1088 1778 1143 nihil
1833 1088 2088 1142 habuerit

516 1183 674 1239 virile
718 1183 1011 1239 adversum
1064 1191 1371 1251 peccatum,
1405 1182 1498 1235 sed
1540 1181 1802 1235 remissus
1854 1192 1904 1235 et
1953 1180 2086 1234 effe-

515 1275 757 1332 minatus
797 1276 898 1330 fuit
935 1277 988 1330 in
1024 1275 1240 1330 actibus
1279 1274 1413 1337 suis,
1460 1273 1614 1342 cujus
1653 1284 1934 1344 peccatmn
1981 1272 2088 1327 tale

515 1375 620 1431 est,
653 1367 798 1434 quod
829 1381 933 1419 non
969 1365 1300 1428 remittatur,
1345 1377 1520 1431 neque
1579 1363 1631 1416 in
1682 1363 1936 1431 praesenti
1984 1378 2086 1418 sa:—

515 1456 661 1521 cuio,
720 1469 895 1524 neque
952 1455 1004 1509 in
1057 1453 1276 1518 futuro,
1316 1454 1418 1507 iste
1473 1455 1666 1507 transit
1717 1461 1772 1507 et
1828 1470 1988 1507 unam
2034 1463 2088 1508 et

517 1547 677 1600 aliam
736 1547 1095 1615 septimanam
1145 1545 1197 1598 in
1256 1543 1602 1598 immunditia
1655 1559 1775 1612 sua,
1824 1555 1880 1598 et
1929 1545 2085 1598 tertia

521 1640 737 1693 demum
803 1636 1094 1706 incipiente
1156 1637 1357 1691 oboriri
1419 1637 1746 1705 septimana,
1827 1645 2087 1708 purgatur

516 1731 586 1783 ab
639 1728 1024 1795 immunditia,
1085 1743 1246 1797 quam
1311 1729 1570 1784 feminam
1649 1729 1910 1798 pariendo
1959 1743 2085 1782 con-

517 1821 708 1876 traxit.
748 1838 767 1871 ι
818 1819 1068 1889 Ejusdem
1103 1820 1322 1887 generis
1349 1830 1433 1874 est
1477 1819 1618 1872 istud
1671 1835 1737 1873 ex
1781 1817 1972 1872 homil.
2019 1818 2086 1872 14

2189 640 2306 677 rum
2332 625 2524 693 spiritu
2543 618 2737 692 judicii
2766 635 2816 680 et
2849 627 3041 694 spiritu
3064 625 3286 680 ustionis
3312 625 3379 679 ⁸³.
3407 624 3480 681 De
3500 626 3768 683 Chaldaeis

2189 727 2368 769 autem
2414 717 2495 770 sic
2527 717 2658 772 dicit
2690 735 2706 772 :
2739 717 2917 773 Habes
2960 718 3211 772 carbones
3241 719 3400 786 ignis,
3441 722 3563 774 sede
3611 736 3771 788 super

2188 821 2300 867 eos,
2334 804 2388 857 lii
2418 817 2571 858 erunt
2601 807 2693 858 tibi
2723 808 2779 860 in
2827 807 3098 876 adjutorio
3126 806 3190 862 “.
3240 806 3308 860 Et
3341 808 3396 862 in
3440 807 3564 863 aliis
3587 810 3720 864 dicit
3750 830 3764 867 :

2189 896 2555 965 Sancti/icabit
2591 897 2848 952 Dominus
2879 900 2933 952 in
2967 899 3087 968 igne
3107 899 3316 952 ardenti
3351 899 3398 940 ⁸³
3441 908 3537 954 :et
3566 901 3619 954 in
3651 900 3771 956 Ma-

2189 988 2364 1042 lachia
2399 990 2663 1058 propheta
2693 990 2858 1044 dicit:
2892 988 3096 1046 Sedens
3123 990 3382 1046 conﬂabit
3406 1001 3461 1046 et
3492 994 3770 1062 purgabit,

2189 1091 2244 1136 et
2274 1081 2464 1136 fundet
2496 1091 2755 1153 purgatos
2794 1084 2936 1138 ﬁlios
2968 1081 3102 1138 Juda
3130 1083 3195 1137 “.
3225 1102 3243 1134 ι
3291 1084 3422 1138 Item
3447 1085 3548 1156 ιιι).
3581 1100 3674 1140 vm
3713 1087 3772 1140 in

2189 1170 2360 1239 Epist.
2384 1173 2452 1225 ad
2479 1171 2654 1241 Rom,
2679 1190 2826 1228 num.
2853 1175 2942 1238 12,
2965 1189 3085 1245 pag.
3110 1174 3236 1239 610,
3272 1192 3291 1226 ι
3319 1175 3538 1242 Verum,
3569 1175 3767 1244 inquit,

2190 1262 2242 1316 in
2271 1263 2371 1318 hac
2414 1265 2526 1333 ipsa
2553 1266 2874 1336 purgatione
2903 1280 3022 1334 qua:
3062 1281 3159 1336 per
3190 1280 3404 1334 poenam
3435 1266 3576 1335 ignis
3607 1266 3766 1319 adhi-

2188 1353 2370 1420 betur,
2427 1357 2651 1422 quantis
2693 1357 3050 1424 temporibus,
3099 1359 3386 1425 quantisve
3430 1357 3645 1411 smculis
3700 1359 3767 1412 de

2189 1446 2564 1515 peccatoribus
2592 1446 2774 1516 exigat
2795 1448 3098 1511 cruciatus,
3126 1445 3274 1502 solus
3295 1447 3437 1502 seire
3452 1455 3626 1516 potest
3658 1447 3766 1511 ille,

2190 1537 2275 1590 cui
2318 1536 2481 1591 Pater
2508 1552 2668 1592 omne
2694 1537 2954 1608 judicium
2984 1537 3224 1592 tradidit.
3251 1556 3271 1591 ι
3318 1538 3560 1607 Denique
3589 1538 3680 1592 lib.
3715 1554 3768 1593 tv

2189 1637 2374 1682 contra
2413 1627 2579 1693 Cels.,
2610 1645 2755 1682 num.
2787 1627 2874 1696 10,
2896 1644 3090 1698 poenas
3109 1631 3303 1685 futura:
3346 1631 3466 1685 vitae
3492 1631 3624 1684 dicit
3647 1646 3768 1687 esse

2187 1719 2490 1789 ἀναγκαίας
2533 1720 2610 1791 τῷ
2642 1723 2825 1783 παντὶ,
2879 1721 3021 1792 τάχα
3051 1721 3108 1774 δὲ
3145 1722 3239 1775 καὶ
3269 1724 3378 1786 τοῖς
3423 1723 3766 1794 πεισομένοις

2189 1811 2359 1875 αὐτὰς
2381 1813 2479 1866 οὐκ
2510 1814 2834 1885 ἀχρήστους.

513 1911 570 1963 in
606 1911 756 1976 Luc.,
787 1927 911 1980 pag.
946 1911 1053 1966 948
1084 1929 1098 1966 :
1153 1931 1172 1963 ι
1213 1911 1366 1965 Sicut
1416 1913 1676 1979 scriptum
1709 1920 1792 1965 est
1831 1912 1884 1964 in
1929 1911 2084 1978 lege:
2121 1889 2162 1944 Β
2261 1906 2448 1964 XVIII.
2475 1909 2739 1975 Quoniam
2768 1918 2946 1964 autem
2972 1910 3254 1965 Paulinum
3282 1911 3407 1967 illud
3444 1927 3585 1983 saape
3610 1913 3760 1968 testi-

515 1998 574 2055 Si
627 2002 921 2056 masculum
968 2002 1394 2070 peperitmater,
1447 2011 1651 2070 septem
1692 2001 1882 2055 diebus
1917 2011 2090 2054 mater

513 2091 724 2146 sedebit
766 2092 820 2146 in
868 2092 1130 2162 sanguine
1183 2093 1480 2157 immundo,
1535 2107 1598 2146 ac
1633 2092 1830 2145 deinde
1870 2092 2087 2160 triginta

513 2184 692 2239 tribus
722 2185 776 2239 in
828 2185 1286 2255 sanguinepuru;
1327 2194 1382 2240 et
1413 2185 1480 2238 ad
1506 2194 1806 2240 extremum
1861 2195 1916 2238 et
1977 2185 2089 2252 ipse

512 2273 696 2338 infans
727 2275 934 2330 sedebit
967 2276 1020 2329 in
1049 2275 1318 2344 sanguine
1343 2275 1674 2344 purissimo:
1711 2275 1790 2328 sic
1831 2274 1956 2344 quia
2000 2274 2087 2327 lex

511 2365 811 2437 spiritualis
855 2376 962 2433 est,
997 2377 1054 2422 et
1081 2367 1326 2422 umbram
1357 2367 1522 2421 habet
1569 2366 1870 2420 futurorum
1922 2367 2089 2420 bono-

509 2475 650 2526 rum,
680 2475 968 2531 possumus
991 2460 1288 2528 intelligere
1318 2459 1689 2529 purgationem
1714 2474 1895 2513 veram
1931 2459 2088 2514 nobis

510 2550 733 2605 evenire
764 2559 888 2619 post
922 2559 1150 2621 tempus.
1186 2550 1300 2621 Ego
1331 2559 1462 2618 puto
1487 2550 1632 2618 quod
1667 2561 1720 2603 et
1753 2560 1873 2618 post
1906 2564 2086 2604 resur—

509 2640 811 2696 rectionem
843 2653 908 2694 ex
939 2641 1171 2695 mortuis
1223 2640 1559 2710 indigeamus
1586 2649 1928 2693 sacramento
1968 2640 2086 2694 elu-

509 2740 637 2785 ente
663 2745 761 2787 nos
800 2740 961 2802 atque
985 2741 1247 2801 purgante
1273 2749 1286 2797 ;
1317 2745 1474 2786 nemo
1502 2731 1646 2786 enim
1681 2733 1886 2801 absque
1918 2729 2088 2785 sordi-

507 2823 612 2880 bus
641 2839 924 2893 resurgere
955 2827 1171 2892 poterit,
1204 2841 1304 2880 nec
1339 2825 1499 2879 ullam
1530 2839 1690 2894 posse
1727 2825 1963 2879 animam
1995 2837 2082 2877 re-

508 2914 676 2984 periri
733 2931 853 2983 qua:
882 2916 1154 2970 universis
1190 2917 1371 2970 statim
1414 2915 1559 2968 vitiis
1582 2924 1786 2969 careat.
1818 2933 1836 2966 »
1871 2913 2087 2969 Erroris

509 3017 697 3060 notam
736 3008 932 3062 merito
968 3008 1052 3061 his
1081 3008 1248 3062 inurit
1271 3007 1632 3062 Bellarminus
1667 3006 1760 3060 lib.
1789 3023 1830 3061 ιι
1863 3005 1938 3060 De
1961 3023 2087 3075 pur-

506 3100 734 3166 gatorio,
767 3114 885 3169 cap.
922 3099 978 3166 9,
1021 3100 1167 3169 quod
1218 3114 1286 3154 ex
1314 3098 1612 3168 Scriptura:
1657 3096 1816 3154 etiato
1844 3106 1969 3167 post
1997 3112 2084 3152 re-

2189 2002 2430 2054 moninm
2457 2013 2702 2070 usurpat,
2733 2002 2876 2071 quod
2904 2013 2985 2057 est
3017 2003 3038 2057 Ι
3073 2004 3200 2058 Cor.
3233 2019 3321 2070 xv,
3349 2004 3439 2070 26,
3477 2023 3496 2056 ι
3526 2003 3766 2059 Novissi-

2189 2105 2276 2144 ma
2300 2099 2480 2145 autem
2506 2092 2725 2146 inimica
2751 2091 3065 2148 destruetur
3091 2109 3259 2160 mors,
3288 2114 3308 2148 ι
3344 2095 3567 2151 minime
3601 2096 3766 2150 silen-

2191 2181 2266 2235 tio
2287 2181 2580 2250 premenda
2613 2181 2827 2236 videtur
2849 2182 3013 2236 allata
3039 2183 3106 2237 ab
3138 2198 3203 2239 eo
3232 2183 3337 2238 loci
3362 2185 3520 2254 hujus
3553 2186 3767 2255 exposi—

2190 2272 2285 2326 tio.
2334 2269 2561 2326 Mortcm
2596 2272 2777 2341 itaque
2804 2273 3078 2327 diabolum
3118 2273 3428 2344 significare
3464 2275 3764 2339 existimat,

2187 2377 2346 2431 quem
2380 2363 2453 2417 ita
2489 2364 2827 2419 destructum
2869 2362 2932 2416 iri
2961 2373 3136 2433 putat,
3160 2375 3426 2434 quatenus
3455 2366 3616 2436 impia
3649 2366 3768 2434 ejus

2187 2463 2290 2508 eta
2321 2453 2428 2508 Deo
2463 2469 2652 2509 aversa
2681 2453 2934 2509 voluntas
2969 2456 3387 2524 expugnabitur.
3431 2457 3628 2512 Demus
3653 2459 3766 2528 ipsa

2187 2547 2351 2601 verba
2375 2560 2406 2602 e
2429 2547 2519 2600 lib.
2560 2562 2618 2602 ιιι
2652 2548 2790 2615 Περὶ
2824 2546 3049 2616 ἀρχῶν,
3081 2563 3202 2616 cap.
3235 2547 3292 2613 6,
3321 2563 3467 2602 num.
3497 2548 3568 2604 5:
3605 2549 3771 2605 «Pro.

2190 2647 2373 2708 pterea
2405 2654 2637 2709 namque
2661 2639 2822 2693 etiam
2855 2639 3176 2694 novissimus
3211 2639 3480 2704 inimicus,
3508 2637 3598 2706 qui
3621 2651 3766 2692 mors

2187 2731 2510 2800 appellatur,
2542 2733 2750 2787 destrui
2779 2731 2998 2798 dicitur,
3032 2741 3090 2785 ut
3119 2745 3292 2800 neque
3340 2731 3478 2785 ultra
3516 2731 3668 2785 triste
3698 2729 3769 2782 sit

2188 2825 2414 2893 aliquid,
2453 2825 2541 2878 ubi
2571 2841 2717 2880 mors
2748 2841 2854 2879 non
2883 2836 2988 2888 est,
3028 2839 3205 2894 neque
3239 2823 3526 2878 adversum
3555 2823 3650 2886 sit,
3675 2821 3763 2875 ubi

2187 2931 2293 2970 non
2329 2925 2411 2970 est
2441 2917 2712 2972 inimicus.
2757 2917 2972 2972 Destrui
2999 2931 3129 2972 sane
3154 2916 3479 2970 novissimus
3508 2915 3762 2971 inimicus

2188 3003 2264 3059 ita
2293 3005 2670 3076 intelligendus
2693 3016 2796 3073 est,
2841 3021 2946 3061 non
2989 3015 3048 3060 ut
3073 3007 3372 3061 substantia
3414 3005 3552 3075 ejus,
3580 3018 3699 3074 quae
3731 3017 3764 3056 a

2189 3097 2302 3153 Deo
2331 3098 2473 3152 facta
2507 3106 2610 3165 est,
2643 3109 2864 3168 pereat;
2914 3099 3008 3154 sed
3038 3107 3094 3152 ut
3115 3099 3476 3169 propositum,
3503 3106 3558 3152 et
3578 3095 3766 3152 volun-

508 3190 902 3246 surrectionem
927 3200 982 3245 et
1011 3189 1278 3260 judicium
1307 3189 1450 3244 nulla
1479 3189 1713 3259 supersit
1749 3187 2084 3244 emendatio—
2111 3225 2155 3284 α
2191 3199 2272 3245 tas
2298 3191 2542 3255 inimica,
2581 3207 2701 3261 quae
2739 3207 2844 3247 non
2875 3207 2904 3246 a
2954 3191 3085 3259 Deo,
3119 3192 3212 3247 sed
3245 3191 3311 3246 ab
3337 3192 3454 3261 ipso
3481 3188 3764 3260 processit,

507 3281 595 3337 nis
626 3296 768 3351 spes.
803 3282 874 3336 At
923 3297 986 3336 ea
1029 3283 1284 3338 mendosa
1327 3299 1466 3347 esse,
1497 3292 1552 3337 et
1577 3283 1706 3338 vitio
1735 3283 2076 3337 librariorum
2113 3359 2116 3362 ἢ

503 3384 764 3443 corrupta
820 3383 972 3444 putat
1026 3374 1232 3431 Suarez
1284 3385 1414 3431 tom.
1449 3376 1516 3431 ιν
1569 3376 1622 3429 in
1659 3390 1720 3430 ιιι
1763 3374 1826 3430 S.
1865 3373 2075 3438 Thom.,

505 3475 700 3533 quaest.
730 3464 818 3529 46,
859 3473 998 3520 sect.
1032 3465 1085 3534 5,
1121 3467 1377 3535 quoniam
1417 3468 1524 3521 illis
1563 3481 1629 3522 ex
1663 3467 1894 3522 adverso
1923 3481 2080 3535 repu-

508 3565 682 3625 gnant
706 3571 825 3625 quae
860 3558 1172 3624 praecedunt
1204 3557 1255 3610 in
1287 3559 1477 3612 eadem
1508 3557 1748 3624 homilia,
1780 3557 1934 3613 nefas
1961 3571 2081 3612 esse

505 3646 749 3716 cogitare
781 3647 1024 3701 futurum
1072 3657 1130 3702 ut
1159 3649 1364 3704 sordidi
1405 3660 1461 3704 et
1490 3649 1679 3720 polluti
1710 3665 2077 3721 resurgamus.

509 3737 617 3792 Sed
648 3746 852 3791 tantam
877 3753 999 3793 esse
1024 3749 1203 3794 tamen
1245 3741 1297 3794 in
1323 3742 1508 3798 multis
1538 3743 1929 3797 hmsitationem
1956 3743 2080 3798 Ori-

505 3829 657 3898 genis
687 3829 1159 3899 deprehendimus,
1187 3841 1247 3885 ut
1274 3846 1468 3886 novum
1503 3833 1632 3886 mihi
1662 3849 1765 3887 non
1797 3833 1868 3887 sit
1890 3833 2079 3888 eadem

505 3921 724 3976 honiilia
752 3922 965 3977 diversa
987 3937 1107 3976 eum
1133 3933 1186 3978 et
1215 3926 1508 3993 pugnantia
1531 3925 1847 3994 prodidisse.
1884 3925 2083 3979 Praedi-

505 4019 698 4062 cantur
731 4010 894 4064 etiam
950 4012 1292 4081 apertissime
1347 4013 1647 4082 piaculares
1685 4027 1859 4084 pcenae
1893 4014 2078 4069 homil.

506 4095 575 4152 16
608 4098 663 4151 in
701 4098 924 4166 Jerem.,
995 4117 1143 4156 num.
1185 4101 1237 4167 5,-
1291 4119 1414 4157 cum
1463 4115 1835 4175 superstructa
1889 4108 2083 4161 animae

506 4204 720 4255 aurum,
752 4201 1062 4263 argentum,
1110 4193 1274 4266 ligna,
1318 4195 1499 4249 fenum
1562 4205 1616 4250 et
1668 4197 1918 4265 stipulam
1959 4197 2083 4268 igne

504 4282 781 4351 probanda
814 4300 934 4339 esse
969 4285 1132 4352 dicit;
1172 4287 1370 4341 deinde
1404 4289 1480 4341 ait
1537 4304 1686 4343 num.
1731 4289 1764 4339 6
1805 4307 1818 4342 :
1875 4291 1940 4342 Τί
1989 4286 2082 4343 οὖν

505 4374 722 4445 πρῶτον
754 4376 1036 4431 ἀκολουθεῖ
1073 4380 1364 4433 ἀπολαϐεῖν
1401 4379 1488 4434 ὃιά
1517 4383 1585 4434 τὰ
1615 4380 1774 4448 ξύλα;
1811 4381 1967 4452 δῆλον
1999 4383 2082 4436 ὅτι

504 4464 566 4519 τὸ
596 4465 706 4538 πῦρ
739 4468 800 4521 τὸ
844 4469 1129 4524 ἀναλίσκον
1171 4472 1237 4524 τὰ
1271 4471 1421 4536 ξύλα,
1459 4475 1552 4527 καὶ
1597 4474 1687 4526 τὸν
1735 4475 1944 4544 χόρτον,
1988 4476 2082 4528 καὶ

2187 3282 2420 3337 intereat
2445 3297 2459 3348 ;
2483 3301 2500 3334 ι
2527 3294 2582 3337 et
2607 3285 2708 3337 ista
2734 3298 2800 3337 ex
2827 3283 3010 3338 homil.
3043 3285 3075 3339 8
3101 3284 3154 3336 in
3176 3281 3360 3344 Josue,
3387 3279 3608 3335 numJ.
3643 3298 3661 3330 ι
3691 3277 3768 3332 De

2185 3375 2400 3430 diabolo
2422 3385 2600 3430 autem
2631 3376 2835 3441 dicens,
2871 3378 2947 3430 ait
2978 3394 2992 3432 :
3020 3375 3376 3430 Novisssimus
3401 3374 3644 3427 inimicus
3675 3372 3770 3426 de-

2181 3475 2418 3521 struetur
2443 3484 2583 3522 mors
2607 3467 2674 3533 ⁸⁷,
2699 3468 2826 3537 quia
2865 3482 2992 3522 vere
3022 3477 3150 3522 tunc
3175 3467 3418 3521 vincetur
3448 3480 3613 3529 mors,
3639 3479 3764 3518 cum

2183 3557 2413 3611 mortale
2443 3559 2542 3612 hoc
2567 3557 2946 3613 absorbebitur
2969 3573 2999 3611 a
3020 3559 3148 3613 vita.
3177 3576 3195 3610 ι
3224 3557 3382 3613 Certe
3408 3555 3571 3611 Hebr.
3591 3572 3652 3622 ιι,
3677 3555 3766 3621 14,

2183 3652 2371 3705 mortis
2403 3651 2619 3719 quidem
2671 3651 2958 3719 imperium
3005 3649 3249 3706 diabolus
3285 3648 3486 3703 habere
3533 3647 3768 3714 dicitur;

2182 3755 2239 3796 at
2270 3758 2300 3796 a
2331 3753 2505 3798 morte
2534 3751 2710 3797 tamen
2747 3741 3118 3811 distinguitur,
3151 3759 3169 3792 ι
3196 3751 3252 3794 ιιι
3285 3754 3380 3809 per
3411 3749 3640 3795 mortem
3673 3739 3770 3793 de-

2182 3845 2422 3890 strueret
2448 3851 2572 3890 eum
2611 3836 2703 3904 qui
2758 3834 2995 3889 habebat
3025 3834 3212 3886 mortis
3242 3833 3547 3901 imperium,
3595 3829 3649 3885 id
3687 3840 3772 3885 est

2184 3925 2478 3982 diabolum.
2508 3944 2527 3978 ι
2581 3926 2734 3992 Quod
2779 3939 3054 3996 exponens
3090 3924 3353 3994 Origenes
3399 3933 3531 3978 tom.
3573 3938 3675 3977 xm
3713 3925 3770 3976 in

2183 4018 2399 4084 Matth.,
2437 4034 2586 4072 num.
2623 4017 2674 4078 9,
2712 4033 2836 4088 pag.
2863 4017 2986 4079 582,
3027 4016 3244 4088 Κράτος
3281 4016 3337 4068 δὲ
3383 4014 3634 4082 θανάτου,
3687 4016 3770 4068 ἰη-

2182 4109 2320 4174 quit,
2345 4107 2630 4178 νομιστέον
2662 4107 2807 4178 ἔχειν
2841 4108 2932 4160 τὸν
2963 4107 3227 4172 διάϐολον,
3261 4107 3321 4159 οὐ
3349 4107 3444 4160 τοῦ
3483 4106 3648 4178 μέσου
3673 4106 3769 4161 καὶ

2184 4198 2502 4269 ἀδιαφόρου,
2563 4197 2684 4250 καθ’
2719 4198 2776 4252 ὃν
2830 4198 3263 4270 ἀποθνήσκουσιν
3309 4199 3360 4250 οἱ
3409 4198 3653 4252 σύνθετοι
3703 4201 3771 4253 ἐκ

2181 4287 2358 4360 ψυχῆς
2385 4288 2479 4342 καὶ
2519 4287 2790 4360 σώματος,
2838 4288 3214 4360 χωριζομένης
3258 4289 3435 4343 αὐτῶν
3464 4289 3562 4360 τῆς
3591 4289 3768 4361 ψυχῆς

2183 4381 2291 4434 ἀπὸ
2321 4380 2412 4433 τοῦ
2449 4380 2703 4450 σώματος
2725 4397 2739 4410 ο
2774 4381 2911 4435 ἀλλὰ
2941 4381 3036 4434 τοῦ
3069 4382 3312 4436 ἐναντίου
3335 4383 3430 4435 καὶ
3451 4381 3646 4452 ὲχθροῦ
3669 4381 3765 4434 τοῦ

2185 4471 2428 4537 εἰπόντος
2450 4489 2463 4502 ·
2519 4472 2660 4543 Ἑγώ
2687 4475 2802 4541 ειμι
2834 4474 2872 4541 ἡ
2921 4471 3032 4541 ζωὴ
3055 4473 3122 4539 ⁸⁸,
3163 4473 3284 4528 καθ’
3315 4474 3372 4527 ὃν
3408 4472 3554 4544 ψυχὴ
3587 4473 3768 4543 ἀμαρ-

503 4556 604 4629 τὴν
628 4559 915 4632 καλάμην·
959 4571 1011 4616 et
1037 4573 1246 4630 postea.
1285 4564 1540 4630 quoniam
1589 4564 1846 4633 scriptum
1880 4574 1962 4618 est
1991 4562 2080 4619 Je-

2186 4562 2436 4628 τάνουσα,
2463 4563 2602 4636 αὕτη
2636 4564 2984 4619 ἀποθανεῖται
3010 4565 3077 4619 δ’.

507 4664 644 4705 rem.
680 4665 796 4716 xvi,
831 4652 895 4707 18
931 4669 944 4704 :
977 4670 995 4702 ι
1021 4651 1089 4705 Ει
1118 4653 1334 4708 reddam
1358 4653 1589 4722 primum
1617 4653 1858 4724 duplices
1886 4655 2086 4724 iniqui-

507 4749 648 4794 tates
680 4754 886 4794 eorum.
917 4759 935 4792 ι
1005 4742 1361 4811 Ἀναγκαίως,
1407 4743 1601 4812 inquit,
1651 4744 1972 4815 πρόσκειται
2022 4747 2084 4798 τὸ

505 4833 721 4905 πρῶτον
739 4849 754 4864 °
786 4834 1002 4905 πρῶτον
1033 4835 1141 4906 γὰρ
1167 4837 1237 4891 τὰ
1258 4836 1358 4907 τῆς
1384 4837 1615 4903 ἀδικίας,
1646 4839 1765 4892 εἶτα
1789 4839 1857 4893 τὰ
1885 4841 1981 4911 τῆς
2010 4839 2086 4893 δι-

505 4921 800 4994 καιοσύνης
841 4923 1168 4980 ἀποδίδοται.
1212 4926 1352 4993 Quin
1399 4929 1564 4982 etiam
1615 4928 1705 4982 lib.
1738 4946 1776 4984 ιι
1812 4931 1951 4998 Περὶ
1980 4931 2085 4999 ἀρ-

505 5013 653 5083 χῶν,
690 5030 808 5086 cap.
843 5016 929 5080 10,
966 5034 1114 5075 num.
1142 5019 1197 5086 Ξ,
1232 5021 1466 5074 animam
1508 5036 1605 5090 per
1633 5033 1912 5092 peccatum
1937 5024 2084 5079 ordi-

507 5119 631 5158 nem
663 5120 820 5161 suum
866 5107 1120 5164 deserere
1164 5111 1260 5178 ait,
1303 5120 1359 5165 et
1400 5126 1430 5164 a
1463 5126 1720 5182 compage
1772 5114 1859 5168 cui
1907 5129 1936 5167 a
1973 5114 2082 5170 Deo

505 5195 670 5251 fuerit
702 5199 900 5254 innexa
942 5200 1120 5256 divelli
1148 5217 1166 5269 ;
1199 5213 1254 5256 et
1281 5203 1523 5259 adhibito
1560 5205 1683 5273 igne
1722 5223 1741 5256 ι
1769 5205 1889 5260 sine
1919 5206 2083 5262 dubio

507 5291 573 5344 ad
599 5289 893 5347 firmiorem
918 5293 1350 5366 suicompagem,
1379 5296 1936 5367 instaurationemque
1953 5297 2083 5353 soli-

507 5379 624 5434 deri
645 5399 660 5447 ;
683 5397 826 5438 snee
851 5385 1020 5439 multo
1051 5396 1175 5455 post
1208 5402 1358 5442 num.
1389 5386 1422 5441 6
1445 5405 1460 5441 :
1485 5405 1504 5438 ι
1528 5385 1793 5454 Quoniam
1824 5399 1999 5444 autem
2027 5399 2084 5445 et

505 5484 571 5524 ea
601 5487 756 5542 poena
772 5491 893 5546 qua:
908 5491 1003 5548 per
1035 5479 1210 5550 ignem
1232 5479 1419 5534 inferri
1457 5481 1676 5548 dicitur,
1695 5497 1794 5551 pro
1817 5481 2080 5549 adjutorio

509 5561 824 5635 intelligitur
845 5569 1110 5637 adhiberi,
1127 5572 1294 5627 Isaias
1312 5573 1583 5642 docet,qui
1602 5573 1666 5627 de
1686 5571 1849 5628 Israel
1865 5574 2081 5643 quidem

498 5655 589 5738 .sic
646 5657 820 5714 dicit:
858 5661 1046 5716 Abluet
1081 5663 1337 5719 Dominus
1381 5665 1559 5720 sordes
1597 5664 1835 5734 ﬁliorum
1879 5666 1961 5721 vel
2019 5668 2084 5737 ﬁ-

583 5769 628 5801 "
655 5769 759 5826 lsa.
794 5789 867 5841 tv,
901 5777 956 5830 4.
1060 5773 1227 5830 “Isa.
1264 5792 1431 5843 van,
1461 5778 1546 5833 M.

499 5848 568 5912 et
591 5855 702 5906 xiv,
733 5844 787 5898 6.
863 5845 906 5876 δ’
935 5845 1133 5901 Ezech.
1161 5859 1317 5913 xvnt,
1342 5847 1396 5902 4.

2253 4655 2386 4712 Cum
2424 4657 2500 4711 ait
2532 4673 2779 4714 aversam
2807 4677 2834 4711 a
2860 4657 2971 4712 Deo
3001 4657 3202 4714 diaboli
3244 4656 3579 4712 voluntatem
3609 4655 3764 4717 olim,

2184 4747 2300 4804 fore
2333 4749 2742 4812 conterendam,
2801 4749 2934 4803 satis
2965 4736 3238 4818 signiﬁcat
3284 4764 3343 4803 se
3382 4763 3449 4802 ne
3490 4747 3764 4802 daemones

2184 4841 2402 4911 quidem
2431 4839 2498 4894 ab
2530 4850 2731 4895 aeterna
2773 4840 3032 4895 felicitate
3064 4839 3375 4895 excludere.
3415 4837 3522 4893 Sed
3563 4838 3766 4892 clarius

2184 4933 2348 4988 etiam
2377 4932 2430 4988 id
2460 4934 2732 4988 evincitur
2778 4947 2845 4987 ex
2890 4935 3200 5001 dogtnatum
3237 4933 3406 5001 ipsius
3437 4931 3678 5000 sequela,
3709 4937 3766 4983 et

2183 5040 2246 5080 ex
2283 5025 2385 5080 hoc
2429 5029 2546 5080 loco
2577 5040 2608 5080 e
2645 5025 2737 5080 lib.
2772 5041 2788 5078 ι
2837 5025 2978 5093 Περὶ
3013 5023 3234 5094 ἀρχῶν,
3275 5038 3395 5095 cap.
3425 5022 3480 5087 6,
3523 5039 3671 5077 num.
3705 5023 3762 5088 5,

2181 5131 2340 5186 quem
2367 5125 2421 5172 et
2442 5132 2601 5186 supra
2632 5116 2743 5185 jam
2769 5117 3113 5182 adduximus,
3159 5125 3214 5173 et
3243 5117 3333 5172 hic
3365 5129 3582 5185 quoque
3609 5128 3767 5184 repe-

2182 5217 2356 5264 temus
2403 5226 2418 5262 :
2456 5208 2612 5264 «Jam
2649 5223 2781 5264 vero
2836 5209 2881 5263 si
2912 5208 3077 5280 aliqui
3127 5225 3192 5264 ex
3216 5209 3313 5264 this
3353 5207 3635 5263 ordinibus
3669 5206 3764 5276 qui

2180 5301 2280 5355 sub
2299 5301 2606 5369 principatu
2631 5300 2829 5355 diaboli
2858 5310 3044 5371 agunt,
3082 5316 3146 5356 ac
3166 5300 3385 5355 malitiae
3415 5298 3533 5368 ejus
3560 5298 3767 5352 obtem-

2183 5402 2399 5462 perant,
2442 5402 2695 5462 poterunt
2727 5391 3018 5462 aliquando
3055 5394 3107 5448 in
3139 5392 3336 5447 futuris
3379 5389 3594 5445 szeculis
3627 5403 3766 5443 con-

2186 5486 2324 5541 verti
2353 5486 2420 5541 ad
2477 5486 2797 5551 bonitatem,
2831 5500 2930 5555 pro
2955 5501 3020 5541 eo
3048 5485 3190 5556 quod
3217 5492 3301 5539 est
3345 5483 3400 5538 in
3450 5482 3580 5552 ipsis
3608 5479 3767 5534 liberi

2186 5576 2419 5633 facultas
2453 5578 2666 5632 arbitrii
2696 5592 2711 5631 :
2745 5594 2811 5632 an
2855 5593 2986 5632 vero
3019 5591 3343 5648 permanens
3376 5584 3431 5630 et
3464 5575 3766 5629 inveterata

2189 5671 2394 5726 malitia
2425 5671 2576 5726 velut
2611 5654 2662 5726 in
2695 5681 2941 5726 naturam
2967 5673 3255 5742 quamdam
3288 5685 3354 5724 ex
3376 5664 3764 5723 consuetudine

1649 5779 1694 5813 “
1721 5779 1822 5836 lsa.
1851 5795 1905 5850 x,
1943 5781 2030 5835 17.

2214 5783 2444 5841 Malach.
2481 5803 2566 5854 ιιι,
2590 5786 2644 5843 5.
2719 5786 2763 5819 ’⁸⁷
2789 5784 2810 5840 l
2839 5784 2966 5842 Cor.
2994 5799 3083 5855 xv,
3114 5784 3203 5841 ‘26.
3280 5783 3505 5841 M’Joan.
3543 5795 3620 5860 ιιι,
3652 5775 3757 5840 25;
