4170 6478
411 475 552 534 1029

1228 468 1802 530 ORIGENIANORUM
1841 469 1970 524 LIB.
2011 469 2073 533 II,
2114 467 2268 523 CAP.
2309 465 2371 533 II,
2406 465 2683 533 QUIEST.
2728 464 2815 519 XI.

3535 469 3672 525 1050

407 597 779 659 convertatur,
812 591 975 648 etiam
1005 599 1060 646 tu
1091 590 1184 660 qui
1217 587 1622 660 legis'probato',
1653 591 1696 645 si
1725 591 1988 645 omnimo-
2017 599 2062 652 Α
2092 599 2236 658 ptam
2269 588 2657 642 beatitudinem
2709 585 3005 656 possidere.
3052 603 3073 638 ι
3123 584 3324 652 Quibus
3362 595 3417 642 et
3443 587 3556 644 haec
3579 590 3674 644 ad-

409 685 477 739 de
506 698 682 753 neque
709 683 763 737 in
794 684 882 738 his
913 699 1032 753 quae
1061 683 1316 736 videntur
1344 683 1729 751 temporalibus
1757 682 1988 747 saeculis,

409 789 588 845 neque
627 776 682 831 in
706 777 793 831 his
823 791 942 845 quae
968 791 1076 831 non
1110 775 1383 843 videntur,
1415 786 1469 832 et
1496 787 1696 832 :rtcrna
1727 788 1871 845 sunt,
1906 794 1992 847 pe-

385 849 558 966 ;nitus
609 882 735 936 pars
783 868 884 923 ista
924 869 992 921 ab
1017 866 1104 920 illa
1131 867 1294 922 etiam
1328 868 1476 923 ﬁnali
1540 871 1768 936 unitate,
1829 879 1992 940 atque

407 959 787 1014 convenientia
816 958 1165 1028 discrepabit.
1194 976 1212 1009 ι
1247 956 1400 1013 Jacet
1421 959 1607 1014 eadem
1635 960 1901 1014 sententia
1936 960 1988 1014 in

407 1053 529 1109 istis
549 1068 579 1108 e
601 1051 931 1108 Corderiana
958 1051 1164 1107 Catena
1195 1053 1247 1106 in
1297 1051 1578 1117 Joannem,
1608 1052 1674 1106 ad
1699 1051 1856 1106 Joan.
1888 1067 1986 1116 xu,

406 1145 468 1200 51
513 1164 526 1199 :
565 1145 638 1198 Τὸ
678 1147 737 1198 ἐν
795 1143 874 1214 τῷ
920 1143 1136 1216 σταυρῷ
1196 1143 1426 1216 πάθημα
1479 1144 1645 1198 αὐτοῦ
1691 1145 1870 1217 κρίσις
1920 1141 1990 1216 ἦν

403 1234 497 1289 τοῦ
533 1236 736 1307 κόσμου
794 1237 982 1290 τούτου
1036 1237 1267 1301 παντός’
1303 1237 1532 1310 ἐπείπερ
1571 1239 1991 1310 εἰρηνοποιήσας

401 1325 491 1380 διὰ
520 1326 612 1380 τοῦ
637 1327 868 1398 αἵματος
882 1328 976 1382 τοῦ
1002 1329 1237 1401 σταυροῦ
1269 1329 1484 1395 ἐαυτοῦ,
1514 1329 1625 1382 εἴτε
1650 1328 1720 1383 τὰ
1745 1330 1836 1382 ἐπὶ
1862 1330 1986 1400 γῆς,

401 1417 511 1470 εἴτε
535 1418 604 1472 τὰ
628 1419 686 1473 ἐν
707 1421 976 1491 οὐρανοῖς,
1014 1421 1153 1492 μετὰ
1185 1422 1599 1495 θριαμϐεύσεως
1630 1425 1688 1476 ἐν
1712 1422 1790 1494 τῷ
1823 1422 1984 1494 ξύλῳ,

399 1508 467 1574 ἃς
491 1510 828 1566 ἐπεκδύσατο
863 1513 1038 1585 ἀρχὰς
1067 1515 1160 1567 καὶ
1186 1514 1454 1581 ἐξουσίας,
1497 1514 1751 1569 ἐκάθισεν
1781 1516 1839 1569 ἐν
1872 1516 1988 1577 τοῖς

400 1603 764 1675 ἐπουρανίοις,
804 1605 1175 1670 ἀποκαθιστὰς
1225 1607 1402 1660 πάντα
1433 1608 1524 1660 ἐπὶ
1555 1607 1615 1661 τὸ
1652 1607 1866 1678 ἑκάστῳ
1889 1608 1987 1678 ἁρο

401 1693 566 1766 μόζον
602 1696 698 1749 καὶ
741 1695 951 1768 πρέπον
980 1697 1149 1760 τέλος.
1193 1717 1210 1750 ι
1233 1697 1378 1754 Mors
1417 1699 1556 1768 ejus,
1591 1713 1686 1754 seu
1731 1699 1786 1752 in
1824 1713 1988 1754 cruce

397 1787 604 1857 passio,
627 1788 890 1857 judicium
940 1799 1058 1844 erat
1091 1790 1328 1847 universi
1357 1793 1566 1857 mundi,
1601 1792 1856 1860 quoniam
1901 1791 1983 1845 ef-

399 1877 519 1934 fuso
546 1879 600 1934 in
638 1895 801 1936 cruce
826 1881 1092 1951 sanguine
1112 1898 1210 1938 suo
1238 1898 1425 1952 pacem
1452 1883 1762 1938 conciliavit
1789 1867 1980 1938 tamin

2089 682 2363 753 jungenda
2390 696 2422 736 e
2453 681 2590 735 libro
2614 681 2825 742 eodem,
2853 695 2974 748 cap.
3008 680 3061 745 1,
3093 695 3245 733 num.
3276 681 3336 733 21
3372 699 3385 735 :
3420 700 3436 730 ι
3459 681 3538 734 Ex
3563 697 3675 750 quo

2092 773 2398 840 opinamur,
2428 771 2684 842 quoniam
2713 771 2952 840 quidem,
2997 781 3057 824 ut
3081 769 3392 839 frequenter
3415 772 3673 838 diximus,

2092 861 2417 917 immortalis
2459 871 2543 917 est
2572 862 2756 916 anima
2787 871 2842 916 et
2870 871 3094 927 teterna,
3131 864 3271 932 quod
3307 862 3360 916 in
3402 863 3586 918 multis
3617 874 3677 920 et

2092 956 2210 1010 sine
2230 955 2333 1010 line
2368 955 2557 1024 spatiis
2586 970 2683 1024 per
2709 956 2973 1010 immensa
2997 963 3052 1008 et
3077 955 3289 1010 diversa
3320 956 3518 1009 saecula
3547 971 3672 1026 pos-

2091 1048 2249 1102 sihile
2280 1057 2384 1112 est,
2412 1057 2470 1102 ut
2497 1065 2524 1102 a
2565 1064 2776 1102 summo
2803 1050 2946 1103 bono
2973 1049 3038 1103 ad
3068 1048 3249 1102 infima
3286 1047 3423 1102 mala
3451 1049 3673 1104 descen-

2090 1141 2206 1205 dat,
2243 1151 2299 1197 et
2340 1141 2406 1196 ab
2452 1141 2657 1197 ultimis
2696 1141 2851 1197 malis
2894 1141 2963 1196 ad
3011 1157 3219 1196 summa
3266 1142 3408 1199 bona
3454 1157 3674 1212 repare-

2092 1240 2198 1285 tur.
2225 1249 2244 1282 ι

2160 1322 2278 1378 XX.
2314 1324 2465 1392 Quod
2518 1326 2565 1379 si
2621 1323 2745 1394 quis
2796 1324 3113 1395 dogmatum
3157 1325 3384 1380 istorum
3430 1323 3671 1393 requirat

2089 1415 2376 1486 originem,
2408 1418 2548 1472 sciat
2577 1417 2667 1472 ille
2697 1428 2892 1488 prmter
2917 1420 3166 1488 quaedam
3197 1417 3492 1487 Scriptura;
3521 1417 3671 1471 testi-

2091 1508 2295 1572 monia,
2328 1523 2449 1578 quae
2479 1525 2605 1564 mox
2631 1525 2658 1563 a
2685 1511 2839 1564 nobis
2885 1519 3310 1564 commemorata
3349 1519 3493 1574 sunt,
3528 1509 3671 1564 Ada-

2089 1601 2352 1654 mantium
2383 1615 2599 1671 quoque
2629 1602 2680 1654 in
2725 1616 2970 1655 errorem
3011 1601 3292 1655 induxisse
3320 1601 3459 1655 male
3497 1601 3670 1654 inter-

2086 1699 2359 1757 pretatum
2410 1691 2564 1755 illud,
2623 1689 2767 1760 quod
2806 1698 2986 1744 exstat
3030 1688 3180 1744 Isaiae
3213 1706 3366 1754 xxiv,
3409 1688 3503 1757 22,
3556 1707 3576 1741 ι
3603 1689 3669 1744 Et

2087 1783 2410 1839 claudentur
2435 1783 2508 1838 ibi
2539 1785 2592 1838 in
2637 1798 2884 1849 carcere,
2912 1794 2966 1838 et
3008 1793 3130 1853 post
3179 1783 3376 1838 multus
3401 1782 3516 1837 dies
3537 1782 3671 1837 visi-

2090 1877 2390 1943 tabuntur;
2424 1895 2443 1928 ι
2491 1887 2545 1932 et
2576 1877 2678 1931 hoc
2717 1876 2876 1931 Joan.
2910 1894 2964 1943 χ,
2992 1877 3080 1940 16,
3113 1896 3130 1928 t
3159 1875 3278 1931 Fiet
3312 1891 3478 1930 unum
3508 1875 3668 1943 ovile,

397 1978 546 2026 terra
576 1986 738 2041 Quam
772 1974 825 2027 in
858 1973 1032 2040 malis,
1065 1974 1189 2028 dum
1223 1984 1343 2044 post
1375 1975 1700 2044 triumphum
1730 1977 1784 2030 in
1813 1976 1980 2047 ligno,
2011 1957 2054 2011 Β
2083 1977 2137 2024 el
2164 1984 2304 2023 unus
2322 1977 2531 2037 pastor,
2560 1987 2578 2020 ι
2610 1971 2750 2038 quod
2779 1968 2966 2036 ipsein
2996 1967 3264 2038 dogmatis
3286 1967 3368 2022 sui
3393 1967 3672 2022 fulcimen-

397 2079 534 2133 quos
571 2073 801 2120 exuerat
830 2065 1169 2134 principatus
1195 2080 1258 2120 ac
1285 2073 1596 2134 jpotestates
1623 2067 1903 2121 constituit
1927 2068 1980 2122 in

397 2154 730 2219 caelestibus,
778 2154 1034 2210 universa
1068 2155 1135 2211 ad
1178 2156 1586 2213 convenientem
1623 2157 1884 2228 cujusque
1914 2160 1978 2213 Ii-

395 2261 518 2300 nem
542 2246 858 2315 perduccns.
885 2264 904 2297 ›

476 2335 609 2390 XIX.
645 2337 912 2393 Caeterum
951 2353 1060 2394 non
1087 2353 1368 2408 pcenarum
1400 2341 1694 2409 'duntaxat,
1739 2342 1831 2397 sed
1860 2342 1980 2398 feli-

395 2427 580 2483 citatis
619 2428 782 2483 etiam
819 2439 1029 2500 tempus
1062 2432 1228 2488 certis
1266 2432 1742 2504 circumscriptum
1790 2437 1977 2490 termi-

394 2519 480 2575 nis
517 2533 637 2576 esse
676 2521 867 2590 voluit,
908 2522 1230 2593 animasque
1270 2525 1337 2580 ad
1371 2525 1729 2596 perfectionis
1760 2527 1976 2584 culmen

391 2622 629 2680 evectas,
653 2623 708 2670 et
738 2614 952 2684 peccati
985 2630 1050 2671 ac
1078 2631 1355 2688 corporeae
1403 2617 1562 2674 molis
1592 2619 1846 2676 sordibus
1877 2636 1974 2676 ex-

391 2715 668 2777 purgatas,
697 2707 880 2762 statim
920 2716 1083 2778 atque
1124 2724 1155 2763 a
1197 2709 1400 2764 virtute
1431 2709 1483 2764 in
1524 2710 1714 2766 vitium
1737 2711 1974 2769 deﬂexe-

392 2797 521 2863 rint,
555 2800 607 2852 in
636 2799 919 2855 crassioris
939 2800 1185 2870 corporis
1209 2815 1484 2856 carcerem
1521 2805 1812 2875 compingi.
1840 2803 1974 2861 Ver-

387 2885 458 2942 ha
481 2885 746 2958 _Origenis
780 2903 811 2944 e
835 2888 932 2944 lib.
981 2904 1021 2943 ιι
1055 2889 1132 2945 De
1157 2890 1383 2960 princip.
1420 2890 1579 2947 affert
1613 2892 1971 2962 Justinianus,

389 2980 586 3049 quibus
612 2996 841 3052 corpora
882 2983 1170 3038 interilura
1207 2985 1482 3051 dicuntur,
1533 3000 1655 3040 cum
1686 2986 1797 3042 Deo
1846 2989 1973 3043 sub-

387 3068 529 3137 jecta
567 3072 766 3129 fuerint
795 3075 997 3142 omnia,
1029 3075 1130 3145 τῆς
1158 3074 1266 3128 τῶν
1299 3076 1568 3146 σωμάτων
1597 3076 1812 3146 φύσεως
1843 3079 1972 3133 ὑπο-

393 3164 730 3233 στησομένης
761 3165 1032 3236 δεύτερον,
1070 3167 1166 3220 ἐὰν
1204 3167 1367 3221 πάλιν
1399 3167 1594 3236 λογικὰ
1629 3170 1969 3244 ὑποκαταϐῇ,

395 3267 562 3308 tcum
619 3253 818 3309 iterum
875 3260 1178 3330 reparanda
1210 3261 1281 3316 sit
1311 3275 1602 3331 corporum
1661 3273 1881 3329 natura,
1921 3266 1968 3320 si

389 3359 610 3400 rursum
663 3347 949 3405 rationalia
981 3353 1334 3410 descendant.
1361 3373 1380 3406 ι
1424 3354 1598 3410 Alfert
1641 3363 1697 3412 et
1743 3358 1848 3412 alia
1901 3373 1969 3414 ex

389 3443 582 3504 quarto
603 3437 772 3505 libro,
811 3439 1006 3506 quibus
1043 3457 1332 3512 corporum
1371 3455 1624 3501 naturam
1659 3463 1755 3518 per
1797 3450 1970 3505 inter-

386 3524 524 3580 valla
553 3527 816 3583 exsistere
836 3529 1014 3596 docet,
1050 3533 1139 3588 διά
1160 3552 1279 3590 τινα
1302 3536 1685 3610 συμπτώματα
1711 3542 1971 3614 γινόμενα

387 3620 516 3689 περὶ
570 3618 638 3673 τὰ
667 3619 878 3690 λογικὰ,
919 3624 1148 3697 δεόμενα
1199 3630 1500 3700 σωμάτων·
1543 3633 1638 3686 καὶ
1677 3633 1840 3689 πάλιν
1871 3637 1970 3705 τῆς

384 3712 808 3784 ἐπανορθώσεως
833 3717 1053 3783 τελείως
1075 3721 1365 3792 γινομένης
1389 3725 1469 3788 εἰς
1486 3724 1546 3777 τὸ
1577 3725 1651 3797 μὴ
1675 3722 1815 3782 εἶναι
1843 3727 1971 3782 ἀνα-

385 3802 606 3857 λύεσθαι
658 3807 853 3874 ταῦτα,
900 3809 1040 3864 ὥστε
1065 3812 1224 3867 τοῦτο
1260 3814 1348 3867 ἀεὶ
1375 3815 1641 3884 γίνεσθαι.
1699 3835 1719 3871 t
1743 3817 1972 3890 Propter

385 3897 647 3965 quosdam
694 3899 874 3970 lapsus
913 3905 1076 3962 rebus
1123 3907 1336 3963 ratione
1379 3908 1711 3977 pollentibus
1751 3913 1967 3967 contin-

384 4001 594 4064 gentes,
651 4007 770 4063 qua:
792 3997 1108 4067 corporibus
1144 3997 1424 4070 indigent;
1485 4009 1542 4057 et
1577 4017 1794 4058 rursum
1825 4004 1968 4060 facta

383 4083 764 4141 emendatione
791 4089 1056 4157 perfecta,
1086 4090 1308 4147 dissolvi
1339 4093 1430 4148 illa
1464 4093 1518 4148 in
1556 4094 1806 4162 nihilum,
1833 4097 1968 4152 adeo

384 4181 445 4229 ut
471 4172 524 4228 id
554 4190 766 4246 semper
795 4179 904 4233 ﬁat.
931 4198 950 4232 ι
983 4181 1154 4238 Al'fert
1173 4193 1228 4240 et
1254 4184 1360 4240 ista
1383 4199 1414 4242 e
1444 4185 1538 4243 lib.
1566 4201 1583 4240 ι
1610 4185 1971 4258 Hieronymus

383 4267 540 4336 epist.
574 4267 665 4335 59,
695 4271 764 4325 ad
796 4271 967 4339 Avit.,
1000 4289 1122 4344 cap.
1149 4275 1175 4329 1
1214 4294 1228 4332 :
1264 4295 1282 4329 t
1305 4275 1361 4331 In
1390 4278 1500 4334 ﬁne
1522 4287 1685 4349 atque
1714 4294 1969 4336 consum-

385 4359 620 4417 matione
657 4364 910 4419 mundi...
939 4366 1052 4439 (50)
1083 4383 1202 4423 cum
1244 4383 1434 4425 omnes
1474 4369 1706 4444 (animm)
1741 4371 1968 4427 liberum

385 4449 620 4511 habeant
649 4458 959 4526 arbitrium,
1005 4469 1062 4517 et
1088 4471 1277 4532 sponte
1312 4477 1408 4518 sua
1449 4463 1535 4519 vel
1574 4464 1806 4521 virtutes
1843 4480 1970 4536 pos-

383 4542 495 4598 sint
524 4560 740 4617 capere,
766 4551 852 4606 vel
886 4553 1038 4619 vitia,
1064 4553 1167 4609 illae
1184 4556 1356 4611 multo
1385 4556 1441 4611 in
1462 4556 1633 4627 pejori
1659 4557 1970 4614 conditione

2084 2069 2196 2116 tum
2240 2070 2468 2129 usurpat
2509 2061 2564 2115 in
2594 2062 2698 2116 line
2724 2059 2910 2115 homil.
2947 2059 2981 2114 6
3023 2061 3078 2113 in
3106 2058 3272 2113 Num.
3311 2059 3444 2115 Item
3479 2059 3605 2114 illud
3639 2076 3672 2115 e

2080 2153 2335 2226 parabola
2381 2168 2542 2222 quam
2580 2154 2832 2224 preponit
2874 2153 3125 2208 Christus
3175 2152 3366 2208 Matth.
3395 2169 3550 2219 xvnt,
3579 2154 3669 2219 15,

2081 2261 2206 2301 cum
2243 2259 2460 2300 servum
2489 2259 2720 2314 nequam
2755 2247 2930 2300 iratus
2968 2245 3217 2299 dominus
3241 2245 3411 2314 jussit
3436 2245 3665 2302 tortori-

2078 2335 2180 2390 hus
2206 2335 2364 2398 tradi,
2399 2338 2576 2405 quoad
2608 2335 2852 2391 debitum
2880 2337 3150 2407 integrum
3178 2338 3514 2393 refunderet.
3542 2336 3659 2392 Uu-

2079 2430 2144 2484 de
2169 2427 2431 2498 Origenes
2457 2428 2642 2484 homil.
2671 2428 2741 2482 '55
2769 2429 2824 2482 in
2853 2428 3010 2493 Luc.,
3057 2448 3075 2480 ι
3105 2428 3236 2496 Qua:
3261 2439 3344 2485 est
3367 2429 3449 2483 lex
3479 2444 3670 2485 carce-

2079 2521 2155 2576 ris
2183 2521 2336 2576 istius
2367 2520 2659 2592 (inferni)?
2688 2519 2803 2576 Non
2851 2522 3100 2590 egredior
3149 2535 3218 2576 ex
3259 2537 3348 2588 eo,
3381 2537 3554 2592 neque
3580 2536 3670 2576 me

2078 2624 2300 2671 exactor
2332 2614 2540 2684 patitur
2568 2615 2741 2681 exire,
2778 2616 2881 2672 nisi
2925 2616 3163 2671 debitum
3195 2631 3356 2672 omne
3389 2615 3668 2686 persolve-

2075 2723 2202 2764 1⁸0.)
2247 2707 2450 2764 Fraudi
2499 2709 2549 2765 ei
2609 2709 2709 2764 fuit
2752 2723 3036 2780 perperam
3091 2720 3371 2781 acceptum
3416 2717 3473 2765 et
3514 2709 3661 2764 istud

2074 2800 2323 2870 Apostoli
2353 2801 2514 2860 Rom.
2537 2817 2614 2866 ιιι,
2650 2800 2742 2863 25,
2771 2801 2862 2867 26,
2913 2821 2931 2852 ι
2952 2801 3178 2856 Caecitas
3212 2817 3276 2856 ex
3307 2811 3464 2871 parte
3490 2801 3664 2856 conti-

2074 2896 2152 2964 git
2192 2895 2244 2948 in
2293 2893 2481 2958 Israel,
2531 2896 2707 2949 donec
2771 2893 3050 2964 plenitudo
3099 2893 3339 2964 gentium
3385 2895 3665 2961 intraret,

2073 2996 2127 3041 et
2149 2986 2230 3042 sic
2262 2986 2442 3042 omnis
2468 2984 2637 3042 Israel
2665 2985 2847 3042 salvus
2871 2985 3047 3042 fieret.
3073 3006 3092 3038 ι
3129 2985 3440 3040 Piaculares
3461 2996 3662 3052 autem,

2073 3094 2209 3149 quas
2239 3079 2372 3146 dixi,
2401 3088 2456 3135 et
2478 3079 2822 3150 purgatorias
2849 3093 3041 3149 pmnas
3088 3079 3175 3136 his
3199 3079 3442 3134 defendit
3476 3079 3662 3134 verbis

2071 3186 2139 3227 ex
2183 3171 2362 3227 lCor.
2412 3187 2496 3237 ιιι,
2534 3171 2622 3239 12,
2678 3173 2732 3227 in
2794 3173 2990 3242 quibus
3052 3171 3478 3243 uniuscujusque
3527 3187 3664 3241 opus

2074 3264 2198 3334 igne
2234 3265 2603 3320 examinatum
2641 3265 2708 3320 iri
2744 3263 2946 3321 Paulus
2979 3263 3234 3320 aliirmat.
3268 3265 3403 3320 Aliis
3438 3265 3664 3334 quibus.

2073 3356 2199 3413 dam
2227 3357 2497 3427 opinionis
2534 3357 2693 3426 hujus
2713 3358 3136 3429 propugnaculis
3161 3358 3238 3412 uti
3272 3357 3448 3412 solere
3472 3356 3665 3427 Orige-

2071 3451 2246 3506 nistas
2283 3450 2449 3505 tradit
2485 3449 2847 3522 Hieronymus
2891 3451 2961 3505 ad
3009 3449 3210 3506 calcem
3242 3448 3665 3504 Commentario-

2073 3557 2190 3595 rum
2227 3543 2284 3595 in
2324 3540 2562 3607 Isaiam;
2608 3541 2710 3598 hoc
2759 3542 3014 3596 nimirum
3057 3541 3210 3596 Pauli
3252 3541 3413 3597 Rom.
3442 3557 3520 3609 ιιι,
3568 3541 3662 3608 52,

2079 3633 2396 3690 «ϐοηοιιιείι
2438 3632 2584 3690 Deus
2631 3634 2815 3689 omnia
2869 3635 2968 3690 sub
3022 3643 3269 3705 peccato,
3319 3642 3380 3688 ut
3411 3634 3665 3690 omnibus

2073 3725 2433 3790 misereatur;
2461 3743 2480 3776 ι
2512 3732 2568 3780 et
2609 3724 2699 3780 illo
2743 3725 2907 3780 Mich.
2938 3740 3032 3792 vn,
3076 3725 3109 3780 9
3157 3742 3170 3778 :
3219 3743 3236 3776 t
3265 3723 3402 3778 Iram
3449 3723 3664 3779 Domini

2073 3817 2381 3883 sustinebo,
2411 3816 2536 3886 quia
2565 3817 2786 3885 peccavi
2811 3817 2862 3872 ei
2897 3832 2911 3870 :
2951 3817 3126 3873 donec
3147 3816 3412 3888 justiﬁcet
3439 3831 3661 3872 causam

2072 3923 2270 3974 meam,
2303 3917 2359 3963 et
2402 3907 2619 3987 auferat
2659 3908 2924 3977 judicium
2955 3924 3156 3978 meum,
3197 3919 3252 3964 et
3273 3909 3467 3966 educat
3495 3923 3580 3962 me
3609 3909 3661 3963 in

2071 4000 2330 4068 Iucemp
2373 4011 2427 4056 et
2447 4001 2567 4073 ;hoc
2609 4000 2774 4056 etiam
2823 4001 2976 4057 Isaia:
3013 4001 3172 4066 xu,I
3218 4019 3232 4056 :
3290 4019 3308 4053 t
3335 4001 3660 4057 Benedicam

2072 4104 2146 4161 te,
2173 4095 2417 4159 Domine,
2442 4095 2692 4164 quoniam
2715 4096 2885 4150 iratus
2915 4111 2974 4150 es
2989 4095 3118 4149 mihi
3147 4111 3160 4147 :
3194 4095 3434 4150 avertisti
3470 4094 3658 4149 faciem

2072 4195 2220 4242 tuam
2243 4201 2273 4240 a
2304 4199 2410 4254 me,
2437 4196 2492 4242 et
2524 4186 2780 4242 misertus
2819 4203 2877 4242 es
2908 4186 3044 4252 mei;
3093 4205 3112 4239 ι
3139 4200 3348 4242 necnon
3379 4193 3433 4240 et
3459 4187 3562 4240 isto
3583 4184 3660 4240 O-

2071 4293 2178 4334 sca:
2201 4293 2314 4346 xw,
2346 4278 2378 4332 5
2409 4296 2424 4332 :
2454 4295 2474 4329 ι
2505 4277 2638 4334 Cum
2677 4277 2756 4333 ira
2803 4277 3006 4333 furoris
3054 4278 3159 4333 mei
3190 4277 3486 4344 transierit,
3536 4293 3662 4332 rur-

2071 4387 2189 4428 sum
2247 4374 2520 4438 sanabo,»
2571 4383 2732 4442 atque
2782 4371 2968 4426 itidem
3019 4370 3109 4427 illo
3157 4370 3349 4442 psalm.
3385 4386 3520 4436 xxx,
3566 4370 3660 4434 20,

2077 4484 2096 4518 ι
2121 4466 2296 4532 Quam
2353 4465 2575 4534 grandis
2608 4464 2896 4520 multitudo
2924 4463 3186 4520 bonitatis
3227 4473 3350 4530 tum,
3408 4462 3658 4528 Domine,

2073 4573 2235 4628 quam
2269 4557 2596 4614 abscondisti
2630 4556 2946 4612 timentibus
2982 4557 3065 4612 te!
3104 4578 3124 4608 ι

383 4644 566 4704 erunt,
607 4653 770 4708 quam
817 4659 962 4701 nunc
1008 4657 1170 4712 sunt;
1209 4647 1293 4702 hac
1340 4648 1406 4703 ad
1437 4648 1717 4705 meliorem
1763 4659 1962 4705 statum
1996 4655 2041 4711 D
2143 4651 2342 4707 Verum
2381 4666 2489 4706 non
2530 4652 2704 4706 sacris
2733 4649 3000 4705 duntaxat
3027 4650 3368 4718 auctoribus,
3403 4652 3497 4706 sed
3541 4665 3660 4720 pro-

380 4730 702 4794 pervenient
732 4753 745 4786 :
778 4737 903 4804 quia
932 4737 1133 4794 diversi
1173 4749 1373 4806 motus,
1395 4749 1448 4795 et
1467 4741 1636 4798 varias
1661 4741 1966 4798 voluntates

382 4817 436 4872 in
462 4829 752 4893 utramque
789 4835 996 4894 partem
1033 4831 1305 4886 diversum
1340 4834 1607 4904 accipient
1655 4843 1880 4902 statum,
1909 4835 1963 4889 id

381 4919 487 4979 est,
512 4921 570 4967 ut
593 4916 793 4986 angeli,
838 4919 1088 4979 homines
1132 4927 1217 4979 vel
1243 4927 1534 4993 daemones,
1572 4937 1626 4983 et
1649 4944 1861 4984 rursum
1892 4943 1961 4984 ex

380 5003 467 5060 his
513 5006 803 5077 homines;
839 5013 923 5068 vel
982 5016 1157 5086 angeli
1206 5017 1373 5087 fiant;
1399 5039 1418 5071 ι
1479 5030 1533 5074 et
1575 5019 1664 5076 illa
1693 5036 1724 5078 e
1757 5022 1850 5083 lih.
1878 5039 1962 5090 ιιι,

381 5108 500 5164 cap.
531 5095 584 5160 6,
613 5112 764 5152 num.
796 5100 851 5167 ’5,
905 5119 926 5154 ι
949 5101 1060 5159 Nec
1087 5106 1308 5161 dubium
1353 5116 1436 5163 est
1471 5109 1599 5179 quin
1642 5118 1766 5181 post
1811 5126 1963 5181 quae-

381 5187 504 5242 dam
539 5190 822 5248 intervalla
850 5202 1156 5267 temporum
1190 5215 1380 5256 rursus
1408 5203 1634 5257 materia
1673 5203 1956 5269 subsistat,

377 5290 434 5334 et
472 5294 700 5351 corpora
746 5287 900 5354 ﬁant,
943 5299 998 5344 et
1035 5293 1221 5348 mundi
1263 5294 1553 5350 diversitas
1590 5305 1958 5361 construatur,

378 5383 601 5443 propter
639 5377 824 5434 varias
859 5379 1168 5438 voluntates
1225 5386 1629 5442 rationabilium
1673 5399 1956 5443 creatura-

377 5480 521 5533 rum,
549 5483 668 5538 quae
700 5481 820 5540 post
842 5471 1135 5540 perfectam
1168 5475 1555 5534 beatitudinem
1593 5495 1765 5551 usque
1797 5483 1862 5534 ad
1892 5482 1959 5536 fi-

377 5569 502 5611 nem
541 5560 783 5616 omnium
815 5577 997 5618 rerum
1041 5566 1304 5634 paulatim
1333 5569 1399 5624 ad
1441 5571 1696 5626 inferiora
1727 5570 1959 5641 delapsa:

383 5655 582 5705 tantam
607 5653 863 5709 malitiam
886 5668 1230 5727 receperunt,
1263 5670 1322 5715 ut
1343 5661 1395 5716 in
1430 5665 1759 5719 contrarium
1785 5675 1962 5721 verte-

385 5752 592 5810 rentur,
627 5747 754 5802 dum
781 5747 972 5805 nolunt
995 5765 1215 5810 servare
1242 5754 1592 5828 principium,
1620 5767 1675 5814 et
1702 5757 1954 5818 incorru-

443 5941 557 6016 (50)
583 5945 717 6003 Vide
742 5949 902 6010 ﬁuem
926 5952 1018 6012 lib.
1045 5970 1062 6011 I
1099 5952 1173 6013 De
1206 5956 1430 6029 princip.

2067 4745 2209 4799 fanis
2242 4745 2407 4799 etiam
2454 4745 2752 4814 regendum
2791 4759 2914 4800 sese
2958 4744 3174 4799 videtur
3200 4741 3464 4816 Origenes
3495 4744 3661 4798 tradi-

2066 4838 2208 4892 disse
2241 4854 2256 4892 :
2284 4835 2493 4891 Platoni
2527 4836 2812 4906 imprimis,
2842 4836 2935 4906 qui
2977 4837 3032 4890 in
3070 4835 3340 4891 Phwdone
3367 4834 3647 4891 Socratem

2065 4929 2272 4985 inducit
2297 4930 2371 4984 ita
2402 4928 2764 4984 disserentem
2805 4948 2818 4982 :
2850 4929 3129 4984 hominum
3154 4928 3245 4998 qui
3276 4943 3396 4984 sese
3424 4929 3656 4982 terrenis

2073 5020 2462 5090 cupiditatibus
2484 5021 2815 5089 dediderint,
2868 5023 3080 5076 animas
3103 5021 3248 5076 circa
3284 5019 3533 5090 sepulcra
3561 5036 3655 5072 va-

2072 5122 2262 5182 gantes
2290 5115 2528 5182 pendere
2552 5128 2761 5183 pmnas,
2789 5115 2964 5184 quoad
2996 5130 3182 5170 rursus
3196 5115 3515 5184 corporibus
3539 5114 3657 5168 alli-

2071 5215 2289 5275 gentur.
2317 5204 2483 5259 Docet
2523 5206 2727 5261 ibidem
2771 5205 3054 5269 Socrates,
3085 5217 3330 5262 mortuos
3369 5207 3438 5261 ab
3461 5222 3526 5261 eo
3549 5207 3655 5261 dm-

2069 5311 2256 5364 mone,
2291 5299 2384 5366 qui
2427 5298 2732 5354 viventibus
2761 5299 2892 5369 ipsis
2932 5301 3224 5371 obtigerat,
3255 5299 3446 5356 deduci
3475 5300 3544 5356 ad
3569 5300 3654 5353 in-

2068 5391 2233 5454 feros,
2262 5401 2316 5444 et
2341 5399 2463 5458 post
2503 5389 2660 5460 longa
2691 5391 2888 5446 deinde
2925 5391 3182 5461 temporis
3233 5390 3405 5460 spatia
3453 5390 3519 5445 ab
3547 5388 3654 5444 alio

2068 5481 2204 5536 duce
2231 5482 2496 5538 revocari.
2525 5482 2614 5536 Ait
2637 5485 2980 5552 postmodum
3009 5484 3078 5540 ad
3100 5484 3528 5540 Acherusiadem
3557 5499 3652 5554 pa-

2068 5572 2248 5628 ludem
2287 5574 2577 5630 convenire
2631 5576 2826 5632 multas
2850 5587 3188 5633 mortuorum
3237 5576 3468 5644 animas,
3530 5592 3652 5646 qute

2068 5674 2192 5736 post
2219 5667 2495 5723 breviores
2527 5667 2611 5724 vel
2638 5669 3008 5726 diuturniores
3040 5679 3344 5740 temporum
3390 5671 3648 5732 ambitus.

2068 5773 2288 5816 rursum
2345 5761 2413 5818 ad
2460 5761 2775 5818 animalium
2832 5763 3234 5834 generationem
3299 5763 3646 5832 emittantur;
