4170 6404
568 399 699 455 1951

1839 406 1899 463 Ρ.
1941 406 2253 466 DANIELIS
2290 408 2523 468 HUETII

3678 428 3824 486 1032

564 523 899 580 sanabilibus
930 523 1092 580 modo
1120 526 1275 581 noxis
1306 527 1602 598 inquinatas
1641 528 1754 584 sint
1783 546 1798 583 :
1843 545 1965 600 qua:
2001 545 2132 586 vero
2165 535 2212 593 Α
2238 531 2353 587 huit
2380 532 2774 601 paenitentiam.
2805 536 2938 606 quid
2966 536 3034 592 ad
3064 539 3210 595 nos?
3236 558 3257 593 ι
3289 550 3345 598 et
3374 541 3473 601 lib.
3495 558 3549 599 vi
3578 544 3632 600 in
3658 544 3822 602 Isaia:

562 618 760 673 ἀνίατα
805 617 1028 673 erimina
1080 619 1417 687 admiserint,
1473 623 1686 677 detrudi
1722 624 1776 678 in
1823 622 2135 689 Tartarum,

561 711 707 765 unde
744 710 887 766 nulla
918 724 1042 780 spes
1079 714 1311 766 exeundi
1352 716 1606 785 supersit.
1646 715 1861 785 Repetit
1900 718 2130 788 idipsum

561 804 617 859 in
644 803 862 873 Gorgia,
889 820 1189 875 pmnasque
1219 800 1571 876 temporarias
1603 809 1898 864 levioribus
1944 810 2121 880 culpis

562 896 955 951 insanabilibus
981 912 1111 951 vero
1148 912 1400 966 azternas,
1428 908 1482 952 et
1522 900 1626 954 line
1646 902 1917 957 carituras
1942 904 2132 959 decer-

561 987 662 1042 nit.
686 988 829 1043 ldem
860 988 958 1044 lib.
984 1006 1015 1042 ι
1040 989 1114 1043 De
1152 991 1351 1059 republ.
1387 1006 1453 1044 ex
1481 992 1606 1047 lleri
1641 993 1919 1061 cujusdam
1944 996 2135 1051 Arme-

561 1082 636 1135 nii
686 1097 917 1151 persona
958 1084 1165 1137 animas
1197 1095 1381 1139 narrat
1421 1101 1487 1140 ex
1523 1087 1663 1142 coelo
1705 1089 1804 1143 sub
1837 1097 2030 1155 terras,
2070 1106 2133 1146 ac

558 1174 824 1238 vicissim,
852 1176 994 1227 ultro
1036 1175 1281 1245 citroque
1313 1191 1591 1243 remeare;
1634 1194 1753 1247 qum
1778 1179 1915 1235 cmlo
1943 1180 2133 1235 fruun-

561 1275 669 1331 tur,
704 1266 910 1321 deliciis
936 1267 1040 1322 illic
1067 1275 1120 1321 et
1153 1267 1348 1336 gaudio
1395 1267 1671 1337 perfundi;
1701 1285 1823 1341 quae
1846 1272 1947 1326 sub
1971 1275 2131 1329 terris

557 1361 784 1431 agitant,
811 1359 919 1414 illic
940 1359 1147 1430 χιλιετῆ
1175 1360 1400 1432 πορείαν
1430 1375 1734 1431 capessere.
1769 1378 1833 1418 ac
1864 1363 1985 1419 inde
2012 1374 2131 1419 tan-

556 1454 676 1508 dem
711 1454 884 1507 exire.
914 1453 982 1506 Et
1024 1453 1079 1506 in
1112 1453 1329 1520 Tima'o,
1359 1454 1592 1507 animam
1630 1469 1749 1526 quae
1773 1465 1923 1512 recte
1956 1457 2044 1512 hic
2068 1472 2130 1514 se

555 1543 807 1612 gesserit,
844 1543 1037 1598 sideris
1076 1543 1132 1597 in
1161 1559 1442 1599 numerum
1485 1544 1677 1599 referri
1723 1548 1950 1611 asserit;
2008 1562 2129 1617 qua:

554 1634 711 1699 male,
735 1635 788 1689 in
815 1634 1078 1690 muliebre
1104 1650 1300 1706 corpus
1326 1636 1532 1691 demitti
1558 1654 1573 1701 ;
1609 1638 1822 1709 utrique
1854 1653 1984 1693 vero
2008 1648 2129 1709 post

558 1728 704 1783 mille
737 1743 1000 1782 annorum
1033 1729 1359 1783 curriculum
1385 1744 1538 1784 nova:
1569 1730 1694 1785 vita:
1718 1730 1993 1799 cptionem
2036 1733 2127 1785 da-

555 1820 635 1886 ri;
663 1830 720 1876 et
746 1835 864 1890 qua:
893 1820 1048 1875 novis
1087 1836 1206 1875 sese
1251 1821 1632 1876 contaminarit
1656 1822 1825 1887 vitiis,
1863 1824 1915 1877 in
1963 1838 2126 1892 pecu-

554 1918 680 1970 dum
715 1930 940 1984 corpora
987 1914 1287 1986 relegatum
1329 1915 1391 1969 iri
1420 1932 1435 1980 ;
1466 1930 1639 1984 neque
1673 1917 1935 1971 malorum
1966 1918 2129 1971 finem

2239 638 2352 689 31v,
2380 624 2474 687 20,
2510 641 2529 674 ι
2557 622 2655 679 Ubi
2680 636 2808 679 sunt
2842 641 2974 696 ergo
3005 629 3097 697 qui
3122 629 3255 684 dant
3303 633 3523 691 diabolo
3553 637 3823 703 paeniten-

2240 715 2388 778 tiam,
2417 723 2472 768 et
2505 716 2698 771 dicunt
2727 715 2878 770 illum
2924 734 3086 787 posse
3128 723 3460 780 mundari‘h
3512 737 3565 782 et
3601 729 3694 784 lib.
3724 747 3823 786 vm

2235 807 2292 861 in
2324 804 2487 859 Isaia:
2539 821 2660 876 cap.
2692 820 2862 877 xxvu‘,
2889 824 3033 866 vers.
3060 811 3116 875 l,
3152 832 3171 866 ι
3199 813 3302 880 Qui
3337 816 3527 877 dicunt
3548 820 3825 876 diabolum

2236 906 2487 949 acturum
2548 898 2952 964 paenitentiam,
3015 910 3071 955 et
3113 906 3326 958 veniam
3381 918 3810 965 consecuturum

2235 985 2657 1055 interpretentur
2697 988 2853 1042 nobis
2878 991 3153 1058 quomodo
3183 993 3288 1049 hoc
3323 997 3618 1066 accipiant,
3671 1000 3824 1069 quod

2234 1078 2498 1147 scriptum
2541 1089 2627 1131 cst
2675 1095 2688 1131 :
2723 1078 2792 1133 Et
2838 1080 3128 1136 interticiet
3176 1083 3466 1139 draconem
3502 1086 3593 1155 qui
3632 1096 3717 1142 est
3765 1087 3824 1142 in

2234 1170 2373 1223 mari
2398 1184 2414 1232 ;
2437 1188 2456 1220 ι
2501 1178 2557 1224 et
2580 1169 2675 1225 lib.
2708 1185 2727 1224 ι
2768 1171 2823 1223 in
2857 1170 2991 1225 Dan.
3026 1188 3108 1236 ιιι,
3134 1173 3203 1228 96
3230 1192 3244 1228 :
3267 1193 3286 1226 ι
3316 1174 3547 1242 Quidam
3587 1179 3825 1248 pessime

2232 1261 2299 1314 ad
2347 1261 2618 1316 diabolum
2663 1261 2924 1330 referunt,
2972 1264 3117 1333 quod
3153 1267 3206 1319 in
3250 1271 3718 1326 consummatione
3765 1280 3823 1328 et

2231 1350 2339 1406 line
2367 1351 2552 1407 mundi
2578 1353 2742 1407 etiam
2774 1354 2887 1423 ipse
2915 1355 3141 1424 recipiat
3168 1358 3416 1412 notitiam
3447 1358 3564 1423 Dei,
3606 1369 3663 1415 et
3702 1377 3821 1416 om-

2230 1458 2329 1499 nes
2354 1444 2420 1498 ad
2449 1446 2821 1513 paenitentiam
2846 1446 3185 1503 cohortetur.
3217 1468 3237 1501 ι
3288 1449 3572 1507 Acerrime
3598 1467 3726 1508 vero
3760 1456 3823 1511 in

2227 1533 2381 1588 Jama
2409 1550 2489 1599 ιιι,
2520 1535 2575 1601 6,
2618 1536 2882 1591 adversus
2938 1536 3242 1591 doctrinam
3292 1537 3436 1595 hanc
3492 1540 3768 1596 invehitur
3796 1559 3816 1597 :

2234 1624 2556 1695 «Alioquin,
2601 1627 2800 1697 inquit.
2835 1628 2886 1690 si
2931 1642 3121 1682 omnes
3166 1629 3519 1687 rationabiles
3548 1643 3820 1689 creatura:

2227 1717 2467 1787 usqu-ales
2515 1726 2661 1785 sunt,
2711 1726 2766 1773 et
2820 1718 2901 1774 vel
2937 1734 3006 1773 ex
3055 1719 3370 1784 virtutibus.
3407 1722 3493 1777 vel
3537 1738 3606 1779 ex
3666 1725 3816 1782 vitiis

2230 1818 2421 1878 sponte
2454 1810 2673 1881 propria
2719 1818 2817 1863 aut
2873 1823 3089 1864 sursum
3126 1810 3433 1879 eriguntur,
3481 1823 3573 1868 aut
3620 1814 3674 1869 in
3706 1815 3815 1869 ima

2165 1880 2208 1935 Β
2235 1908 2577 1968 merguntur,
2620 1907 2675 1953 et
2707 1897 2870 1969 longo
2916 1907 3037 1968 post
3084 1899 3315 1954 circuitu
3378 1911 3538 1972 atque
3581 1902 3814 1959 infinitis

552 2019 679 2063 ante
725 2008 1051 2071 habimram,
1094 2023 1257 2077 quam
1299 2008 1736 2064 ωηιππθερρηιρε
1770 2010 1872 2063 sibi
1909 2024 1975 2063 ex
2007 2009 2133 2064 e}e_
2234 1988 2467 2055 saeculis,
2500 1991 2742 2043 omnium
2792 2004 2973 2043 rerum
3027 1987 3298 2045 restitutio
3340 1989 3455 2056 fiet,
3501 2000 3555 2046 et
3587 2008 3694 2047 una
3724 1993 3811 2047 di-

551 2109 856 2155 mentorum
902 2098 1130 2155 colluvie
1183 2100 1374 2153 sordes
1422 2090 1634 2154 r'atione
1672 2100 1956 2169 depulerit.
1998 2099 2130 2167 Quae

551 2195 606 2248 in
632 2194 770 2248 libro
801 2193 877 2249 De
913 2193 1251 2247 universitate
1290 2208 1317 2245 a
1354 2191 1532 2246 Tullio
1577 2192 1769 2247 Latine
1805 2193 2034 2258 reddita,
2072 2203 2131 2249 et

549 2288 619 2343 ab
651 2288 879 2342 Alcinoo
907 2301 1029 2355 cap.
1058 2286 1125 2340 16
1150 2285 1378 2354 repetita
1408 2293 1645 2339 exstant.

618 2380 899 2435 Postremo
944 2376 1170 2430 nimium
1203 2374 1513 2429 obterenda:
1542 2373 1931 2430 Valentiniante
1954 2375 2129 2430 barre-

547 2489 672 2529 seos
698 2471 1028 2528 desiderium
1074 2467 1296 2535 Origeni
1353 2466 1568 2520 errandi
1622 2481 1847 2521 causam
1896 2465 2114 2529 obtulit,

546 2580 671 2620 nam
702 2579 824 2619 cum
852 2562 928 2617 illi
973 2560 1215 2616 damnari
1244 2574 1347 2613 non
1372 2573 1530 2626 posse
1563 2559 1871 2624 crederent,
1904 2560 1996 2629 qui
2033 2573 2121 2613 es-

543 2667 666 2715 sent
693 2656 952 2727 spiritalis
989 2665 1230 2720 naturae;
1273 2653 1504 2721 servari,
1537 2653 1629 2721 qui
1660 2661 1924 2720 terrenae;
1953 2662 2008 2707 et
2036 2652 2123 2706 in-

544 2759 629 2805 ter
685 2749 784 2804 hos
817 2748 1087 2803 diabolum
1138 2754 1446 2811 censerent,
1497 2744 1721 2813 angelos
1768 2744 1910 2799 inter
1955 2743 2118 2798 illos:

542 2841 804 2911 Origenes
834 2841 887 2895 in
922 2840 1132 2895 diversa
1169 2840 1361 2896 abiens
1395 2824 1703 2908 cespitavit,
1738 2850 1992 2892 asserens
2020 2851 2120 2890 an-

542 2932 692 3005 gelos
723 2931 970 2987 damnari
1018 2946 1195 3002 posse,
1251 2938 1307 2987 et
1337 2929 1549 2999 aliquos
1586 2929 1770 2998 reipsa
1793 2928 2121 2999 quandoque

541 3026 824 3090 damnari;
866 3022 1142 3079 diabolum
1173 3020 1380 3079 servari
1411 3035 1594 3092 posse,
1627 3028 1685 3077 et
1713 3032 2120 3090 revera_serva—

539 3124 655 3173 tum
685 3117 976 3186 aliquando
1003 3116 1092 3171 iri.

2232 2082 2413 2149 gnitas
2444 2082 2839 2146 militantium;
2885 2094 3005 2149 quae
3030 2078 3286 2134 distantia
3325 2083 3429 2136 erit
3472 2084 3616 2140 inter
3648 2086 3813 2154 virgi-

2231 2187 2355 2226 nem
2389 2182 2440 2225 et
2483 2172 2838 2240 prostibulqu
2861 2173 2885 2226 ?
2907 2188 3027 2242 qua:
3061 2172 3364 2229 dilIerentia
3387 2175 3490 2229 erit
3523 2177 3663 2231 inter
3692 2176 3810 2230 Ma-

2231 2272 2369 2319 trem
2399 2265 2634 2330 Domini,
2670 2274 2724 2320 et
2750 2265 2915 2334 (quod
2947 2267 3091 2321 dictu
3127 2279 3342 2339 quoque
3376 2268 3553 2323 scelus
3595 2268 3698 2339 est)
3731 2270 3811 2324 vi-

2227 2357 2424 2412 ctimas
2454 2356 2735 2410 libidinum
2761 2356 3138 2426 publicarum?
3176 2359 3390 2413 idemne
3433 2360 3539 2413 erit
3562 2358 3806 2424 Gabriel,

2227 2456 2283 2502 et
2307 2447 2593 2503 diabolus?
2631 2449 2845 2503 idemne
2868 2450 3114 2518 apostoli,
3163 2459 3220 2505 et
3247 2450 3560 2505 diemones?
3591 2451 3810 2506 idemne

2226 2540 2524 2608 prapbetaa,
2563 2548 2620 2594 et
2662 2540 3182 2611 pseudOprophetaa?
3230 2542 3374 2597 idem
3413 2551 3699 2614 martyres,
3750 2552 3810 2599 et

2224 2631 2651 2701 persecutores?
2696 2630 2868 2703 Finge
2911 2633 3189 2702 quaslibet,
3242 2649 3412 2689 annos
3469 2645 3523 2689 et
3563 2644 3809 2705 tempora

2223 2721 2457 2791 duplica,
2489 2736 2547 2776 et
2592 2722 2833 2777 infinitas
2862 2734 3049 2780 anates
3084 2739 3318 2794 congere
3357 2724 3724 2792 cruciatibus;
3759 2725 3809 2781 si

2222 2812 2348 2868 finis
2374 2814 2613 2868 omnium
2654 2813 2849 2870 similis
2886 2824 2991 2879 est,
3027 2817 3356 2885 praeteritum
3388 2831 3549 2872 omne
3595 2831 3693 2886 pro
3719 2816 3806 2871 ni—

2221 2902 2334 2958 hilo
2353 2914 2452 2971 est,
2488 2905 2615 2972 quia
2663 2920 2770 2960 non
2805 2907 3101 2977 qumrimus
3137 2907 3280 2976 quod
3314 2906 3603 2977 aliquando
3640 2905 3807 2962 fueri-

2221 3012 2362 3063 mus,
2409 2998 2504 3051 sed
2534 2996 2664 3067 quid
2704 3012 2923 3067 semper
2953 2999 3118 3053 futuri
3155 3013 3363 3055 sumus.
3390 3016 3410 3051 ι
3456 2998 3592 3053 Aliis
3619 2996 3804 3065 hujus-

2220 3089 2365 3145 tnodi
2397 3088 2670 3159 plerisque
2699 3088 3001 3146 referendis
3042 3090 3389 3160 supersedeo.
3428 3090 3594 3145 MirOr
3617 3089 3803 3157 itaque

614 3208 754 3265 XXI.
778 3173 1007 3262 'Minime
1030 3222 1161 3278 ergo
1182 3207 1379 3262 mirum
1418 3214 1499 3262 est
1526 3204 1784 3270 Platonis,
1805 3202 2118 3260 Platonico-
2144 3219 2188 3279 ο
2221 3180 2351 3279 Quid
2381 3180 2435 3234 in
2465 3189 2702 3279 “{e'l‘em
2733 3181 2942 3238 νεηθτίι
2971 3180 3243 3279 "31'9in
3267 3196 3367 3279 ους
3390 3186 3608 3279 ηθεθξξί
3631 3173 3801 3279 lib-1'

537 3317 769 3372 rumque
812 3303 1015 3357 dictata
1060 3303 1368 3357 audientem
1416 3299 1828 3366 Adamantium,
1864 3306 1921 3352 et
1957 3296 2120 3352 Chri-

538 3394 729 3449 stianis
750 3393 938 3446 eadem
981 3407 1089 3446 non
1115 3392 1249 3447 satis
1283 3400 1444 3447 caute
1480 3400 1897 3460 proponentem,
1932 3386 2120 3456 explo-

538 3498 659 3538 sum
692 3500 721 3537 a
755 3483 1014 3538 Patrihus
1055 3498 1120 3538 ac
1149 3483 1410 3553 reiectum
1457 3482 1641 3537 fuisse.
1680 3480 1941 3534 Futuram
1968 3479 2117 3533 illam

536 3572 739 3629 diaboli
766 3574 1176 3628 conversionem
1207 3583 1263 3628 et
1305 3572 1535 3627 salutem
1562 3585 1747 3625 amare
1768 3571 1895 3626 huic
1922 3583 2119 3640 expro—

535 3666 660 3723 brat
683 3666 1015 3733 Epiphanius
1050 3666 1103 3721 in
1145 3666 1301 3735 epist.
1329 3665 1395 3719 ad
1421 3662 1576 3718 Joan.
1603 3661 1873 3728 Jerosol.,
1905 3675 2025 3733 cap.
2057 3661 2114 3726 5,

533 3758 673 3814 etin
730 3758 947 3830 syuopsi
985 3756 1162 3811 tomil
1211 3756 1454 3821 Panarii,
1503 3754 1596 3810 lih.
1628 3770 1690 3821 ιι,
1732 3769 1851 3823 esp.
1885 3752 1974 3809 l8.
2007 3752 2115 3807 Ex-

532 3850 759 3919 probrat
790 3859 846 3904 et
871 3848 1200 3919 Theophilus
1221 3846 1476 3903 Paschal.
1505 3862 1546 3902 ιι
1579 3847 1664 3901 his
1695 3846 1875 3901 verbis
1907 3860 1923 3899 :
1962 3864 1982 3897 ι
2010 3844 2117 3899 Ta-

534 3939 603 3994 lis
627 3947 812 4010 pastor
838 3939 1017 4010 gregis
1066 3939 1297 3993 morbidi
1327 3936 1602 3993 Christum
1639 3937 1839 4008 ubique
1865 3936 2117 4007 suggillat

531 4030 766 4099 injuriis,
807 4039 863 4085 et
903 4030 1172 4085 diabolum
1204 4030 1411 4084 honore
1479 4028 1735 4090 sustollit,
1792 4028 1919 4083 dum
1963 4028 2112 4083 illum

532 4122 725 4176 asserit
752 4129 1038 4192 purgatum
1062 4121 1209 4175 vitiis
1231 4130 1391 4188 atque
1420 4118 1663 4188 peccatis
1691 4118 1980 4188 pristinam
2014 4118 2114 4172 ali-

530 4213 746 4281 quando
776 4212 1000 4281 gloriam
1030 4222 1392 4282 recepturam,
1436 4221 1492 4267 et
1523 4211 1671 4265 hunc
1696 4225 1923 4279 regnare
1962 4209 2111 4265 desi-

530 4317 694 4371 stere,
726 4306 992 4376 simulque
1014 4320 1137 4361 cum
1169 4304 1383 4360 diabolo
1411 4305 1512 4359 sub
1541 4303 1727 4358 Patris
1759 4303 1987 4372 imperio
2019 4317 2108 4357 re-

528 4397 841 4467 digendum.
867 4418 886 4450 ι
908 4396 1266 4467 Hieronymus
1293 4397 1453 4466 epist.
1479 4394 1575 4460 59,
1602 4396 1668 4449 ad
1701 4394 1873 4459 Avit.,
1899 4409 2019 4464 cap.
2054 4396 2107 4459 Ι,

529 4490 731 4545 dixisse
775 4504 897 4544 eum
936 4489 1206 4559 queritur,
1262 4501 1517 4542 «onlnem
1554 4495 1860 4542 creaturam
1913 4501 2109 4541 secun-

528 4584 653 4639 dum
682 4582 1021 4654 Apostolum,
1048 4581 1273 4636 vanitati
1299 4595 1421 4636 esse
1448 4577 1773 4647 subiectam,

528 4679 581 4732 in
616 4677 997 4733 revelationem
1038 4675 1269 4731 filiorum
1294 4674 1415 4739 Dei,
1445 4692 1465 4726 ι
1502 4682 1559 4729 et
1596 4673 1652 4728 in
1696 4674 1856 4741 epist.
1890 4672 1980 4739 6i,
2040 4673 2110 4728 ad

524 4768 866 4835 Pammach.,
921 4784 1040 4839 cap.
1063 4769 1118 4833 5,
1155 4768 1340 4839 «quod
1390 4768 1537 4823 dicat
1583 4775 1639 4822 et
1695 4764 2001 4830 diabolum,
2053 4773 2110 4819 et

523 4864 795 4918 daemones
845 4870 1061 4916 acturos
1108 4859 1477 4929 pmuitentiam
1529 4857 1842 4927 aliquando,
1877 4864 1933 4911 et
1983 4869 2106 4910 cum

522 4955 726 5010 sanctis
753 4954 941 5008 ultimo
971 4962 1212 5020 tempore
1240 4959 1591 5021 regnaturos;
1621 4967 1638 4999 ι
1676 4948 1817 5017 quod
1847 4955 1903 5001 et
1931 4944 2106 5003 fusius

520 5046 753 5115 explicat
783 5058 902 5114 cap.
927 5044 961 5098 5
987 5054 1042 5099 et
1080 5044 1133 5097 in
1179 5042 1341 5110 epist.
1374 5040 1464 5106 65,
1505 5040 1573 5094 ad
1598 5037 1921 5093 Pammach.
1949 5048 2005 5109 et
2029 5036 2105 5092 0-

517 5148 699 5199 cean..
741 5147 861 5204 cap.
883 5134 939 5198 '2,
970 5133 1204 5188 sensisse
1247 5131 1394 5184 illum
1427 5130 1502 5183 ait
1534 5144 1549 5183 :
1583 5148 1601 5181 ι
1630 5129 1763 5184 Post
1790 5128 1961 5182 multa
2001 5142 2105 5181 sa:-

520 5228 661 5294 cula,
721 5237 883 5296 atque
925 5241 1085 5279 unam
1119 5225 1362 5278 omnium
1394 5221 1820 5283 restitutionem,
1871 5221 2102 5290 idipsum

518 5317 635 5373 fore
663 5317 993 5380 Gabrielem,
1016 5317 1159 5386 quod
1186 5314 1498 5378 diabolum;
1525 5311 1780 5375 Paulum,
1804 5311 1944 5380 quod
1980 5310 2103 5364 Cai-

518 5410 718 5480 pham;
750 5410 1011 5478 virgines,
1032 5407 1179 5478 quod
1206 5403 1531 5476 prostibulas
1558 5420 1573 5469 ;
1599 5422 1617 5456 ι
1650 5413 1705 5457 et
1738 5403 1790 5457 in
1821 5403 1980 5471 epist.
2008 5400 2098 5465 75,

518 5504 586 5557 ad
624 5503 997 5573 Vigilantium,
1022 5500 1214 5555 scribit
1249 5498 1461 5552 veniam
1491 5504 1620 5550 tunc
1643 5495 1955 5550 hominibus
1977 5508 2099 5547 con-

518 5594 821 5648 donandam
865 5595 1203 5649 existimasse
1250 5589 1563 5659 Origenem,
1612 5588 1834 5657 quando
1882 5587 2097 5642 diabolo

518 5682 913 5738 condonabitur
944 5699 959 5740 :
991 5691 1046 5737 et
1089 5682 1183 5735 lib.
1212 5695 1227 5733 ι
1269 5680 1478 5732 advers.
1517 5676 1857 5747 Pelagianos,
1890 5692 2013 5745 cap.
2038 5675 2092 5739 9,

524 5791 543 5823 σ
573 5769 632 5824 Si
687 5781 888 5835 autem,
946 5771 1141 5838 inquit,
1183 5769 1448 5837 Origenes
1505 5781 1695 5821 omnes
1746 5765 2092 5819 rationabiles

517 5871 804 5920 creaturas
828 5862 962 5916 dicit
993 5875 1100 5916 non
1144 5872 1263 5914 esse
1295 5855 1619 5925 perdendas,
1655 5868 1707 5914 et
1747 5858 1964 5913 diabolo
1995 5856 2091 5910 tri-

2222 3272 2438 3344 Origen.
2498 3273 2726 3342 defens..
2764 3281 2954 3341 quaest.
2997 3272 3051 3339 5,
3094 3271 3473 3343 Epiphanium,
3526 3265 3803 3338 Theophi-

2219 3366 2354 3433 lum,
2381 3376 2434 3421 et
2462 3364 2849 3436 Hieronymum
2875 3367 3167 3434 quidquam
3200 3365 3265 3420 de
3292 3377 3355 3417 ea
3383 3376 3441 3416 re
3470 3360 3798 3432 prodidisse.

2217 3458 2352 3515 Cum
2377 3467 2574 3514 caetera
2603 3466 2780 3512 autem
2802 3456 3051 3527 Origenis
3075 3466 3380 3512 commenta
3400 3451 3615 3509 defendi
3643 3465 3802 3523 posse

2217 3549 2365 3604 dicat
2423 3549 2761 3620 Augustinus
2813 3551 2948 3605 liter.
3005 3564 3162 3612 mn.
3220 3548 3289 3602 ad
3338 3545 3798 3612 Quodvultdeum,

2218 3643 2360 3698 istud
2408 3641 2610 3698 frustra
2656 3643 2724 3698 ab
2778 3641 2895 3712 ejus
2939 3640 3315 3700 deieusorihus
3356 3637 3607 3693 excusari
3655 3636 3800 3692 fate«-

2217 3743 2308 3789 tur
2342 3749 2357 3785 :
2387 3752 2406 3786 ι
2438 3733 2569 3800 Quis
2590 3733 2735 3788 enim
2758 3732 3069 3788 Catholicus
3091 3730 3436 3787 Christianus
3462 3728 3647 3797 (verba
3672 3735 3804 3782 sunt

2214 3825 2524 3894 Augustini)
2552 3823 2637 3878 vel
2667 3823 2879 3889 doctus,
2908 3822 2990 3877 vel
3018 3823 3267 3876 indoctus
3294 3832 3403 3873 non
3445 3817 3801 3872 vehementer

2214 3915 2506 3970 esborreat
2528 3931 2648 3970 eam
2668 3931 2831 3986 quam
2860 3913 2993 3968 dicit
3013 3912 3389 3984 purgationem
3416 3910 3680 3964 malorum
3700 3948 3716 3972 ,
3744 3908 3799 3963 id

2214 4016 2316 4073 est,
2336 4009 2496 4063 etiam
2511 4022 2606 4063 eos
2620 4009 2710 4078 qui
2728 4008 2866 4061 hanc
2882 4006 3048 4059 vitam
3064 4006 3117 4059 in
3133 4003 3350 4075 flagitiis
3374 4012 3428 4055 et
3445 4000 3797 4064 facinoribus,

2214 4107 2270 4152 et
2298 4097 2622 4167 sacrilegiis,
2648 4106 2810 4167 atque
2841 4095 3211 4166 impietatibus
3230 4090 3527 4163 quamlibet
3548 4090 3799 4145 maximis

2214 4191 2469 4245 finierunt
2508 4209 2521 4244 :
2556 4189 2733 4258 ipsum
2775 4187 2938 4243 etiam
2992 4194 3268 4256 postremo
3319 4181 3591 4238 diabolum
3635 4189 3799 4253 atque

2212 4282 2434 4354 angelos
2458 4282 2595 4351 ejus,
2628 4280 2879 4351 quamvis
2905 4288 3027 4349 post
3050 4276 3364 4346 longissima
3400 4284 3643 4345 tempora
3668 4286 3797 4343 pur-

2211 4381 2366 4442 gatos
2394 4380 2558 4441 atque
2585 4372 2843 4426 liberatos
2864 4409 2880 4435 ,
2916 4383 3081 4440 regno
3112 4367 3241 4434 Dei,
3287 4367 3505 4436 lucique
3547 4361 3794 4427 restitui;

2213 4471 2268 4517 et
2309 4477 2499 4517 rursus
2540 4471 2665 4533 post
2717 4459 3030 4532 longissima
3080 4468 3325 4527 tempora
3369 4472 3561 4512 omnes
3587 4453 3678 4523 qui
3737 4452 3798 4507 li-

1801 4586 1857 4632 et
1884 4578 2105 4633 liberari

2219 4553 2383 4608 berati
2444 4561 2587 4618 sunt,
2646 4553 2714 4607 ad
2775 4552 2893 4607 hazc
2950 4549 3091 4604 mala
3138 4551 3314 4604 denuo
3368 4544 3561 4609 relabi,
3605 4551 3659 4598 et
3702 4556 3796 4595 re-

2211 4645 2386 4711 verti,
2426 4652 2481 4701 et
2545 4645 2644 4699 has
2696 4643 2841 4698 vices
2910 4641 3241 4696 alternantes
3288 4633 3679 4692 beatitudinum
3740 4639 3797 4685 et

2214 4741 2555 4795 miseriarum
2619 4734 2972 4791 rationabiles
3027 4741 3298 4788 creatura:
3347 4739 3563 4795 semper
3606 4722 3797 4790 fuisse,

2213 4849 2427 4903 semper
2455 4831 2609 4887 fore?
2641 4831 2714 4885 De
2737 4844 2843 4900 qua
2882 4825 3174 4881 vanissima
3223 4820 3500 4891 impietate
3535 4817 3796 4872 adversus

2214 4926 2583 4996 philosophos,
2618 4939 2647 4976 a
2679 4923 2877 4993 quibus
2912 4922 3015 4975 ista
3038 4915 3225 4972 didicit
3263 4912 3527 4983 Origenes
3560 4911 3613 4964 in
3653 4907 3797 4964 libro

2215 5020 2294 5074 De
2338 5020 2547 5074 civitate
2606 5015 2701 5069 Dei
2751 5004 3161 5084 diligentissime
3207 5004 3505 5076 disputavi;
3556 5019 3576 5054 ι
3632 5000 3795 5067 libro,

2213 5114 2427 5183 upinor,
2479 5106 2735 5172 secundo,
2795 5119 2911 5172 cap.
2952 5103 3021 5156 ‘l'l
3059 5111 3115 5156 et
3139 5099 3232 5163 23,
3277 5096 3367 5150 ubi
3413 5096 3603 5165 dogma
3653 5092 3794 5146 idem

2215 5204 2445 5266 excutit,
2475 5210 2530 5255 et
2551 5200 2670 5267 ejus
2702 5212 2862 5250 causa
2905 5194 3101 5248 merito
3138 5188 3484 5262 reprobatum
3507 5186 3573 5239 ab
3603 5183 3796 5238 Eccle-

2209 5296 2286 5350 sia
2319 5294 2608 5362 Origenem
2657 5287 2826 5341 fuisse
2876 5292 3107 5348 narrat;
3155 5290 3215 5333 ut
3255 5286 3309 5333 et
3356 5276 3497 5331 libro
3530 5273 3603 5327 De
3637 5273 3795 5341 gestis

2207 5386 2435 5454 Pelagii,
2464 5397 2587 5450 cap.
2618 5379 2676 5433 5.
2718 5379 2815 5432 Adi
2845 5386 2899 5431 et
2927 5376 3121 5430 librum
3158 5372 3327 5440 ipsius
3359 5376 3540 5423 contra
3574 5363 3793 5419 Priicif-

2204 5479 2447 5533 liam‘stas
2494 5485 2540 5528 et
2584 5471 2937 5541 Origenistas,
2986 5481 3106 5535 cap.
3145 5466 3260 5519 5et
3288 5461 3344 5528 6,
3392 5470 3449 5514 et
3493 5458 3632 5513 libro
3669 5455 3794 5510 huic

2204 5572 2482 5642 praefixum
2527 5566 2706 5621 Orosii
2748 5557 3229 5616 Commonitorium
3286 5552 3353 5606 ad
3408 5547 3791 5642 Augustinum.

2204 5633 2469 5734 Suggillat
2509 5658 2759 5714 eumdem
2798 5657 2910 5724 ipsa
2962 5654 3066 5707 hac
3097 5650 3162 5703 de
3202 5660 3368 5702 causa
3427 5653 3619 5697 auctor
3667 5633 3789 5734 libri

2201 5760 2278 5815 De
2311 5755 2573 5811 communi
2601 5751 2856 5815 essentia,
2890 5745 2983 5800 lib.
3005 5762 3091 5808 ιιι,
3126 5758 3247 5812 cap.
3274 5741 3329 5803 6,
3360 5748 3416 5791 et
3450 5745 3637 5789 auctor
3662 5729 3777 5782 Dia-

2198 5852 2436 5922 logorum
2485 5846 2577 5916 qui
2632 5842 2866 5899 Caesarie
2927 5835 3174 5909 Gregorii
3248 5825 3571 5887 Nazianzeni
3627 5818 3786 5875 fratri
