4170 6410
318 391 457 447 1055

1129 375 1706 438 ORIGENIANORUM
1747 375 1871 430 LIB.
1911 373 1972 452 II,
2012 370 2162 426 CAP.
2205 368 2269 432 Il,
2311 364 2587 433 QUzEST.
2633 363 2730 417 XI.

3428 357 3565 411 1031

316 506 661 576 assignantur
690 501 825 574 (5|),
852 500 1100 570 quamvis
1127 497 1362 561 Maximi,
1398 497 1484 565 qui
1521 495 1754 549 Caesario
1801 509 1888 546 re-
1919 499 1966 552 Α
1994 489 2300 557 stinguatur
2321 484 2536 554 quidem
2561 480 2730 552 ignis,
2775 477 3027 532 sordibus
3065 475 3395 544 absumptis;
3441 490 3568 529 ver»

318 598 530 652 centior
564 594 692 660 fuit,
734 593 1090 661 fragmentum
1125 589 1432 642 exhibeant.
1479 585 1622 640 Inter
1660 585 1885 638 anathe-

317 689 602 746 mat’ismos
624 684 916 740 Justiniani
945 681 1186 750 epistola:
1227 683 1292 734 ad
1330 679 1542 733 Menam
1588 679 1885 738 subnexos,

315 792 620 854 postremus
651 779 737 833 ille
759 786 842 831 est
877 794 891 829 :
933 776 998 829 Εἴ
1023 792 1107 840 τις
1147 775 1292 843 λέγει
1325 774 1358 844 ἢ
1402 773 1514 844 ἔχει
1559 772 1889 847 πρόσκαιρον

313 863 454 922 εἶναι
484 867 582 937 τ’ὴν
609 865 718 918 τῶν
743 863 1008 934 δαιμόνων
1039 863 1131 916 καὶ
1154 863 1363 917 ἀσεϐῶν
1398 861 1699 933 ἀνθρώπων
1735 860 1892 913 κόλα-

317 979 422 1026 σιν,
451 959 542 1012 καὶ
573 957 724 1019 τέλος
749 955 892 1009 κατά
918 973 1038 1008 τινα
1072 956 1258 1026 χρόνον
1286 955 1453 1025 αὐτὴν
1489 953 1630 1019 ’ἐξειν
1651 992 1664 1016 ,
1723 950 1890 1022 ὴγοῦν

316 1052 755 1107 ἀποκατάστασιν
783 1049 1035 1118 γενέσθαι
1066 1048 1354 1119 δαιμόνων,
1385 1046 1652 1118 ἧὰσεϐῶν
1681 1043 1892 1116 ἀνθρὼ-

317 1160 456 1206 πων,
487 1140 734 1211 ἀνάθεμα
771 1138 931 1192 ἔστω.
973 1158 991 1190 ι
1026 1139 1084 1194 Si
1119 1140 1239 1209 quis
1266 1140 1394 1193 dicit
1430 1148 1524 1193 aut.
1559 1139 1722 1193 sentit
1759 1150 1892 1191 tem-

318 1236 584 1306 porariam
625 1248 748 1288 esse
787 1236 1090 1288 daemonum
1144 1233 1229 1288 vel
1275 1233 1563 1302 impiorum
1612 1231 1890 1286 hominum

316 1328 676 1398 punitionem,
718 1325 988 1396 ﬁnemque
1035 1324 1216 1395 aliquo
1253 1335 1496 1394 tempore
1547 1325 1685 1378 hanc
1742 1323 1894 1378 habi-

317 1431 531 1485 turam,
566 1419 823 1472 nimirum
856 1417 1250 1471 restitutionem
1292 1416 1530 1470 futuram
1568 1416 1890 1476 daemonum,

315 1511 402 1565 Vel
433 1510 720 1578 impiorum
750 1508 1054 1572 hominum,
1083 1507 1371 1562 anathema
1413 1509 1504 1562 sit.
1547 1526 1566 1559 ι
1606 1505 1671 1558 Ει
1704 1506 1754 1560 in
1794 1505 1897 1560 hac

317 1602 430 1672 ipsa
465 1615 681 1670 quoque
709 1598 959 1669 epistola,
995 1599 1446 1668 quemadmodum
1478 1605 1532 1652 et
1561 1598 1612 1651 in
1636 1597 1804 1650 altera
1829 1595 1898 1650 ad

316 1694 580 1764 synodum
636 1690 909 1761 quintam,
945 1691 1195 1743 emndem
1231 1702 1478 1744 errorem
1529 1697 1678 1742 notat
1701 1725 1716 1750 ,
1747 1693 1801 1739 et
1830 1686 1898 1738 ad

319 1786 524 1840 calcem
553 1784 668 1838 loca
699 1783 955 1837 nonnulla
981 1780 1236 1851 Origeuis
1265 1794 1329 1834 eo
1366 1778 1692 1848 pertinentia
1729 1776 1897 1830 addu-

1996 579 2100 632 mis
2126 585 2307 630 autem
2333 577 2450 628 siue
2484 573 2590 626 line
2613 566 2976 639 permaneat?
3007 565 3134 634 quid
3172 564 3402 632 denique
3421 563 3566 618 Gen-

1995 669 2211 726 nadium
2231 665 2308 719 De
2329 667 2586 734 dogmat.,
2604 677 2726 731 cap.
2754 660 2817 724 9;
2852 656 3135 712 Leontium
3162 656 3280 708 Act.
3302 671 3369 721 x;
3399 653 3570 709 Joan-

1995 778 2115 819 nem
2135 757 2550 822 Scholasticum,
2571 761 2924 822 cognomento
2938 748 3257 809 Climacum,
3276 745 3419 799 Scal.
3448 761 3565 814 par.

1995 870 2114 924 cap.
2142 853 2203 919 5;
2241 863 2569 920 anonymum
2594 845 2765 899 Photii
2801 843 2922 898 cod.
2959 855 3126 905 cxvu,
3168 839 3325 895 toties
3364 837 3474 908 jam
3511 837 3569 891 iu

1997 958 2181 1018 partes
2236 953 2520 1007 vocatum;
2567 936 2930 1006 Sophrouium
2968 935 3022 988 in
3070 933 3233 1002 epist.
3272 933 3338 984 ad
3388 929 3570 1000 Serg.,

1997 1049 2104 1095 act.
2159 1039 2218 1092 II
2284 1050 2402 1105 syn.
2447 1049 2531 1097 vr;
2588 1027 3053 1098 Theophylactum
3094 1025 3150 1078 in
3195 1022 3387 1077 Matth.
3422 1036 3484 1076 ιιι
3519 1029 3576 1076 et

2000 1145 2125 1195 xxv,
2157 1138 2210 1182 et
2233 1125 2404 1180 Marc.
2436 1137 2564 1186 vui;
2599 1117 2958 1185 Freculphum
2984 1113 3397 1175 Lexoviensem,
3429 1111 3578 1163 Ana-

2001 1221 2228 1275 stasium
2265 1211 2748 1270 Biblimheearium
2780 1207 2952 1273 Hist.,
2982 1222 3114 1261 anu.
3166 1202 3352 1258 mundi
3395 1201 3575 1266 57I5;

1998 1311 2300 1367 Cedreuum
2328 1309 2379 1361 in
2409 1305 2591 1373 Camp.
2621 1303 2784 1366 Irish;
2812 1300 3078 1354 Zonaram
3107 1296 3199 1352 lib.
3232 1311 3272 1348 ιι
3298 1311 3312 1360 ;
3353 1292 3576 1363 Glyeam

2000 1404 2138 1457 Ann.
2169 1409 2311 1469 part.
2338 1413 2398 1452 ιιι
2429 1406 2484 1452 et
2522 1410 2606 1459 IV;
2639 1391 3063 1448 Constantinum
3116 1381 3578 1452 Harmenopulum

2001 1496 2077 1550 De
2109 1494 2302 1555 sectis;
2337 1489 2696 1558 Nicephorum
2747 1485 2839 1540 lib.
2873 1497 3012 1548 xvn,
3048 1495 3168 1548 cap.
3199 1477 3302 1542 27;
3351 1473 3581 1528 Vincen-

2005 1589 2134 1644 tium
2158 1584 2592 1641 Bellovacensem
2624 1578 2774 1649 Spec.
2802 1579 2972 1631 doctr.
3005 1572 3102 1628 lib.
3134 1584 3265 1625 xvul
3288 1609 3304 1632 ,
3331 1581 3454 1636 cap.
3486 1563 3580 1631 43,

2003 1705 2058 1750 et
2082 1692 2384 1750 Guidonem
2419 1685 2771 1743 Carmelitam
2818 1683 2874 1736 in
2908 1682 3040 1735 hair.
3080 1675 3294 1746 Origen.
3331 1671 3582 1728 eamdem

2006 1787 2258 1843 haeresim
2289 1781 2651 1839 insectantes?

319 1875 412 1930 cit.
442 1874 580 1942 Quin
605 1875 770 1930 etiam
802 1874 1039 1945 synodus
1081 1873 1273 1940 quinta
1317 1872 1459 1925 hanc
1507 1869 1756 1924 haeresim
1808 1867 1974 1924 de-B
2077 1879 2240 1935 xx“,
2292 1877 2387 1932 nis
2441 1873 2824 1946 praetermissis
2880 1871 2933 1926 in
2986 1870 3197 1924 Joanne
3249 1866 3584 1920 Damasceuo

323 1976 473 2020 creto
517 1965 921 2036 suojugulavit,
965 1965 1012 2020 si
1061 1965 1192 2034 quid
1231 1962 1501 2027 Cedreno,
1530 1971 1584 2016 et
1616 1961 1808 2016 thio
1845 1961 1896 2015 in

323 2059 502 2114 libello
535 2058 610 2112 De
637 2059 870 2128 synodis,
898 2065 952 2112 et
979 2070 1252 2129 anonymo
1282 2054 1491 2109 auctori
1519 2053 1640 2109 libri
1677 2052 1754 2107 De
1776 2069 1900 2106 con-

323 2152 466 2206 ciliis
488 2153 841 2216 wcumenicis,
867 2162 924 2207 et
950 2150 1256 2220 Nicephoro
1303 2148 1599 2204 Credimus.
1649 2146 1789 2214 Quid
1809 2161 1903 2216 ap-

325 2243 514 2312 pellem
563 2244 882 2315 Gregorium
939 2243 1206 2314 Magnum,
1245 2243 1336 2313 qui
1363 2241 1456 2295 lib.
1503 2255 1669 2295 χχιιι
1705 2238 1900 2292 Moral.

326 2348 445 2403 cap.
482 2333 571 2399 I9,
623 2344 674 2389 et
706 2333 800 2390 lib.
840 2350 901 2389 ιιι
948 2333 1189 2404 Εατροεὶι.
1237 2335 1292 2388 in
1333 2331 1364 2386 Ι
1397 2331 1520 2402 Reg.
1563 2349 1679 2401 cap.
1713 2347 1770 2395 ιι,
1803 2331 1906 2385 hoc

327 2423 761 2494 Origenistarum
805 2424 1220 2480 deliramentum
1265 2423 1476 2493 prolixe
1524 2422 1736 2490 arguit?
1776 2421 1908 2492 quid

331 2515 642 2581 Maximum,
685 2517 773 2586 qui
832 2517 889 2572 in
945 2516 1167 2572 scholiis
1204 2515 1272 2570 ad
1313 2515 1554 2585 Dionysii
1600 2515 1800 2568 librum
1830 2513 1938 2578 De,

332 2609 522 2661 caelesti
582 2609 880 2673 hierarrh.,
931 2623 1054 2678 cap.
1104 2607 1157 2672 6,
1219 2606 1382 2661 verba
1439 2608 1554 2660 haec
1581 2603 1833 2671 Origenis
1877 2619 1907 2658 e

336 2698 432 2753 lib.
469 2716 484 2754 ι
515 2699 653 2769 Περὶ
674 2700 876 2770 ἀρχῶν
902 2701 1094 2755 recitat
1125 2718 1138 2754 :
1171 2698 1327 2753 Μετὰ
1356 2698 1412 2752 δὲ
1443 2698 1504 2752 τὸ
1537 2698 1630 2751 ἐπὶ
1658 2697 1791 2749 πᾶσι
1821 2695 1909 2748 τέ-

329 2791 418 2854 λος
443 2792 604 2846 πάλιν
625 2793 957 2865 ἀπὸῥρευσις
977 2792 1070 2846 καὶ
1103 2791 1453 2855 κατάπτωσις
1502 2790 1709 2860 γίνεται
1735 2808 1748 2857 ;
1780 2789 1910 2858 quid

332 2883 717 2954 Theophanem
739 2886 1076 2950 Cerameum,
1107 2887 1198 2954 qui
1230 2883 1415 2939 homil.
1445 2883 1629 2952 ﬁducc
1656 2883 1870 2936 disserit
1896 2899 1908 2934 :

332 2976 406 3029 Τὸ
430 2976 631 3046 μέντοι,
661 2977 766 3040 ἕως
790 2976 972 3048 ἀποδῷ
1001 2979 1108 3032 πᾶν
1135 2978 1194 3031 τὸ
1232 2976 1576 3047 ὀφειλόμενον
1601 3014 1617 3039 ,
1649 2975 1708 3026 ού
1735 2990 1913 3044 χρονι-

334 3068 436 3140 κὴν
485 3071 758 3142 σημασίαν
799 3071 968 3142 δηλοῖ,
1015 3069 1155 3124 κατά
1194 3071 1293 3141 τὴν
1335 3067 1548 3140 μυθώδη
1609 3067 1912 3139 Ὠριγένούς

333 3161 794 3227 ἀποκατάστασιν,
833 3160 970 3214 ἀλλά
1011 3161 1074 3214 τὸ
1120 3162 1369 3232 ἀόριστον
1415 3161 1510 3212 καὶ
1561 3157 1914 3227 ἀτελεύτητον

335 3254 437 3325 τῆς
478 3254 751 3318 κολάσεως
784 3267 803 3284 ο
859 3273 877 3305 ι
921 3253 1034 3310 Iloc
1077 3262 1226 3309 certe
1282 3272 1294 3306 :
1351 3252 1528 3307 Donec
1589 3250 1913 3321 persolverit

337 3359 501 3400 omne
544 3346 819 3408 debitum,
859 3360 967 3399 non
1021 3345 1407 3415 temporariqu
1451 3343 1581 3414 quid
1624 3343 1914 3414 signiﬁcat,

333 3435 489 3504 juxta
526 3434 827 3492 fabulosam
860 3435 1113 3506 Origenis
1145 3435 1572 3502 restitutionem,
1604 3436 1697 3490 sed
1725 3448 1915 3504 pcenas

339 3527 448 3582 Ilue
481 3529 763 3584 carentes?
801 3547 821 3580 ι
855 3529 984 3596 quid
1015 3527 1217 3583 Bedam
1247 3529 1340 3597 qui
1368 3526 1464 3584 lib.
1498 3541 1514 3582 ι
1556 3526 1917 3596 Επροεὶιίοηὶε

341 3621 396 3672 in
427 3619 706 3686 Proverb.,
742 3636 861 3693 qua:
889 3619 1217 3691 Hieronymo
1245 3619 1382 3675 falso
1405 3617 1678 3682 tribuitur,
1696 3619 1764 3672 ad
1794 3632 1914 3688 cap.

341 3725 403 3778 ιι,
434 3713 520 3776 19,
548 3724 602 3769 et
630 3714 725 3768 lib.
765 3729 823 3778 ιι,
851 3715 918 3770 ad
946 3728 1067 3783 cap.
1105 3728 1182 3778 χι,
1218 3711 1270 3780 7,
1300 3721 1355 3768 et
1377 3712 1430 3766 in
1459 3711 1844 3765 lletractatione
1865 3711 1920 3762 in

345 3805 471 3858 Acta
493 3819 684 3875 apost.,
715 3808 780 3861 ad
811 3822 933 3876 cap.
960 3822 1046 3871 ιιι,
1068 3807 1208 3861 hanc
1228 3805 1572 3874 reprehendit
1592 3803 1919 3866 doctrinam,

346 3906 572 3961 eamque
594 3897 669 3951 ait
695 3896 1056 3968 Origenianos
1078 3897 1178 3950 hoc
1206 3894 1357 3950 Isaia:
1384 3893 1694 3949 testimonio
1737 3892 1922 3946 defen-

348 3984 514 4040 dere:
549 4003 566 4035 ‹
607 3986 675 4041 Ει
699 3989 1015 4043 claudentur
1037 3989 1110 4044 ibi
1139 3989 1193 4044 in
1225 4002 1466 4050 carcere,
1490 3995 1543 4040 et
1570 3993 1690 4054 post
1722 3984 1920 4038 multos

348 4077 465 4134 dies
483 4079 839 4136 visitabuntur
852 4083 939 4138 ὀἳ
965 4100 983 4134 ι
1001 4082 1129 4153 quid
1147 4081 1480 4151 Stephanum
1497 4078 1766 4134 Gobarum
1787 4075 1921 4148 (52),

348 4171 438 4240 qui
460 4171 510 4225 in
530 4173 978 4240 quastionibusin
1002 4185 1284 4243 utramque
1304 4171 1545 4226 excussis
1562 4179 1789 4240 partem,
1806 4182 1927 4237 qua:

349 4262 465 4317 fere
487 4265 788 4317 Adamantii
809 4265 1016 4332 placitis
1037 4271 1310 4328 constant,
1326 4263 1405 4316 sic
1428 4261 1620 4315 habet:
1647 4261 1768 4312 Ὅτι
1792 4260 1841 4312 οἱ
1868 4260 1925 4312 ἐν

347 4356 414 4426 τῇ
441 4353 658 4408 κολάσει
684 4353 1098 4427 παραδιδόμενοι
1119 4354 1227 4407 τῶν
1261 4350 1599 4424 ἁμαρτωλῶν
1647 4349 1930 4421 καθαίρον-

349 4463 439 4501 ται
459 4447 557 4519 τῆς
578 4446 775 4510 κακίας
801 4449 858 4499 ὲν
883 4446 1042 4517 αὐτῇ,
1071 4447 1168 4499 καὶ
1200 4444 1338 4516 μετὰ
1374 4443 1470 4515 τὴν
1495 4442 1761 4515 κάθαρσιν
1791 4443 1927 4494 ἀπο-

2003 1973 2164 2026 Iinem
2193 1970 2354 2034 facio,
2390 1968 2480 2037 qui
2513 1967 2566 2021 in
2607 1965 2744 2020 libro
2783 1963 2861 2018 De
2917 1961 3201 2015 Iliensibus
3248 1955 3585 2027 Origeuistas

2002 2078 2228 2121 censere
2249 2061 2330 2115 ait
2355 2078 2373 2112 ‹
2411 2057 2616 2114 Christi
2649 2071 2873 2126 regnum
2904 2053 3118 2107 tandem
3158 2049 3449 2119 aliquando
3491 2046 3586 2098 de-

2004 2157 2266 2220 siturum,
2291 2161 2345 2208 et
2377 2150 2542 2207 simul
2585 2146 2804 2218 angelos
2833 2145 3136 2208 desituros,
3176 2160 3196 2193 ι
3241 2153 3434 2206 nempe
3461 2151 3584 2192 cum

2004 2245 2183 2300 omnia
2209 2259 2372 2299 unum
2403 2258 2524 2298 cum
2558 2239 2665 2296 Deo
2699 2238 2862 2303 fient;
2898 2245 2953 2290 et
2988 2234 3082 2289 lib.
3142 2248 3182 2287 ιι
3239 2231 3316 2285 De
3351 2230 3456 2298 ﬁde
3499 2244 3588 2282 or-

2005 2338 2177 2403 thod.,
2207 2351 2330 2405 cap.
2367 2335 2422 2398 I,
2450 2331 2832 2403 Origenianam
2869 2328 3009 2382 hanc
3042 2327 3095 2380 in
3124 2325 3392 2393 integrum
3427 2321 3588 2375 resti-

2009 2428 2267 2482 tutionem
2296 2425 2494 2495 arguit,
2530 2438 2693 2493 quant
2724 2431 2844 2490 post
2876 2418 3018 2472 mille
3043 2429 3308 2470 annorum
3351 2411 3587 2482 spatium

2012 2521 2244 2574 futuram
2291 2515 2590 2572 credidisse
2633 2511 3020 2566 Adamantium
3073 2507 3290 2564 asserit.
3343 2503 3592 2559 Gobarus

2008 2624 2226 2679 quoque
2265 2606 2530 2662 Tritheita
2587 2605 2728 2674 apud
2791 2602 2947 2658 I’hot.
2996 2599 3119 2654 cod.
3161 2610 3403 2661 ccxxx",
3449 2595 3592 2649 inter

2011 2702 2313 2769 disputatas
2363 2697 2688 2768 quaestiones
2745 2695 2890 2749 hanc
2962 2693 3126 2748 etiam
3188 2689 3371 2760 posuit
3415 2706 3428 2741 :
3465 2686 3592 2738 Ὅτι

2012 2793 2272 2865 πρότερον
2311 2793 2360 2844 οἱ
2415 2789 2612 2843 δίκαιοι
2670 2787 3086 2858 ἀναστήσονται,
3131 2782 3225 2836 καὶ
3277 2781 3374 2834 σὺν
3411 2780 3593 2840 αὐτοῖς

2013 2884 2193 2938 πάντα
2219 2880 2290 2934 τὰ
2316 2879 2450 2945 ζῶα,
2477 2880 2572 2932 καὶ
2611 2877 2703 2931 ἐπὶ
2734 2875 2882 2948 χίλια
2928 2873 3022 2942 ἔτη
3064 2871 3403 2943 τρυφήσουσι
3427 2905 3442 2931 ,
3499 2865 3594 2918 καὶ

2014 2971 2301 3036 ἐσθίοντες,
2328 2971 2423 3024 καὶ
2446 2967 2788 3031 τεκνοῦντες,
2831 2965 2924 3018 καὶ
2959 2961 3097 3035 μετά
3129 2960 3288 3015 τοῦτο
3319 2960 3353 3031 ἡ
3383 2955 3598 3012 καθολι-

2015 3069 2087 3140 κὴ
2114 3068 2468 3138 ἐπιστήσεται
2501 3065 2821 3125 ἀνάστασις.
2877 3077 2898 3112 ι
2940 3057 3124 3115 Justos
3149 3056 3382 3125 primum
3417 3066 3597 3106 resura

2020 3170 2284 3223 recturos,
2309 3169 2364 3213 et
2392 3171 2514 3211 cum
2550 3155 2684 3226 ipsis
2713 3151 2894 3208 omnia
2924 3147 3176 3204 animalia
3199 3184 3216 3208 ,
3250 3152 3304 3199 et
3329 3157 3424 3214 per
3450 3141 3600 3197 mille

2019 3267 2192 3306 annos
2226 3249 2435 3305 deliciis
2459 3247 2720 3302 fruituros
2739 3284 2757 3310 ,
2790 3254 2844 3299 et
2868 3243 3119 3306 edentes,
3148 3248 3203 3293 et
3229 3237 3476 3292 bibentes
3500 3274 3517 3298 ,
3545 3242 3601 3287 et

2016 3345 2336 3416 gignentes,
2375 3348 2668 3411 posteaque
2727 3336 2965 3391 futuram
3012 3330 3374 3388 universalem
3418 3341 3601 3382 resur-

2019 3436 2336 3492 rectionem.
2373 3453 2393 3486 ι
2427 3434 2482 3487 Si
2520 3432 2571 3486 in
2617 3432 2717 3486 hac
2771 3430 2872 3484 fuit
2899 3426 3162 3499 Origenes
3197 3423 3502 3488 sententia,
3535 3419 3602 3474 il-

2018 3529 2125 3584 lam
2157 3527 2393 3581 Platonis
2425 3523 2632 3596 χιλιετῆ
2687 3521 2944 3594 πορείαν,
3000 3533 3165 3589 quam
3225 3516 3498 3576 diximus,
3544 3512 3603 3568 in

2022 3621 2390 3676 Christianam
2426 3613 2584 3671 tidem
2625 3612 2925 3668 transferre
2951 3619 3180 3666 conatus
3210 3607 3409 3670 fuerit,
3440 3613 3604 3675 atque

2022 3714 2093 3767 ita
2124 3712 2384 3767 Chiliasta
2418 3710 2523 3763 dici
2562 3708 2756 3777 possit.
2791 3705 3112 3773 Quanquam
3164 3699 3269 3755 alia
3323 3698 3429 3753 fuit
3476 3696 3607 3753 Chi-

2023 3805 2304 3858 liaslarum
2331 3800 2547 3871 proprie
2572 3797 3098 3860 dietorumhaeresis,
3121 3808 3151 3848 a
3177 3792 3460 3854 Cerintho,
3494 3788 3603 3853 vel,

2025 3907 2084 3949 ut
2111 3895 2228 3962 alii,
2260 3910 2291 3949 a
2319 3893 2483 3961 Papia
2502 3889 2913 3960 Hierapolitauo
2941 3888 3197 3957 episcopo
3221 3894 3366 3940 orta.
3387 3881 3608 3952 iAuctor

2025 3989 2224 4057 quippe
2243 3995 2326 4040 est.
2349 3984 2615 4039 Eusebius
2637 3983 2730 4036 lib.
2758 3997 2819 4035 ιιι
2848 3979 2986 4034 Hist.
3012 3978 3173 4033 eccles
3205 4017 3222 4041 ,
3243 3990 3366 4045 cap.
3393 3973 3605 4039 ultimo,

2027 4079 2247 4148 Papiam
2277 4075 2445 4138 illum,
2478 4073 2736 4128 mediocri
2779 4080 2837 4125 ut
2883 4079 3004 4125 erat
3047 4067 3308 4138 praeditus
3360 4063 3602 4134 ingenio,

2027 4185 2218 4242 parum
2251 4179 2407 4225 acute
2439 4167 2730 4222 intellectis
2761 4163 3128 4234 apostolorum
3173 4158 3396 4228 scriptis
3435 4155 3606 4226 (vice-

2032 4265 2170 4318 simo
2213 4275 2405 4330 nempe
2437 4257 2840 4330 Apocalypseos
2863 4251 3091 4324 capite),
3136 4263 3364 4319 regnmn
3397 4244 3606 4303 Christi

2029 4362 2155 4426 post
2186 4352 2637 4408 resurrectionem
2673 4360 2772 4417 per
2803 4344 2949 4400 mille
2977 4355 3150 4397 annos
3188 4342 3330 4395 inter
3367 4348 3608 4393 summas

2032 4461 2322 4517 corporum
2359 4443 2666 4511 voluptates
2702 4439 2756 4493 in
2784 4436 2946 4492 terris
2990 4443 3464 4504 perseveraturum
3509 4416 3616 4497 pu-'

355 4537 564 4592 λύονται
589 4539 688 4610 τῆς
708 4537 978 4601 κολάσεως
1000 4554 1013 4567 ·
1050 4537 1226 4590 καίτοι
1258 4536 1319 4589 οὐ
1356 4535 1554 4596 πάντες
1602 4534 1650 4586 οἱ
1682 4531 1924 4605 παραδο-

2030 4548 2202 4604 tasse,
2229 4552 2292 4591 ac
2327 4535 2500 4605 ipsius
2529 4530 2726 4587 deinde
2781 4526 3159 4584 auctoritatem
3211 4524 3355 4578 idem
3404 4521 3609 4575 Irenaeo

355 4631 536 4694 θέντες
567 4635 630 4704 τῇ
664 4631 882 4685 κολάσει
909 4630 1257 4700 καθαίρονται
1279 4631 1372 4682 καὶ
1393 4627 1739 4690 ἀπολύονται,
1788 4625 1926 4679 ἀλλά

351 4741 514 4790 τινες,
532 4727 625 4780 καὶ
650 4728 752 4792 ὅτι,
779 4727 914 4797 ὅπερ
940 4727 1086 4780 ἐστὶν
1113 4724 1310 4797 ἀληθὲς
1333 4724 1432 4794 τῆς
1456 4721 1781 4792 Ἐκκλησίας
1796 4719 1929 4792 φρό-

350 4833 501 4887 νημα
525 4857 540 4882 ,
563 4817 734 4884 οὐδεὶς
759 4819 1054 4874 ἀπολύεται
1091 4820 1192 4890 τῆς
1226 4818 1519 4883 κολάσεως.
1555 4835 1574 4868 ι
1608 4815 1929 4870 Peccatores

352 4910 530 4978 pcenis
557 4911 786 4966 traditos
809 4928 839 4965 a
868 4911 1108 4982 nequitia
1136 4911 1424 4981 expurgari
1453 4911 1506 4964 in
1530 4908 1696 4976 ipsis;
1726 4914 1782 4960 et
1807 4912 1930 4975 post

353 5001 798 5072 expurgationem
841 4981 1017 5073 patriis
1058 5002 1215 5058 solvi.
1246 5000 1358 5057 Nec
1377 5001 1599 5073 purgari
1649 4981 1832 5055 tamen
1873 5004 1931 5052 et

356 5094 560 5150 absolvi
584 5110 773 5151 omnes
798 5097 888 5166 qui
922 5097 1204 5167 suppliciis
1228 5095 1428 5151 addicti
1467 5102 1594 5150 sunt
1616 5131 1633 5158 ,
1665 5091 1758 5147 sed
1791 5105 1932 5144 non-

355 5184 672 5240 nullos.'Et
724 5188 994 5242 neminem
1042 5187 1306 5258 supplicio
1347 5185 1599 5250 liberari,
1632 5198 1754 5254 qua:
1799 5195 1927 5234 vera

355 5287 440 5331 est
468 5276 716 5331 Ecclesia:
747 5277 1064 5332 sententia?
1100 5295 1119 5330 ι
1171 5277 1304 5348 quid
1353 5276 1595 5332 Nicetam
1640 5273 1932 5328 Acomina-

359 5378 493 5430 tum,
537 5367 628 5437 qui
677 5367 770 5420 lib.
804 5385 854 5424 tv
887 5370 1144 5426 Thesauri
1192 5370 1400 5425 orlltod.
1441 5369 1564 5440 [ἰείη
1611 5368 1746 5422 him.
1776 5379 1926 5429 xxxr,

355 5461 642 5532 Origenem
689 5459 830 5514 male
881 5465 1119 5520 sensisse
1146 5463 1404 5535 praedicat
1433 5462 1504 5517 de
1545 5473 1828 5532 plenarum
1860 5470 1926 5512 ac

356 5554 705 5624 praemiorum
727 5551 1088 5622 perennitate,
1117 5558 1464 5625 futurumque
1499 5555 1703 5609 dixisse
1739 5559 1796 5606 ut
1834 5565 1927 5605 ex-

427 5692 477 5728 ⁸⁸
506 5692 610 5747 Isa.
646 5708 796 5758 xxiv,
833 5691 924 5745 9.2.

433 5836 541 5908 (5|)
577 5835 781 5902 Dialog.
811 5850 892 5901 ιιι,
929 5849 1070 5904 resp.
1099 5831 1221 5888 MO.

675 5931 945 5995 ΡΑτιιοι.
993 5929 1107 5987 Gn.
1156 5925 1352 5987 XVII.

2031 4629 2387 4702 persuasisse.
2443 4625 2663 4681 Sectam
2712 4633 2928 4692 quoque
2979 4618 3124 4672 illam
3169 4611 3440 4686 persecuti
3483 4617 3611 4666 sunt

2031 4721 2121 4774 alii
2153 4718 2452 4774 eruditione
2484 4714 2692 4771 nobiles
2727 4713 2830 4767 viri
2861 4708 3230 4766 Tertullianus
3252 4745 3268 4771 ,
3298 4702 3610 4760 Victorinus

2031 4810 2472 4872 Petabionensis,
2518 4817 2574 4862 et
2624 4804 2984 4868 Lactantius,
3037 4801 3212 4857 donec
3263 4798 3318 4853 in
3362 4803 3608 4866 apertam

2033 4903 2211 4972 erupit
2251 4900 2524 4965 haeresim,
2573 4898 2628 4953 in
2677 4893 3012 4967 Apollinario
3052 4893 3363 4948 damnatam
3423 4901 3454 4940 a
3502 4883 3611 4938 Da-

2034 5010 2188 5051 maso
2243 5008 2403 5065 papa.
2455 4993 2712 5047 Attamen
2751 4989 2842 5042 vix
2895 4986 3000 5040 sibi
3049 4983 3380 5054 persuadere
3435 4983 3622 5047 potest,

2033 5089 2373 5160 Epiphanius
2401 5093 2729 5140 assertorem
2765 5082 2932 5136 fuisse
2957 5076 3352 5148 Apollinarium
3385 5072 3612 5140 dogma-

2036 5183 2106 5233 tis
2133 5176 2459 5246 lmjusmodi,
2496 5175 2652 5245 cujus
2697 5187 2799 5228 nec
2847 5169 3061 5224 aﬂiuem
3110 5165 3278 5220 fuisse
3321 5161 3612 5232 Origenem

2032 5272 2379 5340 perspicuum
2410 5279 2490 5321 est
2520 5280 2589 5321 ex
2637 5265 2722 5320 his
2774 5262 2953 5317 verbis
2991 5272 3124 5314 tom.
3167 5271 3278 5311 xvu
3306 5256 3360 5308 in
3391 5249 3608 5308 Matth..

2033 5377 2183 5416 num.
2213 5360 2316 5423 '55,
2349 5375 2472 5428 pag.
2511 5357 2618 5412 8‘27
2650 5378 2662 5412 :
2693 5355 2805 5410 Καὶ
2846 5352 3036 5424 ὥσπερ
3083 5347 3391 5406 πλανῶνται
3429 5345 3478 5398 οἱ
3521 5341 3612 5396 διὰ

2033 5455 2094 5510 τὸ
2129 5455 2201 5526 μὴ
2228 5453 2577 5526 τροπολογεῖν
2625 5449 2694 5503 τά
2735 5445 3049 5521 προφητικά
3103 5443 3340 5514 οἰόμενοι
3398 5438 3610 5511 μέλλειν

2033 5549 2180 5620 ἡμᾶς
2211 5545 2348 5617 μετά
2378 5545 2478 5616 τὴν
2516 5544 2812 5598 ἀνάστασιν
2849 5539 3047 5593 ὲσθίειν
3075 5539 3168 5592 καὶ
3206 5535 3381 5588 πίνειν
3422 5547 3608 5602 σωμα-

2112 5826 2223 5898 (ΒΞ)
2257 5825 2408 5896 Apud
2442 5825 2620 5892 Phot.,
2653 5825 2776 5882 cod.
2810 5838 3048 5880 ccxxx".
3345 5905 3381 5964 3

3304 5907 3358 5964 3.

3304 5907 3358 5964 3i
