4170 6404
580 380 605 436 l
615 378 720 435 05S

1842 373 1901 430 ι).
1939 373 2249 429 DANIELIS
2290 375 2519 432 uuam
3040 350 3065 389 ‘

3691 380 3826 441 1056

579 498 707 552 τικὰ
736 495 1024 569 βρώματα,
1065 494 1183 547 ἐπεὶ
1217 495 1273 548 αἱ
1313 493 1483 558 λέξεις
1521 493 1628 547 τῶν
1671 494 1895 564 γραφῶν
1930 494 2150 547 τοιαῦτα

2256 499 2337 565 (ιιι
2364 506 2541 551 tamen
2588 496 2920 552 concedatur
2961 497 3083 567 quia
3132 498 3312 567 aliqua
3345 497 3609 571 videmus)
3647 501 3822 555 media

582 590 925 661 περιέχουσιν
943 604 959 619 ο
1004 586 1145 640 οὕτω
1187 588 1280 640 καὶ
1307 585 1377 638 τὰ
1405 587 1529 657 περὶ
1548 586 1740 656 γάμων
1766 586 2146 656 γεγραμμένα,

582 684 677 739 καὶ
700 681 907 753 ἀνδρῶν
933 680 1026 733 καὶ
1060 679 1333 747 γυναικῶν
1372 678 1662 750 τηροῦντες
1701 678 1793 732 ἐπὶ
1834 678 1927 731 τοῦ
1963 678 2149 749 ῥητοῦ,

584 777 676 833 καὶ
704 775 936 844 οἰόμενοι
965 771 1269 834 συνουσίαις
1292 772 1435 841 ἡμᾶς
1464 771 1559 824 καὶ
1586 770 1705 823 τότε
1740 770 2058 840 χρήσεσθαι,
2085 770 2151 822 δι’

582 868 648 930 ἃς
672 866 795 920 οὐδὲ
821 864 1098 935 σχολάζειν
1120 862 1235 916 ἐστὶ
1266 864 1332 932 τῇ
1378 863 1649 932 προσευχῇ
1691 860 1910 914 δυνατόν
1928 878 1943 892 ·
1976 861 2034 913 ἐν
2059 877 2154 931 μοι

584 955 774 1027 λυσμῷ
806 973 923 1018 πως
948 955 1115 1007 ὅντων
1141 952 1234 1006 καὶ
1282 951 1594 1022 ἀκαθαρσίᾳ
1637 953 1743 1005 τινὶ
1787 952 1895 1004 τῶν
1936 952 2155 1023 χρωμέ-

585 1067 691 1103 νων
721 1046 1070 1119 ἀφροδισίοις.
1114 1045 1385 1099 Adversus
1433 1044 1678 1097 eamdem
1734 1044 1983 1097 haeresim
2036 1043 2153 1113 pari

583 1142 744 1196 modo
798 1137 1145 1194 excandescit
1190 1134 1279 1190 lib.
1354 1150 1391 1188 ll
1448 1134 1585 1202 Περὶ
1630 1134 1866 1203 ἀρχῶν,
1914 1149 2033 1200 cap.
2064 1135 2151 1197 Η,

580 1249 731 1287 num.
761 1231 821 1295 2,
866 1239 920 1285 et
954 1229 1174 1300 prologo
1216 1227 1271 1281 in
1311 1225 1537 1291 Cantic.,
1574 1242 1697 1296 pag.
1742 1226 1810 1281 28
1842 1242 1855 1278 :
1892 1244 1915 1277 ι
1945 1227 2156 1281 Accidit

582 1335 641 1379 ut
663 1323 1019 1393 simpliciores
1044 1322 1263 1389 quidam
1287 1321 1592 1373 nescientes
1614 1318 1947 1388 disdnguere
1975 1333 2039 1372 ac
2065 1333 2152 1371 se—

582 1431 806 1472 cernere
830 1429 952 1484 qnm
978 1414 1084 1468 sint
1117 1428 1235 1479 qua:
1264 1412 1315 1465 in
1346 1409 1643 1480 Scripturis
1674 1412 1875 1467 divinis
1904 1411 2151 1467 interiori

580 1506 808 1573 homini,
845 1519 966 1573 qua:
1009 1517 1137 1556 vero
1174 1500 1429 1555 exteriori
1472 1501 1773 1569 deputanda
1810 1500 1952 1565 sint,
1993 1515 2154 1554 voca-

579 1597 829 1655 bulorum
862 1592 1304 1651 similitudinibus
1349 1590 1468 1646 falsi
1518 1592 1584 1645 ad
1629 1592 1841 1661 ineptas
1885 1592 2150 1662 quasdam

580 1689 793 1746 fabulas
818 1698 873 1742 et
908 1688 1160 1757 figmenta
1192 1685 1372 1746 inania
1404 1699 1462 1741 se
1488 1685 1851 1749 contulerint;
1896 1693 1953 1737 ut
1988 1684 2150 1738 etiam

579 1788 708 1850 post
752 1778 1205 1833 resurrectionem
1259 1776 1399 1832 cibis
1461 1776 1837 1845 corporalibus
1895 1776 2149 1829 utendum

580 1872 883 1931 crederent,
918 1879 1210 1939 polumque
1236 1869 1554 1923 sumendum
1587 1883 1694 1922 non
1751 1866 1921 1923 solum
1966 1882 2033 1921 ex
2062 1867 2150 1921 illa

580 1964 690 2018 vite
720 1977 845 2017 vera
877 1972 928 2015 et
951 1961 1165 2016 vivente
1191 1961 1245 2015 in
1268 1961 1499 2024 saecula,
1528 1976 1718 2015 verum
1743 1971 1799 2015 et
1839 1975 1907 2015 ex
1943 1961 2027 2014 his
2066 1960 2150 2014 vi-

580 2056 727 2109 tibus
753 2052 905 2123 ligni.
935 2071 957 2103 ι
999 2051 1070 2105 Ea
1102 2060 1367 2121 praeterea
1412 2050 1481 2109 de
1508 2051 1909 2107 resurrectione
1931 2091 1946 2114 ,
1979 2051 2152 2118 deque

579 2142 757 2213 ptenis
782 2142 1153 2196 damnatorum
1181 2140 1437 2210 opinatus
1483 2148 1597 2207 est,
1625 2155 1745 2208 quae
1770 2138 2151 2194 Chilionetita-

582 2248 703 2289 rum
741 2234 973 2288 vesaniae
1010 2248 1075 2288 ex
1134 2237 1365 2289 adverso
1410 2240 1730 2302 repugnant.
1784 2231 1912 2286 Inde
1958 2230 2151 2283 Hiero-

581 2341 776 2399 nymus
802 2326 855 2382 in
889 2327 1097 2398 prmfat.
1131 2327 1254 2382 libri
1290 2341 1422 2381 xvut
1453 2325 1807 2380 Commentar.
1840 2325 1895 2378 in
1928 2323 2152 2389 Isaiam,

583 2434 703 2489 quae
726 2426 809 2473 est
836 2420 903 2473 ad
930 2418 1305 2481 Eustochium,
1331 2418 1591 2472 adversus
1618 2415 1946 2471 Millenarios
1971 2416 2154 2484 dispu-

583 2522 724 2577 tans,
754 2521 999 2566 errorem
1022 2508 1235 2562 illorum
1262 2522 1448 2561 eorum
1472 2507 1646 2563 errori
1676 2508 1769 2578 qui
1800 2508 2155 2562 resurrectio-

580 2619 707 2658 nem
739 2603 933 2657 tollunt
955 2601 1289 2658 contrarium
1313 2610 1368 2655 et
1389 2601 1693 2669 oppositum
1718 2615 1837 2655 esse
1864 2600 2108 2669 agnoscit
2136 2615 2149 2652 :

580 2692 992 2750 etJnstinianns
1016 2693 1067 2746 in
1101 2690 1325 2762 epistola
1356 2691 1421 2745 ad
1441 2691 1677 2758 quintam
1706 2692 1964 2761 synodum
1992 2706 2154 2759 quam

580 2786 802 2842 exhibet
822 2783 1121 2850 Cedrenus,
1141 2784 1440 2839 doctrinam
1464 2782 1779 2853 Pythagorae
1804 2792 1858 2837 et
1890 2782 2152 2845 Platonis,

582 2876 851 2947 liujusque
878 2875 1011 2929 adeo
1039 2873 1201 2928 verba
1238 2889 1399 2943 super
1448 2874 1536 2930 Itis
1570 2873 1716 2927 mille
1766 2887 2031 2927 annorum
2063 2886 2156 2943 pe-

579 2968 749 3025 riodis
781 2981 1076 3038 exponens,
1098 2980 1220 3021 eam
1255 2966 1471 3037 Origeni
1509 2980 1773 3036 nusquam
1805 2963 2015 3018 tribuit.

652 3056 837 3112 XXIII.
876 3054 1137 3123 Quamvis
1162 3064 1339 3110 autem
1368 3053 1711 3109 manifestum
1732 3053 1937 3108 erroris
1974 3063 2154 3107 tenea-

579 3164 702 3204 mus
729 3149 1011 3219 Origenetn
1057 3148 1110 3201 in
1143 3146 1442 3216 quastione
1468 3145 1536 3199 de
1560 3161 1838 3216 ptenarum
1882 3155 1936 3199 et
1979 3146 2155 3200 beati-

580 3243 711 3297 tatis
738 3240 1101 3311 perennitate,
1134 3239 1302 3293 multa
1334 3249 1512 3292 tamen
1546 3239 1597 3292 in
1622 3239 1739 3308 ejus
1785 3238 2153 3292 defensionem

578 3332 769 3388 adduci
801 3341 1061 3401 possunt,
1110 3345 1232 3385 cum
1274 3346 1341 3386 ex
1392 3332 1509 3399 ejus
1562 3330 1877 3400 deprompta
1913 3329 2153 3400 scriptis,

580 3433 695 3478 tum
750 3424 890 3493 apud
956 3423 1203 3479 laudatos
1271 3425 1561 3492 scriptores
1633 3423 1957 3491 conquisita.
2023 3422 2155 3488 Quae

580 3516 896 3587 priusquam
916 3518 1273 3585 attingamus,
1294 3516 1514 3583 dignum
1540 3515 1668 3568 illud
1686 3515 2156 3570 animadversione

580 3609 831 3678 estquod
874 3618 1261 3662 commemorat
1313 3618 1501 3660 auctor
1542 3607 1947 3670 Prwdestinati,
1991 3622 2153 3676 quem

580 3700 750 3755 edidit
780 3697 1014 3754 Jacobns
1036 3698 1378 3762 Sirmondus,
1414 3700 1542 3753 hazr.
1570 3713 1721 3761 me,
1751 3698 2154 3765 Ampulliannm

580 3793 866 3863 quemdam
906 3792 1222 3846 haareticum
1262 3792 1549 3860 Bithynum
1594 3791 1645 3844 in
1688 3806 1807 3845 eam
1859 3791 2154 3846 incurrisse

581 3886 852 3950 haeresim,
883 3903 902 3937 ι
934 3894 991 3939 ut
1023 3885 1225 3940 diceret
1264 3900 1452 3941 omnes
1496 3883 1817 3937 criminosos
1866 3897 1988 3936 cum
2033 3882 2151 3937 dia-

578 3978 703 4034 bolo
731 3988 786 4035 et
808 3977 1090 4034 daemoan
1118 3992 1183 4033 eo
1209 3991 1379 4046 usque
1424 3976 1477 4029 in
1512 3975 1755 4043 gehenna
1785 3973 2033 4043 decoqui,
2063 3991 2155 4030 us-

578 4087 793 4143 quequo
818 4071 940 4140 puri
975 4070 1172 4125 redditi
1200 4070 1408 4138 possint
1442 4067 1565 4120 inde
1590 4068 1772 4121 mundi
1807 4077 1858 4121 et
1891 4069 2151 4121 immacu-

577 4164 668 4219 lati
700 4163 921 4234 egredi;
948 4180 972 4214 ο
1003 4169 1335 4232 quapropter
1367 4174 1489 4213 cum
1518 4158 1821 4213 universam
1851 4156 2150 4212 Ecclesiant

576 4256 862 4309 adversum
893 4269 952 4309 se
990 4256 1394 4317 commovisset,
1417 4252 1638 4307 vitiatos
1670 4266 1699 4305 a
1734 4265 1793 4304 se
1822 4250 1985 4305 libros
2023 4248 2151 4305 Ori-

577 4346 750 4416 genis,
780 4352 855 4399 et
903 4359 997 4400 eos
1040 4345 1310 4414 pnecipue
1354 4344 1445 4412 qui
1495 4352 1621 4397 sunt
1666 4341 1807 4410 Περὶ
1844 4340 2045 4411 ἀρχῶν
2095 4342 2149 4393 in

577 4436 861 4492 sententia:
890 4452 1001 4491 suae
1044 4436 1349 4505 praesidium
1391 4434 1698 4502 protulisse.
1740 4435 1901 4488 Addit
1957 4432 2150 4487 deinde

2251 600 2379 645 sunt
2408 606 2421 642 :
2463 605 2581 659 qum
2607 600 2732 644 ante
2766 590 3021 643 mundum
3064 590 3297 655 fuerint,
3332 590 3673 660 ignoramus;
3713 591 3828 646 fue-

2254 690 2380 733 runt
2406 694 2569 749 porro
2609 680 2849 748 quaedam
2896 690 3022 734 ante
3055 681 3333 734 mundum.
3361 680 3491 748 Quae
3521 690 3641 749 post
3670 697 3827 736 mun-

2254 775 2379 827 dum
2409 784 2659 827 secutura
2690 781 2838 839 sunt,
2868 775 2933 826 ad
2960 781 3167 826 certum
3192 784 3297 826 non
3325 774 3780 842 apprehendimus
3809 793 3824 829 :

2252 874 2413 917 erunt
2464 872 2647 917 autem
2697 862 2801 916 alia
2845 870 2966 932 post
3012 863 3291 917 mundum.
3331 881 3351 915 ι
3402 862 3539 917 Tum
3588 875 3822 935 postea:

2262 974 2280 1005 ι
2317 955 2388 1008 Ea
2420 970 2541 1024 quae
2572 964 2694 1023 post
2722 963 3025 1008 extremum
3078 955 3335 1009 smculum
3376 954 3555 1009 futura
3596 964 3722 1009 sunt
3771 956 3827 1010 in

2254 1047 2446 1100 saecula
2487 1046 2834 1110 saeculorum,
2886 1046 3009 1114 quis
3060 1055 3238 1113 potest
3277 1046 3590 1116 exponere?
3619 1045 3827 1101 Garru-

2254 1138 2427 1191 lorum
2445 1148 2527 1193 est
2548 1139 2824 1192 hominum
2840 1137 3028 1191 horum
3046 1138 3289 1193 notitiam
3308 1139 3568 1207 polliceri,
3586 1140 3832 1195 nescien-

2256 1231 2386 1284 tium
2422 1231 2545 1299 quia
2577 1229 2739 1283 homo
2763 1243 2825 1282 ea
2861 1238 3069 1282 tantum
3095 1240 3274 1299 potest
3306 1245 3537 1299 capere,
3565 1245 3686 1299 qurc
3712 1244 3829 1284 me-

2248 1323 2338 1376 dia
2374 1332 2514 1383 sunt,
2540 1331 2594 1376 et
2623 1335 2685 1373 ea
2710 1335 2831 1389 qua:
2858 1331 2980 1389 post
3002 1322 3258 1375 mundum
3284 1336 3453 1391 usque
3476 1321 3545 1376 ad
3564 1336 3825 1376 consum-

2255 1415 2542 1469 mationem
2574 1415 2623 1467 in
2647 1414 2851 1481 judicio
2883 1426 3010 1469 sunt
3039 1417 3215 1467 futura
3246 1416 3310 1468 de
3339 1414 3537 1483 pmnis,
3566 1414 3633 1469 de
3659 1412 3829 1468 retri-

2254 1506 2491 1560 butione.
2546 1506 2613 1559 Et
2655 1507 2846 1561 horum
2895 1520 3114 1576 quoque
3156 1505 3322 1560 multa
3375 1504 3640 1561 absconsa
3705 1514 3832 1559 sunt

2255 1598 2433 1661 nobis,
2460 1607 2517 1651 ιιι
2546 1608 2768 1667 propter
2798 1600 2900 1653 hoc
2922 1599 3138 1666 quidem
3168 1598 3428 1667 scriptum
3461 1597 3531 1653 sit
3560 1616 3575 1652 :
3603 1596 3831 1650 Duabus

2252 1688 2491 1743 vetabant
2533 1690 2719 1756 [aciem
2757 1692 2824 1744 δ’.
2867 1710 2884 1742 s
2910 1684 3085 1744 Unde
3134 1704 3221 1745 res
3263 1705 3357 1743 eas
3398 1696 3831 1758 pertractaturus

2254 1779 2347 1834 lib.
2374 1796 2387 1834 ι
2420 1782 2559 1849 Περὶ
2595 1780 2819 1851 ἀρχῶν,
2852 1796 2969 1851 cap.
2997 1783 3049 1845 6,
3080 1797 3229 1835 num.
3260 1781 3312 1846 1,
3342 1779 3443 1833 hac
3469 1781 3834 1836 obtestatione

2253 1872 2468 1928 lectoris
2501 1884 2736 1929 mentem
2781 1884 3016 1943 occupat
3050 1890 3065 1926 :
3106 1892 3125 1924 ‹
3160 1873 3290 1939 Quae
3339 1873 3557 1943 quidem
3599 1885 3631 1926 a
3677 1870 3833 1925 nobis

2252 1966 2419 2020 etiam
2446 1980 2570 2020 cum
2603 1981 2799 2037 magno
2827 1974 2974 2020 metu
3006 1973 3061 2019 et
3090 1964 3303 2021 cautela
3331 1964 3622 2028 dicuntur;
3653 1964 3836 2018 discu-

2253 2057 2514 2112 tientibus
2544 2056 2718 2126 magis
2745 2066 2799 2111 et
2834 2056 3292 2125 pertractantibns
3315 2095 3331 2121 ,
3360 2071 3521 2123 quam
3551 2071 3648 2125 pro
3681 2067 3834 2110 certo

2253 2164 2318 2203 ac
2354 2149 2574 2223 definito
2595 2148 2982 2204 statuentibus.
3013 2148 3310 2204 Indicatum
3341 2163 3577 2217 namque
3609 2162 3639 2200 a
3675 2145 3832 2200 nobis

2256 2242 2309 2295 in
2338 2242 2712 2310 superioribus
2736 2250 2836 2305 est,
2866 2256 2989 2312 quas
3036 2242 3147 2297 sint
3186 2242 3252 2297 de
3278 2241 3500 2318 .quibus
3544 2237 3834 2294 manifesto

2253 2340 2505 2406 dogmate
2531 2338 2930 2393 terminandum
2965 2339 3071 2401 sit,
3107 2338 3252 2407 quod
3277 2316 3331 2391 et
3354 2350 3453 2407 pro
3489 2316 3833 2389 viribus‘nos

2254 2427 2450 2484 fecisse
2495 2438 2623 2499 puto
2672 2445 2797 2484 cum
2836 2429 2905 2485 de
2944 2428 3215 2485 Trinitate
3264 2428 3630 2497 loqueremur.
3677 2425 3835 2479 Nunc

2259 2531 2439 2576 autem
2462 2520 2773 2591 disputandi
2821 2520 3003 2589 specie
3056 2521 3263 2592 magis,
3309 2534 3468 2589 quam
3518 2518 3833 2582 definiendi,

2254 2621 2417 2682 prout
2443 2627 2765 2680 possumus,
2798 2626 3142 2667 exercemur.
3182 2629 3200 2661 ι
3238 2612 3411 2679 Atque
3442 2611 3543 2664 hac
3583 2609 3835 2663 admoni-

2257 2706 2403 2759 tione
2426 2704 2804 2773 przemunitam
2848 2703 3288 2758 dissertationem
3329 2701 3498 2756 altera
3541 2703 3642 2756 hac
3685 2701 3835 2755 exci-

2255 2795 2354 2864 pit,
2408 2795 2562 2848 initio
2608 2794 2799 2863 capitis
2840 2794 3120 2863 sequentis
3162 2810 3176 2844 :
3229 2810 3251 2845 s
3294 2792 3418 2848 Haec
3451 2792 3670 2861 quidem
3710 2806 3834 2861 qua:

2257 2886 2511 2955 superius
2548 2884 2923 2950 disseruimus,
2967 2882 3206 2954 generali
3252 2883 3412 2937 nobis
3452 2896 3703 2937 sermone
3750 2881 3839 2935 di—

2259 2986 2410 3047 gesta
2436 2976 2565 3041 sint,
2600 2990 2698 3044 per
2731 2975 3183 3043 consequentiam
3226 2975 3399 3043 magis
3439 2973 3832 3035 intellectuum,

2258 3086 2417 3140 quam
2470 3069 2693 3125 definito
2731 3072 2979 3139 dogmate
3021 3079 3348 3139 pertractata
3394 3080 3555 3138 atque
3586 3070 3832 3124 discussa

2182 3190 2225 3248 ο
2259 3164 2325 3217 de
2377 3162 2785 3216 rationabilibns
2823 3163 3059 3221 naturis.
3114 3170 3235 3230 post
3286 3177 3411 3216 eum
3460 3162 3640 3215 locum
3670 3175 3833 3229 quem

2258 3253 2326 3308 de
2355 3250 2535 3317 Patre,
2591 3261 2647 3306 et
2680 3251 2853 3319 Filio,
2884 3263 2940 3308 et
2980 3254 3187 3325 Spiritu
3244 3261 3434 3309 sancto
3479 3267 3579 3323 pro
3633 3251 3839 3307 nostris

2257 3344 2466 3399 viribus
2493 3344 2860 3414 exposuimus.
2903 3344 3053 3401 Nunc
3094 3361 3223 3415 ergo
3266 3345 3548 3400 videamus
3574 3358 3695 3414 qua:
3722 3343 3838 3397 sint

2257 3436 2325 3491 de
2348 3435 2544 3505 quibus
2582 3436 2852 3492 disserere
2889 3438 2942 3491 In
2972 3436 3431 3506 consequentibus
3466 3436 3722 3491 convenit
3754 3449 3838 3489 se-

2256 3526 2493 3581 cundum
2540 3526 2731 3594 dogma
2779 3536 3046 3591 nostrum,
3084 3523 3136 3581 i‘d
3180 3537 3284 3594 est,
3324 3528 3620 3583 secundum
3655 3526 3838 3581 Eccle-

2254 3617 2350 3671 sia:
2369 3616 2549 3674 fidem.
2576 3635 2595 3669 ι
2617 3616 2785 3687 Magis
2805 3619 2968 3672 etiam
2988 3618 3209 3673 ﬂuctuat
3228 3629 3358 3673 tom.
3376 3635 3546 3673 xxvnt
3563 3620 3617 3671 in
3636 3616 3833 3683 Joan.,

2256 3724 2407 3762 num.
2439 3708 2491 3775 7,
2515 3723 2762 3778 quaerens
2803 3724 2869 3763 an
2916 3711 3206 3780 aliquando
3261 3713 3491 3767 vinculis
3539 3710 3836 3766 solvendus

2254 3799 2355 3861 sit,
2383 3814 2583 3865 necne,
2616 3801 2778 3856 homo
2818 3802 2906 3855 ille
2959 3803 3264 3872 impudens,
3323 3804 3417 3873 qui
3469 3819 3591 3858 cum
3632 3802 3835 3865 absque

2254 3892 2481 3961 nuptiali
2520 3902 2670 3948 veste
2700 3895 2766 3947 ad
2800 3895 3107 3949 convivium
3143 3897 3501 3961 accessisset,
3550 3891 3689 3945 mitti
3717 3889 3834 3956 jus-

2253 3997 2347 4034 sns
2374 3990 2458 4037 est
2503 3981 2556 4036 in
2603 3984 2857 4039 tenebras
2896 3985 3218 4051 exteriores,
3268 3985 3449 4052 ligatis
3493 3981 3831 4051 pedibusque

2254 4074 2606 4143 manibusque
2652 4092 2665 4127 :
2718 4076 2793 4129 Οὐ
2822 4077 2928 4144 γὰρ
2971 4076 3312 4147 ἐμφαίνεται,
3352 4074 3558 4142 inquit,
3588 4070 3658 4123 τὰ
3704 4069 3833 4141 περὶ

2252 4166 2562 4229 ἀπολύσεως
2623 4168 2884 4237 ἐσομένης
2931 4170 3289 4240 γεγραμμένα
3343 4166 3471 4237 περὶ
3517 4162 3714 4218 αὑτοῦ·
3766 4162 3830 4216 οὐ

2250 4259 2397 4310 δοκεῖ
2435 4258 2492 4310 δέ
2544 4276 2636 4327 μοι
2680 4260 2919 4329 ἀσφαλὲς
2950 4256 3086 4313 εἶναι
3132 4261 3205 4331 μὴ
3231 4257 3605 4313 καταλαϐόντα
3646 4258 3834 4309 ὁτιποο

2250 4349 2398 4414 τοῦν,
2433 4350 2666 4421 μάλιστα
2693 4351 2771 4422 τῷ
2799 4352 2872 4423 μὴ
2900 4352 3210 4424 γεγράφθαι
3241 4350 3370 4420 περὶ
3403 4348 3588 4412 αὐτοῦ,
3618 4350 3833 4419 ἀποφή-

2252 4440 2476 4494 νασθαι·
2525 4453 2579 4497 et
2614 4443 2707 4498 lib.
2746 4460 2867 4510 vm,
2900 4444 2954 4497 in
2994 4444 3164 4512 Epist.
3202 4446 3270 4496 ad
3310 4439 3491 4505 Rom.,
3539 4457 3686 4495 num.
3739 4441 3832 4504 12,

578 4526 744 4583 libelli
779 4536 966 4582 auctor
992 4538 1013 4581 ξ
1053 4546 1073 4579 ι
1106 4526 1214 4582 Sed
1243 4526 1333 4595 qui
1379 4526 1498 4581 sani
1542 4540 1734 4580 sensus
1758 4536 1870 4588 est,
1909 4534 1960 4577 et
1991 4524 2152 4578 habet
2183 4523 2227 4577 D
2255 4549 2377 4604 ρης,
2415 4533 2518 4588 640
2556 4551 2569 4587 ε
2620 4554 2638 4587 ε
2672 4534 2870 4590 γει-ιω,
2907 4536 2962 4589 in
3010 4536 3113 4590 hac
3162 4536 3275 4604 ipsa
3321 4535 3666 4604 purgatione,
3710 4548 3832 4602 qua;

578 4618 885 4688 splendidos
912 4619 1119 4682 oculos,
1156 4618 1238 4673 sic
1261 4616 1408 4671 videt
1436 4617 1617 4671 addita
1642 4617 1694 4671 in
1712 4615 1967 4686 Origenis
2014 4630 2150 4684 opu-

578 4710 743 4767 scutis
769 4711 909 4765 mala
934 4712 1059 4777 ista,
1083 4720 1242 4780 atque
1270 4710 1563 4779 cognoscit,
1584 4710 1723 4764 sicut
1753 4708 1798 4763 si
1833 4709 1884 4761 in
1915 4706 2152 4777 stragulo

578 4796 838 4858 coccineo
872 4818 1081 4872 pannos
1103 4802 1295 4867 albos,
1329 4810 1423 4857 aut
1460 4801 1720 4871 cujusque
1743 4799 1970 4854 alterius
1998 4798 2147 4853 colo-

576 4896 878 4952 ris’eernat
906 4895 1145 4951 adsutos.
1183 4914 1203 4949 ι
1257 4893 1412 4950 Nunc
1457 4909 1578 4965 quae
1600 4907 1710 4964 pro
1745 4907 1804 4947 se
1858 4892 1972 4961 ipse
2012 4890 2151 4944 Ada-

576 4989 818 5044 mantius
863 4988 1566 5059 suppeditat,~colligamus.
1618 4985 1860 5041 Primum
1885 4982 2078 5039 homil.
2114 4981 2148 5037 8

576 5079 637 5135 in
662 5079 848 5145 Levit.,
882 5083 1112 5146 numﬂé,
1148 5097 1269 5137 esse
1295 5082 1369 5135 ait
1396 5088 1616 5151 peccata
1651 5078 1897 5149 quaedam
1921 5116 1937 5142 ,
1976 5095 1994 5127 ι
2028 5089 2150 5145 quae

580 5183 706 5242 post
731 5173 872 5229 hanc
916 5175 1080 5227 vitam
1131 5175 1409 5229 nobiscum
1457 5180 1769 5235 transeunt,
1821 5179 1876 5225 et
1925 5183 2045 5223 esse
2092 5169 2147 5222 in

584 5263 714 5331 ipsis
738 5263 981 5332 quaedam
1012 5264 1082 5317 ita
1110 5264 1394 5319 animabus
1420 5263 1603 5328 infixa,
1632 5270 1695 5315 ut
1726 5268 1999 5329 nequeant
2018 5256 2149 5311 abo-

582 5353 699 5409 leri.
733 5373 753 5408 ι
788 5353 1016 5410 Homilia
1043 5355 1078 5409 4
1106 5357 1160 5408 in
1181 5353 1403 5417 Isaiam,
1436 5368 1582 5408 num.
1616 5353 1667 5418 1,
1690 5351 1885 5407 nesciri
1912 5365 2151 5419 pronun-

581 5444 698 5509 tiat,
731 5461 849 5515 quae
870 5454 990 5516 post
1015 5446 1270 5500 mundum
1295 5454 1553 5501 eventura
1578 5445 1686 5499 sint
1718 5462 1729 5496 :
1764 5460 1784 5494 ι
1812 5440 2146 5503 Novissimae,

579 5534 778 5602 inquit,
803 5546 861 5590 ut
892 5546 1040 5601 sunt,
1085 5552 1191 5591 non
1224 5535 1413 5590 valent
1449 5535 1716 5590 enarrari.
1759 5533 1892 5597 Quis
1930 5546 2145 5585 annun-

574 5623 728 5677 tiavit
757 5625 820 5679 de
854 5626 1183 5680 novissimis?
1211 5626 1589 5697 aitScriptura
1622 5627 1690 5681 ⁵¹.
1724 5625 1853 5691 Quae.
1894 5624 2145 5681 videmus

2255 4641 2351 4695 per
2403 4641 2621 4696 poenam
2678 4627 2819 4695 ignis
2851 4627 3419 4695 adltibetur,quautis
3468 4625 3830 4692 temporibus,

2254 4718 2579 4787 quantisque
2626 4720 2839 4774 sarculis
2871 4720 2938 4774 de
2979 4720 3358 4789 peccatoribus
3404 4718 3653 4785 exigatur
3697 4730 3832 4770 cru-

2254 4810 2458 4876 ciatus,
2494 4810 2640 4867 solus
2670 4813 2810 4867 scire
2834 4822 3011 4882 potest
3037 4812 3123 4868 ille
3161 4811 3247 4867 cui
3289 4811 3450 4866 Pater
3486 4822 3649 4864 omne
3684 4806 3831 4877 iudi-

2252 4903 2395 4957 cium
2419 4903 2638 4959 tradidit
2662 4904 2729 4959 ⁸³.
2766 4922 2784 4954 ι

2324 4993 2479 5049 Facit
2501 5004 2557 5049 et
2581 4994 2713 5049 illud
2754 5010 2852 5063 pro
2882 4996 3120 5066 Origene
3148 4997 3291 5066 quod
3324 4995 3415 5050 lib.
3453 5010 3508 5048 ιιι
3543 4992 3686 5063 Περὶ
3727 4993 3834 5060 ἁρ-

2257 5084 2400 5155 χῶν,
2429 5102 2548 5156 cap.
2572 5086 2626 5149 6,
2658 5088 2855 5157 legitur
2884 5108 2896 5143 :
2939 5104 3061 5144 cum
3084 5091 3229 5143 enim
3255 5088 3434 5143 tandiu
3466 5086 3632 5141 Detun
3659 5087 3833 5140 dixis-

2256 5188 2339 5232 set
2391 5177 2630 5231 futurum
2671 5179 2861 5233 omnia
2915 5181 2967 5233 in
3016 5181 3302 5245 omnibus,
3351 5178 3591 5247 quandin
3635 5177 3833 5230 anima:

2256 5267 2461 5337 absque
2487 5268 2593 5322 ulla
2628 5270 2865 5325 materiae
2887 5272 3186 5339 corporalis
3228 5269 3552 5324 admistione
3573 5280 3831 5335 perseveo

2256 5365 2486 5421 rassent,
2520 5358 2669 5412 addit
2689 5357 2903 5413 demum
2932 5376 3080 5414 num.
3105 5360 3175 5415 6:
3223 5377 3243 5412 ι
3272 5359 3325 5414 In
3353 5373 3460 5429 quo
3480 5362 3624 5409 statu
3659 5356 3829 5409 etiam

2249 5462 2567 5515 permanere
2606 5463 2820 5517 semper
2852 5459 2909 5506 et
2958 5434 3364 5509 immutavbilitcr
3412 5445 3689 5501 Creatoris
3730 5462 3829 5500 vo-

2249 5534 2943 5608 Iuntateestcredendum,
2988 5541 3148 5591 fidem
3197 5536 3275 5590 rei
3320 5535 3555 5591 faciente
3601 5549 3828 5591 senten-

2250 5626 2328 5682 tia
2353 5627 2595 5699 Apostoli
2622 5629 2857 5686 diceutls
2880 5625 2927 5660 “
2962 5649 2976 5683 ι
3019 5626 3246 5683 Domum
3273 5628 3525 5683 habemus
3568 5645 3671 5683 non
3707 5643 3825 5682 ma~

638 5805 691 5837 “
732 5805 833 5860 lsa.
867 5819 976 5871 xu,
1007 5808 1099 5862 26.
1174 5811 1217 5843 ⁸³
1262 5809 1363 5864 lsa.
1399 5826 1475 5879 vt,
1513 5811 1565 5867 2.
1644 5812 1688 5846 ⁸³
1720 5810 1875 5868 Joan.
1922 5827 1972 5879 v,
2005 5811 2093 5873 22.
2170 5811 2215 5845 “
2255 5810 2292 5866 Il
2328 5810 2455 5868 Cor.
2484 5824 2535 5879 v,
2573 5809 2620 5866 l.
