2085 3201
172 202 244 230 105⁵⁹

583 197 871 227 ORIGENIANORUM
890 196 955 225 LIB.
977 196 1008 228 ll,
1028 195 1105 222 CAP.
1127 194 1160 227 ll,
1180 193 1320 227 QUIEST.
1345 193 1391 221 XI.

1735 194 1803 222 MSS

169 262 316 296 aufer-tant,
333 266 456 287 uernam
467 258 495 285 in
507 258 588 285 cretis.
608 267 617 283 ›
634 257 690 285 Nisi
702 258 764 285 haec
778 257 846 284 forte
862 257 896 284 de
911 263 959 283 suo
975 258 997 285 Α
1012 254 1067 281 lum
1085 253 1210 289 pessimae
1224 259 1284 280 esse
1299 256 1414 284 natum,
1432 256 1459 279 et
1473 259 1533 287 quae
1547 251 1646 280 salvari
1663 260 1800 288 nunquam

169 307 282 334 Ruﬁnus
297 306 429 341 interpres
445 305 571 332 attexuit.
587 304 620 331 Et
634 304 661 331 id
682 304 832 331 subsidium
846 310 954 338 quoque

168 357 278 386 praestat
293 352 461 382 Adamantio,
478 351 550 386 quod
566 351 695 385 scriptum
715 354 756 378 est
771 354 850 377 tract.
872 356 955 376 xxxiv

168 400 197 427 in
214 398 323 430 ﬂatile,
340 405 413 424 num.
436 397 480 429 72,
495 404 521 431 p.
538 396 590 424 889
612 406 618 423 :
643 405 653 421 ι
670 396 765 423 Nullus
788 396 860 422 enim
886 395 956 430 ignis

168 445 240 476 inter
251 444 373 474 homines
385 447 426 471 est
437 448 565 475 :eternus,
580 443 625 470 sed
647 450 696 469 nec
717 442 792 469 multi
809 442 954 476 temporis;

169 490 350 525 exstinguitur
377 489 449 516 enim
471 489 537 516 cito.
560 489 687 516 [Eternns
711 493 801 515 autem
826 488 896 523 ignis
916 493 957 514 est

169 536 224 568 ille,
241 536 274 563 de
286 543 339 570 quo
351 539 378 562 et
387 534 472 562 Isaias
487 535 550 562 dicit
574 535 600 561 in
621 534 674 561 ﬁne
697 534 846 567 prophetiae
870 540 926 560 suae
947 540 956 559 :

173 580 274 608 Venilia
286 588 376 607 eorum
396 588 449 607 non
465 580 602 611 morietur,
620 586 642 606 et
656 579 724 613 ignis
735 587 824 605 eorum
847 587 898 605 non
912 586 958 605 er—

169 627 316 661 alinguetur
328 625 370 658 ⁵⁸;
387 634 397 651 ι
417 629 444 651 et
458 625 529 659 quod
544 624 637 651 homil.
655 624 689 651 55
702 625 729 651 in
743 623 807 651 Luc.
823 633 832 652 :
851 633 861 649 ί
880 623 959 657 Quod

169 673 191 701 si
210 679 333 708 magnam
360 671 504 707 pecuniam
531 670 716 702 debuerimus,
740 670 810 697 sicut
847 669 891 697 ille
913 669 958 704 qui

170 718 301 747 scribitur
332 718 425 744 decem
448 716 531 743 millia
553 716 653 743 talenta
683 715 827 748 debuisse,
859 720 960 750 quanto

172 769 291 798 tempore
306 763 465 791 claudamur
475 762 501 789 in
513 769 633 794 carcere,
646 761 731 788 donec
757 760 900 788 reddamus
913 760 961 788 de-

170 810 267 842 bitum,
278 817 331 836 non
347 816 458 842 possum
476 807 619 834 manifeste
641 806 826 841 pronuntiare.
842 805 871 833 Si
889 805 960 833 enim

170 855 215 889 qui
233 862 329 889 parum
343 855 432 885 debet,
447 860 501 880 non
513 853 669 888 egredietur
695 852 745 879 nisi
771 851 892 879 exsolvat
909 851 961 877 Ini-

171 906 265 929 nutum
278 901 474 936 quadrantem;
492 900 587 935 utique
607 900 654 934 qui
681 904 756 927 tanto
774 899 865 926 debito
880 899 963 926 fuerit

1007 300 1108 335 possit;
1137 303 1232 326 contra
1255 299 1306 325 hoc
1332 302 1407 325 recte
1430 298 1562 332 Origenes
1587 299 1726 333 respondit
1750 307 1800 327 nor

1008 353 1068 373 eum
1091 345 1219 380 periturae
1244 351 1305 372 esse
1330 344 1507 376 substantias,
1524 345 1570 371 sed
1592 344 1730 371 voluntate
1743 352 1806 379 pro.

1008 391 1067 426 pria
1080 391 1226 422 corruisse,
1238 395 1265 418 et
1279 397 1360 425 posse
1379 389 1490 417 salvari.
1515 389 1572 417 Hoc
1584 390 1721 419 Candidus
1741 397 1803 418 ver-

1010 437 1043 463 tit
1061 437 1089 464 in
1113 436 1292 469 calumniam,
1322 436 1401 471 quasi
1424 435 1554 471 Origenes
1587 437 1685 464 dixerit
1704 438 1803 465 diaboli

1010 487 1135 509 naturam
1155 489 1215 510 esse
1229 482 1400 511 salvandam.
1418 483 1496 516 Quod
1512 482 1557 510 ille
1569 482 1639 511 falso
1652 483 1803 518 objecerat,

1011 529 1055 556 hic
1071 528 1179 556 refutat.
1204 538 1214 555 ι

1048 585 1132 613 XXV.
1155 585 1257 621 Nempe
1279 586 1359 615 rebus
1388 587 1423 615 ab
1459 587 1580 615 Ecclesia
1607 587 1725 615 nondum
1752 588 1805 616 hoc

1014 635 1135 666 tempore
1159 632 1279 660 deﬁnitis
1302 633 1378 660 varia
1402 634 1493 661 animo
1518 634 1633 669 agitavit
1658 633 1806 669 Origenes,

1012 678 1086 712 quod
1103 681 1130 705 et
1146 678 1180 705 ab
1194 678 1255 706 aliis
1272 679 1386 707 subinde
1406 679 1534 708 Patribus
1558 680 1659 707 factum
1674 680 1807 707 observa-

1015 731 1085 750 mus.
1100 724 1223 752 .lustinus
1236 724 1339 760 Marlyr
1357 725 1383 752 in
1406 725 1517 761 Dialoga
1531 734 1589 753 cum
1604 726 1743 760 Tryplwne
1758 727 1807 754 dc-

1017 770 1137 797 crevisse
1161 770 1266 797 videtur
1282 778 1378 805 pinnas
1405 771 1594 799 damnatorum
1621 779 1668 806 per
1693 777 1808 800 mortem

1016 816 1168 844 animarum
1192 824 1252 844 esse
1263 817 1398 846 ﬁniendas
1413 827 1420 845 :
1443 817 1523 845 Ἀλλὰ
1541 819 1590 854 μὲν
1606 818 1666 845 οὐδὲ
1687 818 1808 854 ἀποθνή-

1016 871 1091 888 σκειν
1107 864 1179 898 φημὶ
1192 863 1282 894 πάσας
1293 862 1342 895 τὰς
1360 863 1448 899 ψυχὰς
1464 864 1532 898 ἐγώ·
1559 864 1674 900 ἕρμαιον
1693 864 1747 899 γὰρ
1775 862 1810 899 ἦν

1016 908 1054 939 ὡς
1069 907 1176 942 ἀληθῶς
1187 909 1242 940 τοῖς
1257 909 1362 939 κακοῖς.
1381 909 1460 936 Ἀλκὰ
1474 909 1501 936 τί
1513 918 1520 942 ;
1533 909 1583 942 τὰς
1600 910 1649 945 μὲν
1666 909 1719 936 τῶν
1735 910 1810 936 εὐσε-

171 948 317 981 obnoxius,
333 947 439 974 inﬁnita
454 946 480 974 ei
494 946 528 973 ad
544 946 710 973 reddendum
726 945 846 972 debitum
865 945 963 972 saecula

1020 953 1070 979 δῶν
1086 954 1115 979 ὲν
1134 954 1269 989 κρείττονί
1286 963 1331 981 ποι
1349 954 1430 990 χώρῳ
1455 956 1556 990 μένειν,
1577 943 1627 987 τὰς
1650 955 1678 982 δὲ
1700 956 1810 987 ἀδίκους

173 995 400 1021 numerabantur.
417 1002 428 1019 ι
449 992 518 1026 Quin
544 992 626 1019 etiam
654 997 757 1019 certam
770 991 916 1026 aliquando
937 996 966 1018 et

172 1039 369 1066 immutabilem
390 1037 548 1065 felicitatem
574 1037 693 1064 futuram
717 1037 843 1064 concedit
865 1036 912 1063 lib.
940 1044 967 1063 tv

172 1085 242 1119 Περὶ
260 1084 372 1119 ἀρχῶν,
397 1091 472 1111 num.
489 1083 526 1110 24
543 1091 550 1109 :
580 1092 591 1108 ι
612 1082 665 1111 Sed
694 1087 721 1110 et
743 1082 967 1110 comminationes

173 1132 268 1167 positae
280 1136 344 1159 sunt
357 1131 399 1159 his
415 1130 460 1165 qui
479 1130 650 1165 prtevaricati
668 1129 768 1157 fuerint
781 1130 884 1164 legem;
904 1136 967 1156 nec-

173 1186 227 1205 non
248 1182 275 1206 et
302 1178 345 1205 his
370 1177 417 1212 qui
447 1176 640 1211 puriﬁcatione
663 1176 838 1211 indigebant,
861 1176 967 1203 diversa

173 1223 393 1259 puriﬁcationum
410 1229 522 1258 genera,
541 1221 617 1249 velut
632 1221 679 1256 qui
697 1221 864 1257 frequentius
876 1226 968 1249 essent

174 1270 309 1305 polluendi
325 1270 490 1302 traduntur;
507 1271 537 1295 ut
553 1275 601 1303 per
621 1267 678 1294 haec
695 1267 803 1295 tandem
831 1268 864 1294 ad
893 1268 967 1295 illam

174 1323 254 1343 unam
283 1316 500 1351 puriﬁcationem
527 1315 653 1347 veniant,
686 1318 748 1347 post
779 1321 860 1348 quam
885 1314 968 1348 pollui

174 1362 245 1388 ultra
273 1369 326 1388 non
353 1361 426 1388 licet.
445 1370 455 1387 ι
482 1361 515 1388 Et
541 1360 634 1387 homil.
659 1359 693 1386 18
716 1360 743 1386 in
768 1359 867 1386 Jerem.
891 1366 967 1391 xvm,

174 1415 249 1435 Illm.
268 1407 294 1441 Ι,
311 1415 373 1442 pag.
393 1407 456 1438 241,
479 1408 512 1434 ad
531 1406 750 1434 emendationem
772 1409 830 1440 pOsl
854 1410 968 1431 mortem

175 1453 333 1489 neutiquam
355 1453 492 1486 suscipere
511 1451 634 1479 homines
660 1451 782 1478 decernit
806 1460 813 1478 :
841 1450 924 1476 Ἐπὰν
940 1449 969 1476 δὲ

176 1498 306 1534 μετὰυτδν
319 1498 455 1525 ἐνεστῶτα
465 1497 552 1525 αἰῶνα
568 1497 680 1533 ἥκωμεν
691 1497 760 1532 πρὸς
780 1496 819 1531 τῷ
835 1496 906 1522 τέλει
924 1504 970 1521 γε-

175 1544 282 1579 νόμενοι
294 1543 344 1579 τῆς
360 1543 445 1579 ζωῆς,
460 1542 555 1569 ἔπειτα
569 1542 740 1578 πυρωθέντες
753 1562 760 1574 ,
778 1542 836 1577 ἦτοι
858 1541 910 1567 ὑπὸ
921 1539 969 1567 τοῦ

175 1591 262 1627 πυρὸς
275 1589 329 1617 τῶν
340 1589 546 1626 πεπυρωμένων
559 1589 606 1616 τοῦ
620 1589 738 1624 πονηροῦ
750 1584 834 1622 βελῶν
843 1587 970 1622 γενέσθαι

174 1636 317 1664 ὁτιποτοῦν
335 1636 485 1672 γινώμεθα.
513 1636 548 1662 Ἣ
569 1635 621 1662 ὑπὸ
635 1635 681 1662 τοῦ
704 1635 777 1661 θείου
794 1634 890 1670 πυρὸς,
909 1634 970 1660 ἐπεὶ

176 1683 224 1709 καὶ
237 1683 251 1709 ὁ
264 1682 330 1714 Θεὸς
343 1682 422 1718 ἡμῶν
436 1682 493 1718 πῦρ
504 1681 702 1709 καταναλίσκον
717 1681 791 1708 ἐστὶν
801 1701 809 1714 ,
827 1681 874 1707 ἐὰν
885 1680 971 1714 γενώ-

178 1729 265 1765 μεθα,
282 1730 371 1765 φημὶ,
394 1729 447 1756 ὑπὸ
469 1729 572 1755 τοιοῦδε
585 1729 602 1764 ἢ
617 1728 719 1755 τοιοῦδε
745 1728 848 1764 πυρὸς,
868 1721 971 1755 ὀτιποτ’

176 1776 210 1803 ἂν
230 1775 373 1811 γενώμεθα
390 1776 438 1802 ἐὰν
461 1774 659 1810 συντριὸὦμεν,
678 1774 732 1800 εἴτε
755 1774 809 1801 ἀπὸ
827 1774 874 1800 τοῦ
901 1774 972 1801 καλὰ

177 1822 261 1858 σκεύη
276 1822 418 1857 γεγονέναι
434 1822 475 1853 εις
490 1821 637 1856 σωτηρίαν,
653 1820 708 1847 εἴτε
731 1821 785 1847 ἀπὸ
801 1821 847 1847 τοῦ
871 1822 972 1857 μοχθη-

178 1869 212 1903 ρὰ
225 1868 309 1904 σκεύη
326 1868 467 1903 γεγονέναι
481 1868 521 1899 εἰς
536 1867 685 1898 ἀπώλειαν,
695 1867 745 1893 οὐκ
757 1867 971 1902 ἀνακτιζόμεθα,

177 1914 237 1941 οὐδὲ
254 1914 406 1949 ἐπιδέχεται
419 1914 498 1950 ἡμῶν
509 1915 527 1949 ἡ
538 1913 694 1948 κατασκευὴ
715 1913 865 1949 βελτίωσιν.

214 1959 312 1989 XXIV.
328 1955 374 1988 Uti
392 1968 538 1995 possumus
563 1964 694 1994 praeterea
719 1959 752 1986 ad
775 1959 904 1986 tuendum
926 1959 974 1986 ali-

178 2013 232 2041 qua
252 2013 284 2033 ex
308 2011 384 2041 parte
403 2005 548 2040 Origenem
577 2005 732 2033 testimonio
753 2005 869 2040 quodam
885 2025 893 2036 .
920 2012 974 2039 quo

179 2052 316 2081 damnatis
327 2052 436 2087 quidem
454 2052 556 2079 aditum
577 2052 610 2078 ad
623 2051 779 2078 beatitatem
803 2050 968 2085 patefactum

178 2098 324 2133 aliquando
343 2097 374 2124 iri
392 2097 503 2129 statuit,
526 2096 634 2125 diabolo
651 2100 740 2124 autem
761 2098 867 2131 penitus
887 2096 973 2122 inter-

178 2145 293 2172 clusum.
318 2143 439 2170 llabetur
457 2143 524 2170 illud
541 2142 587 2170 lib.
604 2150 652 2170 vnt
669 2142 698 2168 in
721 2141 806 2176 Epist.
823 2141 858 2168 ad
882 2140 971 2173 Ram.,

179 2197 253 2217 num.
266 2190 294 2220 9.
311 2196 373 2224 pag.
397 2188 461 2221 654,
487 2188 579 2224 ibique
600 2187 719 2216 Luciferi
743 2196 835 2216 casum
861 2196 876 2215 a
897 2188 973 2223 lapsu

180 2234 363 2262 lsraelitarum
392 2234 504 2262 diﬁ‘erre
530 2238 670 2262 asseverat
691 2242 699 2261 ε
726 2243 735 2260 ι
757 2234 866 2261 Illorum
888 2235 973 2267 enllll,

1017 1000 1063 1026 καὶ
1077 999 1198 1035 πονηρὰς
1214 1001 1243 1026 ἐν
1259 999 1371 1035 χείρονι,
1392 1001 1438 1027 τὸν
1456 998 1506 1035 τῆς
1525 1001 1642 1037 κρίσεως
1661 1001 1809 1037 ἐκδεχομέ-

1020 1054 1069 1077 νας
1078 1045 1173 1081 χρόνον
1189 1045 1267 1072 τότε·
1286 1045 1372 1077 οὕτως
1388 1046 1417 1072 αξ
1444 1047 1492 1082 μὲν
1507 1047 1582 1080 ἄξιαι
1603 1046 1650 1073 τοῦ
1665 1046 1732 1073 Θεοῦ
1757 1056 1810 1082 φα-

1017 1092 1114 1123 νεῖσαι,
1130 1092 1180 1118 οὐκ
1201 1091 1420 1127 ἀποθνήσκουσιν
1442 1092 1492 1125 ἔτι,
1507 1093 1535 1118 αἰ
1556 1093 1584 1119 δὲ
1606 1093 1765 1126 κολάζονται
1781 1093 1811 1125 ἐς

1017 1137 1039 1163 τ’
1055 1136 1088 1162 ἂν
1110 1136 1194 1168 αὐτὰς
1208 1137 1254 1163 καὶ
1277 1135 1345 1163 εἶναι
1368 1137 1416 1163 καὶ
1438 1136 1600 1169 κολάζεσθαι
1619 1138 1634 1164 ὀ
1652 1137 1717 1170 Θεὸς
1733 1138 1808 1176 Θέλῃ.

1020 1191 1030 1208 c
1046 1182 1144 1209 Verum
1160 1182 1297 1210 enimvero
1309 1190 1398 1217 neque
1411 1184 1480 1211 mori
1496 1185 1557 1212 dico
1568 1185 1675 1212 animas
1690 1192 1786 1213 omnes
1801 1193 1810 1212 :

1020 1235 1112 1255 revera
1142 1228 1214 1255 enim
1241 1229 1321 1256 malis
1343 1230 1492 1264 optandum
1515 1231 1541 1257 id
1568 1235 1597 1258 et
1626 1234 1811 1265 opportunmn

1019 1279 1101 1301 esset.
1128 1274 1196 1307 Quid
1212 1275 1294 1310 ergo?
1308 1276 1415 1310 piorum
1434 1276 1543 1311 quidem
1569 1276 1596 1304 in
1620 1276 1726 1303 meliori
1751 1275 1812 1303 loco

1020 1328 1141 1352 manere,
1168 1321 1276 1356 iniquas
1290 1328 1380 1349 autem
1395 1326 1424 1350 et
1447 1322 1533 1350 malas
1558 1323 1583 1350 in
1598 1322 1697 1358 pejori,
1711 1322 1809 1356 judicii

1021 1370 1128 1401 tempus
1148 1372 1348 1401 exspectantes.
1374 1369 1463 1401 Atque
1491 1369 1528 1396 ita
1554 1376 1615 1404 qua:
1639 1369 1726 1403 digna:
1756 1368 1812 1395 Deo

1020 1413 1205 1447 apparuerint,
1224 1421 1275 1440 non
1294 1414 1449 1441 moriuntur
1463 1415 1589 1449 amplius,
1605 1415 1657 1442 illae
1679 1423 1744 1442 vero
1759 1423 1811 1450 pu-

1020 1456 1143 1488 niuntur,
1167 1457 1287 1491 quandiu
1312 1465 1358 1485 eas
1376 1462 1404 1485 et
1425 1465 1487 1486 esse
1512 1464 1540 1486 et
1559 1460 1647 1493 puniri
1675 1459 1748 1487 Deus
1762 1467 1813 1487 vo-

1020 1502 1109 1529 luerit.
1128 1512 1137 1528 ι
1156 1502 1286 1531 Eamdem
1302 1504 1399 1539 arripit
1414 1504 1565 1531 doctrinam
1578 1504 1697 1532 lrenzens
1713 1505 1761 1532 lib.
1779 1510 1810 1538 tt,

1021 1556 1081 1582 cap.
1096 1549 1141 1581 65,
1159 1549 1203 1576 ubi
1219 1550 1326 1577 animas
1350 1558 1404 1578 non
1429 1557 1509 1578 secus
1526 1558 1558 1578 ac
1586 1550 1638 1578 alia
1660 1551 1706 1578 Dei
1729 1558 1812 1586 opera

984 1614 1007 1645 Ο
1024 1595 1115 1621 tandiu
1139 1603 1282 1629 superesse
1307 1601 1335 1624 et
1360 1604 1537 1631 perseverare
1559 1596 1667 1629 asserit,
1693 1605 1702 1622 ι
1723 1598 1813 1632 quoad

1024 1647 1108 1674 usque
1128 1647 1158 1667 ea
1183 1642 1254 1669 Deus
1269 1646 1296 1669 et
1319 1649 1379 1670 esse
1406 1648 1434 1671 et
1450 1650 1627 1678 perseverare
1650 1643 1781 1675 voluerit;
1801 1653 1811 1669 ι

1024 1694 1073 1713 nec
1089 1686 1175 1714 multo
1190 1692 1269 1722 post:
1287 1696 1297 1713 ‹
1314 1688 1373 1716 Νοη
1397 1690 1470 1717 enim
1489 1696 1522 1716 ex
1540 1689 1629 1723 nobis,
1651 1690 1751 1724 inquit,
1767 1697 1814 1716 ne-

1023 1740 1075 1767 que
1090 1741 1123 1760 ex
1139 1739 1232 1761 nostra
1254 1739 1350 1761 natura
1365 1735 1419 1762 vita
1437 1741 1491 1768 est,
1507 1735 1555 1763 sed
1581 1737 1732 1764 secundant
1748 1743 1814 1771 gra-

1024 1778 1088 1806 tiam
1106 1779 1152 1807 Dei
1168 1780 1247 1807 datnr
1262 1789 1269 1807 :
1287 1786 1315 1808 et
1329 1781 1388 1809 ideo
1404 1781 1450 1817 qui
1467 1783 1619 1810 servaverit
1632 1775 1724 1810 datum
1741 1783 1813 1816 υἷι-ευ,

1024 1830 1051 1852 et
1064 1826 1166 1860 gratias
1181 1827 1268 1861 egerit
1280 1827 1304 1854 ei
1320 1827 1366 1862 qui
1381 1827 1520 1862 praestitit,
1545 1828 1663 1862 accipiet
1678 1833 1705 1856 et
1719 1829 1747 1855 in
1765 1836 1815 1856 sa:-

1024 1871 1114 1898 culum
1147 1872 1238 1899 saeculi
1273 1872 1470 1908 longitudinem
1504 1873 1629 1905 die'rum;
1656 1873 1702 1907 qui
1723 1878 1815 1900 autem

1024 1918 1153 1952 abjecerit
1169 1926 1242 1952 eam,
1258 1923 1285 1947 et
1299 1919 1423 1955 ingratus
1441 1919 1579 1947 exstiterit
1596 1919 1693 1946 facturi
1713 1919 1748 1946 ob
1763 1920 1815 1946 hou

1024 1964 1095 1998 quod
1110 1963 1198 1991 factus
1220 1970 1272 1996 est,
1299 1970 1326 1993 et
1341 1973 1394 1992 non
1410 1966 1570 2000 cognoverit
1592 1956 1654 1992 eum
1679 1965 1724 2000 qui
1745 1973 1816 1999 prae-

1024 2015 1088 2043 stat,
1108 2011 1165 2045 ipse
1178 2018 1208 2039 se
1219 2012 1308 2046 privat
1329 2012 1355 2038 in
1381 2012 1510 2039 saaculum
1527 2011 1619 2039 saeculi
1634 2002 1815 2045 p‘erseveran-

1027 2056 1076 2082 tia.
1097 2065 1106 2082 ›
1124 2057 1259 2083 Arnobius
1282 2056 1388 2083 animas
1413 2060 1610 2084 tormentorum
1635 2055 1816 2083 diuturnitate

1025 2106 1054 2128 et
1068 2101 1171 2128 szevitia
1188 2106 1380 2136 consumptum
1397 2101 1431 2129 iri
1447 2105 1474 2129 et
1487 2101 1652 2129 exstinctum
1666 2101 1816 2128 arbitratus

1025 2151 1084 2180 est;
1113 2151 1195 2182 atque
1211 2147 1282 2175 hanc
1299 2154 1360 2174 esse
1383 2152 1497 2175 mortem
1512 2151 1642 2174 aeternam
1666 2147 1756 2181 impiis
1771 2147 1816 2174 ho-

1026 2193 1145 2220 minibus
1160 2198 1214 2220 tam
1234 2200 1306 2228 szepe
1323 2193 1350 2220 in
1375 2193 1517 2228 Scriptura
1541 2193 1703 2220 intentatam
1721 2201 1728 2219 :
1756 2193 1816 2227 pio-

1027 2246 1085 2265 rum
1099 2245 1164 2265 vcro
1177 2243 1204 2265 et
1219 2244 1375 2266 sanctorum
1392 2239 1533 2266 hominum
1552 2238 1656 2266 animas
1678 2238 1749 2266 felici
1765 2238 1816 2265 im-

180 2281 280 2316 inquit,
296 2282 339 2310 vel
356 2282 381 2309 in
398 2282 452 2310 ﬁne
466 2282 557 2310 szeculi
581 2281 725 2309 conversio
737 2281 801 2313 erit.
824 2285 888 2308 tunc
909 2288 970 2308 cum
988 2289 1010 2318 υ
1025 2284 1192 2311 mortalitate
1217 2292 1249 2312 ac
1277 2286 1330 2313 vita
1362 2290 1464 2313 aeterna
1487 2285 1603 2320 perfrui.
1634 2284 1816 2318 Quamobrem

179 2328 318 2364 plenitudo
341 2330 460 2365 gentium
482 2330 695 2361 subintraverit,
720 2333 747 2356 et
772 2328 861 2356 omnis
888 2328 972 2355 Israel

180 2375 273 2402 salvus
289 2374 334 2402 ﬁet
352 2385 360 2402 :
383 2376 462 2403 istius
479 2380 569 2403 autem
584 2375 629 2410 qui
640 2375 674 2401 de
693 2375 764 2402 coelo
781 2374 912 2402 cecidisse
932 2374 971 2401 di-

180 2421 263 2454 citur,
276 2427 325 2448 nec
343 2421 369 2448 in
384 2421 438 2448 ﬁne
454 2421 546 2449 seculi
563 2422 616 2449 erit
636 2420 690 2448 ulla
707 2420 859 2448 conversio.
879 2428 888 2446 ι
908 2419 972 2447 lnde

179 2470 221 2494 est
231 2466 303 2501 quod
318 2466 491 2494 vehementer
503 2471 647 2495 succenset
672 2466 699 2493 in
716 2465 828 2501 epistola
857 2465 890 2493 ad
904 2465 972 2493 ami-

181 2520 227 2540 cos
242 2519 305 2540 suos
320 2512 518 2540 Alexandrinos
539 2513 667 2547 iactatum
683 2512 771 2540 fuisse
793 2512 819 2540 in
834 2512 930 2548 vulgus
943 2520 973 2541 se

181 2559 282 2592 dicere,
297 2567 307 2585 ί
324 2558 429 2586 Patrem
443 2560 553 2587 malitias
578 2567 609 2586 ac
625 2559 801 2594 perditionis,
828 2563 855 2587 et
878 2566 972 2586 eorum

181 2603 227 2639 qui
242 2604 275 2631 de
290 2611 372 2639 regno
389 2605 434 2631 Dei
449 2605 593 2639 ejiciuntnr
604 2624 611 2636 ,
630 2605 655 2631 id
678 2610 718 2631 est
740 2604 877 2631 diabolum
888 2625 896 2638 ,
913 2611 974 2632 esse

182 2649 339 2677 salvandum
355 2659 362 2677 :
380 2650 462 2685 quod,
478 2651 580 2684 inquit,
597 2659 629 2678 ne
646 2651 743 2684 aliquis
759 2651 869 2684 quidem
883 2655 974 2677 mente

183 2700 272 2734 motus
296 2700 324 2722 et
359 2695 501 2723 manifeste
532 2697 669 2723 insaniens
706 2696 796 2723 dicere
834 2700 930 2731 potest.
959 2704 969 2721 ι

181 2733 329 2775 Propterea
344 2740 525 2775 Hieronymus
544 2742 654 2776 Apolog.
674 2749 691 2768 ιι
708 2742 735 2767 in
750 2740 851 2774 Ruﬁn.,
866 2748 926 2776 cap.
944 2741 974 2772 5,

183 2788 271 2823 palam
293 2794 354 2814 eum
375 2787 426 2813 hoc
450 2787 567 2814 crimine
586 2786 719 2818 exsolvit,
741 2787 813 2820 quod
836 2786 905 2813 alias
921 2786 972 2821 ipsi

179 2835 303 2871 ‘persaepe
318 2833 433 2869 objicit:
457 2842 467 2860 ‹
478 2833 742 2878 AsseritCandidus,
757 2834 861 2870 inquit,
880 2834 973 2863 diabo-

219 2928 242 2944 "
262 2926 311 2955 lsa.
327 2932 398 2960 mi,
412 2926 457 2954 24.

1026 2331 1132 2358 animas
1156 2330 1290 2359 humanas
1314 2331 1440 2366 ancipitis
1459 2339 1530 2364 esse,
1554 2330 1705 2365 mediasque
1730 2334 1815 2359 vitam

1027 2376 1099 2403 inter
1114 2381 1142 2404 et
1158 2380 1272 2405 mortem
1291 2385 1323 2405 ac
1339 2378 1471 2410 ambiguae
1490 2383 1595 2405 natura:
1610 2377 1681 2405 libro
1696 2378 1817 2405 secundo

1026 2422 1125 2449 iterum
1140 2422 1295 2458 iterumque
1322 2424 1428 2458 repetit.
1462 2423 1608 2458 Gregorius
1627 2422 1818 2450 Nazianzenus

1026 2473 1096 2496 orat.
1121 2468 1157 2496 59
1182 2468 1323 2496 hmreticos
1349 2469 1485 2497 diﬁicilem
1512 2475 1539 2498 et
1564 2470 1719 2498 diuturnum
1745 2469 1816 2504 ignis

1026 2514 1190 2549 baptismum
1217 2520 1394 2550 suscepturos
1418 2516 1550 2548 minatur,
1575 2516 1629 2543 nisi
1656 2516 1690 2542 ab
1719 2515 1816 2542 haeresi

1027 2561 1179 2593 discedant,
1194 2569 1249 2596 quo
1264 2561 1326 2596 igne
1339 2562 1428 2589 omnis
1453 2561 1556 2589 malitia
1581 2562 1622 2589 sic
1636 2565 1764 2596 tanquam
1779 2561 1817 2587 fe-

1027 2614 1092 2634 num
1116 2607 1256 2634 exurenda
1271 2607 1318 2635 sit.
1334 2606 1464 2635 Oratione
1489 2614 1556 2634 vero
1574 2607 1697 2642 sequenti
1712 2606 1818 2634 dubitat

1027 2658 1118 2680 utrum
1137 2653 1309 2687 sempiternae
1321 2654 1511 2681 damnatorum
1526 2660 1614 2688 paena:
1640 2652 1737 2680 futurae
1749 2652 1816 2685 sint,

1028 2707 1061 2727 an
1091 2707 1156 2727 vero
1183 2707 1198 2726 a
1223 2699 1278 2727 Deo
1305 2708 1355 2735 pro
1378 2707 1426 2727 sua
1456 2699 1628 2727 humanitate
1648 2699 1815 2726 breviandae.

1027 2744 1261 2780 Narratprofecto
1287 2745 1395 2773 Simeon
1413 2745 1618 2780 Metaphrasles.
1643 2745 1670 2772 in
1704 2744 1763 2771 Vita
1783 2745 1815 2772 S.

1028 2791 1144 2826 Cyriaci,
1160 2798 1220 2825 cap.
1240 2791 1356 2823 l0,vcum
1373 2799 1387 2818 a
1409 2790 1510 2825 Cyrilio
1530 2790 1663 2818 monacho
1682 2794 1817 2825 quaereret

1027 2836 1169 2871 Cyriacus,
1197 2844 1321 2872 quantam
1354 2837 1492 2872 prmeipue
1523 2836 1651 2872 dogmata
1676 2841 1818 2865 tuerentur
