4170 6404
575 427 712 483 10³50

1836 410 1892 461 P.
1935 403 2250 460 DANlELiS
2282 402 2513 458 llUETll

3685 397 3821 450 1040

578 541 822 601 Nonnus,
847 534 1128 596 Leontius,
1159 531 1360 599 aliique
1386 527 1549 582 Novae
1577 527 1767 580 Laura:
1799 523 2140 592 Origeuistm,
2175 524 2217 577 Α
2249 520 2608 589 abstcrgeret,
2635 518 2829 572 librum
2879 515 3118 583 scripsit,
3180 513 3332 582 cujus
3379 520 3642 580 excerpta
3661 512 3823 566 liabet

577 631 926 702 respondisse
954 624 1211 696 Cyrillum
1253 623 1521 676 allirmare
1576 619 1694 671 illos
1729 635 1747 668 ‹
1797 616 2050 684 dogmata
2082 614 2146 667 de

579 721 1004 796 praeexsistentia
1063 728 1116 771 et
1163 716 1503 771 restitutione
1554 713 1605 766 in
1647 710 1892 764 eumdem
1947 710 2144 760 statam

577 830 698 870 esse
743 813 916 867 media
961 819 1015 864 et
1059 810 1128 864 ab
1172 808 1318 862 omni
1367 803 1608 875 pericqu
1656 802 1863 865 aliena;
1907 799 2149 852 dicentes

579 907 665 961 illa
695 905 776 959 eis
823 903 886 956 ad
933 902 1034 955 hoc
1069 901 1210 953 ferre
1256 897 1652 959 testimonium,
1699 909 1817 963 quae
1851 889 2046 945 alicubi
2095 891 2146 942 in

579 997 692 1053 suis
746 994 1094 1062 Apologeticis
1156 1004 1379 1060 magnus
1425 985 1715 1056 Gregorius
1789 983 1859 1037 ita
1919 981 2143 1050 reliquit

579 1087 781 1156 scripta
818 1101 831 1135 :
865 1082 994 1135 Mihi
1037 1082 1244 1134 videtur
1280 1094 1360 1131 res
1406 1093 1506 1130 non
1538 1075 1654 1129 vilis
1684 1088 1775 1126 nec
1815 1080 2146 1125 contemnen-

577 1179 669 1240 da,
697 1177 826 1230 dare
853 1177 905 1228 in
941 1183 1168 1240 tempore
1211 1169 1495 1237 unicuique
1522 1167 1816 1218 dimensum
1869 1161 2146 1224 orationis,

579 1281 629 1325 et
669 1271 970 1335 dispensare
995 1267 1049 1318 in
1073 1263 1278 1332 judicio
1306 1261 1574 1314 ceritatem
1609 1266 1903 1309 nostrorum
1931 1253 2152 1321 dogma-

577 1371 711 1422 tum,
749 1374 863 1427 qua:
897 1357 958 1409 de
985 1360 1198 1416 mundo,
1238 1361 1329 1404 aut
1357 1351 1421 1403 de
1452 1347 1663 1401 mundis
1690 1344 2148 1414 philosOphamur,

578 1456 644 1504 de
672 1449 913 1508 materia,
961 1447 1023 1497 de
1068 1445 1267 1505 anima,
1315 1441 1377 1494 de
1422 1437 1787 1506 intelligentia,
1842 1444 1886 1487 et
1946 1432 2150 1486 naturis

578 1540 1008 1608 intelligentibus,
1037 1547 1141 1587 tam
1168 1530 1645 1602 prwstantioribus,
1689 1542 1848 1597 quam
1879 1522 2152 1578 detzriori-

580 1633 712 1695 bus;
741 1630 803 1682 de
831 1625 1156 1695 providentia
1185 1638 1301 1693 qua:
1325 1623 1502 1676 omnia
1530 1619 1742 1687 colligat
1777 1633 1893 1686 qua:
1917 1615 2154 1668 ridentur

579 1725 780 1778 evenire
815 1722 1034 1783 ratione,
1063 1728 1108 1771 et
1143 1730 1463 1787 qumcunque
1488 1721 1678 1781 pra’ter
1719 1712 1972 1762 rationem
2020 1706 2154 1775 infe-

581 1816 772 1869 riorem
810 1794 854 1865 et
899 1813 1181 1863 humanam
1214 1824 1231 1860 :
1259 1817 1308 1860 et
1337 1821 1455 1876 qutc
1485 1813 1738 1872 praitrrea
1775 1806 1837 1853 de
1860 1800 2026 1869 prima
2057 1815 2152 1850 no-

581 1918 691 1962 stra
720 1905 1109 1962 constitutione,
1165 1900 1472 1968 ﬁgurisque,
1518 1907 1564 1948 et
1613 1896 1852 1954 veritate,
1889 1903 1936 1944 et
1995 1900 2152 1943 testa-

581 1998 789 2055 mentis,
828 2004 876 2045 et
927 1991 1120 2046 Christi
1170 1991 1338 2054 primo
1381 1987 1628 2051 adventu,
1684 1993 1732 2036 et
1789 1981 2058 2035 secundo:
2100 1981 2154 2034 in

581 2092 661 2144 his
705 2090 839 2142 enim
870 2097 914 2138 et
946 2085 1149 2151 assequi
1194 2091 1268 2134 est
1316 2096 1419 2133 non
1474 2076 1678 2139 inutile,
1714 2083 1763 2128 et
1810 2090 1910 2127 non
1951 2070 2158 2142 assequi

581 2192 729 2237 vacat
757 2177 1010 2248 periculo.
1044 2195 1062 2228 ›
1097 2175 1208 2230 Hoc
1234 2170 1554 2242 Origenistis
1598 2167 1909 2238 praesidium
1939 2166 2151 2234 eripere

584 2282 809 2330 conatur
859 2269 1109 2340 Aloysius
1164 2267 1522 2335 Lipomanus,
1570 2259 1900 2316 Veronensis
1951 2258 2158 2325 episco-

583 2383 717 2438 pus;
765 2365 856 2419 sed
899 2360 1165 2432 quidquid
1217 2368 1396 2412 tamen
1450 2353 1662 2418 alierat,
1709 2351 1926 2406 videtur
1958 2349 2011 2403 id
2055 2347 2156 2402 sibi

582 2459 815 2513 voluisse
837 2454 1128 2524 Gregorius
1159 2453 1256 2504 has
1283 2449 1610 2518 quaestiones
1658 2444 1896 2499 nondum
1927 2440 2059 2496 satis
2094 2440 2158 2494 Ii-

582 2550 801 2620 quidas,
851 2562 951 2601 nec
993 2560 1090 2616 per
1138 2542 1438 2597 Ecclesiam
1482 2537 1652 2594 fuisse
1691 2537 2155 2604 circumscriptas.

583 2639 722 2707 Quid
751 2639 851 2692 hoc
878 2645 960 2692 est
981 2644 1162 2688 autem
1191 2631 1337 2702 quod
1386 2629 1583 2684 ibidem
1619 2627 1843 2696 subjieit
1875 2625 2158 2696 Cyriacus,

582 2731 926 2784 existimasse
968 2724 1307 2794 Origenistas
1353 2722 1500 2788 illos,
1541 2739 1559 2773 ‹
1594 2719 1830 2790 quodin
1869 2717 2157 2787 pristinmn

582 2829 785 2879 statum
835 2818 1264 2882 resurrectione,
1333 2821 1589 2886 poterunt
1637 2823 1976 2882 quacunque
2034 2814 2160 2861 sunt

582 2913 792 2969 ratione
815 2910 1060 2981 pra'dita,
1087 2908 1151 2960 ad
1175 2907 1446 2961 daemones
1475 2919 1648 2974 usque
1676 2900 1932 2957 fabricari
1959 2913 2159 2962 mones,

581 3006 638 3063 id
668 3015 748 3061 est
782 3003 1018 3060 saecula?
1058 3019 1076 3054 ι
1130 2999 1263 3054 Nam
1312 3013 1515 3061 tenues,
1561 2997 1774 3065 aliaque
1833 2991 2162 3047 Valentinia-

583 3113 778 3154 norum
837 3093 1223 3168 τερατεύματα
1277 3091 1536 3162 Origenes
1587 3089 1720 3142 satis
1785 3085 2158 3164 aversabatur.

583 3183 878 3252 Gregorius
925 3183 1060 3235 alter
1117 3179 1506 3250 Origeuianam
1580 3175 1904 3229 sententiam
1958 3173 2160 3240 absque

584 3274 692 3328 ulla
745 3274 1082 3329 dubitatione
1143 3271 1485 3341 amplectitur
1552 3269 1604 3322 in
1672 3267 2039 3335 Disputatione
2096 3264 2160 3316 de

585 3367 764 3419 anima
793 3376 839 3419 et
876 3365 1280 3427 resurrectione,
1313 3379 1419 3433 qua
1454 3363 1666 3414 animas
1712 3367 1991 3427 exemptas
2038 3370 2160 3410 cor-

583 3459 830 3528 poribus,
891 3467 946 3510 et
977 3459 1248 3510 daemones
1283 3469 1532 3523 quoque,
1582 3452 1727 3508 omni
1757 3451 1881 3506 olim
1920 3448 2160 3515 deposita

586 3549 886 3602 vitiositate
927 3547 1200 3601 Christum
1233 3561 1355 3598 esse
1385 3544 1734 3598 cout‘essuros
1785 3541 2023 3596 declarat
2058 3557 2072 3592 :
2107 3548 2162 3594 et

587 3637 697 3692 alio
723 3636 1127 3695 Dissertatiouis
1149 3634 1385 3702 ejusdem
1421 3633 1535 3685 loco
1566 3631 1729 3684 Deum
1763 3630 1838 3683 ait
1871 3643 1974 3683 non
2006 3629 2164 3682 aliter

585 3745 708 3785 esse
739 3740 896 3797 posse
947 3727 1126 3781 oumia
1166 3727 1218 3779 in
1254 3726 1527 3787 omnibus,
1575 3724 1730 3794 juxta
1763 3720 1999 3790 Apostoli
2038 3735 2162 3774 sen-

589 3825 832 3883 tentiam,
867 3835 1026 3887 quam
1065 3818 1246 3872 evulsa
1300 3818 1543 3870 ftnidttus
1585 3825 1638 3870 et
1685 3818 1981 3882 exstirpata
2013 3812 2158 3867 omni

587 3913 851 3982 nequitia.
879 3911 996 3963 Alia
1031 3908 1225 3962 deinde
1254 3907 1522 3977 permulta
1558 3906 1686 3960 huic
1715 3903 2010 3958 astruendo
2040 3917 2163 3956 con-

586 4007 750 4076 gerit,
812 4019 933 4073 quas
985 4001 1220 4056 vitandae
1270 4015 1432 4054 causa
1499 3998 1828 4070 prolixitatis
1877 4006 2159 4066 praetereo.

585 4096 943 4152 Catecbeticze
973 4103 1230 4165 przeterea
1265 4093 1528 4147 orationis
1555 4093 1730 4160 capite
1759 4089 1813 4154 8,
1866 4099 1985 4158 post
2023 4089 2164 4142 banc

585 4190 753 4242 vitam
793 4186 975 4240 curari
1005 4202 1034 4239 a
1070 4185 1179 4240 Deo
1208 4201 1406 4254 pravos
1446 4185 1610 4237 animi
1647 4183 1870 4237 alfectus
1906 4180 2160 4243 allirmat,

585 4279 676 4348 qui
710 4279 762 4331 in
799 4280 900 4332 hac
923 4279 1033 4330 vita
1055 4278 1238 4332 sanari
1278 4292 1374 4345 per
1402 4277 1663 4330 virtutem
1690 4291 1796 4328 non
1825 4284 2158 4344 patuerunt;

589 4379 701 4423 tum
742 4384 860 4439 cap.
915 4370 1009 4434 26,
1057 4385 1161 4424 non
1214 4370 1465 4422 homines
1505 4369 1772 4422 duntaxat
1819 4380 2077 4432 nequam,
2109 4371 2164 4418 et

589 4461 805 4530 impios,
855 4461 950 4514 sed
1000 4459 1208 4530 peccati
1261 4461 1422 4513 etiam
1477 4467 1752 4512 auctorem
1801 4455 2076 4510 diabolum
2130 4468 2160 4506 a

2247 611 2471 666 Pbotius
2519 614 2639 666 cod.
2672 626 2930 665 ccxxxtu.
2980 607 3091 663 Iloc
3123 623 3287 676 opere
3334 605 3819 662 demonstrandum

2248 705 2350 758 sibi
2400 703 2648 773 proponit
2717 701 3045 766 Germanus,
3117 701 3185 753 ab
3231 716 3296 754 eo
3347 714 3533 752 errore
3587 697 3822 752 alienum

2250 794 2416 849 fuisse
2443 795 2802 862 Gregorium;
2844 794 2888 846 si
2923 809 3025 861 qua
3062 809 3191 847 vero
3223 794 3274 846 in
3312 793 3426 861 ejus
3453 791 3670 859 scriptis
3699 789 3825 843 illuc

2250 887 2501 940 videntur
2546 886 2841 954 pertinere,
2886 884 3058 937 fuisse
3101 884 3167 937 ab
3218 882 3542 951 Origeuistis
3595 882 3822 945 intexta,

2250 979 2334 1033 vel
2363 988 2509 1033 certe
2563 978 2879 1045 depravata.
2931 974 3167 1042 ldipsuru
3215 989 3272 1029 sc
3311 974 3583 1027 inaudisse
3637 983 3826 1026 narrat

2248 1068 2580 1138 Nic-ephorus
2608 1069 2699 1122 lib.
2733 1085 2810 1132 χι,
2844 1083 2965 1137 eap.
3001 1066 3089 1120 l9.
3136 1065 3212 1120 Ne
3264 1062 3583 1118 Ambrosinus
3607 1064 3823 1132 quidem

2251 1162 2319 1215 ab
2364 1159 2595 1231 Origene
2646 1160 2923 1223 dissonat,
2969 1174 3090 1212 cum
3139 1156 3403 1226 psalmum
3446 1171 3608 1211 cxrnt
3659 1170 3827 1223 expo-

2252 1268 2409 1318 nens,
2441 1269 2562 1308 reos
2608 1252 2890 1323 suppliciis
2942 1250 3135 1320 subjici
3171 1258 3380 1308 censet,
3426 1250 3548 1316 quia
3602 1249 3668 1302 iis
3721 1249 3825 1299 ali-

2251 1346 2468 1414 quando
2496 1343 2765 1398 eximendi
2793 1351 2954 1408 sunt;
2991 1341 3191 1396 diaboii
3227 1355 3355 1393 vero
3395 1354 3610 1409 ptenam
3645 1338 3831 1392 dill‘er-

2256 1437 2323 1502 ri,
2357 1446 2415 1489 ttt
2445 1450 2722 1505 nunquam
2756 1435 2997 1489 finiatur.
3025 1431 3141 1500 Qiio
3179 1433 3391 1488 accedit
3425 1431 3830 1485 Ambrosiastcr

2253 1527 2304 1580 in
2336 1525 2502 1594 Epist.
2547 1524 2616 1577 ad
2664 1522 2853 1592 Ephes.
2882 1537 3000 1592 cap.
3034 1536 3094 1585 Il,
3125 1519 3424 1574 Ecclesiam
3456 1519 3653 1573 docens
3675 1557 3688 1580 ,
3727 1517 3827 1570 etsi

2255 1627 2439 1674 sancta
2473 1616 2710 1682 dicatur,
2741 1615 3051 1682 hominibus
3087 1622 3266 1667 tamen
3296 1611 3509 1666 vitiosis
3555 1618 3828 1672 constare,

2255 1726 2360 1766 non
2387 1709 2640 1779 perituris
2672 1709 2911 1777 quidem,
2937 1708 3028 1760 sed
3056 1722 3153 1776 per
3185 1708 3363 1775 ignem
3405 1702 3700 1773 purgandis
3729 1716 3742 1753 :
3775 1709 3831 1754 et

2258 1800 2308 1853 in
2342 1815 2465 1869 cap.
2503 1815 2586 1866 ιιι,
2619 1800 3055 1868 praedicationem
3081 1797 3502 1852 ecclesiasticam
3527 1796 3602 1849 ait
3633 1797 3833 1848 (lacuno-

2258 1893 2416 1946 uibus
2459 1892 2744 1959 prolicere,
2803 1899 2860 1943 ut
2905 1892 3208 1944 detrectato
3259 1889 3457 1944 diaboli
3502 1888 3728 1957 imperio
3763 1888 3832 1940 ad

2259 1985 2424 2036 Deum
2475 1990 2884 2036 convertantur.
2941 1982 3109 2036 Caute
3161 1995 3378 2050 quoque
3427 1979 3829 2034 observandum

2257 2085 2341 2131 est
2374 2075 2784 2145 Hieronymum,
2838 2076 2925 2142 qui
2976 2084 3056 2128 tot
3105 2073 3434 2143 Origeniano
3468 2073 3669 2126 nomini
3699 2086 3828 2124 con-

2259 2166 2507 2220 tumelias
2537 2165 2746 2230 inllixit,
2782 2164 2832 2218 id
2863 2163 2973 2219 fere
3007 2165 3060 2218 in
3097 2166 3332 2233 Origene
3362 2177 3527 2230 super
3558 2162 3657 2215 bac
3684 2177 3830 2229 qua:-

2259 2259 2434 2313 stione
2464 2273 2710 2330 arguere,
2763 2257 2906 2327 quod
2951 2257 3220 2310 diabolum
3269 2255 3443 2324 ptenis
3489 2253 3832 2308 liberandum

2258 2362 2378 2402 esse
2409 2351 2724 2415 asserueril,
2773 2349 3022 2418 quamvis
3075 2349 3410 2402 contrarium
3457 2347 3696 2402 fateatur
3734 2347 3836 2400 ali-

2260 2441 2408 2505 cubi,
2441 2452 2499 2494 ut
2529 2442 2871 2507 notavimus;
2930 2442 2995 2495 de
3041 2440 3364 2494 liberatione
3393 2454 3522 2495 vero
3555 2439 3835 2493 hominum

2260 2532 2478 2588 siluisse
2507 2535 2705 2602 ipsum.
2737 2532 2928 2602 Itaque
2971 2531 3249 2584 abnormia
3301 2531 3513 2584 disserit
3563 2531 3836 2598 quzetlam,

2260 2633 2314 2680 et
2354 2639 2383 2677 a
2427 2623 2530 2678 ﬁde
2575 2623 2748 2679 aliena
2794 2624 2889 2678 lib.
2951 2639 2966 2677 ι
3016 2623 3220 2676 advers.
3273 2620 3575 2691 Pelagium,
3626 2635 3744 2688 cap.
3781 2621 3836 2683 9.

2260 2731 2447 2787 poenas
2478 2716 2699 2770 tradens
2729 2716 3089 2786 sempiternas
3119 2713 3384 2768 destinari
3414 2713 3631 2767 diabolo
3659 2723 3713 2765 et
3739 2712 3838 2765 bo-

2261 2809 2500 2862 minibus
2533 2809 2744 2875 impiis;
2778 2817 2832 2859 at
2869 2807 3073 2876 iniquis
3096 2816 3150 2860 et
3179 2816 3524 2874 peccatorum
3558 2806 3664 2858 reis
3696 2813 3839 2858 tem-

2261 2901 2475 2970 porales
2515 2899 2874 2954 solummodo.
2929 2899 3155 2968 Impium
3205 2909 3385 2953 autem
3431 2900 3496 2952 ab
3547 2897 3731 2965 iniquo
3763 2897 3839 2950 ita

2261 2991 2546 3061 distinguit
2583 3007 2598 3044 :
2636 3009 2654 3041 ε
2691 2989 2879 3046 Omnis
2938 2989 3136 3058 impius
3183 2989 3401 3058 iniquus
3456 2997 3614 3043 estet
3648 3002 3843 3056 pecca-

2263 3091 2348 3140 tor
2385 3100 2398 3136 :
2434 3099 2532 3137 nec
2579 3083 2950 3150 reciprocatur
2997 3091 3056 3136 ut
3095 3083 3372 3152 possimus
3402 3081 3607 3144 dicere,
3661 3081 3843 3134 omnis

2265 3184 2518 3244 peccator
2569 3186 2622 3227 et
2670 3173 2885 3240 iniquus
2942 3174 3107 3228 etiam
3159 3172 3359 3242 impius
3393 3183 3475 3226 est
3523 3188 3536 3222 :
3591 3171 3844 3238 impietas

2262 3268 2404 3322 enim
2439 3266 2658 3336 proprie
2687 3267 2752 3319 ad
2777 3280 2873 3319 eos
2900 3265 3154 3337 pertinet,
3191 3264 3282 3334 qui
3313 3263 3556 3317 notitiam
3600 3261 3694 3315 Dei
3729 3276 3837 3313 non

2263 3359 2485 3423 habent,
2517 3357 2595 3410 vel
2623 3356 2985 3427 cognitionem
3027 3355 3463 3423 transgressione
3517 3362 3840 3413 mutarunt;

2263 3459 2543 3520 peccatmn
2574 3456 2751 3501 autem
2787 3455 2840 3501 et
2876 3445 3131 3514 iniquitas
3158 3458 3254 3514 pro
3285 3444 3548 3511 qualitate
3581 3443 3839 3496 vitiorum

2263 3549 2384 3610 post
2422 3539 2626 3609 peccati
2671 3549 2728 3593 et
2778 3537 3085 3606 iniquitatis
3136 3537 3356 3589 vulnera
3391 3534 3580 3602 recipit
3633 3533 3841 3586 sanita-

2266 3645 2394 3687 tem.
2435 3652 2454 3686 ι
2490 3633 2838 3688 Postmodum
2889 3630 3212 3685 sententiam
3263 3643 3418 3682 suam
3472 3641 3594 3680 cum
3644 3623 3842 3692 Orige-

2263 3728 2421 3780 niana
2465 3727 2536 3778 ita
2584 3723 2861 3792 componit
2893 3740 2908 3776 :
2950 3740 2968 3771 ι
3008 3722 3063 3775 Si
3098 3720 3359 3787 Origenes
3385 3733 3573 3769 omnes
3609 3715 3844 3769 rationa-

2263 3818 2399 3872 biles
2433 3825 2717 3869 creaturas
2749 3812 2882 3866 dicit
2910 3827 3014 3865 non
3041 3824 3163 3864 esse
3192 3809 3518 3878 perdendus,
3552 3813 3607 3857 et
3638 3801 3848 3856 diaboli

2268 3909 2452 3963 tribuit
2483 3904 2880 3976 ptenitentiam,
2915 3902 3042 3971 quid
3076 3901 3141 3955 ad
3180 3915 3298 3964 nos,
3337 3899 3426 3969 qui
3476 3908 3532 3951 et
3560 3893 3840 3951 diabolum

2265 4011 2317 4056 et
2355 4001 2613 4054 satellites
2649 3999 2788 4066 ejus,
2821 4009 3117 4062 omnesque
3146 3993 3340 4062 impios
3370 4000 3424 4043 et
3456 3987 3848 4058 prmvaricatoq

2265 4111 2352 4148 res
2383 4093 2616 4146 dicimus
2644 4091 2827 4158 perire
2877 4096 3136 4156 perpetuo
3168 4099 3183 4136 :
3229 4094 3283 4135 ct
3311 4081 3668 4142 Christianos,
3702 4077 3746 4129 si
3786 4076 3841 4130 in

2265 4182 2502 4250 peccatis
2532 4177 2784 4247 prmvettti
2813 4174 3035 4238 fuerint,
3084 4170 3370 4227 salvandos
3415 4183 3535 4222 esse
3571 4177 3691 4237 post
3720 4181 3839 4243 prp-

2268 4271 2407 4326 nas?
2459 4290 2477 4322 »
2513 4269 2668 4324 Clara
2721 4277 2846 4322 sunt
2886 4275 2942 4319 et
2988 4263 3076 4317 illa
3119 4263 3173 4315 iu
3226 4262 3422 4330 quibus
3480 4261 3638 4311 linem
3687 4256 3845 4324 ponit.

2265 4362 2664 4418 Commentariis
2713 4359 2824 4413 suis
2871 4358 2928 4411 in
2977 4355 3218 4417 Isaiam,
3284 4353 3471 4405 dicens
3527 4349 3843 4416 neutiquam

2265 4454 2619 4524 evulgandum
2666 4465 2786 4506 esse
2834 4449 2966 4502 illud
3016 4449 3236 4515 dogma,
3277 4443 3418 4513 quod
3465 4441 3844 4492 damnatorum

587 4548 723 4605 Filio
750 4549 842 4603 Dei
870 4525 1132 4604 bene—licio
1165 4546 1416 4604 allectum
1448 4547 1626 4611 docet,
1675 4560 1832 4614 quem
1861 4545 1934 4597 ita
1966 4559 2161 4613 expur-
2191 4564 2240 4622 ι)
2277 4546 2528 4601 terminat
2551 4557 2759 4613 pmnas,
2800 4554 2891 4605 ne,
2934 4547 3080 4592 metu
3122 4532 3364 4602 supplicii
3406 4529 3593 4584 aeterni
3639 4525 3841 4588 ablato,

588 4641 702 4710 gari
724 4640 821 4705 ait,
848 4641 1306 4710 quemadmodum
1331 4655 1520 4693 aurum
1551 4638 1793 4692 adhibito
1819 4638 1940 4706 igne
1963 4652 2163 4706 expur-

589 4742 767 4801 gatur,
811 4742 1021 4788 secreta
1065 4741 1122 4787 et
1173 4742 1396 4786 excocta
1449 4730 1701 4798 sequiore
1733 4729 1999 4794 materia;
2047 4739 2164 4782 tan-

587 4824 822 4893 demque
869 4825 1158 4893 aliquando
1205 4839 1301 4892 per
1349 4826 1535 4891 longos
1577 4832 1873 4891 temporum
1931 4821 2163 4876 ambitus

591 4928 911 4985 consumpto
957 4919 1100 4987 quod
1145 4927 1352 4971 natura:
1386 4917 1523 4970 inest
1556 4915 1700 4968 omni
1739 4915 1901 4980 nialo,
1939 4916 2162 4966 damna-

591 5018 676 5069 tos
706 5011 759 5064 in
793 5011 1061 5079 integrum
1105 5011 1170 5063 iri
1221 5012 1556 5071 restitutmn,
1608 5018 1667 5061 ut
1695 5023 1802 5061 uno
1835 5021 1928 5060 ore
1962 5007 2166 5071 gratias

592 5112 792 5156 creata:
825 5118 911 5156 res
934 5103 1202 5157 universa:
1233 5102 1340 5155 Deo
1376 5100 1688 5155 reluntlant.
1737 5097 1942 5151 Aurum
1983 5099 2166 5151 itidem

591 5192 646 5246 in
684 5194 987 5262 exemplum
1037 5193 1253 5247 asciscit
1296 5207 1418 5260 cap.
1448 5191 1516 5245 55
1550 5190 1677 5244 libri
1713 5191 1982 5260 ejusdem,
2011 5200 2065 5242 et
2101 5202 2169 5242 ne

593 5285 786 5340 futura;
826 5286 1042 5356 quidem
1083 5299 1178 5354 spe
1207 5284 1396 5339 salutis
1441 5298 1537 5338 eos
1569 5282 1899 5347 intercludit,
1951 5283 2041 5351 qui
2071 5297 2168 5336 ne-

593 5390 699 5443 que
724 5377 998 5445 baptismi,
1023 5390 1202 5445 neque
1250 5375 1610 5442 poenitentiae,
1662 5389 1838 5444 neque
1867 5374 1971 5426 ulla
2017 5373 2169 5426 deui-

595 5470 1048 5539 quepurgatioue
1084 5469 1204 5523 vita:
1245 5483 1414 5522 noxas
1439 5467 1709 5521 elueruut.
1755 5466 1954 5520 Verum
2000 5465 2170 5519 inter-

598 5560 738 5612 cedit
792 5559 1093 5615 Germanus
1147 5561 1454 5629 patriarcha
1510 5557 2167 5626 Cettstautinopolitanus,

596 5651 689 5718 qui
718 5662 775 5705 ut
824 5653 983 5720 lmjus
1031 5653 1298 5723 opinionis
1341 5651 1511 5707 labem
1550 5666 1578 5706 a
1609 5650 1872 5721 Gregorio
1925 5649 2169 5718 Nysseno

671 5833 717 5866 ⁵⁸
756 5833 898 5888 Psal.
926 5848 1024 5890 ιιι.
1057 5835 1105 5886 ι.

2269 4637 2441 4708 tnagis
2468 4650 2586 4689 sese
2622 4631 2836 4687 licentia
2871 4635 3206 4699 prorumpat.
3234 4624 3456 4676 Demum
3485 4621 3564 4673 sic
3598 4614 3791 4672 desinit
3820 4628 3836 4664 :

2274 4749 2293 4781 ι
2343 4731 2409 4783 ΕΙ.
2463 4727 2606 4782 sicut
2649 4723 2870 4786 diaboli,
2913 4731 2972 4775 et.
3019 4719 3261 4774 outuium
3311 4723 3628 4782 negaturum
3675 4718 3841 4773 atque

2271 4821 2576 4889 impiorum,
2635 4816 2724 4886 qui
2770 4814 3026 4868 dixerunt
3073 4810 3122 4862 iu
3169 4807 3334 4861 corde
3375 4819 3476 4857 suo
3519 4817 3532 4851 :
3581 4797 3700 4851 Non
3765 4802 3842 4846 est

2269 4913 2502 4978 Deus",
2539 4912 2810 4965 credimus
2855 4914 3056 4960 interna
3107 4908 3413 4960 tormenta;
3461 4893 3541 4946 sic
3591 4899 3838 4958 peccato-

2272 5019 2388 5058 rum
2436 5013 2598 5071 atque
2647 4999 2976 5067 impiorum,
3037 5001 3091 5044 et
3150 4998 3326 5043 tamen
3376 4981 3847 5037 Christianorum,

2271 5110 2497 5163 quorum
2547 5105 2711 5157 opera
2751 5090 2800 5140 in
2853 5087 2975 5152 igne
3021 5077 3297 5150 probanda
3345 5082 3472 5128 sunt
3513 5079 3672 5136 atque
3720 5079 3847 5131 pur-

2269 5183 2829 5255 gandavmoderatatn
2857 5174 3188 5228 arbitramur
3219 5176 3273 5222 et
3305 5165 3517 5218 mistam
3546 5152 3847 5211 clementia!

2273 5270 2842 5338 sentcntian‘tjttdicis.
2882 5285 2901 5318 ι
2938 5264 3059 5318 Ιὶωε
3093 5277 3214 5316 cum
3259 5248 3666 5312 Conmentariis
3707 5257 3846 5310 quo-

2268 5383 2373 5438 que
2399 5366 2511 5419 suis
2549 5365 2602 5416 in
2630 5360 2926 5430 Epistolam
2956 5358 3024 5410 ad
3077 5352 3328 5422 Ephesios
3373 5341 3714 5414 aspersissct,
3743 5348 3846 5437 ’τε-

2267 5427 2570 5531 prehensus
2603 5464 2685 5509 est
2731 5470 2760 5508 a
2808 5451 3005 5504 Ruﬁno
3037 5448 3232 5501 Invcct.
3285 5457 3298 5492 ι
3329 5448 3384 5491 et
3411 5451 3485 5502 tt,
3527 5427 3849 5531 hujus‘licet

2272 5520 2730 5622 reprehensiones
2769 5545 3015 5599 devitarc
3056 5544 3282 5590 conetur
3318 5529 3678 5596 Hieronymus
3703 5520 3798 5572 lib.
3828 5532 3847 5572 ζ

2273 5612 2495 5713 Apolog.
2522 5639 2731 5694 advers.
2768 5633 2972 5700 Ruﬁu.,
3007 5643 3125 5697 cap.
3161 5627 3225 5694 6.
3250 5622 3416 5677 Libro
3447 5631 3576 5672 vero
3605 5612 3849 5680 ejusdem
