  <div class='ocr_page' id='page_1' title='image "/cluster/home/n/w/nwhite01/storage/ocr_20150623/17:no.7/coo.31924054872977/532.png"; bbox 0 0 2085 3204; ppageno 0'>
   <div class='ocr_carea' id='block_1_1' title="bbox 182 192 248 220">
    <p class='ocr_par' dir='ltr' id='par_1_1' title="bbox 182 192 248 220">
     <span class='ocr_line' id='line_1_1' title="bbox 182 192 248 220; baseline 0 -1"><span class='ocrx_word' id='word_1_1' title='bbox 182 192 248 220; x_wconf 74' lang='grc'><strong>1041</strong></span> 
     </span>
    </p>
   </div>
   <div class='ocr_carea' id='block_1_2' title="bbox 591 186 1376 220">
    <p class='ocr_par' dir='ltr' id='par_1_2' title="bbox 591 186 1376 220">
     <span class='ocr_line' id='line_1_2' title="bbox 591 186 1376 220; baseline -0.008 -1"><span class='ocrx_word' id='word_1_2' title='bbox 591 189 878 219; x_wconf 74' lang='lat' dir='ltr'><strong>ORIGENIANOHL&#39;M</strong></span> <span class='ocrx_word' id='word_1_3' title='bbox 897 188 961 215; x_wconf 86' lang='lat' dir='ltr'><strong>LIB.</strong></span> <span class='ocrx_word' id='word_1_4' title='bbox 982 186 1013 220; x_wconf 89' lang='lat' dir='ltr'><strong>li,</strong></span> <span class='ocrx_word' id='word_1_5' title='bbox 1032 187 1107 215; x_wconf 61' lang='lat' dir='ltr'><strong>CAP.</strong></span> <span class='ocrx_word' id='word_1_6' title='bbox 1126 187 1157 219; x_wconf 88' lang='lat' dir='ltr'><strong>II,</strong></span> <span class='ocrx_word' id='word_1_7' title='bbox 1175 186 1311 220; x_wconf 55' lang='lat' dir='ltr'><strong>QUIEST.</strong></span> <span class='ocrx_word' id='word_1_8' title='bbox 1332 186 1376 213; x_wconf 72' lang='lat' dir='ltr'><strong>XI.</strong></span> 
     </span>
    </p>
   </div>
   <div class='ocr_carea' id='block_1_3' title="bbox 1736 185 1805 213">
    <p class='ocr_par' dir='ltr' id='par_1_3' title="bbox 1736 185 1805 213">
     <span class='ocr_line' id='line_1_3' title="bbox 1736 185 1805 213; baseline -0.014 0"><span class='ocrx_word' id='word_1_9' title='bbox 1736 185 1805 213; x_wconf 74' lang='lat' dir='ltr'><strong>i0l9.</strong></span> 
     </span>
    </p>
   </div>
   <div class='ocr_carea' id='block_1_4' title="bbox 183 242 1806 283">
    <p class='ocr_par' dir='ltr' id='par_1_4' title="bbox 183 242 1806 283">
     <span class='ocr_line' id='line_1_4' title="bbox 183 242 1806 283; baseline -0.002 -9"><span class='ocrx_word' id='word_1_10' title='bbox 183 247 321 283; x_wconf 75' lang='lat' dir='ltr'><strong>Apologiw</strong></span> <span class='ocrx_word' id='word_1_11' title='bbox 333 246 461 280; x_wconf 78' lang='lat' dir='ltr'><strong>secundo,</strong></span> <span class='ocrx_word' id='word_1_12' title='bbox 475 254 535 281; x_wconf 87' lang='lat' dir='ltr'><strong>cap.</strong></span> <span class='ocrx_word' id='word_1_13' title='bbox 550 247 575 277; x_wconf 82' lang='lat' dir='ltr'><strong>I.</strong></span> <span class='ocrx_word' id='word_1_14' title='bbox 589 247 645 274; x_wconf 59' lang='lat' dir='ltr'><strong>hate</strong></span> <span class='ocrx_word' id='word_1_15' title='bbox 660 246 758 273; x_wconf 89' lang='lat' dir='ltr'><strong>habet:</strong></span> <span class='ocrx_word' id='word_1_16' title='bbox 771 256 780 271; x_wconf 84' lang='grc' dir='ltr'><strong>ι</strong></span> <span class='ocrx_word' id='word_1_17' title='bbox 793 246 868 279; x_wconf 84' lang='lat' dir='ltr'><strong>Quod</strong></span> <span class='ocrx_word' id='word_1_18' title='bbox 881 249 968 271; x_wconf 88' lang='lat' dir='ltr'><strong>autem</strong></span> <span class='ocrx_word' id='word_1_19' title='bbox 986 247 1007 273; x_wconf 76' lang='grc' dir='ltr'>Α</span> <span class='ocrx_word' id='word_1_20' title='bbox 1022 244 1120 270; x_wconf 83' lang='lat' dir='ltr'><strong>colahit</strong></span> <span class='ocrx_word' id='word_1_21' title='bbox 1135 251 1181 270; x_wconf 86' lang='lat' dir='ltr'><strong>eos</strong></span> <span class='ocrx_word' id='word_1_22' title='bbox 1204 243 1280 277; x_wconf 88' lang='lat' dir='ltr'><strong>quasi</strong></span> <span class='ocrx_word' id='word_1_23' title='bbox 1296 250 1403 275; x_wconf 81' lang='lat' dir='ltr'><strong>aurum,</strong></span> <span class='ocrx_word' id='word_1_24' title='bbox 1419 247 1445 268; x_wconf 77' lang='lat' dir='ltr'><strong>ct</strong></span> <span class='ocrx_word' id='word_1_25' title='bbox 1465 242 1540 276; x_wconf 85' lang='lat' dir='ltr'><strong>quasi</strong></span> <span class='ocrx_word' id='word_1_26' title='bbox 1571 247 1728 277; x_wconf 76' lang='lat' dir='ltr'><strong>argentum;</strong></span> <span class='ocrx_word' id='word_1_27' title='bbox 1752 252 1761 268; x_wconf 82' lang='grc' dir='ltr'><strong>ι</strong></span> <span class='ocrx_word' id='word_1_28' title='bbox 1778 249 1806 270; x_wconf 89' lang='lat' dir='ltr'><strong>et</strong></span> 
     </span>
    </p>
   </div>
   <div class='ocr_carea' id='block_1_5' title="bbox 183 292 969 328">
    <p class='ocr_par' dir='ltr' id='par_1_5' title="bbox 183 292 969 328">
     <span class='ocr_line' id='line_1_5' title="bbox 183 292 969 328; baseline -0.006 -6"><span class='ocrx_word' id='word_1_29' title='bbox 183 294 345 328; x_wconf 79' lang='lat' dir='ltr'><strong>imprecaris</strong></span> <span class='ocrx_word' id='word_1_30' title='bbox 369 294 510 324; x_wconf 87' lang='lat' dir='ltr'><strong>fratribus,</strong></span> <span class='ocrx_word' id='word_1_31' title='bbox 528 293 578 320; x_wconf 90' lang='lat' dir='ltr'><strong>hoc</strong></span> <span class='ocrx_word' id='word_1_32' title='bbox 600 298 642 320; x_wconf 90' lang='lat' dir='ltr'><strong>est</strong></span> <span class='ocrx_word' id='word_1_33' title='bbox 666 292 886 319; x_wconf 76' lang='lat' dir='ltr'><strong>criminatoribus</strong></span> <span class='ocrx_word' id='word_1_34' title='bbox 907 292 969 323; x_wconf 82' lang='lat' dir='ltr'><strong>tuis,</strong></span> 
     </span>
    </p>
   </div>
   <div class='ocr_carea' id='block_1_6' title="bbox 183 336 970 375">
    <p class='ocr_par' dir='ltr' id='par_1_6' title="bbox 183 336 970 375">
     <span class='ocr_line' id='line_1_6' title="bbox 183 336 970 375; baseline -0.005 -8"><span class='ocrx_word' id='word_1_35' title='bbox 183 345 299 367; x_wconf 66' lang='lat' dir='ltr'><strong>aeternos</strong></span> <span class='ocrx_word' id='word_1_36' title='bbox 318 340 392 375; x_wconf 82' lang='lat' dir='ltr'><strong>ignes</strong></span> <span class='ocrx_word' id='word_1_37' title='bbox 413 347 475 366; x_wconf 92' lang='lat' dir='ltr'><strong>cum</strong></span> <span class='ocrx_word' id='word_1_38' title='bbox 499 338 617 370; x_wconf 92' lang='lat' dir='ltr'><strong>diabolo,</strong></span> <span class='ocrx_word' id='word_1_39' title='bbox 645 346 696 364; x_wconf 93' lang='lat' dir='ltr'><strong>non</strong></span> <span class='ocrx_word' id='word_1_40' title='bbox 714 342 768 364; x_wconf 87' lang='lat' dir='ltr'><strong>tam</strong></span> <span class='ocrx_word' id='word_1_41' title='bbox 787 337 884 364; x_wconf 76' lang='lat' dir='ltr'><strong>fratres</strong></span> <span class='ocrx_word' id='word_1_42' title='bbox 905 336 970 363; x_wconf 89' lang='lat' dir='ltr'><strong>Inihi</strong></span> 
     </span>
    </p>
   </div>
   <div class='ocr_carea' id='block_1_7' title="bbox 185 383 970 419">
    <p class='ocr_par' dir='ltr' id='par_1_7' title="bbox 185 383 970 419">
     <span class='ocr_line' id='line_1_7' title="bbox 185 383 970 419; baseline -0.004 -8"><span class='ocrx_word' id='word_1_43' title='bbox 185 385 286 412; x_wconf 90' lang='lat' dir='ltr'><strong>videris</strong></span> <span class='ocrx_word' id='word_1_44' title='bbox 312 391 446 419; x_wconf 77' lang='lat' dir='ltr'><strong>premere;</strong></span> <span class='ocrx_word' id='word_1_45' title='bbox 470 391 551 418; x_wconf 92' lang='lat' dir='ltr'><strong>quam</strong></span> <span class='ocrx_word' id='word_1_46' title='bbox 577 383 713 410; x_wconf 88' lang='lat' dir='ltr'><strong>diaboluut</strong></span> <span class='ocrx_word' id='word_1_47' title='bbox 736 383 889 414; x_wconf 82' lang='lat' dir='ltr'><strong>sublevare,</strong></span> <span class='ocrx_word' id='word_1_48' title='bbox 910 389 970 409; x_wconf 91' lang='lat' dir='ltr'><strong>cum</strong></span> 
     </span>
    </p>
   </div>
   <div class='ocr_carea' id='block_1_8' title="bbox 185 429 972 465">
    <p class='ocr_par' dir='ltr' id='par_1_8' title="bbox 185 429 972 465">
     <span class='ocr_line' id='line_1_8' title="bbox 185 429 972 465; baseline -0.004 -7"><span class='ocrx_word' id='word_1_49' title='bbox 185 431 290 460; x_wconf 87' lang='lat' dir='ltr'><strong>iisdem.</strong></span> <span class='ocrx_word' id='word_1_50' title='bbox 309 430 405 465; x_wconf 86' lang='lat' dir='ltr'><strong>quibus</strong></span> <span class='ocrx_word' id='word_1_51' title='bbox 419 429 543 456; x_wconf 88' lang='lat' dir='ltr'><strong>homines</strong></span> <span class='ocrx_word' id='word_1_52' title='bbox 556 429 718 462; x_wconf 78' lang='lat' dir='ltr'><strong>Christiani,</strong></span> <span class='ocrx_word' id='word_1_53' title='bbox 734 430 843 465; x_wconf 80' lang='lat' dir='ltr'><strong>ignibus</strong></span> <span class='ocrx_word' id='word_1_54' title='bbox 858 429 972 464; x_wconf 83' lang='lat' dir='ltr'><strong>punien-</strong></span> 
     </span>
    </p>
   </div>
   <div class='ocr_carea' id='block_1_9' title="bbox 185 474 973 510">
    <p class='ocr_par' dir='ltr' id='par_1_9' title="bbox 185 474 973 510">
     <span class='ocr_line' id='line_1_9' title="bbox 185 474 973 510; baseline -0.003 -7"><span class='ocrx_word' id='word_1_55' title='bbox 185 476 235 503; x_wconf 87' lang='lat' dir='ltr'><strong>dus</strong></span> <span class='ocrx_word' id='word_1_56' title='bbox 263 477 313 509; x_wconf 87' lang='lat' dir='ltr'><strong>sit;</strong></span> <span class='ocrx_word' id='word_1_57' title='bbox 333 485 342 501; x_wconf 84' lang='grc' dir='ltr'><strong>ι</strong></span> <span class='ocrx_word' id='word_1_58' title='bbox 359 475 436 510; x_wconf 90' lang='lat' dir='ltr'><strong>quasi</strong></span> <span class='ocrx_word' id='word_1_59' title='bbox 462 474 515 502; x_wconf 89' lang='lat' dir='ltr'><strong>alio</strong></span> <span class='ocrx_word' id='word_1_60' title='bbox 540 475 609 509; x_wconf 78' lang='lat' dir='ltr'><strong>ignis</strong></span> <span class='ocrx_word' id='word_1_61' title='bbox 634 483 735 510; x_wconf 78' lang='lat' dir='ltr'><strong>genere</strong></span> <span class='ocrx_word' id='word_1_62' title='bbox 762 475 885 503; x_wconf 81' lang='lat' dir='ltr'><strong>diabolus</strong></span> <span class='ocrx_word' id='word_1_63' title='bbox 908 483 973 502; x_wconf 92' lang='lat' dir='ltr'><strong>cru-</strong></span> 
     </span>
    </p>
   </div>
   <div class='ocr_carea' id='block_1_10' title="bbox 189 521 970 555">
    <p class='ocr_par' dir='ltr' id='par_1_10' title="bbox 189 521 970 555">
     <span class='ocr_line' id='line_1_10' title="bbox 189 521 970 555; baseline -0.003 -6"><span class='ocrx_word' id='word_1_64' title='bbox 189 523 301 549; x_wconf 86' lang='lat' dir='ltr'><strong>ciandus</strong></span> <span class='ocrx_word' id='word_1_65' title='bbox 319 523 366 555; x_wconf 85' lang='lat' dir='ltr'><strong>sit,</strong></span> <span class='ocrx_word' id='word_1_66' title='bbox 385 522 439 549; x_wconf 88' lang='lat' dir='ltr'><strong>alio</strong></span> <span class='ocrx_word' id='word_1_67' title='bbox 463 521 587 548; x_wconf 82' lang='lat' dir='ltr'><strong>homines</strong></span> <span class='ocrx_word' id='word_1_68' title='bbox 613 521 771 549; x_wconf 84' lang='lat' dir='ltr'><strong>Christiani.</strong></span> <span class='ocrx_word' id='word_1_69' title='bbox 796 521 889 555; x_wconf 79' lang='lat' dir='ltr'><strong>Itaque</strong></span> <span class='ocrx_word' id='word_1_70' title='bbox 908 521 970 547; x_wconf 88' lang='lat' dir='ltr'><strong>Sta-</strong></span> 
     </span>
    </p>
   </div>
   <div class='ocr_carea' id='block_1_11' title="bbox 187 566 970 602">
    <p class='ocr_par' dir='ltr' id='par_1_11' title="bbox 187 566 970 602">
     <span class='ocr_line' id='line_1_11' title="bbox 187 566 970 602; baseline -0.004 -7"><span class='ocrx_word' id='word_1_71' title='bbox 187 568 289 596; x_wconf 87' lang='lat' dir='ltr'><strong>nislaus</strong></span> <span class='ocrx_word' id='word_1_72' title='bbox 303 568 459 595; x_wconf 87' lang='lat' dir='ltr'><strong>Pannonius</strong></span> <span class='ocrx_word' id='word_1_73' title='bbox 474 567 655 602; x_wconf 84' lang='lat' dir='ltr'><strong>Anabaplista</strong></span> <span class='ocrx_word' id='word_1_74' title='bbox 671 568 742 594; x_wconf 90' lang='lat' dir='ltr'><strong>hunc</strong></span> <span class='ocrx_word' id='word_1_75' title='bbox 765 566 890 602; x_wconf 80' lang='lat' dir='ltr'><strong>Origenis</strong></span> <span class='ocrx_word' id='word_1_76' title='bbox 905 574 970 600; x_wconf 88' lang='lat' dir='ltr'><strong>pro-</strong></span> 
     </span>
    </p>
   </div>
   <div class='ocr_carea' id='block_1_12' title="bbox 186 612 970 649">
    <p class='ocr_par' dir='ltr' id='par_1_12' title="bbox 186 612 970 649">
     <span class='ocr_line' id='line_1_12' title="bbox 186 612 970 649; baseline -0.004 -8"><span class='ocrx_word' id='word_1_77' title='bbox 186 621 310 649; x_wconf 79' lang='lat' dir='ltr'><strong>pugnans</strong></span> <span class='ocrx_word' id='word_1_78' title='bbox 325 620 457 647; x_wconf 88' lang='lat' dir='ltr'><strong>errorem,</strong></span> <span class='ocrx_word' id='word_1_79' title='bbox 473 613 499 640; x_wconf 93' lang='lat' dir='ltr'><strong>in</strong></span> <span class='ocrx_word' id='word_1_80' title='bbox 515 613 585 640; x_wconf 90' lang='lat' dir='ltr'><strong>libro</strong></span> <span class='ocrx_word' id='word_1_81' title='bbox 598 612 635 640; x_wconf 82' lang='lat' dir='ltr'><strong>De</strong></span> <span class='ocrx_word' id='word_1_82' title='bbox 654 613 743 640; x_wconf 81' lang='lat' dir='ltr'><strong>divina</strong></span> <span class='ocrx_word' id='word_1_83' title='bbox 764 613 970 647; x_wconf 83' lang='lat' dir='ltr'><strong>plu‘lantltrapia,</strong></span> 
     </span>
    </p>
   </div>
   <div class='ocr_carea' id='block_1_13' title="bbox 187 659 972 694">
    <p class='ocr_par' dir='ltr' id='par_1_13' title="bbox 187 659 972 694">
     <span class='ocr_line' id='line_1_13' title="bbox 187 659 972 694; baseline -0.003 -8"><span class='ocrx_word' id='word_1_84' title='bbox 187 659 341 694; x_wconf 83' lang='lat' dir='ltr'><strong>llieronymi</strong></span> <span class='ocrx_word' id='word_1_85' title='bbox 359 659 546 693; x_wconf 72' lang='lat' dir='ltr'><strong>auctoritatem</strong></span> <span class='ocrx_word' id='word_1_86' title='bbox 570 666 622 685; x_wconf 92' lang='lat' dir='ltr'><strong>non</strong></span> <span class='ocrx_word' id='word_1_87' title='bbox 649 659 709 685; x_wconf 87' lang='lat' dir='ltr'><strong>sine</strong></span> <span class='ocrx_word' id='word_1_88' title='bbox 731 659 972 691; x_wconf 87' lang='lat' dir='ltr'><strong>rationeusurpat,</strong></span> 
     </span>
    </p>
   </div>
   <div class='ocr_carea' id='block_1_14' title="bbox 186 702 971 738">
    <p class='ocr_par' dir='ltr' id='par_1_14' title="bbox 186 702 971 738">
     <span class='ocr_line' id='line_1_14' title="bbox 186 702 971 738; baseline -0.001 -8"><span class='ocrx_word' id='word_1_89' title='bbox 186 704 375 738; x_wconf 89' lang='lat' dir='ltr'><strong>immeritoqne</strong></span> <span class='ocrx_word' id='word_1_90' title='bbox 392 711 407 729; x_wconf 88' lang='lat' dir='ltr'><strong>a</strong></span> <span class='ocrx_word' id='word_1_91' title='bbox 424 702 500 729; x_wconf 77' lang='lat' dir='ltr'><strong>Sixto</strong></span> <span class='ocrx_word' id='word_1_92' title='bbox 517 702 629 729; x_wconf 84' lang='lat' dir='ltr'><strong>Senensi</strong></span> <span class='ocrx_word' id='word_1_93' title='bbox 642 702 689 730; x_wconf 89' lang='lat' dir='ltr'><strong>lib.</strong></span> <span class='ocrx_word' id='word_1_94' title='bbox 703 711 727 730; x_wconf 84' lang='lat' dir='ltr'><strong>vt</strong></span> <span class='ocrx_word' id='word_1_95' title='bbox 739 702 821 735; x_wconf 83' lang='lat' dir='ltr'><strong>Bibl.,</strong></span> <span class='ocrx_word' id='word_1_96' title='bbox 834 703 895 729; x_wconf 87' lang='lat' dir='ltr'><strong>adn.</strong></span> <span class='ocrx_word' id='word_1_97' title='bbox 907 703 971 736; x_wconf 69' lang='lat'><strong>290,</strong></span> 
     </span>
    </p>
   </div>
   <div class='ocr_carea' id='block_1_15' title="bbox 185 748 973 783">
    <p class='ocr_par' dir='ltr' id='par_1_15' title="bbox 185 748 973 783">
     <span class='ocr_line' id='line_1_15' title="bbox 185 748 973 783; baseline -0.003 -5"><span class='ocrx_word' id='word_1_98' title='bbox 185 751 220 778; x_wconf 87' lang='lat' dir='ltr'><strong>ob</strong></span> <span class='ocrx_word' id='word_1_99' title='bbox 237 758 296 778; x_wconf 83' lang='lat' dir='ltr'><strong>eain</strong></span> <span class='ocrx_word' id='word_1_100' title='bbox 309 758 366 777; x_wconf 82' lang='lat' dir='ltr'><strong>rem</strong></span> <span class='ocrx_word' id='word_1_101' title='bbox 385 749 591 783; x_wconf 85' lang='lat' dir='ltr'><strong>reprehenditur</strong></span> <span class='ocrx_word' id='word_1_102' title='bbox 606 755 614 775; x_wconf 86' lang='lat'>:</span> <span class='ocrx_word' id='word_1_103' title='bbox 633 756 694 775; x_wconf 83' lang='lat' dir='ltr'><strong>nam</strong></span> <span class='ocrx_word' id='word_1_104' title='bbox 709 748 835 782; x_wconf 83' lang='lat' dir='ltr'><strong>quamvis</strong></span> <span class='ocrx_word' id='word_1_105' title='bbox 860 748 973 776; x_wconf 71' lang='lat' dir='ltr'><strong>nefaria:</strong></span> 
     </span>
    </p>
   </div>
   <div class='ocr_carea' id='block_1_16' title="bbox 186 793 972 829">
    <p class='ocr_par' dir='ltr' id='par_1_16' title="bbox 186 793 972 829">
     <span class='ocr_line' id='line_1_16' title="bbox 186 793 972 829; baseline -0.001 -7"><span class='ocrx_word' id='word_1_106' title='bbox 186 795 293 829; x_wconf 83' lang='lat' dir='ltr'><strong>penitus</strong></span> <span class='ocrx_word' id='word_1_107' title='bbox 307 799 333 821; x_wconf 90' lang='lat' dir='ltr'><strong>et</strong></span> <span class='ocrx_word' id='word_1_108' title='bbox 348 794 482 821; x_wconf 66' lang='lat' dir='ltr'><strong>damnatae</strong></span> <span class='ocrx_word' id='word_1_109' title='bbox 498 794 628 821; x_wconf 73' lang='lat' dir='ltr'><strong>doctrinae</strong></span> <span class='ocrx_word' id='word_1_110' title='bbox 643 793 829 821; x_wconf 85' lang='lat' dir='ltr'><strong>defensionem</strong></span> <span class='ocrx_word' id='word_1_111' title='bbox 843 801 972 828; x_wconf 85' lang='lat' dir='ltr'><strong>suscepe-</strong></span> 
     </span>
    </p>
   </div>
   <div class='ocr_carea' id='block_1_17' title="bbox 187 838 972 873">
    <p class='ocr_par' dir='ltr' id='par_1_17' title="bbox 187 838 972 873">
     <span class='ocr_line' id='line_1_17' title="bbox 187 838 972 873; baseline -0.004 -5"><span class='ocrx_word' id='word_1_112' title='bbox 187 841 379 868; x_wconf 79' lang='lat' dir='ltr'><strong>rithaereticus</strong></span> <span class='ocrx_word' id='word_1_113' title='bbox 398 839 454 871; x_wconf 91' lang='lat' dir='ltr'><strong>ille,</strong></span> <span class='ocrx_word' id='word_1_114' title='bbox 475 839 501 866; x_wconf 93' lang='lat' dir='ltr'><strong>in</strong></span> <span class='ocrx_word' id='word_1_115' title='bbox 524 846 611 873; x_wconf 88' lang='lat' dir='ltr'><strong>eoque</strong></span> <span class='ocrx_word' id='word_1_116' title='bbox 636 838 804 873; x_wconf 89' lang='lat' dir='ltr'><strong>impudenter</strong></span> <span class='ocrx_word' id='word_1_117' title='bbox 818 838 905 873; x_wconf 83' lang='lat' dir='ltr'><strong>egisse</strong></span> <span class='ocrx_word' id='word_1_118' title='bbox 931 838 972 865; x_wconf 87' lang='lat' dir='ltr'><strong>fa-</strong></span> 
     </span>
    </p>
   </div>
   <div class='ocr_carea' id='block_1_18' title="bbox 187 884 973 920">
    <p class='ocr_par' dir='ltr' id='par_1_18' title="bbox 187 884 973 920">
     <span class='ocr_line' id='line_1_18' title="bbox 187 884 973 920; baseline -0.003 -7"><span class='ocrx_word' id='word_1_119' title='bbox 187 887 298 915; x_wconf 88' lang='lat' dir='ltr'><strong>temlum</strong></span> <span class='ocrx_word' id='word_1_120' title='bbox 312 887 359 918; x_wconf 85' lang='lat' dir='ltr'><strong>sit,</strong></span> <span class='ocrx_word' id='word_1_121' title='bbox 384 885 540 920; x_wconf 80' lang='lat' dir='ltr'><strong>Hieronymi</strong></span> <span class='ocrx_word' id='word_1_122' title='bbox 563 890 652 912; x_wconf 89' lang='lat' dir='ltr'><strong>tamen</strong></span> <span class='ocrx_word' id='word_1_123' title='bbox 675 884 855 920; x_wconf 87' lang='lat' dir='ltr'><strong>patrocinium</strong></span> <span class='ocrx_word' id='word_1_124' title='bbox 873 884 973 919; x_wconf 85' lang='lat' dir='ltr'><strong>absque</strong></span> 
     </span>
    </p>
   </div>
   <div class='ocr_carea' id='block_1_19' title="bbox 186 930 970 966">
    <p class='ocr_par' dir='ltr' id='par_1_19' title="bbox 186 930 970 966">
     <span class='ocr_line' id='line_1_19' title="bbox 186 930 970 966; baseline -0.003 -8"><span class='ocrx_word' id='word_1_125' title='bbox 186 933 335 966; x_wconf 83' lang='lat' dir='ltr'><strong>itnpostura</strong></span> <span class='ocrx_word' id='word_1_126' title='bbox 359 936 387 958; x_wconf 90' lang='lat' dir='ltr'><strong>et</strong></span> <span class='ocrx_word' id='word_1_127' title='bbox 407 931 560 962; x_wconf 82' lang='lat' dir='ltr'><strong>mendacio,</strong></span> <span class='ocrx_word' id='word_1_128' title='bbox 584 939 644 966; x_wconf 66' lang='lat' dir='ltr'><strong>qua:</strong></span> <span class='ocrx_word' id='word_1_129' title='bbox 668 931 718 965; x_wconf 86' lang='lat' dir='ltr'><strong>ipsi</strong></span> <span class='ocrx_word' id='word_1_130' title='bbox 742 930 834 964; x_wconf 87' lang='lat' dir='ltr'><strong>ohjicit</strong></span> <span class='ocrx_word' id='word_1_131' title='bbox 860 930 970 963; x_wconf 73' lang='lat' dir='ltr'><strong>Sixtus,</strong></span> 
     </span>
    </p>
   </div>
   <div class='ocr_carea' id='block_1_20' title="bbox 187 976 973 1004">
    <p class='ocr_par' dir='ltr' id='par_1_20' title="bbox 187 976 973 1004">
     <span class='ocr_line' id='line_1_20' title="bbox 187 976 973 1004; baseline -0.001 -1"><span class='ocrx_word' id='word_1_132' title='bbox 187 978 237 1004; x_wconf 84' lang='lat' dir='ltr'><strong>sibi</strong></span> <span class='ocrx_word' id='word_1_133' title='bbox 261 977 382 1004; x_wconf 78' lang='lat' dir='ltr'><strong>asciscit.</strong></span> <span class='ocrx_word' id='word_1_134' title='bbox 400 976 578 1004; x_wconf 88' lang='lat' dir='ltr'><strong>Proferantur</strong></span> <span class='ocrx_word' id='word_1_135' title='bbox 599 976 670 1004; x_wconf 80' lang='lat' dir='ltr'><strong>enirn</strong></span> <span class='ocrx_word' id='word_1_136' title='bbox 688 976 750 1003; x_wconf 90' lang='lat' dir='ltr'><strong>licet</strong></span> <span class='ocrx_word' id='word_1_137' title='bbox 767 981 893 1003; x_wconf 82' lang='lat' dir='ltr'><strong>sexcenta</strong></span> <span class='ocrx_word' id='word_1_138' title='bbox 911 976 973 1003; x_wconf 86' lang='lat' dir='ltr'><strong>Ilie-</strong></span> 
     </span>
    </p>
   </div>
   <div class='ocr_carea' id='block_1_21' title="bbox 187 1021 973 1057">
    <p class='ocr_par' dir='ltr' id='par_1_21' title="bbox 187 1021 973 1057">
     <span class='ocr_line' id='line_1_21' title="bbox 187 1021 973 1057; baseline -0.001 -9"><span class='ocrx_word' id='word_1_139' title='bbox 187 1023 294 1057; x_wconf 88' lang='lat' dir='ltr'><strong>rouytni</strong></span> <span class='ocrx_word' id='word_1_140' title='bbox 323 1022 493 1054; x_wconf 91' lang='lat' dir='ltr'><strong>testimonia,</strong></span> <span class='ocrx_word' id='word_1_141' title='bbox 530 1022 629 1056; x_wconf 81' lang='lat' dir='ltr'><strong>quibus</strong></span> <span class='ocrx_word' id='word_1_142' title='bbox 654 1021 822 1049; x_wconf 89' lang='lat' dir='ltr'><strong>contrarium</strong></span> <span class='ocrx_word' id='word_1_143' title='bbox 845 1021 973 1054; x_wconf 82' lang='lat' dir='ltr'><strong>tradidit;</strong></span> 
     </span>
    </p>
   </div>
   <div class='ocr_carea' id='block_1_22' title="bbox 187 1067 974 1101">
    <p class='ocr_par' dir='ltr' id='par_1_22' title="bbox 187 1067 974 1101">
     <span class='ocr_line' id='line_1_22' title="bbox 187 1067 974 1101; baseline 0.003 -8"><span class='ocrx_word' id='word_1_144' title='bbox 187 1075 269 1094; x_wconf 92' lang='lat' dir='ltr'><strong>unum</strong></span> <span class='ocrx_word' id='word_1_145' title='bbox 295 1067 356 1095; x_wconf 88' lang='lat' dir='ltr'><strong>imle</strong></span> <span class='ocrx_word' id='word_1_146' title='bbox 379 1068 444 1094; x_wconf 92' lang='lat' dir='ltr'><strong>illud</strong></span> <span class='ocrx_word' id='word_1_147' title='bbox 461 1067 586 1100; x_wconf 83' lang='lat' dir='ltr'><strong>eiiicitur,</strong></span> <span class='ocrx_word' id='word_1_148' title='bbox 602 1072 721 1095; x_wconf 84' lang='lat' dir='ltr'><strong>mutasse</strong></span> <span class='ocrx_word' id='word_1_149' title='bbox 737 1067 811 1094; x_wconf 93' lang='lat' dir='ltr'><strong>illum</strong></span> <span class='ocrx_word' id='word_1_150' title='bbox 830 1067 974 1101; x_wconf 74' lang='lat' dir='ltr'><strong>aliquando</strong></span> 
     </span>
    </p>
   </div>
   <div class='ocr_carea' id='block_1_23' title="bbox 187 1112 974 1148">
    <p class='ocr_par' dir='ltr' id='par_1_23' title="bbox 187 1112 974 1148">
     <span class='ocr_line' id='line_1_23' title="bbox 187 1112 974 1148; baseline 0 -9"><span class='ocrx_word' id='word_1_151' title='bbox 187 1113 361 1145; x_wconf 84' lang='lat' dir='ltr'><strong>sententiam,</strong></span> <span class='ocrx_word' id='word_1_152' title='bbox 389 1121 439 1141; x_wconf 90' lang='lat' dir='ltr'><strong>nec</strong></span> <span class='ocrx_word' id='word_1_153' title='bbox 467 1114 554 1140; x_wconf 65' lang='lat' dir='ltr'><strong>unica:</strong></span> <span class='ocrx_word' id='word_1_154' title='bbox 585 1120 692 1148; x_wconf 85' lang='lat' dir='ltr'><strong>semper</strong></span> <span class='ocrx_word' id='word_1_155' title='bbox 720 1112 974 1147; x_wconf 77' lang='lat' dir='ltr'><strong>opinationiadhaz—</strong></span> 
     </span>
    </p>
   </div>
   <div class='ocr_carea' id='block_1_24' title="bbox 187 1156 973 1194">
    <p class='ocr_par' dir='ltr' id='par_1_24' title="bbox 187 1156 973 1194">
     <span class='ocr_line' id='line_1_24' title="bbox 187 1156 973 1194; baseline -0.004 -8"><span class='ocrx_word' id='word_1_156' title='bbox 187 1159 266 1186; x_wconf 84' lang='lat' dir='ltr'><strong>sisse.</strong></span> <span class='ocrx_word' id='word_1_157' title='bbox 282 1159 317 1185; x_wconf 81' lang='lat' dir='ltr'><strong>At</strong></span> <span class='ocrx_word' id='word_1_158' title='bbox 333 1166 382 1194; x_wconf 82' lang='lat' dir='ltr'><strong>par</strong></span> <span class='ocrx_word' id='word_1_159' title='bbox 395 1159 454 1194; x_wconf 91' lang='lat' dir='ltr'><strong>pari</strong></span> <span class='ocrx_word' id='word_1_160' title='bbox 472 1159 564 1186; x_wconf 83' lang='lat' dir='ltr'><strong>retulit.</strong></span> <span class='ocrx_word' id='word_1_161' title='bbox 579 1159 767 1194; x_wconf 87' lang='lat' dir='ltr'><strong>Ilieronymus,</strong></span> <span class='ocrx_word' id='word_1_162' title='bbox 780 1165 835 1192; x_wconf 90' lang='lat' dir='ltr'><strong>quo</strong></span> <span class='ocrx_word' id='word_1_163' title='bbox 848 1156 973 1184; x_wconf 79' lang='lat' dir='ltr'><strong>Rufinum</strong></span> 
     </span>
    </p>
   </div>
   <div class='ocr_carea' id='block_1_25' title="bbox 189 1204 975 1239">
    <p class='ocr_par' dir='ltr' id='par_1_25' title="bbox 189 1204 975 1239">
     <span class='ocr_line' id='line_1_25' title="bbox 189 1204 975 1239; baseline -0.001 -8"><span class='ocrx_word' id='word_1_164' title='bbox 189 1204 366 1237; x_wconf 81' lang='lat' dir='ltr'><strong>remorderet,</strong></span> <span class='ocrx_word' id='word_1_165' title='bbox 381 1205 428 1239; x_wconf 91' lang='lat' dir='ltr'><strong>qui</strong></span> <span class='ocrx_word' id='word_1_166' title='bbox 447 1213 507 1232; x_wconf 91' lang='lat' dir='ltr'><strong>cum</strong></span> <span class='ocrx_word' id='word_1_167' title='bbox 523 1205 581 1232; x_wconf 63' lang='lat' dir='ltr'><strong>hate</strong></span> <span class='ocrx_word' id='word_1_168' title='bbox 595 1205 629 1232; x_wconf 89' lang='lat' dir='ltr'><strong>ad</strong></span> <span class='ocrx_word' id='word_1_169' title='bbox 644 1204 819 1231; x_wconf 88' lang='lat' dir='ltr'><strong>Anastasium</strong></span> <span class='ocrx_word' id='word_1_170' title='bbox 834 1211 929 1239; x_wconf 85' lang='lat' dir='ltr'><strong>papam</strong></span> <span class='ocrx_word' id='word_1_171' title='bbox 948 1205 975 1231; x_wconf 90' lang='lat' dir='ltr'><strong>in</strong></span> 
     </span>
    </p>
   </div>
   <div class='ocr_carea' id='block_1_26' title="bbox 188 1249 975 1286">
    <p class='ocr_par' dir='ltr' id='par_1_26' title="bbox 188 1249 975 1286">
     <span class='ocr_line' id='line_1_26' title="bbox 188 1249 975 1286; baseline -0.001 -9"><span class='ocrx_word' id='word_1_172' title='bbox 188 1250 316 1286; x_wconf 76' lang='lat' dir='ltr'><strong>Apologia</strong></span> <span class='ocrx_word' id='word_1_173' title='bbox 328 1251 389 1285; x_wconf 74' lang='lat' dir='ltr'><strong>ﬁdei</strong></span> <span class='ocrx_word' id='word_1_174' title='bbox 402 1259 456 1277; x_wconf 67' lang='lat' dir='ltr'><strong>ante</strong></span> <span class='ocrx_word' id='word_1_175' title='bbox 475 1250 631 1285; x_wconf 85' lang='lat' dir='ltr'><strong>scripsisset</strong></span> <span class='ocrx_word' id='word_1_176' title='bbox 646 1258 652 1276; x_wconf 87' lang='lat'><strong>:</strong></span> <span class='ocrx_word' id='word_1_177' title='bbox 672 1259 681 1275; x_wconf 85' lang='lat' dir='ltr'><strong>t</strong></span> <span class='ocrx_word' id='word_1_178' title='bbox 699 1250 727 1277; x_wconf 92' lang='lat' dir='ltr'><strong>Si</strong></span> <span class='ocrx_word' id='word_1_179' title='bbox 743 1250 804 1284; x_wconf 87' lang='lat' dir='ltr'><strong>quis</strong></span> <span class='ocrx_word' id='word_1_180' title='bbox 819 1254 900 1284; x_wconf 76' lang='lat' dir='ltr'><strong>negat</strong></span> <span class='ocrx_word' id='word_1_181' title='bbox 916 1249 975 1276; x_wconf 89' lang='lat' dir='ltr'><strong>dia—</strong></span> 
     </span>
    </p>
   </div>
   <div class='ocr_carea' id='block_1_27' title="bbox 189 1295 975 1330">
    <p class='ocr_par' dir='ltr' id='par_1_27' title="bbox 189 1295 975 1330">
     <span class='ocr_line' id='line_1_27' title="bbox 189 1295 975 1330; baseline 0.001 -9"><span class='ocrx_word' id='word_1_182' title='bbox 189 1295 279 1322; x_wconf 90' lang='lat' dir='ltr'><strong>bolum</strong></span> <span class='ocrx_word' id='word_1_183' title='bbox 297 1297 407 1323; x_wconf 72' lang='lat' dir='ltr'><strong>teternis</strong></span> <span class='ocrx_word' id='word_1_184' title='bbox 421 1296 530 1330; x_wconf 79' lang='lat' dir='ltr'><strong>ignibus</strong></span> <span class='ocrx_word' id='word_1_185' title='bbox 555 1296 775 1330; x_wconf 87' lang='lat' dir='ltr'><strong>mancipaudum,</strong></span> <span class='ocrx_word' id='word_1_186' title='bbox 795 1300 898 1330; x_wconf 88' lang='lat' dir='ltr'><strong>partem</strong></span> <span class='ocrx_word' id='word_1_187' title='bbox 915 1302 975 1322; x_wconf 76' lang='lat' dir='ltr'><strong>cura</strong></span> 
     </span>
    </p>
   </div>
   <div class='ocr_carea' id='block_1_28' title="bbox 190 1341 974 1376">
    <p class='ocr_par' dir='ltr' id='par_1_28' title="bbox 190 1341 974 1376">
     <span class='ocr_line' id='line_1_28' title="bbox 190 1341 974 1376; baseline 0 -8"><span class='ocrx_word' id='word_1_188' title='bbox 190 1342 248 1376; x_wconf 87' lang='lat' dir='ltr'><strong>ipso</strong></span> <span class='ocrx_word' id='word_1_189' title='bbox 258 1343 351 1369; x_wconf 69' lang='lat' dir='ltr'><strong>teterni</strong></span> <span class='ocrx_word' id='word_1_190' title='bbox 365 1342 435 1376; x_wconf 77' lang='lat' dir='ltr'><strong>ignis</strong></span> <span class='ocrx_word' id='word_1_191' title='bbox 449 1342 578 1376; x_wconf 83' lang='lat' dir='ltr'><strong>accipiat,</strong></span> <span class='ocrx_word' id='word_1_192' title='bbox 590 1346 619 1368; x_wconf 91' lang='lat' dir='ltr'><strong>ut</strong></span> <span class='ocrx_word' id='word_1_193' title='bbox 633 1342 732 1369; x_wconf 81' lang='lat' dir='ltr'><strong>sentiat</strong></span> <span class='ocrx_word' id='word_1_194' title='bbox 746 1342 817 1376; x_wconf 91' lang='lat' dir='ltr'><strong>quod</strong></span> <span class='ocrx_word' id='word_1_195' title='bbox 829 1341 948 1376; x_wconf 77' lang='lat' dir='ltr'><strong>negavit,</strong></span> <span class='ocrx_word' id='word_1_196' title='bbox 963 1351 974 1368; x_wconf 74' lang='grc' dir='ltr'><strong>ι</strong></span> 
     </span>
    </p>
   </div>
   <div class='ocr_carea' id='block_1_29' title="bbox 189 1387 977 1422">
    <p class='ocr_par' dir='ltr' id='par_1_29' title="bbox 189 1387 977 1422">
     <span class='ocr_line' id='line_1_29' title="bbox 189 1387 977 1422; baseline 0 -8"><span class='ocrx_word' id='word_1_197' title='bbox 189 1388 215 1414; x_wconf 89' lang='lat' dir='ltr'><strong>iu</strong></span> <span class='ocrx_word' id='word_1_198' title='bbox 227 1388 408 1422; x_wconf 88' lang='lat' dir='ltr'><strong>suspicionem</strong></span> <span class='ocrx_word' id='word_1_199' title='bbox 423 1392 512 1415; x_wconf 88' lang='lat' dir='ltr'><strong>tamen</strong></span> <span class='ocrx_word' id='word_1_200' title='bbox 529 1393 641 1415; x_wconf 72' lang='lat' dir='ltr'><strong>asserta:</strong></span> <span class='ocrx_word' id='word_1_201' title='bbox 655 1387 752 1415; x_wconf 89' lang='lat' dir='ltr'><strong>diaboli</strong></span> <span class='ocrx_word' id='word_1_202' title='bbox 767 1387 864 1415; x_wconf 87' lang='lat' dir='ltr'><strong>salutis</strong></span> <span class='ocrx_word' id='word_1_203' title='bbox 878 1395 977 1415; x_wconf 90' lang='lat' dir='ltr'><strong>vocare</strong></span> 
     </span>
    </p>
   </div>
   <div class='ocr_carea' id='block_1_30' title="bbox 190 1432 977 1469">
    <p class='ocr_par' dir='ltr' id='par_1_30' title="bbox 190 1432 977 1469">
     <span class='ocr_line' id='line_1_30' title="bbox 190 1432 977 1469; baseline 0.001 -11"><span class='ocrx_word' id='word_1_204' title='bbox 190 1433 302 1460; x_wconf 86' lang='lat' dir='ltr'><strong>tentavit</strong></span> <span class='ocrx_word' id='word_1_205' title='bbox 330 1433 509 1469; x_wconf 90' lang='lat' dir='ltr'><strong>Hieronymus</strong></span> <span class='ocrx_word' id='word_1_206' title='bbox 533 1432 643 1468; x_wconf 86' lang='lat' dir='ltr'><strong>Apolog.</strong></span> <span class='ocrx_word' id='word_1_207' title='bbox 668 1440 697 1465; x_wconf 90' lang='grc' dir='ltr'><strong>ιι,</strong></span> <span class='ocrx_word' id='word_1_208' title='bbox 720 1440 781 1468; x_wconf 86' lang='lat' dir='ltr'><strong>cap.</strong></span> <span class='ocrx_word' id='word_1_209' title='bbox 799 1432 823 1464; x_wconf 91' lang='lat' dir='ltr'><strong>I,</strong></span> <span class='ocrx_word' id='word_1_210' title='bbox 842 1440 900 1460; x_wconf 86' lang='lat' dir='ltr'><strong>eam</strong></span> <span class='ocrx_word' id='word_1_211' title='bbox 918 1440 932 1459; x_wconf 87' lang='lat' dir='ltr'><strong>a</strong></span> <span class='ocrx_word' id='word_1_212' title='bbox 948 1439 977 1459; x_wconf 87' lang='lat' dir='ltr'><strong>se</strong></span> 
     </span>
    </p>
   </div>
   <div class='ocr_carea' id='block_1_31' title="bbox 190 1477 977 1513">
    <p class='ocr_par' dir='ltr' id='par_1_31' title="bbox 190 1477 977 1513">
     <span class='ocr_line' id='line_1_31' title="bbox 190 1477 977 1513; baseline 0 -9"><span class='ocrx_word' id='word_1_213' title='bbox 190 1477 251 1505; x_wconf 90' lang='lat' dir='ltr'><strong>licet</strong></span> <span class='ocrx_word' id='word_1_214' title='bbox 265 1479 446 1513; x_wconf 87' lang='lat' dir='ltr'><strong>suspicionem</strong></span> <span class='ocrx_word' id='word_1_215' title='bbox 466 1478 625 1513; x_wconf 84' lang='lat' dir='ltr'><strong>propulsare</strong></span> <span class='ocrx_word' id='word_1_216' title='bbox 642 1477 756 1504; x_wconf 78' lang='lat' dir='ltr'><strong>Rufinus</strong></span> <span class='ocrx_word' id='word_1_217' title='bbox 775 1477 906 1504; x_wconf 77' lang='lat' dir='ltr'><strong>Invecliva</strong></span> <span class='ocrx_word' id='word_1_218' title='bbox 920 1478 977 1512; x_wconf 91' lang='lat' dir='ltr'><strong>pri-</strong></span> 
     </span>
    </p>
   </div>
   <div class='ocr_carea' id='block_1_32' title="bbox 190 1524 975 1559">
    <p class='ocr_par' dir='ltr' id='par_1_32' title="bbox 190 1524 975 1559">
     <span class='ocr_line' id='line_1_32' title="bbox 190 1524 975 1559; baseline 0.003 -9"><span class='ocrx_word' id='word_1_219' title='bbox 190 1532 232 1551; x_wconf 88' lang='lat' dir='ltr'><strong>ma</strong></span> <span class='ocrx_word' id='word_1_220' title='bbox 256 1524 415 1552; x_wconf 88' lang='lat' dir='ltr'><strong>laborasset.</strong></span> <span class='ocrx_word' id='word_1_221' title='bbox 442 1524 554 1557; x_wconf 78' lang='lat' dir='ltr'><strong>Verum,</strong></span> <span class='ocrx_word' id='word_1_222' title='bbox 580 1524 682 1551; x_wconf 88' lang='lat' dir='ltr'><strong>omisso</strong></span> <span class='ocrx_word' id='word_1_223' title='bbox 708 1525 760 1552; x_wconf 93' lang='lat' dir='ltr'><strong>hoc</strong></span> <span class='ocrx_word' id='word_1_224' title='bbox 788 1524 878 1551; x_wconf 72' lang='lat' dir='ltr'><strong>Rutilii</strong></span> <span class='ocrx_word' id='word_1_225' title='bbox 905 1524 975 1559; x_wconf 86' lang='lat' dir='ltr'><strong>loco,</strong></span> 
     </span>
    </p>
   </div>
   <div class='ocr_carea' id='block_1_33' title="bbox 189 1570 977 1605">
    <p class='ocr_par' dir='ltr' id='par_1_33' title="bbox 189 1570 977 1605">
     <span class='ocr_line' id='line_1_33' title="bbox 189 1570 977 1605; baseline 0.003 -9"><span class='ocrx_word' id='word_1_226' title='bbox 189 1578 268 1605; x_wconf 89' lang='lat' dir='ltr'><strong>quem</strong></span> <span class='ocrx_word' id='word_1_227' title='bbox 281 1578 333 1598; x_wconf 91' lang='lat' dir='ltr'><strong>non</strong></span> <span class='ocrx_word' id='word_1_228' title='bbox 349 1571 409 1598; x_wconf 84' lang='lat' dir='ltr'><strong>sine</strong></span> <span class='ocrx_word' id='word_1_229' title='bbox 421 1570 594 1598; x_wconf 77' lang='lat' dir='ltr'><strong>cavillatione</strong></span> <span class='ocrx_word' id='word_1_230' title='bbox 605 1570 633 1597; x_wconf 94' lang='lat' dir='ltr'><strong>in</strong></span> <span class='ocrx_word' id='word_1_231' title='bbox 646 1571 800 1604; x_wconf 89' lang='lat' dir='ltr'><strong>sequiorem</strong></span> <span class='ocrx_word' id='word_1_232' title='bbox 816 1570 883 1597; x_wconf 85' lang='lat' dir='ltr'><strong>trahi</strong></span> <span class='ocrx_word' id='word_1_233' title='bbox 897 1578 977 1605; x_wconf 86' lang='lat' dir='ltr'><strong>posse</strong></span> 
     </span>
    </p>
   </div>
   <div class='ocr_carea' id='block_1_34' title="bbox 190 1616 977 1653">
    <p class='ocr_par' dir='ltr' id='par_1_34' title="bbox 190 1616 977 1653">
     <span class='ocr_line' id='line_1_34' title="bbox 190 1616 977 1653; baseline -0.001 -9"><span class='ocrx_word' id='word_1_234' title='bbox 190 1624 300 1644; x_wconf 82' lang='lat' dir='ltr'><strong>sensum</strong></span> <span class='ocrx_word' id='word_1_235' title='bbox 314 1622 451 1652; x_wconf 84' lang='lat' dir='ltr'><strong>putamus,</strong></span> <span class='ocrx_word' id='word_1_236' title='bbox 469 1623 565 1653; x_wconf 86' lang='lat' dir='ltr'><strong>aperte</strong></span> <span class='ocrx_word' id='word_1_237' title='bbox 583 1616 677 1644; x_wconf 81' lang='lat' dir='ltr'><strong>deﬁnit</strong></span> <span class='ocrx_word' id='word_1_238' title='bbox 693 1617 719 1644; x_wconf 90' lang='lat' dir='ltr'><strong>in</strong></span> <span class='ocrx_word' id='word_1_239' title='bbox 737 1616 861 1652; x_wconf 82' lang='lat' dir='ltr'><strong>Symbolo</strong></span> <span class='ocrx_word' id='word_1_240' title='bbox 879 1617 977 1651; x_wconf 84' lang='lat' dir='ltr'><strong>sempi-</strong></span> 
     </span>
    </p>
   </div>
   <div class='ocr_carea' id='block_1_35' title="bbox 192 1661 978 1697">
    <p class='ocr_par' dir='ltr' id='par_1_35' title="bbox 192 1661 978 1697">
     <span class='ocr_line' id='line_1_35' title="bbox 192 1661 978 1697; baseline 0.001 -9"><span class='ocrx_word' id='word_1_241' title='bbox 192 1662 275 1690; x_wconf 90' lang='lat' dir='ltr'><strong>ternis</strong></span> <span class='ocrx_word' id='word_1_242' title='bbox 298 1662 408 1697; x_wconf 87' lang='lat' dir='ltr'><strong>quidem</strong></span> <span class='ocrx_word' id='word_1_243' title='bbox 433 1662 578 1690; x_wconf 86' lang='lat' dir='ltr'><strong>tormentis</strong></span> <span class='ocrx_word' id='word_1_244' title='bbox 600 1661 777 1689; x_wconf 88' lang='lat' dir='ltr'><strong>cruciandum</strong></span> <span class='ocrx_word' id='word_1_245' title='bbox 800 1668 860 1689; x_wconf 89' lang='lat' dir='ltr'><strong>esse</strong></span> <span class='ocrx_word' id='word_1_246' title='bbox 885 1662 978 1689; x_wconf 87' lang='lat' dir='ltr'><strong>diabo-</strong></span> 
     </span>
    </p>
   </div>
   <div class='ocr_carea' id='block_1_36' title="bbox 192 1706 977 1742">
    <p class='ocr_par' dir='ltr' id='par_1_36' title="bbox 192 1706 977 1742">
     <span class='ocr_line' id='line_1_36' title="bbox 192 1706 977 1742; baseline 0.003 -10"><span class='ocrx_word' id='word_1_247' title='bbox 192 1708 261 1739; x_wconf 84' lang='lat' dir='ltr'><strong>lum;</strong></span> <span class='ocrx_word' id='word_1_248' title='bbox 281 1712 375 1735; x_wconf 89' lang='lat' dir='ltr'><strong>sontes</strong></span> <span class='ocrx_word' id='word_1_249' title='bbox 389 1715 454 1735; x_wconf 88' lang='lat' dir='ltr'><strong>vero</strong></span> <span class='ocrx_word' id='word_1_250' title='bbox 471 1707 607 1740; x_wconf 79' lang='lat' dir='ltr'><strong>homines,</strong></span> <span class='ocrx_word' id='word_1_251' title='bbox 623 1706 796 1741; x_wconf 86' lang='lat' dir='ltr'><strong>temporariis</strong></span> <span class='ocrx_word' id='word_1_252' title='bbox 809 1712 837 1735; x_wconf 92' lang='lat' dir='ltr'><strong>et</strong></span> <span class='ocrx_word' id='word_1_253' title='bbox 852 1708 977 1742; x_wconf 79' lang='lat' dir='ltr'><strong>aliquan-</strong></span> 
     </span>
    </p>
   </div>
   <div class='ocr_carea' id='block_1_37' title="bbox 192 1752 978 1788">
    <p class='ocr_par' dir='ltr' id='par_1_37' title="bbox 192 1752 978 1788">
     <span class='ocr_line' id='line_1_37' title="bbox 192 1752 978 1788; baseline 0.001 -9"><span class='ocrx_word' id='word_1_254' title='bbox 192 1753 225 1779; x_wconf 93' lang='lat' dir='ltr'><strong>do</strong></span> <span class='ocrx_word' id='word_1_255' title='bbox 243 1753 370 1780; x_wconf 90' lang='lat' dir='ltr'><strong>liniendis</strong></span> <span class='ocrx_word' id='word_1_256' title='bbox 386 1764 393 1780; x_wconf 84' lang='lat'><strong>:</strong></span> <span class='ocrx_word' id='word_1_257' title='bbox 407 1761 469 1780; x_wconf 90' lang='lat' dir='ltr'><strong>nam</strong></span> <span class='ocrx_word' id='word_1_258' title='bbox 485 1753 550 1787; x_wconf 87' lang='lat' dir='ltr'><strong>quid</strong></span> <span class='ocrx_word' id='word_1_259' title='bbox 564 1752 636 1780; x_wconf 88' lang='lat' dir='ltr'><strong>aliud</strong></span> <span class='ocrx_word' id='word_1_260' title='bbox 650 1753 701 1780; x_wconf 90' lang='lat' dir='ltr'><strong>sibi</strong></span> <span class='ocrx_word' id='word_1_261' title='bbox 716 1753 786 1781; x_wconf 89' lang='lat' dir='ltr'><strong>velle</strong></span> <span class='ocrx_word' id='word_1_262' title='bbox 802 1758 899 1788; x_wconf 86' lang='lat' dir='ltr'><strong>potest,</strong></span> <span class='ocrx_word' id='word_1_263' title='bbox 915 1761 978 1781; x_wconf 84' lang='lat' dir='ltr'><strong>cum</strong></span> 
     </span>
    </p>
   </div>
   <div class='ocr_carea' id='block_1_38' title="bbox 192 1798 980 1834">
    <p class='ocr_par' dir='ltr' id='par_1_38' title="bbox 192 1798 980 1834">
     <span class='ocr_line' id='line_1_38' title="bbox 192 1798 980 1834; baseline 0.004 -10"><span class='ocrx_word' id='word_1_264' title='bbox 192 1798 308 1825; x_wconf 76' lang='lat' dir='ltr'><strong>afﬁrmat</strong></span> <span class='ocrx_word' id='word_1_265' title='bbox 326 1798 445 1826; x_wconf 89' lang='lat' dir='ltr'><strong>futurum</strong></span> <span class='ocrx_word' id='word_1_266' title='bbox 463 1803 492 1826; x_wconf 87' lang='lat' dir='ltr'><strong>ut</strong></span> <span class='ocrx_word' id='word_1_267' title='bbox 506 1803 663 1833; x_wconf 89' lang='lat' dir='ltr'><strong>peccatores</strong></span> <span class='ocrx_word' id='word_1_268' title='bbox 681 1808 690 1825; x_wconf 84' lang='lat' dir='ltr'><strong>t</strong></span> <span class='ocrx_word' id='word_1_269' title='bbox 709 1800 980 1834; x_wconf 87' lang='lat' dir='ltr'><strong>absqueinteritione</strong></span> 
     </span>
    </p>
   </div>
   <div class='ocr_carea' id='block_1_39' title="bbox 192 1844 980 1880">
    <p class='ocr_par' dir='ltr' id='par_1_39' title="bbox 192 1844 980 1880">
     <span class='ocr_line' id='line_1_39' title="bbox 192 1844 980 1880; baseline 0.001 -9"><span class='ocrx_word' id='word_1_270' title='bbox 192 1852 239 1871; x_wconf 91' lang='lat' dir='ltr'><strong>sua</strong></span> <span class='ocrx_word' id='word_1_271' title='bbox 257 1844 362 1872; x_wconf 85' lang='lat' dir='ltr'><strong>debitas</strong></span> <span class='ocrx_word' id='word_1_272' title='bbox 382 1845 459 1872; x_wconf 91' lang='lat' dir='ltr'><strong>luant</strong></span> <span class='ocrx_word' id='word_1_273' title='bbox 473 1845 587 1880; x_wconf 65' lang='lat' dir='ltr'><strong>paenas?</strong></span> <span class='ocrx_word' id='word_1_274' title='bbox 605 1854 614 1871; x_wconf 75' lang='grc' dir='ltr'><strong>ι</strong></span> <span class='ocrx_word' id='word_1_275' title='bbox 630 1849 657 1872; x_wconf 91' lang='lat' dir='ltr'><strong>et</strong></span> <span class='ocrx_word' id='word_1_276' title='bbox 671 1845 752 1880; x_wconf 89' lang='lat' dir='ltr'><strong>justis</strong></span> <span class='ocrx_word' id='word_1_277' title='bbox 766 1845 875 1879; x_wconf 86' lang='lat' dir='ltr'><strong>quidem</strong></span> <span class='ocrx_word' id='word_1_278' title='bbox 894 1854 903 1871; x_wconf 78' lang='grc' dir='ltr'><strong>ι</strong></span> <span class='ocrx_word' id='word_1_279' title='bbox 918 1853 980 1880; x_wconf 85' lang='lat' dir='ltr'><strong>per-</strong></span> 
     </span>
    </p>
   </div>
   <div class='ocr_carea' id='block_1_40' title="bbox 193 1890 979 1926">
    <p class='ocr_par' dir='ltr' id='par_1_40' title="bbox 193 1890 979 1926">
     <span class='ocr_line' id='line_1_40' title="bbox 193 1890 979 1926; baseline 0.003 -10"><span class='ocrx_word' id='word_1_280' title='bbox 193 1890 351 1924; x_wconf 89' lang='lat' dir='ltr'><strong>petuitatem</strong></span> <span class='ocrx_word' id='word_1_281' title='bbox 363 1890 465 1925; x_wconf 63' lang='lat' dir='ltr'><strong>gloriae,</strong></span> <span class='ocrx_word' id='word_1_282' title='bbox 479 1891 667 1926; x_wconf 85' lang='lat' dir='ltr'><strong>peccatoribus</strong></span> <span class='ocrx_word' id='word_1_283' title='bbox 685 1896 777 1918; x_wconf 90' lang='lat' dir='ltr'><strong>autem</strong></span> <span class='ocrx_word' id='word_1_284' title='bbox 793 1891 979 1925; x_wconf 80' lang='lat' dir='ltr'><strong>prolixitatem</strong></span> 
     </span>
    </p>
   </div>
   <div class='ocr_carea' id='block_1_41' title="bbox 193 1935 981 1972">
    <p class='ocr_par' dir='ltr' id='par_1_41' title="bbox 193 1935 981 1972">
     <span class='ocr_line' id='line_1_41' title="bbox 193 1935 981 1972; baseline 0.003 -10"><span class='ocrx_word' id='word_1_285' title='bbox 193 1935 361 1964; x_wconf 90' lang='lat' dir='ltr'><strong>confusionis</strong></span> <span class='ocrx_word' id='word_1_286' title='bbox 374 1941 402 1963; x_wconf 89' lang='lat' dir='ltr'><strong>et</strong></span> <span class='ocrx_word' id='word_1_287' title='bbox 426 1944 512 1971; x_wconf 67' lang='lat' dir='ltr'><strong>ptenze</strong></span> <span class='ocrx_word' id='word_1_288' title='bbox 529 1946 538 1962; x_wconf 81' lang='grc' dir='ltr'><strong>ι</strong></span> <span class='ocrx_word' id='word_1_289' title='bbox 559 1937 630 1964; x_wconf 91' lang='lat' dir='ltr'><strong>Deus</strong></span> <span class='ocrx_word' id='word_1_290' title='bbox 647 1937 806 1964; x_wconf 84' lang='lat' dir='ltr'><strong>ministret?</strong></span> <span class='ocrx_word' id='word_1_291' title='bbox 823 1936 907 1964; x_wconf 79' lang='lat' dir='ltr'><strong>Recte</strong></span> <span class='ocrx_word' id='word_1_292' title='bbox 922 1937 981 1972; x_wconf 91' lang='lat' dir='ltr'><strong>qui-</strong></span> 
     </span>
    </p>
   </div>
   <div class='ocr_carea' id='block_1_42' title="bbox 194 1982 982 2018">
    <p class='ocr_par' dir='ltr' id='par_1_42' title="bbox 194 1982 982 2018">
     <span class='ocr_line' id='line_1_42' title="bbox 194 1982 982 2018; baseline 0 -9"><span class='ocrx_word' id='word_1_293' title='bbox 194 1983 254 2009; x_wconf 92' lang='lat' dir='ltr'><strong>dem</strong></span> <span class='ocrx_word' id='word_1_294' title='bbox 269 1986 296 2009; x_wconf 88' lang='lat' dir='ltr'><strong>et</strong></span> <span class='ocrx_word' id='word_1_295' title='bbox 310 1990 343 2009; x_wconf 76' lang='lat' dir='ltr'><strong>ex</strong></span> <span class='ocrx_word' id='word_1_296' title='bbox 361 1983 489 2010; x_wconf 77' lang='lat' dir='ltr'><strong>Ecclesia:</strong></span> <span class='ocrx_word' id='word_1_297' title='bbox 505 1983 664 2018; x_wconf 63' lang='lat' dir='ltr'><strong>praescripto</strong></span> <span class='ocrx_word' id='word_1_298' title='bbox 677 1982 709 2010; x_wconf 91' lang='lat' dir='ltr'><strong>de</strong></span> <span class='ocrx_word' id='word_1_299' title='bbox 729 1990 870 2017; x_wconf 77' lang='lat' dir='ltr'><strong>pccnarum</strong></span> <span class='ocrx_word' id='word_1_300' title='bbox 885 1990 982 2017; x_wconf 91' lang='lat' dir='ltr'><strong>peren-</strong></span> 
     </span>
    </p>
   </div>
   <div class='ocr_carea' id='block_1_43' title="bbox 194 2028 980 2065">
    <p class='ocr_par' dir='ltr' id='par_1_43' title="bbox 194 2028 980 2065">
     <span class='ocr_line' id='line_1_43' title="bbox 194 2028 980 2065; baseline 0 -10"><span class='ocrx_word' id='word_1_301' title='bbox 194 2028 279 2056; x_wconf 88' lang='lat' dir='ltr'><strong>nitate</strong></span> <span class='ocrx_word' id='word_1_302' title='bbox 296 2028 432 2056; x_wconf 89' lang='lat' dir='ltr'><strong>disserunt</strong></span> <span class='ocrx_word' id='word_1_303' title='bbox 455 2029 666 2065; x_wconf 86' lang='lat' dir='ltr'><strong>Chrysostomus</strong></span> <span class='ocrx_word' id='word_1_304' title='bbox 685 2033 712 2056; x_wconf 91' lang='lat' dir='ltr'><strong>et</strong></span> <span class='ocrx_word' id='word_1_305' title='bbox 736 2029 912 2063; x_wconf 70' lang='lat' dir='ltr'><strong>Augustinus,</strong></span> <span class='ocrx_word' id='word_1_306' title='bbox 934 2029 980 2055; x_wconf 91' lang='lat' dir='ltr'><strong>sed</strong></span> 
     </span>
    </p>
   </div>
   <div class='ocr_carea' id='block_1_44' title="bbox 196 2074 982 2110">
    <p class='ocr_par' dir='ltr' id='par_1_44' title="bbox 196 2074 982 2110">
     <span class='ocr_line' id='line_1_44' title="bbox 196 2074 982 2110; baseline 0.003 -11"><span class='ocrx_word' id='word_1_307' title='bbox 196 2078 309 2108; x_wconf 91' lang='lat' dir='ltr'><strong>uterque</strong></span> <span class='ocrx_word' id='word_1_308' title='bbox 325 2078 413 2100; x_wconf 88' lang='lat' dir='ltr'><strong>tamen</strong></span> <span class='ocrx_word' id='word_1_309' title='bbox 428 2074 563 2109; x_wconf 90' lang='lat' dir='ltr'><strong>peculiare</strong></span> <span class='ocrx_word' id='word_1_310' title='bbox 584 2074 650 2101; x_wconf 88' lang='lat' dir='ltr'><strong>illud</strong></span> <span class='ocrx_word' id='word_1_311' title='bbox 672 2074 765 2108; x_wconf 84' lang='lat' dir='ltr'><strong>habet,</strong></span> <span class='ocrx_word' id='word_1_312' title='bbox 789 2075 862 2110; x_wconf 91' lang='lat' dir='ltr'><strong>quod</strong></span> <span class='ocrx_word' id='word_1_313' title='bbox 878 2074 982 2102; x_wconf 85' lang='lat' dir='ltr'><strong>crucia-</strong></span> 
     </span>
    </p>
   </div>
   <div class='ocr_carea' id='block_1_45' title="bbox 196 2120 982 2153">
    <p class='ocr_par' dir='ltr' id='par_1_45' title="bbox 196 2120 982 2153">
     <span class='ocr_line' id='line_1_45' title="bbox 196 2120 982 2153; baseline 0.001 -7"><span class='ocrx_word' id='word_1_314' title='bbox 196 2124 238 2146; x_wconf 88' lang='lat' dir='ltr'><strong>tus</strong></span> <span class='ocrx_word' id='word_1_315' title='bbox 253 2120 454 2151; x_wconf 86' lang='lat' dir='ltr'><strong>damnatorum,</strong></span> <span class='ocrx_word' id='word_1_316' title='bbox 469 2120 491 2147; x_wconf 90' lang='lat' dir='ltr'><strong>si</strong></span> <span class='ocrx_word' id='word_1_317' title='bbox 509 2120 599 2147; x_wconf 90' lang='lat' dir='ltr'><strong>minus</strong></span> <span class='ocrx_word' id='word_1_318' title='bbox 615 2120 699 2153; x_wconf 81' lang='lat' dir='ltr'><strong>finiri,</strong></span> <span class='ocrx_word' id='word_1_319' title='bbox 725 2125 753 2147; x_wconf 89' lang='lat' dir='ltr'><strong>at.</strong></span> <span class='ocrx_word' id='word_1_320' title='bbox 770 2121 892 2147; x_wconf 86' lang='lat' dir='ltr'><strong>vivorum</strong></span> <span class='ocrx_word' id='word_1_321' title='bbox 908 2125 982 2147; x_wconf 91' lang='lat' dir='ltr'><strong>certe</strong></span> 
     </span>
    </p>
   </div>
   <div class='ocr_carea' id='block_1_46' title="bbox 196 2165 981 2201">
    <p class='ocr_par' dir='ltr' id='par_1_46' title="bbox 196 2165 981 2201">
     <span class='ocr_line' id='line_1_46' title="bbox 196 2165 981 2201; baseline 0 -9"><span class='ocrx_word' id='word_1_322' title='bbox 196 2165 319 2200; x_wconf 88' lang='lat' dir='ltr'><strong>precibus</strong></span> <span class='ocrx_word' id='word_1_323' title='bbox 333 2170 360 2193; x_wconf 91' lang='lat' dir='ltr'><strong>et</strong></span> <span class='ocrx_word' id='word_1_324' title='bbox 373 2166 514 2193; x_wconf 85' lang='lat' dir='ltr'><strong>sacrificiis</strong></span> <span class='ocrx_word' id='word_1_325' title='bbox 537 2166 654 2201; x_wconf 75' lang='lat' dir='ltr'><strong>mitigari</strong></span> <span class='ocrx_word' id='word_1_326' title='bbox 673 2167 793 2201; x_wconf 78' lang='lat' dir='ltr'><strong>putavit;</strong></span> <span class='ocrx_word' id='word_1_327' title='bbox 820 2166 864 2193; x_wconf 91' lang='lat' dir='ltr'><strong>hic</strong></span> <span class='ocrx_word' id='word_1_328' title='bbox 881 2166 907 2192; x_wconf 94' lang='lat' dir='ltr'><strong>in</strong></span> <span class='ocrx_word' id='word_1_329' title='bbox 926 2165 981 2193; x_wconf 85' lang='lat' dir='ltr'><strong>En-</strong></span> 
     </span>
    </p>
   </div>
   <div class='ocr_carea' id='block_1_47' title="bbox 196 2211 983 2246">
    <p class='ocr_par' dir='ltr' id='par_1_47' title="bbox 196 2211 983 2246">
     <span class='ocr_line' id='line_1_47' title="bbox 196 2211 983 2246; baseline 0.001 -8"><span class='ocrx_word' id='word_1_330' title='bbox 196 2211 307 2238; x_wconf 81' lang='lat' dir='ltr'><strong>cltiridt&#39;o</strong></span> <span class='ocrx_word' id='word_1_331' title='bbox 320 2212 355 2238; x_wconf 81' lang='lat' dir='ltr'><strong>ad</strong></span> <span class='ocrx_word' id='word_1_332' title='bbox 372 2211 554 2245; x_wconf 79' lang='lat' dir='ltr'><strong>Laurentium,</strong></span> <span class='ocrx_word' id='word_1_333' title='bbox 574 2219 634 2246; x_wconf 90' lang='lat' dir='ltr'><strong>cap.</strong></span> <span class='ocrx_word' id='word_1_334' title='bbox 652 2212 704 2239; x_wconf 80' lang='grc'><strong>110</strong></span> <span class='ocrx_word' id='word_1_335' title='bbox 725 2216 753 2239; x_wconf 92' lang='lat' dir='ltr'><strong>et</strong></span> <span class='ocrx_word' id='word_1_336' title='bbox 778 2211 840 2244; x_wconf 75' lang='lat'><strong>“2,</strong></span> <span class='ocrx_word' id='word_1_337' title='bbox 859 2211 905 2238; x_wconf 86' lang='lat' dir='ltr'><strong>ille</strong></span> <span class='ocrx_word' id='word_1_338' title='bbox 919 2212 945 2239; x_wconf 94' lang='lat' dir='ltr'><strong>in</strong></span> <span class='ocrx_word' id='word_1_339' title='bbox 965 2212 983 2239; x_wconf 78' lang='grc'>5</span> 
     </span>
    </p>
   </div>
   <div class='ocr_carea' id='block_1_48' title="bbox 1021 288 1806 322">
    <p class='ocr_par' dir='ltr' id='par_1_48' title="bbox 1021 288 1806 322">
     <span class='ocr_line' id='line_1_48' title="bbox 1021 288 1806 322; baseline -0.001 -5"><span class='ocrx_word' id='word_1_340' title='bbox 1021 297 1055 317; x_wconf 85' lang='lat' dir='ltr'><strong>cx</strong></span> <span class='ocrx_word' id='word_1_341' title='bbox 1084 289 1127 316; x_wconf 89' lang='lat' dir='ltr'><strong>illo</strong></span> <span class='ocrx_word' id='word_1_342' title='bbox 1144 288 1267 316; x_wconf 66' lang='lat' dir='ltr'><strong>Ieremia:</strong></span> <span class='ocrx_word' id='word_1_343' title='bbox 1285 289 1382 321; x_wconf 69' lang='lat' dir='ltr'><strong>.t,22:</strong></span> <span class='ocrx_word' id='word_1_344' title='bbox 1408 298 1416 314; x_wconf 84' lang='grc' dir='ltr'><strong>ι</strong></span> <span class='ocrx_word' id='word_1_345' title='bbox 1443 289 1470 316; x_wconf 92' lang='lat' dir='ltr'><strong>Si</strong></span> <span class='ocrx_word' id='word_1_346' title='bbox 1494 289 1592 316; x_wconf 84' lang='lat' dir='ltr'><strong>laveris</strong></span> <span class='ocrx_word' id='word_1_347' title='bbox 1618 293 1644 316; x_wconf 90' lang='lat' dir='ltr'><strong>te</strong></span> <span class='ocrx_word' id='word_1_348' title='bbox 1668 290 1756 322; x_wconf 81' lang='lat' dir='ltr'><strong>nitro,</strong></span> <span class='ocrx_word' id='word_1_349' title='bbox 1778 293 1806 317; x_wconf 79' lang='lat' dir='ltr'><strong>et</strong></span> 
     </span>
    </p>
   </div>
   <div class='ocr_carea' id='block_1_49' title="bbox 1023 335 1804 370">
    <p class='ocr_par' dir='ltr' id='par_1_49' title="bbox 1023 335 1804 370">
     <span class='ocr_line' id='line_1_49' title="bbox 1023 335 1804 370; baseline 0 -8"><span class='ocrx_word' id='word_1_350' title='bbox 1023 335 1243 370; x_wconf 88' lang='lat' dir='ltr'><strong>tnnltiplicaveris</strong></span> <span class='ocrx_word' id='word_1_351' title='bbox 1259 336 1304 362; x_wconf 91' lang='lat' dir='ltr'><strong>tibi</strong></span> <span class='ocrx_word' id='word_1_352' title='bbox 1322 335 1431 362; x_wconf 90' lang='lat' dir='ltr'><strong>herbam</strong></span> <span class='ocrx_word' id='word_1_353' title='bbox 1456 335 1554 365; x_wconf 87' lang='lat' dir='ltr'><strong>borith,</strong></span> <span class='ocrx_word' id='word_1_354' title='bbox 1581 335 1713 361; x_wconf 77' lang='lat' dir='ltr'><strong>maculata</strong></span> <span class='ocrx_word' id='word_1_355' title='bbox 1734 342 1763 362; x_wconf 89' lang='lat' dir='ltr'><strong>es</strong></span> <span class='ocrx_word' id='word_1_356' title='bbox 1778 336 1804 362; x_wconf 90' lang='lat' dir='ltr'><strong>in</strong></span> 
     </span>
    </p>
   </div>
   <div class='ocr_carea' id='block_1_50' title="bbox 1022 381 1802 416">
    <p class='ocr_par' dir='ltr' id='par_1_50' title="bbox 1022 381 1802 416">
     <span class='ocr_line' id='line_1_50' title="bbox 1022 381 1802 416; baseline -0.001 -8"><span class='ocrx_word' id='word_1_357' title='bbox 1022 381 1165 416; x_wconf 86' lang='lat' dir='ltr'><strong>iniquitate</strong></span> <span class='ocrx_word' id='word_1_358' title='bbox 1188 386 1230 408; x_wconf 90' lang='lat' dir='ltr'><strong>tua</strong></span> <span class='ocrx_word' id='word_1_359' title='bbox 1255 389 1346 409; x_wconf 87' lang='lat' dir='ltr'><strong>coram</strong></span> <span class='ocrx_word' id='word_1_360' title='bbox 1373 389 1432 412; x_wconf 86' lang='lat' dir='ltr'><strong>me,</strong></span> <span class='ocrx_word' id='word_1_361' title='bbox 1456 381 1520 408; x_wconf 92' lang='lat' dir='ltr'><strong>dicit</strong></span> <span class='ocrx_word' id='word_1_362' title='bbox 1544 381 1670 408; x_wconf 89' lang='lat' dir='ltr'><strong>Dominus</strong></span> <span class='ocrx_word' id='word_1_363' title='bbox 1693 381 1772 408; x_wconf 90' lang='lat' dir='ltr'><strong>Deus.</strong></span> <span class='ocrx_word' id='word_1_364' title='bbox 1793 391 1802 407; x_wconf 76' lang='grc' dir='ltr'><strong>ι</strong></span> 
     </span>
    </p>
   </div>
   <div class='ocr_carea' id='block_1_51' title="bbox 1023 426 1805 460">
    <p class='ocr_par' dir='ltr' id='par_1_51' title="bbox 1023 426 1805 460">
     <span class='ocr_line' id='line_1_51' title="bbox 1023 426 1805 460; baseline 0.003 -7"><span class='ocrx_word' id='word_1_365' title='bbox 1023 427 1099 454; x_wconf 87' lang='lat' dir='ltr'><strong>Prius</strong></span> <span class='ocrx_word' id='word_1_366' title='bbox 1131 427 1195 453; x_wconf 90' lang='lat' dir='ltr'><strong>illud</strong></span> <span class='ocrx_word' id='word_1_367' title='bbox 1223 426 1361 454; x_wconf 75' lang='lat' dir='ltr'><strong>Malachize</strong></span> <span class='ocrx_word' id='word_1_368' title='bbox 1393 426 1532 460; x_wconf 87' lang='lat' dir='ltr'><strong>usurpavit</strong></span> <span class='ocrx_word' id='word_1_369' title='bbox 1552 426 1682 460; x_wconf 81' lang='lat' dir='ltr'><strong>Origenes</strong></span> <span class='ocrx_word' id='word_1_370' title='bbox 1712 427 1758 456; x_wconf 91' lang='lat' dir='ltr'><strong>lib.</strong></span> <span class='ocrx_word' id='word_1_371' title='bbox 1780 435 1805 455; x_wconf 75' lang='lat' dir='ltr'><strong>v1</strong></span> 
     </span>
    </p>
   </div>
   <div class='ocr_carea' id='block_1_52' title="bbox 1023 472 1806 507">
    <p class='ocr_par' dir='ltr' id='par_1_52' title="bbox 1023 472 1806 507">
     <span class='ocr_line' id='line_1_52' title="bbox 1023 472 1806 507; baseline 0.001 -8"><span class='ocrx_word' id='word_1_372' title='bbox 1023 478 1113 500; x_wconf 84' lang='lat' dir='ltr'><strong>contra</strong></span> <span class='ocrx_word' id='word_1_373' title='bbox 1127 472 1208 504; x_wconf 66' lang='grc' dir='ltr'><strong>σοις..</strong></span> <span class='ocrx_word' id='word_1_374' title='bbox 1226 480 1287 500; x_wconf 84' lang='lat' dir='ltr'><strong>cum</strong></span> <span class='ocrx_word' id='word_1_375' title='bbox 1302 477 1433 507; x_wconf 61' lang='lat' dir='ltr'><strong>quaereret</strong></span> <span class='ocrx_word' id='word_1_376' title='bbox 1445 480 1529 506; x_wconf 89' lang='lat' dir='ltr'><strong>quare</strong></span> <span class='ocrx_word' id='word_1_377' title='bbox 1546 472 1621 500; x_wconf 86' lang='lat' dir='ltr'><strong>vallis</strong></span> <span class='ocrx_word' id='word_1_378' title='bbox 1631 472 1736 505; x_wconf 86' lang='lat' dir='ltr'><strong>Ennon.</strong></span> <span class='ocrx_word' id='word_1_379' title='bbox 1746 480 1806 507; x_wconf 82' lang='lat' dir='ltr'><strong>qua:</strong></span> 
     </span>
    </p>
   </div>
   <div class='ocr_carea' id='block_1_53' title="bbox 1024 518 1805 554">
    <p class='ocr_par' dir='ltr' id='par_1_53' title="bbox 1024 518 1805 554">
     <span class='ocr_line' id='line_1_53' title="bbox 1024 518 1805 554; baseline 0.004 -10"><span class='ocrx_word' id='word_1_380' title='bbox 1024 518 1079 552; x_wconf 85' lang='lat' dir='ltr'><strong>ipsa</strong></span> <span class='ocrx_word' id='word_1_381' title='bbox 1103 524 1144 546; x_wconf 85' lang='lat' dir='ltr'><strong>est</strong></span> <span class='ocrx_word' id='word_1_382' title='bbox 1166 519 1288 554; x_wconf 82' lang='lat' dir='ltr'><strong>gehenna</strong></span> <span class='ocrx_word' id='word_1_383' title='bbox 1319 523 1347 545; x_wconf 85' lang='lat' dir='ltr'><strong>et</strong></span> <span class='ocrx_word' id='word_1_384' title='bbox 1376 525 1516 553; x_wconf 75' lang='lat' dir='ltr'><strong>pmnarum</strong></span> <span class='ocrx_word' id='word_1_385' title='bbox 1542 518 1634 549; x_wconf 88' lang='lat' dir='ltr'><strong>locus,</strong></span> <span class='ocrx_word' id='word_1_386' title='bbox 1664 519 1689 546; x_wconf 94' lang='lat' dir='ltr'><strong>in</strong></span> <span class='ocrx_word' id='word_1_387' title='bbox 1712 520 1805 547; x_wconf 87' lang='lat' dir='ltr'><strong>eadem</strong></span> 
     </span>
    </p>
   </div>
   <div class='ocr_carea' id='block_1_54' title="bbox 1025 564 1807 599">
    <p class='ocr_par' dir='ltr' id='par_1_54' title="bbox 1025 564 1807 599">
     <span class='ocr_line' id='line_1_54' title="bbox 1025 564 1807 599; baseline 0.003 -8"><span class='ocrx_word' id='word_1_388' title='bbox 1025 565 1107 597; x_wconf 93' lang='lat' dir='ltr'><strong>tribu,</strong></span> <span class='ocrx_word' id='word_1_389' title='bbox 1124 564 1299 598; x_wconf 84' lang='lat' dir='ltr'><strong>Bcnjamitica</strong></span> <span class='ocrx_word' id='word_1_390' title='bbox 1316 564 1452 596; x_wconf 87' lang='lat' dir='ltr'><strong>nimirum,</strong></span> <span class='ocrx_word' id='word_1_391' title='bbox 1468 564 1493 591; x_wconf 95' lang='lat' dir='ltr'><strong>in</strong></span> <span class='ocrx_word' id='word_1_392' title='bbox 1509 572 1562 599; x_wconf 90' lang='lat' dir='ltr'><strong>qua</strong></span> <span class='ocrx_word' id='word_1_393' title='bbox 1577 564 1734 597; x_wconf 83' lang='lat' dir='ltr'><strong>Jerusalem,</strong></span> <span class='ocrx_word' id='word_1_394' title='bbox 1748 573 1807 593; x_wconf 88' lang='lat' dir='ltr'><strong>ceu-</strong></span> 
     </span>
    </p>
   </div>
   <div class='ocr_carea' id='block_1_55' title="bbox 1024 610 1803 646">
    <p class='ocr_par' dir='ltr' id='par_1_55' title="bbox 1024 610 1803 646">
     <span class='ocr_line' id='line_1_55' title="bbox 1024 610 1803 646; baseline 0.003 -9"><span class='ocrx_word' id='word_1_395' title='bbox 1024 616 1142 643; x_wconf 87' lang='lat' dir='ltr'><strong>seretur;</strong></span> <span class='ocrx_word' id='word_1_396' title='bbox 1162 611 1359 646; x_wconf 88' lang='lat' dir='ltr'><strong>respondetque</strong></span> <span class='ocrx_word' id='word_1_397' title='bbox 1373 610 1459 638; x_wconf 90' lang='lat' dir='ltr'><strong>Ioeum</strong></span> <span class='ocrx_word' id='word_1_398' title='bbox 1475 611 1545 637; x_wconf 91' lang='lat' dir='ltr'><strong>hunc</strong></span> <span class='ocrx_word' id='word_1_399' title='bbox 1561 618 1701 645; x_wconf 68' lang='lat' dir='ltr'><strong>pinnarum</strong></span> <span class='ocrx_word' id='word_1_400' title='bbox 1717 612 1803 645; x_wconf 87' lang='lat' dir='ltr'><strong>accipi</strong></span> 
     </span>
    </p>
   </div>
   <div class='ocr_carea' id='block_1_56' title="bbox 1024 657 1807 691">
    <p class='ocr_par' dir='ltr' id='par_1_56' title="bbox 1024 657 1807 691">
     <span class='ocr_line' id='line_1_56' title="bbox 1024 657 1807 691; baseline 0.005 -9"><span class='ocrx_word' id='word_1_401' title='bbox 1024 664 1073 691; x_wconf 92' lang='lat' dir='ltr'><strong>pro</strong></span> <span class='ocrx_word' id='word_1_402' title='bbox 1089 657 1253 684; x_wconf 88' lang='lat' dir='ltr'><strong>cruciatibus</strong></span> <span class='ocrx_word' id='word_1_403' title='bbox 1274 657 1447 691; x_wconf 77' lang='lat' dir='ltr'><strong>purgatoriis,</strong></span> <span class='ocrx_word' id='word_1_404' title='bbox 1467 657 1510 691; x_wconf 88' lang='lat' dir='ltr'><strong>qui</strong></span> <span class='ocrx_word' id='word_1_405' title='bbox 1533 665 1547 684; x_wconf 88' lang='lat' dir='ltr'><strong>a</strong></span> <span class='ocrx_word' id='word_1_406' title='bbox 1570 657 1688 685; x_wconf 75' lang='lat' dir='ltr'><strong>caelestis</strong></span> <span class='ocrx_word' id='word_1_407' title='bbox 1702 657 1807 686; x_wconf 87' lang='lat' dir='ltr'><strong>Jcroso-</strong></span> 
     </span>
    </p>
   </div>
   <div class='ocr_carea' id='block_1_57' title="bbox 1024 702 1806 738">
    <p class='ocr_par' dir='ltr' id='par_1_57' title="bbox 1024 702 1806 738">
     <span class='ocr_line' id='line_1_57' title="bbox 1024 702 1806 738; baseline 0.004 -10"><span class='ocrx_word' id='word_1_408' title='bbox 1024 702 1101 738; x_wconf 68' lang='lat' dir='ltr'><strong>Iymze</strong></span> <span class='ocrx_word' id='word_1_409' title='bbox 1116 702 1189 738; x_wconf 83' lang='lat' dir='ltr'><strong>Rege</strong></span> <span class='ocrx_word' id='word_1_410' title='bbox 1202 710 1234 729; x_wconf 91' lang='lat' dir='ltr'><strong>ac</strong></span> <span class='ocrx_word' id='word_1_411' title='bbox 1249 702 1361 730; x_wconf 92' lang='lat' dir='ltr'><strong>Domino</strong></span> <span class='ocrx_word' id='word_1_412' title='bbox 1374 703 1471 730; x_wconf 67' lang='lat' dir='ltr'><strong>animae</strong></span> <span class='ocrx_word' id='word_1_413' title='bbox 1483 703 1646 738; x_wconf 74' lang='lat' dir='ltr'><strong>inﬂiguntur,</strong></span> <span class='ocrx_word' id='word_1_414' title='bbox 1659 705 1806 731; x_wconf 88' lang='lat' dir='ltr'><strong>secumlmn</strong></span> 
     </span>
    </p>
   </div>
   <div class='ocr_carea' id='block_1_58' title="bbox 1026 748 1807 785">
    <p class='ocr_par' dir='ltr' id='par_1_58' title="bbox 1026 748 1807 785">
     <span class='ocr_line' id='line_1_58' title="bbox 1026 748 1807 785; baseline 0.005 -12"><span class='ocrx_word' id='word_1_415' title='bbox 1026 749 1105 775; x_wconf 75' lang='lat' dir='ltr'><strong>verba</strong></span> <span class='ocrx_word' id='word_1_416' title='bbox 1119 757 1133 776; x_wconf 95' lang='lat' dir='ltr'><strong>e</strong></span> <span class='ocrx_word' id='word_1_417' title='bbox 1145 748 1275 775; x_wconf 80' lang='lat' dir='ltr'><strong>Malachia</strong></span> <span class='ocrx_word' id='word_1_418' title='bbox 1288 749 1414 776; x_wconf 89' lang='lat' dir='ltr'><strong>adducta.</strong></span> <span class='ocrx_word' id='word_1_419' title='bbox 1429 748 1570 777; x_wconf 90' lang='lat' dir='ltr'><strong>Subnectit</strong></span> <span class='ocrx_word' id='word_1_420' title='bbox 1586 750 1692 776; x_wconf 90' lang='lat' dir='ltr'><strong>demum</strong></span> <span class='ocrx_word' id='word_1_421' title='bbox 1709 756 1807 785; x_wconf 87' lang='lat' dir='ltr'><strong>myste-</strong></span> 
     </span>
    </p>
   </div>
   <div class='ocr_carea' id='block_1_59' title="bbox 1024 794 1806 830">
    <p class='ocr_par' dir='ltr' id='par_1_59' title="bbox 1024 794 1806 830">
     <span class='ocr_line' id='line_1_59' title="bbox 1024 794 1806 830; baseline 0.003 -10"><span class='ocrx_word' id='word_1_422' title='bbox 1024 794 1063 821; x_wconf 88' lang='lat' dir='ltr'><strong>ria</strong></span> <span class='ocrx_word' id='word_1_423' title='bbox 1081 794 1137 821; x_wconf 78' lang='lat' dir='ltr'><strong>lucc</strong></span> <span class='ocrx_word' id='word_1_424' title='bbox 1150 794 1257 821; x_wconf 88' lang='lat' dir='ltr'><strong>silentio</strong></span> <span class='ocrx_word' id='word_1_425' title='bbox 1273 795 1450 829; x_wconf 82' lang='lat' dir='ltr'><strong>obsignanda,</strong></span> <span class='ocrx_word' id='word_1_426' title='bbox 1467 803 1501 822; x_wconf 87' lang='lat' dir='ltr'><strong>tte</strong></span> <span class='ocrx_word' id='word_1_427' title='bbox 1515 795 1636 823; x_wconf 90' lang='lat' dir='ltr'><strong>homines</strong></span> <span class='ocrx_word' id='word_1_428' title='bbox 1653 802 1765 830; x_wconf 87' lang='lat' dir='ltr'><strong>nequam</strong></span> <span class='ocrx_word' id='word_1_429' title='bbox 1780 796 1806 823; x_wconf 93' lang='lat' dir='ltr'><strong>iu</strong></span> 
     </span>
    </p>
   </div>
   <div class='ocr_carea' id='block_1_60' title="bbox 1024 840 1806 875">
    <p class='ocr_par' dir='ltr' id='par_1_60' title="bbox 1024 840 1806 875">
     <span class='ocr_line' id='line_1_60' title="bbox 1024 840 1806 875; baseline 0.003 -9"><span class='ocrx_word' id='word_1_430' title='bbox 1024 840 1118 866; x_wconf 87' lang='lat' dir='ltr'><strong>vitium</strong></span> <span class='ocrx_word' id='word_1_431' title='bbox 1140 840 1256 867; x_wconf 49' lang='lat' dir='ltr'><strong>t‘ﬂ‘renes</strong></span> <span class='ocrx_word' id='word_1_432' title='bbox 1285 846 1382 873; x_wconf 89' lang='lat' dir='ltr'><strong>ruattt,</strong></span> <span class='ocrx_word' id='word_1_433' title='bbox 1412 840 1510 875; x_wconf 89' lang='lat' dir='ltr'><strong>quippe</strong></span> <span class='ocrx_word' id='word_1_434' title='bbox 1533 841 1577 875; x_wconf 90' lang='lat' dir='ltr'><strong>qui</strong></span> <span class='ocrx_word' id='word_1_435' title='bbox 1601 849 1636 868; x_wconf 81' lang='lat' dir='ltr'><strong>ne</strong></span> <span class='ocrx_word' id='word_1_436' title='bbox 1666 848 1806 875; x_wconf 71' lang='lat' dir='ltr'><strong>pmnarum</strong></span> 
     </span>
    </p>
   </div>
   <div class='ocr_carea' id='block_1_61' title="bbox 1025 886 1807 921">
    <p class='ocr_par' dir='ltr' id='par_1_61' title="bbox 1025 886 1807 921">
     <span class='ocr_line' id='line_1_61' title="bbox 1025 886 1807 921; baseline 0.005 -10"><span class='ocrx_word' id='word_1_437' title='bbox 1025 886 1132 920; x_wconf 85' lang='lat' dir='ltr'><strong>quidem</strong></span> <span class='ocrx_word' id='word_1_438' title='bbox 1154 892 1333 918; x_wconf 68' lang='lat' dir='ltr'><strong>aatcrnnrum,</strong></span> <span class='ocrx_word' id='word_1_439' title='bbox 1349 891 1376 913; x_wconf 89' lang='lat' dir='ltr'><strong>et</strong></span> <span class='ocrx_word' id='word_1_440' title='bbox 1396 886 1448 913; x_wconf 89' lang='lat' dir='ltr'><strong>fine</strong></span> <span class='ocrx_word' id='word_1_441' title='bbox 1472 887 1622 913; x_wconf 87' lang='lat' dir='ltr'><strong>carentium</strong></span> <span class='ocrx_word' id='word_1_442' title='bbox 1637 888 1762 921; x_wconf 88' lang='lat' dir='ltr'><strong>opinione</strong></span> <span class='ocrx_word' id='word_1_443' title='bbox 1776 896 1807 915; x_wconf 86' lang='lat' dir='ltr'><strong>ae</strong></span> 
     </span>
    </p>
   </div>
   <div class='ocr_carea' id='block_1_62' title="bbox 1025 932 1809 967">
    <p class='ocr_par' dir='ltr' id='par_1_62' title="bbox 1025 932 1809 967">
     <span class='ocr_line' id='line_1_62' title="bbox 1025 932 1809 967; baseline 0.005 -10"><span class='ocrx_word' id='word_1_444' title='bbox 1025 936 1096 958; x_wconf 84' lang='lat' dir='ltr'><strong>metu</strong></span> <span class='ocrx_word' id='word_1_445' title='bbox 1121 939 1136 958; x_wconf 92' lang='lat' dir='ltr'><strong>a</strong></span> <span class='ocrx_word' id='word_1_446' title='bbox 1161 932 1307 959; x_wconf 86' lang='lat' dir='ltr'><strong>sceleribus</strong></span> <span class='ocrx_word' id='word_1_447' title='bbox 1335 932 1548 959; x_wconf 86' lang='lat' dir='ltr'><strong>absterreantur.</strong></span> <span class='ocrx_word' id='word_1_448' title='bbox 1580 932 1655 966; x_wconf 90' lang='lat' dir='ltr'><strong>Quod</strong></span> <span class='ocrx_word' id='word_1_449' title='bbox 1676 935 1809 967; x_wconf 87' lang='lat' dir='ltr'><strong>expressit</strong></span> 
     </span>
    </p>
   </div>
   <div class='ocr_carea' id='block_1_63' title="bbox 1025 975 1809 1014">
    <p class='ocr_par' dir='ltr' id='par_1_63' title="bbox 1025 975 1809 1014">
     <span class='ocr_line' id='line_1_63' title="bbox 1025 975 1809 1014; baseline 0.005 -12"><span class='ocrx_word' id='word_1_450' title='bbox 1025 975 1205 1012; x_wconf 87' lang='lat' dir='ltr'><strong>Hieronymus</strong></span> <span class='ocrx_word' id='word_1_451' title='bbox 1224 978 1250 1004; x_wconf 90' lang='lat' dir='ltr'><strong>in</strong></span> <span class='ocrx_word' id='word_1_452' title='bbox 1273 978 1324 1005; x_wconf 89' lang='lat' dir='ltr'><strong>line</strong></span> <span class='ocrx_word' id='word_1_453' title='bbox 1349 977 1493 1005; x_wconf 85' lang='lat' dir='ltr'><strong>Comment.</strong></span> <span class='ocrx_word' id='word_1_454' title='bbox 1514 979 1540 1005; x_wconf 85' lang='lat' dir='ltr'><strong>iu</strong></span> <span class='ocrx_word' id='word_1_455' title='bbox 1564 977 1674 1006; x_wconf 79' lang='lat' dir='ltr'><strong>Isaiam.</strong></span> <span class='ocrx_word' id='word_1_456' title='bbox 1701 979 1809 1014; x_wconf 77' lang='lat' dir='ltr'><strong>Perspi-</strong></span> 
     </span>
    </p>
   </div>
   <div class='ocr_carea' id='block_1_64' title="bbox 1025 1024 1807 1058">
    <p class='ocr_par' dir='ltr' id='par_1_64' title="bbox 1025 1024 1807 1058">
     <span class='ocr_line' id='line_1_64' title="bbox 1025 1024 1807 1058; baseline 0.004 -10"><span class='ocrx_word' id='word_1_457' title='bbox 1025 1030 1104 1049; x_wconf 89' lang='lat' dir='ltr'><strong>cuum</strong></span> <span class='ocrx_word' id='word_1_458' title='bbox 1132 1027 1173 1050; x_wconf 89' lang='lat' dir='ltr'><strong>esl</strong></span> <span class='ocrx_word' id='word_1_459' title='bbox 1195 1024 1286 1058; x_wconf 87' lang='lat' dir='ltr'><strong>itaque</strong></span> <span class='ocrx_word' id='word_1_460' title='bbox 1305 1024 1465 1051; x_wconf 87' lang='lat' dir='ltr'><strong>sententiam</strong></span> <span class='ocrx_word' id='word_1_461' title='bbox 1488 1024 1556 1051; x_wconf 89' lang='lat' dir='ltr'><strong>hanc</strong></span> <span class='ocrx_word' id='word_1_462' title='bbox 1578 1025 1609 1052; x_wconf 86' lang='lat' dir='ltr'><strong>de</strong></span> <span class='ocrx_word' id='word_1_463' title='bbox 1632 1025 1807 1052; x_wconf 88' lang='lat' dir='ltr'><strong>terminamlis</strong></span> 
     </span>
    </p>
   </div>
   <div class='ocr_carea' id='block_1_65' title="bbox 1026 1067 1808 1103">
    <p class='ocr_par' dir='ltr' id='par_1_65' title="bbox 1026 1067 1808 1103">
     <span class='ocr_line' id='line_1_65' title="bbox 1026 1067 1808 1103; baseline 0.003 -10"><span class='ocrx_word' id='word_1_464' title='bbox 1026 1067 1170 1102; x_wconf 91' lang='lat' dir='ltr'><strong>aliquando</strong></span> <span class='ocrx_word' id='word_1_465' title='bbox 1192 1068 1378 1095; x_wconf 87' lang='lat' dir='ltr'><strong>damnatorum</strong></span> <span class='ocrx_word' id='word_1_466' title='bbox 1395 1068 1546 1103; x_wconf 80' lang='lat' dir='ltr'><strong>suppliciis,</strong></span> <span class='ocrx_word' id='word_1_467' title='bbox 1573 1067 1697 1103; x_wconf 81' lang='lat' dir='ltr'><strong>Origenis</strong></span> <span class='ocrx_word' id='word_1_468' title='bbox 1717 1073 1808 1101; x_wconf 84' lang='lat' dir='ltr'><strong>:elate,</strong></span> 
     </span>
    </p>
   </div>
   <div class='ocr_carea' id='block_1_66' title="bbox 1026 1113 1810 1148">
    <p class='ocr_par' dir='ltr' id='par_1_66' title="bbox 1026 1113 1810 1148">
     <span class='ocr_line' id='line_1_66' title="bbox 1026 1113 1810 1148; baseline 0.001 -8"><span class='ocrx_word' id='word_1_469' title='bbox 1026 1113 1171 1148; x_wconf 84' lang='lat' dir='ltr'><strong>multisque</strong></span> <span class='ocrx_word' id='word_1_470' title='bbox 1192 1118 1249 1148; x_wconf 88' lang='lat' dir='ltr'><strong>post</strong></span> <span class='ocrx_word' id='word_1_471' title='bbox 1278 1114 1368 1146; x_wconf 89' lang='lat' dir='ltr'><strong>annis,</strong></span> <span class='ocrx_word' id='word_1_472' title='bbox 1392 1114 1511 1141; x_wconf 89' lang='lat' dir='ltr'><strong>nondum</strong></span> <span class='ocrx_word' id='word_1_473' title='bbox 1537 1114 1612 1141; x_wconf 86' lang='lat' dir='ltr'><strong>clara</strong></span> <span class='ocrx_word' id='word_1_474' title='bbox 1637 1115 1770 1143; x_wconf 57' lang='lat' dir='ltr'><strong>haereseos</strong></span> <span class='ocrx_word' id='word_1_475' title='bbox 1783 1119 1810 1141; x_wconf 89' lang='lat' dir='ltr'><strong>ct</strong></span> 
     </span>
    </p>
   </div>
   <div class='ocr_carea' id='block_1_67' title="bbox 1026 1159 1810 1195">
    <p class='ocr_par' dir='ltr' id='par_1_67' title="bbox 1026 1159 1810 1195">
     <span class='ocr_line' id='line_1_67' title="bbox 1026 1159 1810 1195; baseline 0.003 -10"><span class='ocrx_word' id='word_1_476' title='bbox 1026 1166 1152 1193; x_wconf 84' lang='lat' dir='ltr'><strong>expressa</strong></span> <span class='ocrx_word' id='word_1_477' title='bbox 1168 1164 1230 1186; x_wconf 89' lang='lat' dir='ltr'><strong>nota</strong></span> <span class='ocrx_word' id='word_1_478' title='bbox 1244 1159 1327 1187; x_wconf 85' lang='lat' dir='ltr'><strong>fuisse</strong></span> <span class='ocrx_word' id='word_1_479' title='bbox 1341 1159 1511 1192; x_wconf 85' lang='lat' dir='ltr'><strong>infamatam,</strong></span> <span class='ocrx_word' id='word_1_480' title='bbox 1528 1165 1556 1187; x_wconf 91' lang='lat' dir='ltr'><strong>ut</strong></span> <span class='ocrx_word' id='word_1_481' title='bbox 1570 1165 1630 1195; x_wconf 89' lang='lat' dir='ltr'><strong>pote</strong></span> <span class='ocrx_word' id='word_1_482' title='bbox 1648 1168 1728 1194; x_wconf 91' lang='lat' dir='ltr'><strong>quam</strong></span> <span class='ocrx_word' id='word_1_483' title='bbox 1742 1168 1810 1187; x_wconf 93' lang='lat' dir='ltr'><strong>non-</strong></span> 
     </span>
    </p>
   </div>
   <div class='ocr_carea' id='block_1_68' title="bbox 1026 1205 1810 1240">
    <p class='ocr_par' dir='ltr' id='par_1_68' title="bbox 1026 1205 1810 1240">
     <span class='ocr_line' id='line_1_68' title="bbox 1026 1205 1810 1240; baseline 0.003 -8"><span class='ocrx_word' id='word_1_484' title='bbox 1026 1205 1090 1232; x_wconf 91' lang='lat' dir='ltr'><strong>nulli</strong></span> <span class='ocrx_word' id='word_1_485' title='bbox 1106 1206 1139 1233; x_wconf 89' lang='lat' dir='ltr'><strong>de</strong></span> <span class='ocrx_word' id='word_1_486' title='bbox 1154 1211 1224 1233; x_wconf 67' lang='lat' dir='ltr'><strong>cmtu</strong></span> <span class='ocrx_word' id='word_1_487' title='bbox 1239 1206 1358 1238; x_wconf 84' lang='lat' dir='ltr'><strong>Patrum,</strong></span> <span class='ocrx_word' id='word_1_488' title='bbox 1380 1205 1451 1240; x_wconf 84' lang='lat' dir='ltr'><strong>iique</strong></span> <span class='ocrx_word' id='word_1_489' title='bbox 1468 1214 1520 1233; x_wconf 94' lang='lat' dir='ltr'><strong>non</strong></span> <span class='ocrx_word' id='word_1_490' title='bbox 1540 1206 1622 1233; x_wconf 84' lang='lat' dir='ltr'><strong>infimi</strong></span> <span class='ocrx_word' id='word_1_491' title='bbox 1643 1211 1742 1240; x_wconf 86' lang='lat' dir='ltr'><strong>puncto</strong></span> <span class='ocrx_word' id='word_1_492' title='bbox 1762 1214 1810 1234; x_wconf 92' lang='lat' dir='ltr'><strong>suo</strong></span> 
     </span>
    </p>
   </div>
   <div class='ocr_carea' id='block_1_69' title="bbox 1027 1251 1810 1286">
    <p class='ocr_par' dir='ltr' id='par_1_69' title="bbox 1027 1251 1810 1286">
     <span class='ocr_line' id='line_1_69' title="bbox 1027 1251 1810 1286; baseline 0.003 -8"><span class='ocrx_word' id='word_1_493' title='bbox 1027 1251 1238 1286; x_wconf 86' lang='lat' dir='ltr'><strong>comprobariut.</strong></span> <span class='ocrx_word' id='word_1_494' title='bbox 1269 1251 1399 1285; x_wconf 83' lang='lat' dir='ltr'><strong>Quocirca</strong></span> <span class='ocrx_word' id='word_1_495' title='bbox 1433 1252 1580 1280; x_wconf 82' lang='lat' dir='ltr'><strong>Fecundus</strong></span> <span class='ocrx_word' id='word_1_496' title='bbox 1608 1251 1810 1280; x_wconf 83' lang='lat' dir='ltr'><strong>Hermianensis</strong></span> 
     </span>
    </p>
   </div>
   <div class='ocr_carea' id='block_1_70' title="bbox 1027 1296 1809 1333">
    <p class='ocr_par' dir='ltr' id='par_1_70' title="bbox 1027 1296 1809 1333">
     <span class='ocr_line' id='line_1_70' title="bbox 1027 1296 1809 1333; baseline 0.003 -11"><span class='ocrx_word' id='word_1_497' title='bbox 1027 1296 1074 1324; x_wconf 91' lang='lat' dir='ltr'><strong>lib.</strong></span> <span class='ocrx_word' id='word_1_498' title='bbox 1098 1304 1136 1329; x_wconf 85' lang='lat' dir='ltr'><strong>IV,</strong></span> <span class='ocrx_word' id='word_1_499' title='bbox 1158 1304 1217 1332; x_wconf 85' lang='lat' dir='ltr'><strong>cap.</strong></span> <span class='ocrx_word' id='word_1_500' title='bbox 1241 1297 1270 1329; x_wconf 67' lang='grc'><strong>4,</strong></span> <span class='ocrx_word' id='word_1_501' title='bbox 1293 1297 1387 1324; x_wconf 86' lang='lat' dir='ltr'><strong>scribit</strong></span> <span class='ocrx_word' id='word_1_502' title='bbox 1424 1298 1604 1325; x_wconf 90' lang='lat' dir='ltr'><strong>Domitianum</strong></span> <span class='ocrx_word' id='word_1_503' title='bbox 1626 1298 1809 1333; x_wconf 80' lang='lat' dir='ltr'><strong>Ancyranum,</strong></span> 
     </span>
    </p>
   </div>
   <div class='ocr_carea' id='block_1_71' title="bbox 1027 1341 1810 1378">
    <p class='ocr_par' dir='ltr' id='par_1_71' title="bbox 1027 1341 1810 1378">
     <span class='ocr_line' id='line_1_71' title="bbox 1027 1341 1810 1378; baseline 0.001 -9"><span class='ocrx_word' id='word_1_504' title='bbox 1027 1341 1197 1377; x_wconf 72' lang='lat' dir='ltr'><strong>Origenianze</strong></span> <span class='ocrx_word' id='word_1_505' title='bbox 1222 1343 1352 1370; x_wconf 70' lang='lat' dir='ltr'><strong>doctrina:</strong></span> <span class='ocrx_word' id='word_1_506' title='bbox 1375 1343 1554 1376; x_wconf 87' lang='lat' dir='ltr'><strong>defensorem,</strong></span> <span class='ocrx_word' id='word_1_507' title='bbox 1583 1343 1608 1370; x_wconf 95' lang='lat' dir='ltr'><strong>in</strong></span> <span class='ocrx_word' id='word_1_508' title='bbox 1625 1343 1714 1370; x_wconf 88' lang='lat' dir='ltr'><strong>libello</strong></span> <span class='ocrx_word' id='word_1_509' title='bbox 1730 1351 1810 1378; x_wconf 88' lang='lat' dir='ltr'><strong>quem</strong></span> 
     </span>
    </p>
   </div>
   <div class='ocr_carea' id='block_1_72' title="bbox 1027 1387 1810 1423">
    <p class='ocr_par' dir='ltr' id='par_1_72' title="bbox 1027 1387 1810 1423">
     <span class='ocr_line' id='line_1_72' title="bbox 1027 1387 1810 1423; baseline 0.001 -9"><span class='ocrx_word' id='word_1_510' title='bbox 1027 1387 1135 1421; x_wconf 87' lang='lat' dir='ltr'><strong>scripsit</strong></span> <span class='ocrx_word' id='word_1_511' title='bbox 1155 1387 1254 1422; x_wconf 75' lang='lat' dir='ltr'><strong>Vigilio</strong></span> <span class='ocrx_word' id='word_1_512' title='bbox 1278 1395 1364 1422; x_wconf 84' lang='lat' dir='ltr'><strong>papae,</strong></span> <span class='ocrx_word' id='word_1_513' title='bbox 1387 1397 1396 1414; x_wconf 84' lang='lat' dir='ltr'><strong>t</strong></span> <span class='ocrx_word' id='word_1_514' title='bbox 1416 1393 1628 1423; x_wconf 87' lang='lat' dir='ltr'><strong>conquerentem</strong></span> <span class='ocrx_word' id='word_1_515' title='bbox 1646 1389 1679 1417; x_wconf 87' lang='lat' dir='ltr'><strong>de</strong></span> <span class='ocrx_word' id='word_1_516' title='bbox 1700 1388 1742 1415; x_wconf 90' lang='lat' dir='ltr'><strong>his</strong></span> <span class='ocrx_word' id='word_1_517' title='bbox 1765 1389 1810 1423; x_wconf 72' lang='lat' dir='ltr'><strong>qui</strong></span> 
     </span>
    </p>
   </div>
   <div class='ocr_carea' id='block_1_73' title="bbox 1028 1432 1812 1469">
    <p class='ocr_par' dir='ltr' id='par_1_73' title="bbox 1028 1432 1812 1469">
     <span class='ocr_line' id='line_1_73' title="bbox 1028 1432 1812 1469; baseline 0.003 -10"><span class='ocrx_word' id='word_1_518' title='bbox 1028 1433 1249 1460; x_wconf 87' lang='lat' dir='ltr'><strong>contradicebant</strong></span> <span class='ocrx_word' id='word_1_519' title='bbox 1287 1433 1463 1468; x_wconf 81' lang='lat' dir='ltr'><strong>dogmatibus</strong></span> <span class='ocrx_word' id='word_1_520' title='bbox 1493 1432 1633 1469; x_wconf 75' lang='lat' dir='ltr'><strong>Origeuis,</strong></span> <span class='ocrx_word' id='word_1_521' title='bbox 1664 1434 1812 1461; x_wconf 86' lang='lat' dir='ltr'><strong>asserentis</strong></span> 
     </span>
    </p>
   </div>
   <div class='ocr_carea' id='block_1_74' title="bbox 1029 1477 1811 1512">
    <p class='ocr_par' dir='ltr' id='par_1_74' title="bbox 1029 1477 1811 1512">
     <span class='ocr_line' id='line_1_74' title="bbox 1029 1477 1811 1512; baseline -0.001 -7"><span class='ocrx_word' id='word_1_522' title='bbox 1029 1478 1134 1505; x_wconf 83' lang='lat' dir='ltr'><strong>animas</strong></span> <span class='ocrx_word' id='word_1_523' title='bbox 1150 1477 1281 1504; x_wconf 87' lang='lat' dir='ltr'><strong>humanas</strong></span> <span class='ocrx_word' id='word_1_524' title='bbox 1297 1482 1360 1505; x_wconf 88' lang='lat' dir='ltr'><strong>ante</strong></span> <span class='ocrx_word' id='word_1_525' title='bbox 1375 1485 1488 1512; x_wconf 89' lang='lat' dir='ltr'><strong>corpora</strong></span> <span class='ocrx_word' id='word_1_526' title='bbox 1503 1478 1528 1504; x_wconf 93' lang='lat' dir='ltr'><strong>in</strong></span> <span class='ocrx_word' id='word_1_527' title='bbox 1540 1478 1654 1511; x_wconf 88' lang='lat' dir='ltr'><strong>quadam</strong></span> <span class='ocrx_word' id='word_1_528' title='bbox 1669 1478 1744 1505; x_wconf 87' lang='lat' dir='ltr'><strong>beata</strong></span> <span class='ocrx_word' id='word_1_529' title='bbox 1757 1478 1811 1504; x_wconf 92' lang='lat' dir='ltr'><strong>vita</strong></span> 
     </span>
    </p>
   </div>
   <div class='ocr_carea' id='block_1_75' title="bbox 1030 1522 1813 1558">
    <p class='ocr_par' dir='ltr' id='par_1_75' title="bbox 1030 1522 1813 1558">
     <span class='ocr_line' id='line_1_75' title="bbox 1030 1522 1813 1558; baseline 0 -8"><span class='ocrx_word' id='word_1_530' title='bbox 1030 1524 1233 1556; x_wconf 65' lang='lat' dir='ltr'><strong>prarcxstitisse,</strong></span> <span class='ocrx_word' id='word_1_531' title='bbox 1250 1527 1278 1550; x_wconf 88' lang='lat' dir='ltr'><strong>et</strong></span> <span class='ocrx_word' id='word_1_532' title='bbox 1295 1531 1391 1550; x_wconf 87' lang='lat' dir='ltr'><strong>omnes</strong></span> <span class='ocrx_word' id='word_1_533' title='bbox 1405 1530 1465 1556; x_wconf 67' lang='lat' dir='ltr'><strong>qum</strong></span> <span class='ocrx_word' id='word_1_534' title='bbox 1480 1522 1580 1550; x_wconf 90' lang='lat' dir='ltr'><strong>fuerint</strong></span> <span class='ocrx_word' id='word_1_535' title='bbox 1595 1528 1696 1550; x_wconf 80' lang='lat' dir='ltr'><strong>:eterno</strong></span> <span class='ocrx_word' id='word_1_536' title='bbox 1711 1522 1813 1558; x_wconf 89' lang='lat' dir='ltr'><strong>suppli-</strong></span> 
     </span>
    </p>
   </div>
   <div class='ocr_carea' id='block_1_76' title="bbox 1029 1568 1812 1604">
    <p class='ocr_par' dir='ltr' id='par_1_76' title="bbox 1029 1568 1812 1604">
     <span class='ocr_line' id='line_1_76' title="bbox 1029 1568 1812 1604; baseline -0.001 -8"><span class='ocrx_word' id='word_1_537' title='bbox 1029 1570 1072 1597; x_wconf 93' lang='lat' dir='ltr'><strong>cio</strong></span> <span class='ocrx_word' id='word_1_538' title='bbox 1085 1569 1234 1602; x_wconf 61' lang='lat' dir='ltr'><strong>destinatae,</strong></span> <span class='ocrx_word' id='word_1_539' title='bbox 1258 1569 1284 1596; x_wconf 91' lang='lat' dir='ltr'><strong>in</strong></span> <span class='ocrx_word' id='word_1_540' title='bbox 1303 1569 1443 1604; x_wconf 81' lang='lat' dir='ltr'><strong>pristinam</strong></span> <span class='ocrx_word' id='word_1_541' title='bbox 1460 1568 1656 1596; x_wconf 86' lang='lat' dir='ltr'><strong>beatitudinem</strong></span> <span class='ocrx_word' id='word_1_542' title='bbox 1676 1576 1738 1596; x_wconf 89' lang='lat' dir='ltr'><strong>cum</strong></span> <span class='ocrx_word' id='word_1_543' title='bbox 1752 1569 1812 1595; x_wconf 87' lang='lat' dir='ltr'><strong>dia-</strong></span> 
     </span>
    </p>
   </div>
   <div class='ocr_carea' id='block_1_77' title="bbox 1029 1612 1810 1650">
    <p class='ocr_par' dir='ltr' id='par_1_77' title="bbox 1029 1612 1810 1650">
     <span class='ocr_line' id='line_1_77' title="bbox 1029 1612 1810 1650; baseline -0.004 -8"><span class='ocrx_word' id='word_1_544' title='bbox 1029 1615 1090 1643; x_wconf 88' lang='lat' dir='ltr'><strong>bolo</strong></span> <span class='ocrx_word' id='word_1_545' title='bbox 1111 1620 1138 1641; x_wconf 90' lang='lat' dir='ltr'><strong>et</strong></span> <span class='ocrx_word' id='word_1_546' title='bbox 1164 1614 1268 1650; x_wconf 82' lang='lat' dir='ltr'><strong>angelis</strong></span> <span class='ocrx_word' id='word_1_547' title='bbox 1292 1614 1351 1648; x_wconf 86' lang='lat' dir='ltr'><strong>ejus</strong></span> <span class='ocrx_word' id='word_1_548' title='bbox 1375 1614 1491 1645; x_wconf 86' lang='lat' dir='ltr'><strong>restitui,</strong></span> <span class='ocrx_word' id='word_1_549' title='bbox 1519 1613 1609 1641; x_wconf 81' lang='lat' dir='ltr'><strong>dicere</strong></span> <span class='ocrx_word' id='word_1_550' title='bbox 1627 1612 1708 1640; x_wconf 86' lang='lat' dir='ltr'><strong>etiam</strong></span> <span class='ocrx_word' id='word_1_551' title='bbox 1734 1614 1810 1640; x_wconf 81' lang='lat' dir='ltr'><strong>Ita-c:</strong></span> 
     </span>
    </p>
   </div>
   <div class='ocr_carea' id='block_1_78' title="bbox 1030 1659 1813 1688">
    <p class='ocr_par' dir='ltr' id='par_1_78' title="bbox 1030 1659 1813 1688">
     <span class='ocr_line' id='line_1_78' title="bbox 1030 1659 1813 1688; baseline -0.004 0"><span class='ocrx_word' id='word_1_552' title='bbox 1030 1661 1216 1688; x_wconf 78' lang='lat' dir='ltr'><strong>Prosiluerunt</strong></span> <span class='ocrx_word' id='word_1_553' title='bbox 1243 1661 1278 1688; x_wconf 80' lang='lat' dir='ltr'><strong>ad</strong></span> <span class='ocrx_word' id='word_1_554' title='bbox 1303 1659 1566 1687; x_wconf 66' lang='lat' dir='ltr'><strong>anathematizando;</strong></span> <span class='ocrx_word' id='word_1_555' title='bbox 1586 1660 1766 1687; x_wconf 73' lang='lat' dir='ltr'><strong>sanctissimos</strong></span> <span class='ocrx_word' id='word_1_556' title='bbox 1789 1665 1813 1686; x_wconf 84' lang='lat' dir='ltr'><strong>et</strong></span> 
     </span>
    </p>
   </div>
   <div class='ocr_carea' id='block_1_79' title="bbox 1030 1704 1815 1742">
    <p class='ocr_par' dir='ltr' id='par_1_79' title="bbox 1030 1704 1815 1742">
     <span class='ocr_line' id='line_1_79' title="bbox 1030 1704 1815 1742; baseline -0.004 -9"><span class='ocrx_word' id='word_1_557' title='bbox 1030 1706 1231 1742; x_wconf 69' lang='lat' dir='ltr'><strong>gloriosissimos</strong></span> <span class='ocrx_word' id='word_1_558' title='bbox 1246 1707 1376 1737; x_wconf 76' lang='lat' dir='ltr'><strong>doctores,</strong></span> <span class='ocrx_word' id='word_1_559' title='bbox 1393 1707 1440 1731; x_wconf 72' lang='lat' dir='ltr'><strong>sub</strong></span> <span class='ocrx_word' id='word_1_560' title='bbox 1455 1706 1589 1731; x_wconf 79' lang='lat' dir='ltr'><strong>occasione</strong></span> <span class='ocrx_word' id='word_1_561' title='bbox 1602 1713 1690 1731; x_wconf 83' lang='lat' dir='ltr'><strong>eorum</strong></span> <span class='ocrx_word' id='word_1_562' title='bbox 1708 1713 1766 1739; x_wconf 81' lang='lat' dir='ltr'><strong>qua:</strong></span> <span class='ocrx_word' id='word_1_563' title='bbox 1783 1704 1815 1731; x_wconf 82' lang='lat' dir='ltr'><strong>dc</strong></span> 
     </span>
    </p>
   </div>
   <div class='ocr_carea' id='block_1_80' title="bbox 1029 1750 1816 1786">
    <p class='ocr_par' dir='ltr' id='par_1_80' title="bbox 1029 1750 1816 1786">
     <span class='ocr_line' id='line_1_80' title="bbox 1029 1750 1816 1786; baseline -0.004 -8"><span class='ocrx_word' id='word_1_564' title='bbox 1029 1751 1235 1786; x_wconf 64' lang='lat' dir='ltr'><strong>pra’exsislentia</strong></span> <span class='ocrx_word' id='word_1_565' title='bbox 1250 1754 1274 1776; x_wconf 83' lang='lat' dir='ltr'><strong>et</strong></span> <span class='ocrx_word' id='word_1_566' title='bbox 1290 1750 1453 1776; x_wconf 74' lang='lat' dir='ltr'><strong>restitutione</strong></span> <span class='ocrx_word' id='word_1_567' title='bbox 1475 1755 1546 1776; x_wconf 86' lang='lat' dir='ltr'><strong>mota</strong></span> <span class='ocrx_word' id='word_1_568' title='bbox 1566 1755 1637 1783; x_wconf 81' lang='lat' dir='ltr'><strong>sunt,</strong></span> <span class='ocrx_word' id='word_1_569' title='bbox 1651 1750 1816 1783; x_wconf 78' lang='lat' dir='ltr'><strong>dogmatum,</strong></span> 
     </span>
    </p>
   </div>
   <div class='ocr_carea' id='block_1_81' title="bbox 1031 1795 1817 1831">
    <p class='ocr_par' dir='ltr' id='par_1_81' title="bbox 1031 1795 1817 1831">
     <span class='ocr_line' id='line_1_81' title="bbox 1031 1795 1817 1831; baseline -0.003 -7"><span class='ocrx_word' id='word_1_570' title='bbox 1031 1798 1078 1824; x_wconf 82' lang='lat' dir='ltr'><strong>sub</strong></span> <span class='ocrx_word' id='word_1_571' title='bbox 1090 1798 1174 1830; x_wconf 73' lang='lat' dir='ltr'><strong>specie</strong></span> <span class='ocrx_word' id='word_1_572' title='bbox 1193 1797 1296 1831; x_wconf 86' lang='lat' dir='ltr'><strong>quidem</strong></span> <span class='ocrx_word' id='word_1_573' title='bbox 1323 1795 1453 1830; x_wconf 77' lang='lat' dir='ltr'><strong>Origenis,</strong></span> <span class='ocrx_word' id='word_1_574' title='bbox 1477 1804 1566 1823; x_wconf 80' lang='lat' dir='ltr'><strong>omnes</strong></span> <span class='ocrx_word' id='word_1_575' title='bbox 1584 1801 1670 1823; x_wconf 84' lang='lat' dir='ltr'><strong>autent</strong></span> <span class='ocrx_word' id='word_1_576' title='bbox 1694 1797 1739 1831; x_wconf 84' lang='lat' dir='ltr'><strong>qui</strong></span> <span class='ocrx_word' id='word_1_577' title='bbox 1755 1801 1817 1823; x_wconf 63' lang='lat' dir='ltr'><strong>ante</strong></span> 
     </span>
    </p>
   </div>
   <div class='ocr_carea' id='block_1_82' title="bbox 1030 1842 1814 1877">
    <p class='ocr_par' dir='ltr' id='par_1_82' title="bbox 1030 1842 1814 1877">
     <span class='ocr_line' id='line_1_82' title="bbox 1030 1842 1814 1877; baseline -0.001 -8"><span class='ocrx_word' id='word_1_578' title='bbox 1030 1851 1089 1870; x_wconf 83' lang='lat' dir='ltr'><strong>eum</strong></span> <span class='ocrx_word' id='word_1_579' title='bbox 1107 1848 1131 1869; x_wconf 83' lang='lat' dir='ltr'><strong>et</strong></span> <span class='ocrx_word' id='word_1_580' title='bbox 1147 1847 1204 1877; x_wconf 71' lang='lat' dir='ltr'><strong>past</strong></span> <span class='ocrx_word' id='word_1_581' title='bbox 1220 1851 1278 1869; x_wconf 87' lang='lat' dir='ltr'><strong>eum</strong></span> <span class='ocrx_word' id='word_1_582' title='bbox 1291 1842 1398 1876; x_wconf 79' lang='lat' dir='ltr'><strong>[uerunt</strong></span> <span class='ocrx_word' id='word_1_583' title='bbox 1409 1847 1514 1869; x_wconf 73' lang='lat' dir='ltr'><strong>sanctos</strong></span> <span class='ocrx_word' id='word_1_584' title='bbox 1525 1843 1787 1869; x_wconf 74' lang='lat' dir='ltr'><strong>anatltentalizaules.</strong></span> <span class='ocrx_word' id='word_1_585' title='bbox 1803 1850 1814 1867; x_wconf 69' lang='grc' dir='ltr'><strong>ι</strong></span> 
     </span>
    </p>
   </div>
   <div class='ocr_carea' id='block_1_83' title="bbox 1068 1887 1819 1923">
    <p class='ocr_par' dir='ltr' id='par_1_83' title="bbox 1068 1887 1819 1923">
     <span class='ocr_line' id='line_1_83' title="bbox 1068 1887 1819 1923; baseline -0.001 -8"><span class='ocrx_word' id='word_1_586' title='bbox 1068 1888 1162 1916; x_wconf 87' lang='lat' dir='ltr'><strong>Petrus</strong></span> <span class='ocrx_word' id='word_1_587' title='bbox 1174 1889 1336 1921; x_wconf 84' lang='lat' dir='ltr'><strong>Hailoixius,</strong></span> <span class='ocrx_word' id='word_1_588' title='bbox 1345 1887 1571 1923; x_wconf 80' lang='lat' dir='ltr'><strong>Origeniauarum</strong></span> <span class='ocrx_word' id='word_1_589' title='bbox 1579 1896 1609 1922; x_wconf 87' lang='lat' dir='ltr'><strong>pa</strong></span> <span class='ocrx_word' id='word_1_590' title='bbox 1616 1888 1694 1914; x_wconf 81' lang='lat' dir='ltr'><strong>rtitnn</strong></span> <span class='ocrx_word' id='word_1_591' title='bbox 1705 1887 1819 1922; x_wconf 76' lang='lat' dir='ltr'><strong>insignis</strong></span> 
     </span>
    </p>
   </div>
   <div class='ocr_carea' id='block_1_84' title="bbox 1032 1933 1817 1970">
    <p class='ocr_par' dir='ltr' id='par_1_84' title="bbox 1032 1933 1817 1970">
     <span class='ocr_line' id='line_1_84' title="bbox 1032 1933 1817 1970; baseline -0.001 -9"><span class='ocrx_word' id='word_1_592' title='bbox 1032 1939 1173 1970; x_wconf 90' lang='lat' dir='ltr'><strong>patronus,</strong></span> <span class='ocrx_word' id='word_1_593' title='bbox 1194 1935 1299 1961; x_wconf 89' lang='lat' dir='ltr'><strong>duobus</strong></span> <span class='ocrx_word' id='word_1_594' title='bbox 1321 1933 1377 1961; x_wconf 89' lang='lat' dir='ltr'><strong>fere</strong></span> <span class='ocrx_word' id='word_1_595' title='bbox 1400 1935 1486 1961; x_wconf 90' lang='lat' dir='ltr'><strong>modis</strong></span> <span class='ocrx_word' id='word_1_596' title='bbox 1504 1934 1642 1968; x_wconf 90' lang='lat' dir='ltr'><strong>objectum</strong></span> <span class='ocrx_word' id='word_1_597' title='bbox 1656 1933 1817 1960; x_wconf 84' lang='lat' dir='ltr'><strong>Adamantio</strong></span> 
     </span>
    </p>
   </div>
   <div class='ocr_carea' id='block_1_85' title="bbox 1032 1977 1816 2014">
    <p class='ocr_par' dir='ltr' id='par_1_85' title="bbox 1032 1977 1816 2014">
     <span class='ocr_line' id='line_1_85' title="bbox 1032 1977 1816 2014; baseline -0.001 -7"><span class='ocrx_word' id='word_1_598' title='bbox 1032 1981 1134 2007; x_wconf 88' lang='lat' dir='ltr'><strong>crimen</strong></span> <span class='ocrx_word' id='word_1_599' title='bbox 1143 1980 1248 2007; x_wconf 86' lang='lat' dir='ltr'><strong>amoliri</strong></span> <span class='ocrx_word' id='word_1_600' title='bbox 1260 1979 1348 2007; x_wconf 89' lang='lat' dir='ltr'><strong>studet</strong></span> <span class='ocrx_word' id='word_1_601' title='bbox 1359 1979 1467 2014; x_wconf 85' lang='lat' dir='ltr'><strong>Origen.</strong></span> <span class='ocrx_word' id='word_1_602' title='bbox 1477 1979 1581 2013; x_wconf 78' lang='lat' dir='ltr'><strong>Defens.</strong></span> <span class='ocrx_word' id='word_1_603' title='bbox 1591 1980 1635 2006; x_wconf 90' lang='lat' dir='ltr'><strong>lib.</strong></span> <span class='ocrx_word' id='word_1_604' title='bbox 1647 1982 1780 2012; x_wconf 72' lang='lat' dir='ltr'><strong>tv,qna:st.</strong></span> <span class='ocrx_word' id='word_1_605' title='bbox 1788 1977 1816 2006; x_wconf 74' lang='grc' dir='ltr'>ιε</span> 
     </span>
    </p>
   </div>
   <div class='ocr_carea' id='block_1_86' title="bbox 1033 2021 1817 2057">
    <p class='ocr_par' dir='ltr' id='par_1_86' title="bbox 1033 2021 1817 2057">
     <span class='ocr_line' id='line_1_86' title="bbox 1033 2021 1817 2057; baseline -0.006 -4"><span class='ocrx_word' id='word_1_606' title='bbox 1033 2033 1095 2053; x_wconf 89' lang='lat' dir='ltr'><strong>nam</strong></span> <span class='ocrx_word' id='word_1_607' title='bbox 1115 2025 1156 2052; x_wconf 86' lang='lat' dir='ltr'><strong>vel</strong></span> <span class='ocrx_word' id='word_1_608' title='bbox 1179 2032 1240 2052; x_wconf 90' lang='lat' dir='ltr'><strong>eum</strong></span> <span class='ocrx_word' id='word_1_609' title='bbox 1261 2029 1376 2051; x_wconf 88' lang='lat' dir='ltr'><strong>c0natur</strong></span> <span class='ocrx_word' id='word_1_610' title='bbox 1398 2024 1540 2051; x_wconf 88' lang='lat' dir='ltr'><strong>ostendere</strong></span> <span class='ocrx_word' id='word_1_611' title='bbox 1564 2031 1616 2050; x_wconf 90' lang='lat' dir='ltr'><strong>non</strong></span> <span class='ocrx_word' id='word_1_612' title='bbox 1636 2023 1737 2050; x_wconf 78' lang='lat' dir='ltr'><strong>dixiSSe</strong></span> <span class='ocrx_word' id='word_1_613' title='bbox 1755 2021 1817 2057; x_wconf 51' lang='lat' dir='ltr'><strong>qui&quot;</strong></span> 
     </span>
    </p>
   </div>
   <div class='ocr_carea' id='block_1_87' title="bbox 1033 2069 1818 2102">
    <p class='ocr_par' dir='ltr' id='par_1_87' title="bbox 1033 2069 1818 2102">
     <span class='ocr_line' id='line_1_87' title="bbox 1033 2069 1818 2102; baseline -0.005 -4"><span class='ocrx_word' id='word_1_614' title='bbox 1033 2072 1094 2099; x_wconf 84' lang='lat' dir='ltr'><strong>dem</strong></span> <span class='ocrx_word' id='word_1_615' title='bbox 1118 2072 1260 2098; x_wconf 87' lang='lat' dir='ltr'><strong>damnatos</strong></span> <span class='ocrx_word' id='word_1_616' title='bbox 1281 2075 1309 2097; x_wconf 92' lang='lat' dir='ltr'><strong>et</strong></span> <span class='ocrx_word' id='word_1_617' title='bbox 1334 2070 1471 2097; x_wconf 81' lang='lat' dir='ltr'><strong>daemones</strong></span> <span class='ocrx_word' id='word_1_618' title='bbox 1497 2069 1531 2096; x_wconf 89' lang='lat' dir='ltr'><strong>ad</strong></span> <span class='ocrx_word' id='word_1_619' title='bbox 1558 2069 1696 2102; x_wconf 87' lang='lat' dir='ltr'><strong>superiora</strong></span> <span class='ocrx_word' id='word_1_620' title='bbox 1712 2074 1818 2102; x_wconf 74' lang='lat' dir='ltr'><strong>regres-</strong></span> 
     </span>
    </p>
   </div>
   <div class='ocr_carea' id='block_1_88' title="bbox 1033 2113 1819 2150">
    <p class='ocr_par' dir='ltr' id='par_1_88' title="bbox 1033 2113 1819 2150">
     <span class='ocr_line' id='line_1_88' title="bbox 1033 2113 1819 2150; baseline -0.006 -5"><span class='ocrx_word' id='word_1_621' title='bbox 1033 2125 1123 2149; x_wconf 80' lang='lat' dir='ltr'><strong>Suros,</strong></span> <span class='ocrx_word' id='word_1_622' title='bbox 1138 2117 1183 2144; x_wconf 90' lang='lat' dir='ltr'><strong>sed</strong></span> <span class='ocrx_word' id='word_1_623' title='bbox 1198 2116 1303 2150; x_wconf 74' lang='lat' dir='ltr'><strong>regredi</strong></span> <span class='ocrx_word' id='word_1_624' title='bbox 1327 2119 1431 2142; x_wconf 89' lang='lat' dir='ltr'><strong>tantum</strong></span> <span class='ocrx_word' id='word_1_625' title='bbox 1454 2121 1542 2149; x_wconf 91' lang='lat' dir='ltr'><strong>posse,</strong></span> <span class='ocrx_word' id='word_1_626' title='bbox 1571 2114 1649 2148; x_wconf 87' lang='lat' dir='ltr'><strong>idque</strong></span> <span class='ocrx_word' id='word_1_627' title='bbox 1665 2113 1746 2141; x_wconf 87' lang='lat' dir='ltr'><strong>certis</strong></span> <span class='ocrx_word' id='word_1_628' title='bbox 1760 2113 1819 2147; x_wconf 89' lang='lat' dir='ltr'><strong>qui-</strong></span> 
     </span>
    </p>
   </div>
   <div class='ocr_carea' id='block_1_89' title="bbox 1034 2158 1820 2194">
    <p class='ocr_par' dir='ltr' id='par_1_89' title="bbox 1034 2158 1820 2194">
     <span class='ocr_line' id='line_1_89' title="bbox 1034 2158 1820 2194; baseline -0.009 -3"><span class='ocrx_word' id='word_1_629' title='bbox 1034 2164 1148 2191; x_wconf 89' lang='lat' dir='ltr'><strong>busdam</strong></span> <span class='ocrx_word' id='word_1_630' title='bbox 1162 2160 1372 2192; x_wconf 88' lang='lat' dir='ltr'><strong>conditionibus,</strong></span> <span class='ocrx_word' id='word_1_631' title='bbox 1386 2167 1448 2194; x_wconf 67' lang='lat' dir='ltr'><strong>quae</strong></span> <span class='ocrx_word' id='word_1_632' title='bbox 1464 2166 1525 2186; x_wconf 92' lang='lat' dir='ltr'><strong>cum</strong></span> <span class='ocrx_word' id='word_1_633' title='bbox 1538 2159 1696 2194; x_wconf 87' lang='lat' dir='ltr'><strong>neutiquam</strong></span> <span class='ocrx_word' id='word_1_634' title='bbox 1714 2158 1820 2193; x_wconf 91' lang='lat' dir='ltr'><strong>possint</strong></span> 
     </span>
    </p>
   </div>
   <div class='ocr_carea' id='block_1_90' title="bbox 1034 2205 1820 2244">
    <p class='ocr_par' dir='ltr' id='par_1_90' title="bbox 1034 2205 1820 2244">
     <span class='ocr_line' id='line_1_90' title="bbox 1034 2205 1820 2244; baseline -0.008 -8"><span class='ocrx_word' id='word_1_635' title='bbox 1034 2209 1202 2244; x_wconf 76' lang='lat' dir='ltr'><strong>contingere,</strong></span> <span class='ocrx_word' id='word_1_636' title='bbox 1227 2215 1279 2234; x_wconf 93' lang='lat' dir='ltr'><strong>non</strong></span> <span class='ocrx_word' id='word_1_637' title='bbox 1305 2206 1383 2233; x_wconf 88' lang='lat' dir='ltr'><strong>aliter</strong></span> <span class='ocrx_word' id='word_1_638' title='bbox 1397 2205 1600 2240; x_wconf 79' lang='lat' dir='ltr'><strong>intelligendum</strong></span> <span class='ocrx_word' id='word_1_639' title='bbox 1616 2205 1772 2239; x_wconf 82' lang='lat' dir='ltr'><strong>Origenem,</strong></span> <span class='ocrx_word' id='word_1_640' title='bbox 1787 2210 1820 2230; x_wconf 85' lang='lat' dir='ltr'><strong>ac</strong></span> 
     </span>
    </p>
   </div>
   <div class='ocr_carea' id='block_1_91' title="bbox 199 2250 1820 2293">
    <p class='ocr_par' dir='ltr' id='par_1_91' title="bbox 199 2250 1820 2293">
     <span class='ocr_line' id='line_1_91' title="bbox 199 2250 1820 2293; baseline -0.004 -10"><span class='ocrx_word' id='word_1_641' title='bbox 199 2257 290 2285; x_wconf 82' lang='lat' dir='ltr'><strong>homil.</strong></span> <span class='ocrx_word' id='word_1_642' title='bbox 308 2258 343 2283; x_wconf 86' lang='lat' dir='ltr'><strong>ad</strong></span> <span class='ocrx_word' id='word_1_643' title='bbox 360 2256 459 2291; x_wconf 81' lang='lat' dir='ltr'><strong>Philip.</strong></span> <span class='ocrx_word' id='word_1_644' title='bbox 475 2256 590 2285; x_wconf 90' lang='lat' dir='ltr'><strong>Prorsus</strong></span> <span class='ocrx_word' id='word_1_645' title='bbox 602 2265 666 2285; x_wconf 90' lang='lat' dir='ltr'><strong>vero</strong></span> <span class='ocrx_word' id='word_1_646' title='bbox 682 2257 830 2292; x_wconf 86' lang='lat' dir='ltr'><strong>platonizat</strong></span> <span class='ocrx_word' id='word_1_647' title='bbox 846 2257 978 2293; x_wconf 88' lang='lat' dir='ltr'><strong>Synesius</strong></span> <span class='ocrx_word' id='word_1_648' title='bbox 997 2264 1019 2292; x_wconf 84' lang='grc' dir='ltr'>ι)</span> <span class='ocrx_word' id='word_1_649' title='bbox 1034 2256 1056 2283; x_wconf 91' lang='lat' dir='ltr'><strong>si</strong></span> <span class='ocrx_word' id='word_1_650' title='bbox 1071 2255 1144 2283; x_wconf 92' lang='lat' dir='ltr'><strong>omni</strong></span> <span class='ocrx_word' id='word_1_651' title='bbox 1162 2253 1269 2289; x_wconf 87' lang='lat' dir='ltr'><strong>penitus</strong></span> <span class='ocrx_word' id='word_1_652' title='bbox 1283 2251 1444 2280; x_wconf 88' lang='lat' dir='ltr'><strong>liberatione</strong></span> <span class='ocrx_word' id='word_1_653' title='bbox 1458 2250 1607 2284; x_wconf 89' lang='lat' dir='ltr'><strong>diabolum,</strong></span> <span class='ocrx_word' id='word_1_654' title='bbox 1623 2251 1820 2285; x_wconf 86' lang='lat' dir='ltr'><strong>damnatosque</strong></span> 
     </span>
    </p>
   </div>
   <div class='ocr_carea' id='block_1_92' title="bbox 197 2301 985 2336">
    <p class='ocr_par' dir='ltr' id='par_1_92' title="bbox 197 2301 985 2336">
     <span class='ocr_line' id='line_1_92' title="bbox 197 2301 985 2336; baseline 0 -8"><span class='ocrx_word' id='word_1_655' title='bbox 197 2301 275 2334; x_wconf 89' lang='lat' dir='ltr'><strong>epist.</strong></span> <span class='ocrx_word' id='word_1_656' title='bbox 291 2302 336 2334; x_wconf 68' lang='grc'><strong>44,</strong></span> <span class='ocrx_word' id='word_1_657' title='bbox 357 2302 390 2328; x_wconf 88' lang='lat' dir='ltr'><strong>ad</strong></span> <span class='ocrx_word' id='word_1_658' title='bbox 416 2301 568 2329; x_wconf 84' lang='lat' dir='ltr'><strong>Joannem:</strong></span> <span class='ocrx_word' id='word_1_659' title='bbox 592 2302 730 2329; x_wconf 52' lang='lat' dir='ltr'><strong>daimones</strong></span> <span class='ocrx_word' id='word_1_660' title='bbox 755 2301 854 2336; x_wconf 87' lang='lat' dir='ltr'><strong>quippe</strong></span> <span class='ocrx_word' id='word_1_661' title='bbox 877 2302 914 2328; x_wconf 90' lang='lat' dir='ltr'><strong>ait</strong></span> <span class='ocrx_word' id='word_1_662' title='bbox 938 2309 985 2328; x_wconf 78' lang='lat' dir='ltr'><strong>ex-</strong></span> 
     </span>
    </p>
   </div>
   <div class='ocr_carea' id='block_1_93' title="bbox 197 2347 985 2382">
    <p class='ocr_par' dir='ltr' id='par_1_93' title="bbox 197 2347 985 2382">
     <span class='ocr_line' id='line_1_93' title="bbox 197 2347 985 2382; baseline 0 -9"><span class='ocrx_word' id='word_1_663' title='bbox 197 2347 304 2381; x_wconf 84' lang='lat' dir='ltr'><strong>piandis</strong></span> <span class='ocrx_word' id='word_1_664' title='bbox 316 2348 464 2375; x_wconf 87' lang='lat' dir='ltr'><strong>sceleribus</strong></span> <span class='ocrx_word' id='word_1_665' title='bbox 478 2347 620 2382; x_wconf 71' lang='lat' dir='ltr'><strong>prtefectos</strong></span> <span class='ocrx_word' id='word_1_666' title='bbox 637 2348 759 2375; x_wconf 90' lang='lat' dir='ltr'><strong>eamdem</strong></span> <span class='ocrx_word' id='word_1_667' title='bbox 773 2348 800 2374; x_wconf 92' lang='lat' dir='ltr'><strong>in</strong></span> <span class='ocrx_word' id='word_1_668' title='bbox 821 2348 925 2374; x_wconf 89' lang='lat' dir='ltr'><strong>animas</strong></span> <span class='ocrx_word' id='word_1_669' title='bbox 942 2354 985 2373; x_wconf 87' lang='lat' dir='ltr'><strong>ar-</strong></span> 
     </span>
    </p>
   </div>
   <div class='ocr_carea' id='block_1_94' title="bbox 200 2393 983 2427">
    <p class='ocr_par' dir='ltr' id='par_1_94' title="bbox 200 2393 983 2427">
     <span class='ocr_line' id='line_1_94' title="bbox 200 2393 983 2427; baseline 0.001 -9"><span class='ocrx_word' id='word_1_670' title='bbox 200 2396 265 2424; x_wconf 85' lang='lat' dir='ltr'><strong>tem,</strong></span> <span class='ocrx_word' id='word_1_671' title='bbox 280 2400 358 2427; x_wconf 90' lang='lat' dir='ltr'><strong>quam</strong></span> <span class='ocrx_word' id='word_1_672' title='bbox 387 2394 500 2421; x_wconf 82' lang='lat' dir='ltr'><strong>fullones</strong></span> <span class='ocrx_word' id='word_1_673' title='bbox 526 2394 551 2420; x_wconf 90' lang='lat' dir='ltr'><strong>in</strong></span> <span class='ocrx_word' id='word_1_674' title='bbox 572 2393 695 2421; x_wconf 88' lang='lat' dir='ltr'><strong>sordidas</strong></span> <span class='ocrx_word' id='word_1_675' title='bbox 715 2397 803 2420; x_wconf 79' lang='lat' dir='ltr'><strong>vestes</strong></span> <span class='ocrx_word' id='word_1_676' title='bbox 828 2399 959 2420; x_wconf 82' lang='lat' dir='ltr'><strong>exercere</strong></span> <span class='ocrx_word' id='word_1_677' title='bbox 976 2400 983 2419; x_wconf 91' lang='lat'>:</span> 
     </span>
    </p>
   </div>
   <div class='ocr_carea' id='block_1_95' title="bbox 199 2437 986 2474">
    <p class='ocr_par' dir='ltr' id='par_1_95' title="bbox 199 2437 986 2474">
     <span class='ocr_line' id='line_1_95' title="bbox 199 2437 986 2474; baseline 0.003 -11"><span class='ocrx_word' id='word_1_678' title='bbox 199 2437 349 2464; x_wconf 87' lang='lat' dir='ltr'><strong>animarum</strong></span> <span class='ocrx_word' id='word_1_679' title='bbox 382 2447 446 2473; x_wconf 80' lang='lat' dir='ltr'><strong>ergo</strong></span> <span class='ocrx_word' id='word_1_680' title='bbox 479 2439 658 2473; x_wconf 86' lang='lat' dir='ltr'><strong>quarumdam</strong></span> <span class='ocrx_word' id='word_1_681' title='bbox 688 2446 741 2465; x_wconf 93' lang='lat' dir='ltr'><strong>non</strong></span> <span class='ocrx_word' id='word_1_682' title='bbox 774 2445 871 2474; x_wconf 81' lang='lat' dir='ltr'><strong>magno</strong></span> <span class='ocrx_word' id='word_1_683' title='bbox 893 2438 986 2465; x_wconf 85' lang='lat' dir='ltr'><strong>labore</strong></span> 
     </span>
    </p>
   </div>
   <div class='ocr_carea' id='block_1_96' title="bbox 199 2483 985 2519">
    <p class='ocr_par' dir='ltr' id='par_1_96' title="bbox 199 2483 985 2519">
     <span class='ocr_line' id='line_1_96' title="bbox 199 2483 985 2519; baseline 0.003 -11"><span class='ocrx_word' id='word_1_684' title='bbox 199 2483 319 2518; x_wconf 78' lang='lat' dir='ltr'><strong>abstergi</strong></span> <span class='ocrx_word' id='word_1_685' title='bbox 341 2484 477 2517; x_wconf 84' lang='lat' dir='ltr'><strong>maculas,</strong></span> <span class='ocrx_word' id='word_1_686' title='bbox 512 2485 711 2519; x_wconf 89' lang='lat' dir='ltr'><strong>pristinumque</strong></span> <span class='ocrx_word' id='word_1_687' title='bbox 737 2484 826 2511; x_wconf 86' lang='lat' dir='ltr'><strong>induci</strong></span> <span class='ocrx_word' id='word_1_688' title='bbox 848 2484 985 2517; x_wconf 87' lang='lat' dir='ltr'><strong>nitorem;</strong></span> 
     </span>
    </p>
   </div>
   <div class='ocr_carea' id='block_1_97' title="bbox 200 2528 984 2563">
    <p class='ocr_par' dir='ltr' id='par_1_97' title="bbox 200 2528 984 2563">
     <span class='ocr_line' id='line_1_97' title="bbox 200 2528 984 2563; baseline 0.001 -8"><span class='ocrx_word' id='word_1_689' title='bbox 200 2529 259 2555; x_wconf 90' lang='lat' dir='ltr'><strong>aliis</strong></span> <span class='ocrx_word' id='word_1_690' title='bbox 275 2536 339 2555; x_wconf 85' lang='lat' dir='ltr'><strong>vero</strong></span> <span class='ocrx_word' id='word_1_691' title='bbox 353 2530 389 2555; x_wconf 88' lang='lat' dir='ltr'><strong>ita</strong></span> <span class='ocrx_word' id='word_1_692' title='bbox 404 2529 511 2556; x_wconf 82' lang='lat' dir='ltr'><strong>inclitas</strong></span> <span class='ocrx_word' id='word_1_693' title='bbox 533 2537 592 2556; x_wconf 87' lang='lat' dir='ltr'><strong>esse</strong></span> <span class='ocrx_word' id='word_1_694' title='bbox 607 2530 716 2563; x_wconf 86' lang='lat' dir='ltr'><strong>sordes,</strong></span> <span class='ocrx_word' id='word_1_695' title='bbox 744 2534 773 2556; x_wconf 93' lang='lat' dir='ltr'><strong>ut</strong></span> <span class='ocrx_word' id='word_1_696' title='bbox 789 2529 859 2556; x_wconf 89' lang='lat' dir='ltr'><strong>nulla</strong></span> <span class='ocrx_word' id='word_1_697' title='bbox 875 2528 984 2562; x_wconf 91' lang='lat' dir='ltr'><strong>Iotione,</strong></span> 
     </span>
    </p>
   </div>
   <div class='ocr_carea' id='block_1_98' title="bbox 201 2575 987 2610">
    <p class='ocr_par' dir='ltr' id='par_1_98' title="bbox 201 2575 987 2610">
     <span class='ocr_line' id='line_1_98' title="bbox 201 2575 987 2610; baseline 0.003 -10"><span class='ocrx_word' id='word_1_698' title='bbox 201 2575 359 2609; x_wconf 77' lang='lat' dir='ltr'><strong>purgatione</strong></span> <span class='ocrx_word' id='word_1_699' title='bbox 387 2575 458 2602; x_wconf 87' lang='lat' dir='ltr'><strong>nulla</strong></span> <span class='ocrx_word' id='word_1_700' title='bbox 483 2577 608 2603; x_wconf 87' lang='lat' dir='ltr'><strong>mundari</strong></span> <span class='ocrx_word' id='word_1_701' title='bbox 630 2578 734 2610; x_wconf 72' lang='lat' dir='ltr'><strong>possint</strong></span> <span class='ocrx_word' id='word_1_702' title='bbox 761 2585 767 2603; x_wconf 92' lang='lat'><strong>:</strong></span> <span class='ocrx_word' id='word_1_703' title='bbox 793 2580 891 2603; x_wconf 66' lang='lat' dir='ltr'><strong>caetera</strong></span> <span class='ocrx_word' id='word_1_704' title='bbox 919 2576 987 2602; x_wconf 87' lang='lat' dir='ltr'><strong>meri</strong></span> 
     </span>
    </p>
   </div>
   <div class='ocr_carea' id='block_1_99' title="bbox 201 2621 985 2656">
    <p class='ocr_par' dir='ltr' id='par_1_99' title="bbox 201 2621 985 2656">
     <span class='ocr_line' id='line_1_99' title="bbox 201 2621 985 2656; baseline 0.003 -10"><span class='ocrx_word' id='word_1_705' title='bbox 201 2627 263 2653; x_wconf 85' lang='lat' dir='ltr'><strong>sunt</strong></span> <span class='ocrx_word' id='word_1_706' title='bbox 276 2621 444 2648; x_wconf 67' lang='lat' dir='ltr'><strong>i’latonismi.</strong></span> <span class='ocrx_word' id='word_1_707' title='bbox 462 2621 635 2655; x_wconf 83' lang='lat' dir='ltr'><strong>Comparalio</strong></span> <span class='ocrx_word' id='word_1_708' title='bbox 655 2622 698 2648; x_wconf 89' lang='lat' dir='ltr'><strong>illa</strong></span> <span class='ocrx_word' id='word_1_709' title='bbox 716 2622 861 2656; x_wconf 73' lang='lat' dir='ltr'><strong>purgandae</strong></span> <span class='ocrx_word' id='word_1_710' title='bbox 878 2622 985 2654; x_wconf 64' lang='lat' dir='ltr'><strong>animae,</strong></span> 
     </span>
    </p>
   </div>
   <div class='ocr_carea' id='block_1_100' title="bbox 201 2667 987 2702">
    <p class='ocr_par' dir='ltr' id='par_1_100' title="bbox 201 2667 987 2702">
     <span class='ocr_line' id='line_1_100' title="bbox 201 2667 987 2702; baseline 0 -8"><span class='ocrx_word' id='word_1_711' title='bbox 201 2675 262 2695; x_wconf 88' lang='lat' dir='ltr'><strong>cum</strong></span> <span class='ocrx_word' id='word_1_712' title='bbox 282 2675 370 2702; x_wconf 89' lang='lat' dir='ltr'><strong>panno</strong></span> <span class='ocrx_word' id='word_1_713' title='bbox 386 2668 495 2695; x_wconf 87' lang='lat' dir='ltr'><strong>sordido</strong></span> <span class='ocrx_word' id='word_1_714' title='bbox 515 2667 624 2694; x_wconf 81' lang='lat' dir='ltr'><strong>fullonis</strong></span> <span class='ocrx_word' id='word_1_715' title='bbox 648 2673 705 2695; x_wconf 89' lang='lat' dir='ltr'><strong>arte</strong></span> <span class='ocrx_word' id='word_1_716' title='bbox 724 2669 888 2700; x_wconf 81' lang='lat' dir='ltr'><strong>mundando,</strong></span> <span class='ocrx_word' id='word_1_717' title='bbox 916 2672 945 2694; x_wconf 91' lang='lat' dir='ltr'><strong>ut</strong></span> <span class='ocrx_word' id='word_1_718' title='bbox 959 2671 987 2694; x_wconf 84' lang='lat' dir='ltr'><strong>et</strong></span> 
     </span>
    </p>
   </div>
   <div class='ocr_carea' id='block_1_101' title="bbox 201 2713 987 2749">
    <p class='ocr_par' dir='ltr' id='par_1_101' title="bbox 201 2713 987 2749">
     <span class='ocr_line' id='line_1_101' title="bbox 201 2713 987 2749; baseline 0 -9"><span class='ocrx_word' id='word_1_719' title='bbox 201 2713 261 2740; x_wconf 75' lang='lat' dir='ltr'><strong>alia:</strong></span> <span class='ocrx_word' id='word_1_720' title='bbox 287 2720 301 2739; x_wconf 90' lang='lat' dir='ltr'><strong>a</strong></span> <span class='ocrx_word' id='word_1_721' title='bbox 328 2713 451 2740; x_wconf 85' lang='lat' dir='ltr'><strong>Patribus</strong></span> <span class='ocrx_word' id='word_1_722' title='bbox 474 2713 507 2740; x_wconf 88' lang='lat' dir='ltr'><strong>ad</strong></span> <span class='ocrx_word' id='word_1_723' title='bbox 531 2713 557 2740; x_wconf 87' lang='lat' dir='ltr'><strong>id</strong></span> <span class='ocrx_word' id='word_1_724' title='bbox 580 2713 776 2747; x_wconf 81' lang='lat' dir='ltr'><strong>explauaudunt</strong></span> <span class='ocrx_word' id='word_1_725' title='bbox 798 2718 987 2749; x_wconf 78' lang='lat' dir='ltr'><strong>argumentum</strong></span> 
     </span>
    </p>
   </div>
   <div class='ocr_carea' id='block_1_102' title="bbox 203 2758 985 2794">
    <p class='ocr_par' dir='ltr' id='par_1_102' title="bbox 203 2758 985 2794">
     <span class='ocr_line' id='line_1_102' title="bbox 203 2758 985 2794; baseline -0.001 -7"><span class='ocrx_word' id='word_1_726' title='bbox 203 2767 263 2787; x_wconf 90' lang='lat' dir='ltr'><strong>cum</strong></span> <span class='ocrx_word' id='word_1_727' title='bbox 285 2758 346 2794; x_wconf 72' lang='lat' dir='ltr'><strong>igne</strong></span> <span class='ocrx_word' id='word_1_728' title='bbox 367 2763 394 2787; x_wconf 81' lang='lat' dir='ltr'><strong>et</strong></span> <span class='ocrx_word' id='word_1_729' title='bbox 414 2766 480 2786; x_wconf 87' lang='lat' dir='ltr'><strong>auro</strong></span> <span class='ocrx_word' id='word_1_730' title='bbox 502 2759 641 2791; x_wconf 62' lang='lat' dir='ltr'><strong>institutae,</strong></span> <span class='ocrx_word' id='word_1_731' title='bbox 665 2759 791 2793; x_wconf 66' lang='lat' dir='ltr'><strong>profectze</strong></span> <span class='ocrx_word' id='word_1_732' title='bbox 813 2760 939 2786; x_wconf 87' lang='lat' dir='ltr'><strong>videntur</strong></span> <span class='ocrx_word' id='word_1_733' title='bbox 953 2767 985 2786; x_wconf 74' lang='lat' dir='ltr'><strong>ex</strong></span> 
     </span>
    </p>
   </div>
   <div class='ocr_carea' id='block_1_103' title="bbox 203 2803 1005 2844">
    <p class='ocr_par' dir='ltr' id='par_1_103' title="bbox 203 2803 1005 2844">
     <span class='ocr_line' id='line_1_103' title="bbox 203 2803 1005 2844; baseline 0 -13"><span class='ocrx_word' id='word_1_734' title='bbox 203 2805 247 2831; x_wconf 83' lang='lat' dir='ltr'><strong>Itis</strong></span> <span class='ocrx_word' id='word_1_735' title='bbox 262 2803 401 2831; x_wconf 63' lang='lat' dir='ltr'><strong>Malachite</strong></span> <span class='ocrx_word' id='word_1_736' title='bbox 417 2812 460 2836; x_wconf 86' lang='lat' dir='ltr'><strong>ut,</strong></span> <span class='ocrx_word' id='word_1_737' title='bbox 474 2804 503 2836; x_wconf 57' lang='grc' dir='ltr'><strong>ἢ,</strong></span> <span class='ocrx_word' id='word_1_738' title='bbox 514 2804 550 2831; x_wconf 77' lang='lat'><strong>5:</strong></span> <span class='ocrx_word' id='word_1_739' title='bbox 569 2813 578 2829; x_wconf 77' lang='grc' dir='ltr'><strong>ι</strong></span> <span class='ocrx_word' id='word_1_740' title='bbox 596 2803 653 2838; x_wconf 87' lang='lat' dir='ltr'><strong>Ipse</strong></span> <span class='ocrx_word' id='word_1_741' title='bbox 667 2803 739 2830; x_wconf 87' lang='lat' dir='ltr'><strong>enim</strong></span> <span class='ocrx_word' id='word_1_742' title='bbox 754 2805 829 2838; x_wconf 86' lang='lat' dir='ltr'><strong>quasi</strong></span> <span class='ocrx_word' id='word_1_743' title='bbox 845 2804 912 2839; x_wconf 83' lang='lat' dir='ltr'><strong>ignis</strong></span> <span class='ocrx_word' id='word_1_744' title='bbox 924 2812 1005 2844; x_wconf 46' lang='lat' dir='ltr'><strong>con-5</strong></span> 
     </span>
    </p>
   </div>
   <div class='ocr_carea' id='block_1_104' title="bbox 204 2850 987 2885">
    <p class='ocr_par' dir='ltr' id='par_1_104' title="bbox 204 2850 987 2885">
     <span class='ocr_line' id='line_1_104' title="bbox 204 2850 987 2885; baseline 0 -8"><span class='ocrx_word' id='word_1_745' title='bbox 204 2850 284 2884; x_wconf 80' lang='lat' dir='ltr'><strong>ﬂans,</strong></span> <span class='ocrx_word' id='word_1_746' title='bbox 299 2855 326 2878; x_wconf 89' lang='lat' dir='ltr'><strong>et</strong></span> <span class='ocrx_word' id='word_1_747' title='bbox 339 2850 415 2885; x_wconf 92' lang='lat' dir='ltr'><strong>quasi</strong></span> <span class='ocrx_word' id='word_1_748' title='bbox 431 2851 515 2878; x_wconf 87' lang='lat' dir='ltr'><strong>herba</strong></span> <span class='ocrx_word' id='word_1_749' title='bbox 534 2850 663 2878; x_wconf 90' lang='lat' dir='ltr'><strong>fullonum</strong></span> <span class='ocrx_word' id='word_1_750' title='bbox 678 2858 684 2875; x_wconf 91' lang='lat'>:</span> <span class='ocrx_word' id='word_1_751' title='bbox 700 2854 726 2877; x_wconf 92' lang='lat' dir='ltr'><strong>et</strong></span> <span class='ocrx_word' id='word_1_752' title='bbox 739 2851 843 2877; x_wconf 87' lang='lat' dir='ltr'><strong>sedebit</strong></span> <span class='ocrx_word' id='word_1_753' title='bbox 856 2850 987 2883; x_wconf 84' lang='lat' dir='ltr'><strong>conﬂans,</strong></span> 
     </span>
    </p>
   </div>
   <div class='ocr_carea' id='block_1_105' title="bbox 204 2896 1000 2933">
    <p class='ocr_par' dir='ltr' id='par_1_105' title="bbox 204 2896 1000 2933">
     <span class='ocr_line' id='line_1_105' title="bbox 204 2896 1000 2933; baseline 0 -9"><span class='ocrx_word' id='word_1_754' title='bbox 204 2902 230 2924; x_wconf 75' lang='lat' dir='ltr'><strong>et</strong></span> <span class='ocrx_word' id='word_1_755' title='bbox 243 2897 393 2925; x_wconf 87' lang='lat' dir='ltr'><strong>emundans</strong></span> <span class='ocrx_word' id='word_1_756' title='bbox 414 2903 567 2933; x_wconf 82' lang='lat' dir='ltr'><strong>argentum,</strong></span> <span class='ocrx_word' id='word_1_757' title='bbox 591 2901 620 2925; x_wconf 87' lang='lat' dir='ltr'><strong>et</strong></span> <span class='ocrx_word' id='word_1_758' title='bbox 644 2897 768 2931; x_wconf 79' lang='lat' dir='ltr'><strong>purgabit</strong></span> <span class='ocrx_word' id='word_1_759' title='bbox 784 2897 853 2925; x_wconf 88' lang='lat' dir='ltr'><strong>tilios</strong></span> <span class='ocrx_word' id='word_1_760' title='bbox 867 2896 941 2929; x_wconf 86' lang='lat' dir='ltr'><strong>Levi,</strong></span> <span class='ocrx_word' id='word_1_761' title='bbox 963 2902 1000 2924; x_wconf 83' lang='lat' dir='ltr'><strong>ct=</strong></span> 
     </span>
    </p>
   </div>
   <div class='ocr_carea' id='block_1_106' title="bbox 1034 2297 1820 2334">
    <p class='ocr_par' dir='ltr' id='par_1_106' title="bbox 1034 2297 1820 2334">
     <span class='ocr_line' id='line_1_106' title="bbox 1034 2297 1820 2334; baseline -0.006 -6"><span class='ocrx_word' id='word_1_762' title='bbox 1034 2301 1155 2328; x_wconf 85' lang='lat' dir='ltr'><strong>homines</strong></span> <span class='ocrx_word' id='word_1_763' title='bbox 1168 2299 1311 2334; x_wconf 85' lang='lat' dir='ltr'><strong>privasset.</strong></span> <span class='ocrx_word' id='word_1_764' title='bbox 1328 2298 1505 2327; x_wconf 88' lang='lat' dir='ltr'><strong>Conditiones</strong></span> <span class='ocrx_word' id='word_1_765' title='bbox 1524 2303 1614 2326; x_wconf 89' lang='lat' dir='ltr'><strong>autem</strong></span> <span class='ocrx_word' id='word_1_766' title='bbox 1629 2297 1682 2325; x_wconf 68' lang='lat' dir='ltr'><strong>illae</strong></span> <span class='ocrx_word' id='word_1_767' title='bbox 1693 2301 1756 2324; x_wconf 87' lang='lat' dir='ltr'><strong>sunt</strong></span> <span class='ocrx_word' id='word_1_768' title='bbox 1769 2298 1820 2323; x_wconf 94' lang='lat' dir='ltr'><strong>hu-</strong></span> 
     </span>
    </p>
   </div>
   <div class='ocr_carea' id='block_1_107' title="bbox 1030 2342 1819 2380">
    <p class='ocr_par' dir='ltr' id='par_1_107' title="bbox 1030 2342 1819 2380">
     <span class='ocr_line' id='line_1_107' title="bbox 1030 2342 1819 2380; baseline -0.005 -8"><span class='ocrx_word' id='word_1_769' title='bbox 1030 2346 1160 2380; x_wconf 87' lang='lat' dir='ltr'><strong>jusmodi,</strong></span> <span class='ocrx_word' id='word_1_770' title='bbox 1172 2351 1253 2380; x_wconf 88' lang='lat' dir='ltr'><strong>posse</strong></span> <span class='ocrx_word' id='word_1_771' title='bbox 1278 2345 1389 2379; x_wconf 79' lang='lat' dir='ltr'><strong>angelos</strong></span> <span class='ocrx_word' id='word_1_772' title='bbox 1410 2350 1438 2373; x_wconf 86' lang='lat' dir='ltr'><strong>et</strong></span> <span class='ocrx_word' id='word_1_773' title='bbox 1455 2345 1550 2373; x_wconf 90' lang='lat' dir='ltr'><strong>beatos</strong></span> <span class='ocrx_word' id='word_1_774' title='bbox 1566 2344 1598 2371; x_wconf 91' lang='lat' dir='ltr'><strong>ad</strong></span> <span class='ocrx_word' id='word_1_775' title='bbox 1621 2344 1673 2370; x_wconf 88' lang='lat' dir='ltr'><strong>ima</strong></span> <span class='ocrx_word' id='word_1_776' title='bbox 1688 2342 1819 2378; x_wconf 89' lang='lat' dir='ltr'><strong>provolvi,</strong></span> 
     </span>
    </p>
   </div>
   <div class='ocr_carea' id='block_1_108' title="bbox 1034 2389 1822 2426">
    <p class='ocr_par' dir='ltr' id='par_1_108' title="bbox 1034 2389 1822 2426">
     <span class='ocr_line' id='line_1_108' title="bbox 1034 2389 1822 2426; baseline -0.005 -7"><span class='ocrx_word' id='word_1_777' title='bbox 1034 2393 1056 2419; x_wconf 89' lang='lat' dir='ltr'><strong>si</strong></span> <span class='ocrx_word' id='word_1_778' title='bbox 1072 2391 1196 2420; x_wconf 84' lang='lat' dir='ltr'><strong>libertate</strong></span> <span class='ocrx_word' id='word_1_779' title='bbox 1212 2395 1318 2418; x_wconf 90' lang='lat' dir='ltr'><strong>utentes</strong></span> <span class='ocrx_word' id='word_1_780' title='bbox 1332 2391 1438 2426; x_wconf 82' lang='lat' dir='ltr'><strong>arbitrii</strong></span> <span class='ocrx_word' id='word_1_781' title='bbox 1454 2398 1468 2418; x_wconf 91' lang='lat' dir='ltr'><strong>a</strong></span> <span class='ocrx_word' id='word_1_782' title='bbox 1485 2391 1585 2417; x_wconf 87' lang='lat' dir='ltr'><strong>virtute</strong></span> <span class='ocrx_word' id='word_1_783' title='bbox 1601 2389 1744 2420; x_wconf 81' lang='lat' dir='ltr'><strong>deﬁciant;</strong></span> <span class='ocrx_word' id='word_1_784' title='bbox 1761 2395 1792 2415; x_wconf 90' lang='lat' dir='ltr'><strong>ac</strong></span> <span class='ocrx_word' id='word_1_785' title='bbox 1805 2394 1822 2415; x_wconf 86' lang='lat' dir='ltr'><strong>e</strong></span> 
     </span>
    </p>
   </div>
   <div class='ocr_carea' id='block_1_109' title="bbox 1035 2435 1821 2471">
    <p class='ocr_par' dir='ltr' id='par_1_109' title="bbox 1035 2435 1821 2471">
     <span class='ocr_line' id='line_1_109' title="bbox 1035 2435 1821 2471; baseline -0.006 -6"><span class='ocrx_word' id='word_1_786' title='bbox 1035 2437 1172 2465; x_wconf 90' lang='lat' dir='ltr'><strong>contrario</strong></span> <span class='ocrx_word' id='word_1_787' title='bbox 1192 2436 1226 2464; x_wconf 91' lang='lat' dir='ltr'><strong>ad</strong></span> <span class='ocrx_word' id='word_1_788' title='bbox 1252 2444 1358 2464; x_wconf 91' lang='lat' dir='ltr'><strong>summa</strong></span> <span class='ocrx_word' id='word_1_789' title='bbox 1377 2444 1455 2471; x_wconf 87' lang='lat' dir='ltr'><strong>posse</strong></span> <span class='ocrx_word' id='word_1_790' title='bbox 1478 2437 1620 2464; x_wconf 88' lang='lat' dir='ltr'><strong>damnatos</strong></span> <span class='ocrx_word' id='word_1_791' title='bbox 1645 2440 1672 2462; x_wconf 89' lang='lat' dir='ltr'><strong>et</strong></span> <span class='ocrx_word' id='word_1_792' title='bbox 1685 2435 1821 2462; x_wconf 70' lang='lat' dir='ltr'><strong>dmmones</strong></span> 
     </span>
    </p>
   </div>
   <div class='ocr_carea' id='block_1_110' title="bbox 1035 2481 1819 2518">
    <p class='ocr_par' dir='ltr' id='par_1_110' title="bbox 1035 2481 1819 2518">
     <span class='ocr_line' id='line_1_110' title="bbox 1035 2481 1819 2518; baseline -0.008 -8"><span class='ocrx_word' id='word_1_793' title='bbox 1035 2483 1189 2518; x_wconf 89' lang='lat' dir='ltr'><strong>pervenire,</strong></span> <span class='ocrx_word' id='word_1_794' title='bbox 1206 2483 1227 2510; x_wconf 89' lang='lat' dir='ltr'><strong>si</strong></span> <span class='ocrx_word' id='word_1_795' title='bbox 1243 2483 1331 2517; x_wconf 76' lang='lat' dir='ltr'><strong>gratia</strong></span> <span class='ocrx_word' id='word_1_796' title='bbox 1347 2482 1429 2516; x_wconf 89' lang='lat' dir='ltr'><strong>adjuti</strong></span> <span class='ocrx_word' id='word_1_797' title='bbox 1446 2482 1537 2509; x_wconf 83' lang='lat' dir='ltr'><strong>divina</strong></span> <span class='ocrx_word' id='word_1_798' title='bbox 1553 2481 1729 2516; x_wconf 82' lang='lat' dir='ltr'><strong>resipiscam;</strong></span> <span class='ocrx_word' id='word_1_799' title='bbox 1759 2485 1819 2505; x_wconf 92' lang='lat' dir='ltr'><strong>cum</strong></span> 
     </span>
    </p>
   </div>
   <div class='ocr_carea' id='block_1_111' title="bbox 1036 2525 1821 2563">
    <p class='ocr_par' dir='ltr' id='par_1_111' title="bbox 1036 2525 1821 2563">
     <span class='ocr_line' id='line_1_111' title="bbox 1036 2525 1821 2563; baseline -0.008 -7"><span class='ocrx_word' id='word_1_800' title='bbox 1036 2534 1126 2556; x_wconf 75' lang='lat' dir='ltr'><strong>autem</strong></span> <span class='ocrx_word' id='word_1_801' title='bbox 1154 2529 1228 2556; x_wconf 93' lang='lat' dir='ltr'><strong>nullo</strong></span> <span class='ocrx_word' id='word_1_802' title='bbox 1244 2536 1354 2563; x_wconf 90' lang='lat' dir='ltr'><strong>prorsus</strong></span> <span class='ocrx_word' id='word_1_803' title='bbox 1374 2529 1453 2555; x_wconf 89' lang='lat' dir='ltr'><strong>modo</strong></span> <span class='ocrx_word' id='word_1_804' title='bbox 1474 2528 1596 2555; x_wconf 88' lang='lat' dir='ltr'><strong>futurum</strong></span> <span class='ocrx_word' id='word_1_805' title='bbox 1618 2527 1653 2553; x_wconf 90' lang='lat' dir='ltr'><strong>sit</strong></span> <span class='ocrx_word' id='word_1_806' title='bbox 1670 2531 1698 2552; x_wconf 83' lang='grc' dir='ltr'><strong>ιιι</strong></span> <span class='ocrx_word' id='word_1_807' title='bbox 1714 2525 1740 2552; x_wconf 94' lang='lat' dir='ltr'><strong>hi</strong></span> <span class='ocrx_word' id='word_1_808' title='bbox 1755 2525 1821 2551; x_wconf 87' lang='lat' dir='ltr'><strong>resi-</strong></span> 
     </span>
    </p>
   </div>
   <div class='ocr_carea' id='block_1_112' title="bbox 1037 2569 1822 2609">
    <p class='ocr_par' dir='ltr' id='par_1_112' title="bbox 1037 2569 1822 2609">
     <span class='ocr_line' id='line_1_112' title="bbox 1037 2569 1822 2609; baseline -0.006 -8"><span class='ocrx_word' id='word_1_809' title='bbox 1037 2575 1152 2609; x_wconf 88' lang='lat' dir='ltr'><strong>piscant,</strong></span> <span class='ocrx_word' id='word_1_810' title='bbox 1168 2574 1204 2601; x_wconf 91' lang='lat' dir='ltr'><strong>illi</strong></span> <span class='ocrx_word' id='word_1_811' title='bbox 1219 2582 1234 2601; x_wconf 83' lang='lat' dir='ltr'><strong>a</strong></span> <span class='ocrx_word' id='word_1_812' title='bbox 1246 2575 1345 2601; x_wconf 92' lang='lat' dir='ltr'><strong>virtute</strong></span> <span class='ocrx_word' id='word_1_813' title='bbox 1360 2575 1497 2607; x_wconf 82' lang='lat' dir='ltr'><strong>deliciant,</strong></span> <span class='ocrx_word' id='word_1_814' title='bbox 1525 2574 1587 2600; x_wconf 88' lang='lat' dir='ltr'><strong>Itinc</strong></span> <span class='ocrx_word' id='word_1_815' title='bbox 1604 2572 1708 2606; x_wconf 80' lang='lat' dir='ltr'><strong>colligit</strong></span> <span class='ocrx_word' id='word_1_816' title='bbox 1721 2569 1822 2597; x_wconf 85' lang='lat' dir='ltr'><strong>Halioi-</strong></span> 
     </span>
    </p>
   </div>
   <div class='ocr_carea' id='block_1_113' title="bbox 1037 2615 1822 2653">
    <p class='ocr_par' dir='ltr' id='par_1_113' title="bbox 1037 2615 1822 2653">
     <span class='ocr_line' id='line_1_113' title="bbox 1037 2615 1822 2653; baseline -0.006 -7"><span class='ocrx_word' id='word_1_817' title='bbox 1037 2620 1098 2647; x_wconf 78' lang='lat' dir='ltr'><strong>xius</strong></span> <span class='ocrx_word' id='word_1_818' title='bbox 1112 2620 1271 2646; x_wconf 88' lang='lat' dir='ltr'><strong>arbitratum</strong></span> <span class='ocrx_word' id='word_1_819' title='bbox 1288 2618 1371 2645; x_wconf 71' lang='lat' dir='ltr'><strong>fuisse</strong></span> <span class='ocrx_word' id='word_1_820' title='bbox 1389 2618 1532 2653; x_wconf 83' lang='lat' dir='ltr'><strong>Origenem</strong></span> <span class='ocrx_word' id='word_1_821' title='bbox 1547 2626 1595 2645; x_wconf 91' lang='lat' dir='ltr'><strong>uec</strong></span> <span class='ocrx_word' id='word_1_822' title='bbox 1609 2624 1622 2644; x_wconf 87' lang='lat' dir='ltr'><strong>a</strong></span> <span class='ocrx_word' id='word_1_823' title='bbox 1638 2617 1767 2644; x_wconf 87' lang='lat' dir='ltr'><strong>beatitale</strong></span> <span class='ocrx_word' id='word_1_824' title='bbox 1781 2615 1822 2642; x_wconf 87' lang='lat' dir='ltr'><strong>di-</strong></span> 
     </span>
    </p>
   </div>
   <div class='ocr_carea' id='block_1_114' title="bbox 1036 2661 1822 2700">
    <p class='ocr_par' dir='ltr' id='par_1_114' title="bbox 1036 2661 1822 2700">
     <span class='ocr_line' id='line_1_114' title="bbox 1036 2661 1822 2700; baseline -0.006 -8"><span class='ocrx_word' id='word_1_825' title='bbox 1036 2665 1163 2700; x_wconf 82' lang='lat' dir='ltr'><strong>lapsuros</strong></span> <span class='ocrx_word' id='word_1_826' title='bbox 1178 2665 1248 2697; x_wconf 87' lang='lat' dir='ltr'><strong>illos,</strong></span> <span class='ocrx_word' id='word_1_827' title='bbox 1265 2673 1315 2692; x_wconf 86' lang='lat' dir='ltr'><strong>nec</strong></span> <span class='ocrx_word' id='word_1_828' title='bbox 1330 2665 1378 2692; x_wconf 91' lang='lat' dir='ltr'><strong>hos</strong></span> <span class='ocrx_word' id='word_1_829' title='bbox 1392 2664 1479 2699; x_wconf 78' lang='lat' dir='ltr'><strong>poenis</strong></span> <span class='ocrx_word' id='word_1_830' title='bbox 1491 2664 1522 2691; x_wconf 93' lang='lat' dir='ltr'><strong>iri</strong></span> <span class='ocrx_word' id='word_1_831' title='bbox 1537 2663 1689 2690; x_wconf 90' lang='lat' dir='ltr'><strong>liberatum.</strong></span> <span class='ocrx_word' id='word_1_832' title='bbox 1703 2671 1711 2687; x_wconf 83' lang='lat' dir='ltr'><strong>t</strong></span> <span class='ocrx_word' id='word_1_833' title='bbox 1721 2661 1822 2695; x_wconf 82' lang='lat' dir='ltr'><strong>Quare.</strong></span> 
     </span>
    </p>
   </div>
   <div class='ocr_carea' id='block_1_115' title="bbox 1038 2707 1823 2748">
    <p class='ocr_par' dir='ltr' id='par_1_115' title="bbox 1038 2707 1823 2748">
     <span class='ocr_line' id='line_1_115' title="bbox 1038 2707 1823 2748; baseline -0.009 -7"><span class='ocrx_word' id='word_1_834' title='bbox 1038 2714 1135 2748; x_wconf 89' lang='lat' dir='ltr'><strong>inquit,</strong></span> <span class='ocrx_word' id='word_1_835' title='bbox 1156 2713 1264 2747; x_wconf 88' lang='lat' dir='ltr'><strong>quoties</strong></span> <span class='ocrx_word' id='word_1_836' title='bbox 1282 2711 1347 2739; x_wconf 88' lang='lat' dir='ltr'><strong>dicit</strong></span> <span class='ocrx_word' id='word_1_837' title='bbox 1367 2710 1498 2745; x_wconf 77' lang='lat' dir='ltr'><strong>Origenes</strong></span> <span class='ocrx_word' id='word_1_838' title='bbox 1522 2710 1658 2737; x_wconf 83' lang='lat' dir='ltr'><strong>diabolum</strong></span> <span class='ocrx_word' id='word_1_839' title='bbox 1678 2715 1756 2743; x_wconf 87' lang='lat' dir='ltr'><strong>posse</strong></span> <span class='ocrx_word' id='word_1_840' title='bbox 1769 2707 1823 2735; x_wconf 85' lang='lat' dir='ltr'><strong>sal-</strong></span> 
     </span>
    </p>
   </div>
   <div class='ocr_carea' id='block_1_116' title="bbox 1036 2757 1822 2793">
    <p class='ocr_par' dir='ltr' id='par_1_116' title="bbox 1036 2757 1822 2793">
     <span class='ocr_line' id='line_1_116' title="bbox 1036 2757 1822 2793; baseline -0.009 -7"><span class='ocrx_word' id='word_1_841' title='bbox 1036 2760 1106 2791; x_wconf 83' lang='lat' dir='ltr'><strong>Vari,</strong></span> <span class='ocrx_word' id='word_1_842' title='bbox 1123 2758 1313 2793; x_wconf 79' lang='lat' dir='ltr'><strong>intelligendus</strong></span> <span class='ocrx_word' id='word_1_843' title='bbox 1327 2762 1369 2785; x_wconf 90' lang='lat' dir='ltr'><strong>est</strong></span> <span class='ocrx_word' id='word_1_844' title='bbox 1382 2757 1472 2785; x_wconf 88' lang='lat' dir='ltr'><strong>dicere</strong></span> <span class='ocrx_word' id='word_1_845' title='bbox 1486 2765 1518 2784; x_wconf 83' lang='lat' dir='ltr'><strong>ex</strong></span> <span class='ocrx_word' id='word_1_846' title='bbox 1535 2760 1611 2790; x_wconf 88' lang='lat' dir='ltr'><strong>parte</strong></span> <span class='ocrx_word' id='word_1_847' title='bbox 1629 2761 1749 2785; x_wconf 80' lang='lat' dir='ltr'><strong>natur-.e,</strong></span> <span class='ocrx_word' id='word_1_848' title='bbox 1770 2761 1822 2781; x_wconf 83' lang='lat' dir='ltr'><strong>non</strong></span> 
     </span>
    </p>
   </div>
   <div class='ocr_carea' id='block_1_117' title="bbox 1039 2800 1823 2839">
    <p class='ocr_par' dir='ltr' id='par_1_117' title="bbox 1039 2800 1823 2839">
     <span class='ocr_line' id='line_1_117' title="bbox 1039 2800 1823 2839; baseline -0.008 -7"><span class='ocrx_word' id='word_1_849' title='bbox 1039 2812 1069 2832; x_wconf 88' lang='lat' dir='ltr'><strong>ex</strong></span> <span class='ocrx_word' id='word_1_850' title='bbox 1085 2809 1161 2839; x_wconf 89' lang='lat' dir='ltr'><strong>parte</strong></span> <span class='ocrx_word' id='word_1_851' title='bbox 1177 2804 1303 2835; x_wconf 69' lang='lat' dir='ltr'><strong>malitim;</strong></span> <span class='ocrx_word' id='word_1_852' title='bbox 1317 2803 1375 2831; x_wconf 88' lang='lat' dir='ltr'><strong>sive</strong></span> <span class='ocrx_word' id='word_1_853' title='bbox 1388 2805 1459 2838; x_wconf 91' lang='lat' dir='ltr'><strong>quod</strong></span> <span class='ocrx_word' id='word_1_854' title='bbox 1472 2808 1568 2829; x_wconf 88' lang='lat' dir='ltr'><strong>natura</strong></span> <span class='ocrx_word' id='word_1_855' title='bbox 1585 2803 1643 2836; x_wconf 87' lang='lat' dir='ltr'><strong>ejus</strong></span> <span class='ocrx_word' id='word_1_856' title='bbox 1659 2809 1712 2828; x_wconf 91' lang='lat' dir='ltr'><strong>non</strong></span> <span class='ocrx_word' id='word_1_857' title='bbox 1727 2800 1763 2828; x_wconf 89' lang='lat' dir='ltr'><strong>sit</strong></span> <span class='ocrx_word' id='word_1_858' title='bbox 1781 2807 1823 2826; x_wconf 86' lang='lat' dir='ltr'><strong>re-</strong></span> 
     </span>
    </p>
   </div>
   <div class='ocr_carea' id='block_1_118' title="bbox 1038 2845 1821 2885">
    <p class='ocr_par' dir='ltr' id='par_1_118' title="bbox 1038 2845 1821 2885">
     <span class='ocr_line' id='line_1_118' title="bbox 1038 2845 1821 2885; baseline -0.008 -9"><span class='ocrx_word' id='word_1_859' title='bbox 1038 2857 1161 2885; x_wconf 75' lang='lat' dir='ltr'><strong>pugnans</strong></span> <span class='ocrx_word' id='word_1_860' title='bbox 1176 2849 1266 2876; x_wconf 88' lang='lat' dir='ltr'><strong>saluti.</strong></span> <span class='ocrx_word' id='word_1_861' title='bbox 1284 2848 1340 2875; x_wconf 89' lang='lat' dir='ltr'><strong>Hoc</strong></span> <span class='ocrx_word' id='word_1_862' title='bbox 1355 2850 1427 2874; x_wconf 85' lang='lat' dir='ltr'><strong>enim</strong></span> <span class='ocrx_word' id='word_1_863' title='bbox 1450 2848 1578 2875; x_wconf 83' lang='lat' dir='ltr'><strong>tenebant.</strong></span> <span class='ocrx_word' id='word_1_864' title='bbox 1605 2845 1796 2873; x_wconf 83' lang='lat' dir='ltr'><strong>Valentiniani.</strong></span> <span class='ocrx_word' id='word_1_865' title='bbox 1812 2854 1821 2870; x_wconf 74' lang='grc' dir='ltr'><strong>ι</strong></span> 
     </span>
    </p>
   </div>
   <div class='ocr_carea' id='block_1_119' title="bbox 1040 2893 1825 2929">
    <p class='ocr_par' dir='ltr' id='par_1_119' title="bbox 1040 2893 1825 2929">
     <span class='ocr_line' id='line_1_119' title="bbox 1040 2893 1825 2929; baseline -0.004 -7"><span class='ocrx_word' id='word_1_866' title='bbox 1040 2896 1125 2929; x_wconf 83' lang='lat' dir='ltr'><strong>Quam</strong></span> <span class='ocrx_word' id='word_1_867' title='bbox 1145 2895 1210 2923; x_wconf 85' lang='lat' dir='ltr'><strong>lcvis</strong></span> <span class='ocrx_word' id='word_1_868' title='bbox 1223 2895 1258 2922; x_wconf 84' lang='lat' dir='ltr'><strong>sit</strong></span> <span class='ocrx_word' id='word_1_869' title='bbox 1273 2895 1330 2922; x_wconf 83' lang='lat' dir='ltr'><strong>ha:c</strong></span> <span class='ocrx_word' id='word_1_870' title='bbox 1343 2895 1493 2926; x_wconf 75' lang='lat' dir='ltr'><strong>excusatio,</strong></span> <span class='ocrx_word' id='word_1_871' title='bbox 1510 2894 1585 2925; x_wconf 87' lang='lat' dir='ltr'><strong>satis.</strong></span> <span class='ocrx_word' id='word_1_872' title='bbox 1613 2893 1639 2920; x_wconf 93' lang='lat' dir='ltr'><strong>ni</strong></span> <span class='ocrx_word' id='word_1_873' title='bbox 1656 2893 1744 2926; x_wconf 91' lang='lat' dir='ltr'><strong>fallor,</strong></span> <span class='ocrx_word' id='word_1_874' title='bbox 1763 2899 1825 2926; x_wconf 67' lang='lat' dir='ltr'><strong>pre:</strong></span> 
     </span>
    </p>
   </div>
  </div>
