4170 6404
609 367 749 430 10-ιὸ

1882 387 1942 442 Ρ.
1977 387 2293 444 DANIELIS
2329 389 2564 447 HUETII

3729 393 3868 453 10“

608 491 798 589 batum
943 498 1317 589 superioribus
1344 505 1691 570 testimoniis,
1718 522 1841 576 qute
1868 526 1973 564 non
1997 511 2184 565 ὑποθε-
2214 515 2261 574 Α
2289 512 2524 570 fortasse
2548 516 2691 587 quod
2721 525 2931 585 tempus
2960 531 3045 572 res
3093 517 3164 572 sit
3208 516 3370 589 vulgo
3395 515 3747 587 ignorabilis;
3781 515 3865 569 vel

606 582 795 647 τικῶς,
823 587 914 639 sed
936 588 1182 643 absolute
1204 600 1258 644 et
1276 593 1599 662 simpliciter
1617 597 1931 654 felicitatem
1963 602 2184 654 damna-

605 676 677 727 tis
703 684 755 729 et
786 680 1121 737 daemonibus
1149 684 1497 753 pollicentur.
1538 687 1667 745 Plus
1688 690 1857 747 habet
1889 694 2099 749 roboris
2128 696 2181 750 in

605 766 787 835 specie
814 766 1067 827 Halloixii
1096 774 1339 834 defensio
1378 779 1570 847 altera,
1604 798 1723 853 quae
1749 785 1803 839 in
1831 788 2046 856 copiosa
2071 788 2183 844 Ori-

604 858 959 929 genianorum
999 862 1243 922 locorum
1308 872 1564 941 congerie
1612 876 1784 944 posita
1839 887 1942 941 est,
1989 880 2184 948 quibus

603 961 820 1009 aeternae
860 955 1074 1011 diabolo
1117 968 1173 1013 et
1220 959 1493 1019 damnatis
1535 980 1744 1035 ptente,
1779 970 1968 1024 aeterni
2032 972 2183 1038 ignes

604 1044 973 1101 ascribuntur.
1015 1046 1149 1103 Nam
1190 1053 1332 1120 quod
1376 1053 1587 1111 dixerat
1631 1056 1895 1129 Origenes
1928 1063 2178 1127 αἰώνιον,

602 1134 928 1207 interpretes
974 1138 1165 1198 Latine
1191 1154 1461 1208 aeternum,
1486 1147 1858 1205 reddiderunt.
1887 1151 2021 1208 Tota
2048 1170 2182 1223 ergo

600 1230 1090 1295 argumentationis
1117 1234 1202 1288 vis
1230 1234 1281 1289 in
1311 1236 1463 1293 vocis
1508 1238 1653 1295 illius
1711 1240 1927 1297 αἰώνιον
1962 1246 2179 1315 propria

598 1315 997 1385 significatione
1029 1322 1202 1391 posita
1232 1334 1337 1379 est.

669 1405 859 1463 XXVI.
892 1410 1039 1465 Αἰὼν
1074 1429 1179 1469 non
1228 1414 1460 1486 simplici
1517 1419 1741 1475 notione
1802 1422 2017 1492 gaudet,
2054 1439 2177 1479 nam

596 1500 759 1554 modo
785 1500 993 1557 finitum
1028 1512 1257 1575 tempus,
1291 1508 1449 1562 modo
1481 1509 1841 1574 indefinitum,
1893 1516 2053 1570 modo
2098 1516 2179 1571 in-

596 1591 808 1648 finitum
842 1605 1018 1651 sonat.
1053 1597 1349 1669 Hesychius
1380 1619 1392 1655 :
1422 1602 1598 1670 Αὶὼν,
1630 1606 1658 1656 ὀ
1699 1604 1813 1675 βίος
1845 1608 1955 1660 τῶν
1977 1608 2181 1680 ἀνθρὼ-

595 1701 715 1738 πων
738 1704 751 1717 ο
780 1689 810 1741 ὁ
856 1688 956 1759 τῆς
1000 1690 1145 1760 ζωῆς
1171 1691 1359 1762 χρόνος
1380 1710 1393 1723 '
1427 1695 1555 1747 ποτὲ
1611 1696 1668 1749 δὲ
1711 1699 1803 1751 καί
1835 1700 1925 1752 ἐπὶ
1964 1701 2176 1772 μακροῦ

595 1781 790 1849 χρόνου
828 1787 1047 1841 νοεῖται.
1086 1786 1273 1843 Plures
1317 1790 1484 1843 etiam
1540 1788 1778 1846 Joannes
1819 1791 2177 1850 Damascenus

594 1842 691 1926 iii).
734 1889 770 1928 ιι
824 1873 902 1929 De
932 1875 1037 1943 ﬁde
1089 1880 1478 1949 orthod.,cap.
1517 1842 1775 1948 res;
1812 1842 2250 1956 egressi"

594 1964 845 2021 cationes
894 1970 1164 2038 proponit,
1238 1986 1357 2040 qua:
1414 1972 1608 2041 partim
1663 1976 1730 2029 ad
1797 1979 2167 2043 terminatmn,

592 2056 793 2125 partim
843 2058 910 2111 ad
966 2059 1368 2118 interminatum
1418 2066 1681 2135 temporis
1732 2068 1963 2131 spatium
2005 2072 2171 2138 perti-

593 2158 753 2206 nent.
809 2152 1131 2209 Aristoteles
1186 2171 1203 2209 ι
1254 2154 1332 2210 De
1365 2156 1491 2211 caelo
1546 2158 1745 2213 factam
1792 2170 1943 2228 putat
1980 2175 2167 2215 vocem

592 2237 729 2292 αἰών
753 2239 822 2295 ab
848 2240 939 2295 del
993 2241 1097 2308 ῶν,
1157 2259 1264 2314 quo
1290 2248 1619 2303 aeternitatis
1660 2250 1869 2304 notatio
1918 2251 2167 2305 contine-

592 2340 702 2388 tur.
758 2331 908 2389 Hane
959 2336 1376 2408 originationem
1432 2340 1627 2395 deinde
1682 2352 2010 2412 usurparunt
2044 2343 2167 2398 Plo-

592 2424 764 2491 tinus,
796 2425 1044 2493 Proclus,
1078 2429 1422 2502 Elymologus
1445 2472 1462 2498 ,
1498 2442 1554 2487 et
1587 2432 1698 2489 alii.
1751 2433 1821 2487 At
1877 2450 1944 2490 eo
1988 2446 2167 2492 tamen

592 2514 858 2570 vocabqu
916 2527 1203 2591 utrumque
1269 2531 1482 2591 tempus
1529 2524 1755 2591 exprimi
1816 2524 2017 2580 fatetur
2069 2526 2170 2580 ibi-

593 2605 707 2662 dtr
760 2608 1101 2666 Aristoteles.
1132 2613 1216 2666 Ab
1263 2613 1396 2667 αἰών
1428 2616 1631 2685 prodiit
1678 2614 1930 2671 Latinum
1968 2633 2166 2683 tecum,

588 2698 795 2756 inserto
836 2702 1110 2773 digamma
1158 2702 1406 2771 IEolico;
1450 2716 1506 2761 ut
1551 2707 1620 2761 ab
1654 2707 1759 2771 δῖς,
1803 2710 1935 2763 ocis.
1971 2709 2169 2764 xEvum

590 2789 775 2858 igitur,
844 2801 905 2846 ιιι
963 2794 1118 2861 αἰὼν,
1178 2795 1528 2867 multiplicem
1584 2799 1749 2853 habet
1800 2800 1949 2865 vim,
2009 2801 2169 2855 modo

591 2892 807 2954 tempus
840 2885 945 2941 line
976 2901 1199 2953 carens,
1247 2890 1405 2942 modo
1460 2888 1815 2944 terminatum
1856 2891 2167 2957 designans.

586 2974 795 3032 Prioris
838 2985 1001 3034 testes
1058 2979 1284 3035 Servius
1331 2979 1388 3034 in
1441 2998 1495 3037 vt
1553 2982 1799 3050 limiti,
1841 3001 1985 3041 vers.
2028 2989 2167 3054 764;

586 3066 941 3137 Censorinus,
996 3084 1115 3140 cap.
1149 3069 1241 3138 i6,
1287 3082 1341 3125 et
1376 3072 1615 3127 Isidorus
1656 3073 1934 3144 Originum
1979 3078 2074 3133 lib.
2104 3094 2167 3145 ,v,

584 3176 705 3230 cap.
751 3160 821 3218 38
858 3179 873 3218 :
916 3179 937 3215 ι
978 3161 1215 3229 Ᾱζνιιιιι,
1267 3164 1478 3235 inquit,
1547 3176 1632 3223 est
1697 3178 1830 3223 aetas
1885 3180 2162 3239 perpetua,
2195 3195 2237 3254 ο

585 3254 743 3323 cujus
775 3270 953 3325 neque
1010 3256 1250 3323 initium,
1303 3271 1480 3329 neque
1527 3261 1848 3315 extremitas
1900 3262 2163 3323 nascitur,

586 3347 729 3415 quod
760 3346 936 3403 Graeci
963 3348 1139 3403 αἰῶνα
1162 3358 1379 3416 vocant,
1408 3350 1551 3420 quod
1583 3350 1877 3416 aliquando
1906 3355 2046 3422 apud
2077 3372 2169 3410 eos

588 3451 689 3504 pro
715 3437 933 3501 saeculo,
963 3438 1255 3508 aliquando
1288 3454 1386 3509 pro
1410 3452 1624 3495 aeterno
1652 3443 1894 3509 ponitur.
1938 3442 2093 3498 Unde
2115 3454 2170 3499 et

588 3531 731 3600 apud
759 3528 984 3585 Latinos
1011 3540 1094 3585 est
1127 3530 1449 3586 derivatum.
1472 3550 1490 3583 ι
1534 3531 1860 3589 Posterioris
1894 3535 2169 3606 signiﬁca-

589 3620 755 3676 tionis
789 3622 944 3676 testis
986 3621 1240 3678 lloratius
1283 3620 1520 3677 Carmin.
1561 3624 1655 3679 lib.
1696 3639 1755 3688 ll,
1802 3626 1892 3681 od.
1931 3627 1987 3691 9,
2023 3644 2164 3683 vers.

587 3711 677 3776 l5,
710 3712 801 3768 ubi
833 3723 913 3766 ter
938 3729 1045 3767 tevo
1103 3711 1345 3768 functum
1395 3710 1678 3768 Nestorem
1720 3717 1882 3780 dicit,
1920 3719 2011 3787 qui
2058 3729 2168 3774 tres

587 3804 786 3873 γενεὰς
825 3815 1176 3869 excesserat,
1232 3806 1335 3861 hoc
1368 3816 1451 3862 est
1475 3807 1543 3862 90
1566 3823 1759 3863 annos.
1802 3808 1945 3864 Idem
1993 3825 2166 3866 avum

583 3913 685 3968 pro
704 3905 946 3969 tempore
974 3908 1202 3967 usurpat
1224 3900 1383 3969 epist.
1418 3899 1474 3965 1,
1504 3899 1597 3954 lib.
1629 3915 1692 3964 ιι,
1717 3914 1859 3957 vers.
1892 3900 2015 3966 l59,
2044 3917 2165 3956 cum

584 3988 660 4043 sit
683 3989 911 4057 vestigia
936 3990 1077 4044 ruris
1119 3989 1170 4043 in
1213 3988 1429 4059 longum
1478 4005 1647 4043 aevum
1692 3991 1976 4045 mansisse.
2015 3992 2168 4061 Saepe

582 4094 684 4149 pro
712 4089 873 4135 atate
920 4080 1233 4143 adhibetur,
1294 4084 1439 4135 unde
1491 4079 1778 4151 lonngus,
1829 4084 2164 4153 grandtevus,

585 4189 813 4227 εοωυιιδ.
843 4171 929 4226 Ab
955 4189 1086 4239 (evo,
1111 4173 1316 4238 tacitas,
1342 4180 1400 4228 et
1430 4186 1527 4243 per
1552 4175 1977 4230 contractionem
2006 4186 2166 4229 tctus:

583 4263 741 4333 csjus
781 4265 922 4320 idem
955 4274 1036 4319 est
1078 4264 1385 4320 intellectus
1417 4279 1480 4319 ac
1516 4267 1635 4329 tcvi,
1675 4282 1799 4320 nam
1839 4266 1999 4321 modo
2032 4276 2170 4321 tem-

584 4371 686 4427 pus
747 4366 1031 4421 aeternum,
1093 4357 1253 4411 modo
1321 4356 1798 4428 circumscriptum
1835 4358 2032 4431 signat.
2083 4360 2166 4413 Ab

583 4464 694 4504 mo
735 4449 919 4504 itidem
974 4450 1288 4515 wviternus,
1329 4459 1384 4505 et
1441 4465 1539 4519 per
1591 4467 1865 4522 syncopen
1907 4463 2167 4520 wternus;

2290 603 2434 670 quod
2462 604 2619 659 nobis
2639 619 2835 674 parum
2856 604 3059 674 liquido
3083 617 3206 661 nota
3240 608 3348 662 sint
3370 607 3667 676 prseterita,
3685 605 3863 660 futura

2288 707 2421 746 vero
2474 695 2690 762 penitus
2749 696 2963 765 ignota;
3029 698 3112 751 vel
3148 698 3291 767 quod
3342 706 3554 767 tempus
3608 697 3769 751 tacite
3809 704 3867 751 et

2288 785 2499 840 occulte
2524 787 2801 857 subrepat.
2851 789 3070 845 Diceres
3100 790 3167 844 ad
3202 790 3341 845 hanc
3378 790 3640 859 originem
3682 803 3866 856 respe-

2290 876 2434 933 xisse
2496 878 2779 935 Horatium
2819 896 2944 937 cum
2982 883 3200 952 scripsit
3252 884 3347 940 lib.
3384 900 3426 951 ι,
3468 884 3555 939 od.
3583 882 3673 949 l2,
3716 895 3861 938 vers.

2287 964 2413 1019 45:

2572 1057 2771 1131 Qrescit
2807 1062 3030 1121 occulto,
3058 1061 3195 1117 velut
3224 1062 3402 1131 arbor,
3446 1078 3577 1128 a'vo,

2572 1128 2745 1183 Fama
2777 1130 3053 1196 Marcelli;

2285 1250 2337 1293 et
2368 1238 2635 1307 Ovidium,
2668 1241 2885 1299 Metam.
2914 1260 2971 1310 ι,
3008 1259 3154 1301 vers.
3190 1244 3293 1300 5l9
3315 1264 3333 1300 ε

2565 1328 2787 1383 Labitur
2818 1332 3041 1395 occulte,
3090 1332 3332 1403 fallitque
3352 1332 3581 1387 volatilis
3612 1339 3762 1387 etas.

2286 1415 2441 1472 Valet
2480 1420 2543 1473 ad
2579 1422 2914 1489 superiorum
2938 1422 3429 1484 conﬁrmationem,
3458 1420 3599 1489 quod
3634 1420 3860 1474 habetur

2288 1508 2583 1566 Deuteron.
2615 1527 2705 1575 xv,
2735 1512 2823 1579 ΓΙ,
2864 1514 2931 1567 de
2954 1513 3174 1567 homine
3204 1514 3293 1582 qui
3336 1513 3466 1568 sein
3503 1512 3857 1567 voluntariam

2285 1610 2337 1655 et
2360 1612 2617 1656 aeternam
2642 1604 2964 1658 servitutem
2996 1604 3270 1673 mancipat
3302 1622 3317 1658 :
3352 1621 3371 1655 ι
3404 1604 3662 1657 Assumes
3694 1603 3857 1657 subu-

2284 1693 2412 1758 lam,
2469 1703 2524 1750 et
2574 1694 2877 1765 perforabis
2937 1709 3123 1749 aurem
3172 1694 3290 1763 ejus
3341 1696 3394 1749 in
3451 1694 3614 1762 ianua
3667 1694 3857 1747 domus

2280 1795 2406 1849 tua),
2466 1795 2516 1840 et
2578 1786 2779 1841 serviet
2826 1787 2921 1841 tibi
2978 1801 3153 1855 usque
3191 1788 3245 1842 in
3298 1796 3581 1841 aeternum.
3614 1803 3633 1837 ι
3692 1782 3855 1837 Hebr.

2280 1860 2419 1940 0'71?
2450 1886 2548 1941 πιῖ
2695 1887 2800 1936 m1.
2830 1877 2993 1943 LXX,
3019 1880 3112 1931 καὶ
3140 1878 3291 1931 ἔσται
3313 1896 3393 1933 σοι
3420 1877 3635 1947 οἰκέτης
3667 1877 3745 1937 εἰς
3766 1873 3856 1927 τὸν

2279 1966 2470 2020 αἰῶνα.
2525 1955 2627 2021 Cui
2664 1955 2846 2022 'situile
2884 1968 3013 2023 illud
3076 1968 3285 2025 Horatii
3346 1970 3437 2027 lib.
3491 1985 3528 2033 I,
3568 1968 3727 2036 epist.
3764 1966 3853 2019 10³

2270 2072 2413 2113 vers.
2459 2059 2523 2112 ΔΙ
2570 2075 2583 2111 :

2445 2149 2649 2204 Serviet
2674 2160 2927 2205 aeternum
2948 2190 2963 2215 ,
3003 2152 3128 2221 quia
3172 2167 3338 2219 parvo
3368 2150 3550 2204 nesciit
3577 2148 3677 2202 uti.

2267 2237 2418 2295 Utile
2444 2240 2613 2296 etiam
2642 2241 3085 2312 hoc'llieronyuti
3117 2243 3171 2296 in
3217 2241 3501 2295 Ezechielis
3531 2258 3651 2310 cap.
3696 2253 3850 2293 uvu

2278 2345 2420 2385 vers.
2448 2331 2551 2384 ult.‘
2579 2349 2592 2385 :
2628 2349 2647 2383 ι
2675 2329 2741 2384 Et
2772 2331 2913 2385 ultra
2946 2348 3049 2385 non
3080 2333 3185 2386 eris
3229 2332 3284 2384 in
3304 2334 3672 2398 sempiternum
3699 2343 3721 2382 :
3742 2330 3855 2384 sive

2268 2432 2329 2477 ut
2362 2423 2415 2478 in
2457 2422 2721 2480 Hebraico
2756 2409 2931 2492 dmi,
2970 2436 3027 2480 et
3079 2426 3134 2481 in
3177 2426 3365 2482 Graeco
3399 2423 3533 2479 αἰὼν
3572 2424 3852 2486 scribitur,

2270 2532 2434 2571 unum
2503 2517 2759 2572 sarculum
2818 2519 3110 2589 signiﬁcat,
3164 2519 3319 2589 juxta
3367 2519 3501 2574 illud
3538 2518 3710 2581 Isaia,
3760 2518 3852 2587 qui

2272 2622 2395 2680 post
2432 2611 2765 2681 septuaginta
2794 2626 2967 2666 annos
2995 2611 3125 2666 dicit
3147 2611 3347 2683 'l‘yrum
3379 2610 3766 2666 restituendam
3795 2611 3849 2663 in

2269 2701 2536 2773 integrum
2555 2711 2775 2775 statum.
2800 2702 2966 2757 Aiunt
2983 2713 3158 2758 autem
3181 2718 3345 2758 unum
3366 2701 3644 2768 saeculum,
3673 2701 3725 2755 id
3748 2709 3853 2765 est,

2270 2780 2543 2848 humanae
2576 2803 2787 2863 tempus
2830 2786 3008 2849 aetatis
3054 2794 3392 2865 septuaginta
3438 2806 3704 2847 annorum
3756 2806 3854 2845 nu-

2272 2895 2423 2936 mero
2466 2884 2771 2951 supputari,
2806 2882 3091 2939 Psalmista
3136 2884 3359 2939 dicente
3392 2900 3406 2937 :
3444 2882 3564 2937 Dies
3591 2896 3853 2936 annorum

2270 2984 2571 3026 nostrorum
2601 2974 2658 3026 in
2684 2974 2812 3043 ipsis
2840 2975 3171 3043 septuaginta
3204 2976 3332 3029 anui
3361 2975 3406 3007 ⁸⁷
3432 2992 3447 3031 :
3481 2992 3499 3025 ι
3536 2982 3590 3027 et
3627 2971 3770 3025 istud
3798 2971 3853 3024 in

2270 3061 2451 3121 Galat.
2483 3080 2499 3119 ι
2540 3083 2553 3119 :
2585 3082 2605 3116 ι
2636 3065 2691 3119 In
2722 3064 2969 3121 Hebrwo‘
3000 3066 3248 3121 sleoulam
3271 3106 3287 3131 ,
3341 3066 3395 3121 id
3433 3075 3517 3120 est
3553 3048 3712 3130 0⁸719,
3761 3062 3853 3117 ubi

2269 3161 2292 3212 Ὶ
2329 3153 2560 3209 litteram
2586 3155 2819 3225 positam
2851 3156 3129 3221 habuerit,
3171 3158 3516 3211 teternitatent
3556 3155 3850 3227 signiﬁcat:

2272 3247 2358 3300 ubi
2412 3262 2541 3302 vero
2586 3247 3056 3315 sineﬂscribitur,
3100 3266 3297 3303 annum
3340 3250 3851 3319 quinquagesimum,

2270 3352 2428 3409 quem
2460 3338 2535 3394 illi
2564 3335 2851 3394 Jubilazum
2877 3348 3092 3395 vocant.
3117 3360 3136 3393 ι
3179 3340 3327 3417 Alth
3369 3344 3499 3396 vero
3529 3356 3636 3395 non
3667 3342 3849 3395 inlini-

2271 3441 2382 3486 tum
2409 3439 2623 3502 tempus
2646 3474 2661 3499 ,
2698 3433 2792 3488 sed
2831 3433 3167 3489 indeﬁnitum
3202 3434 3474 3505 signiﬁcat
3504 3435 3557 3490 in
3588 3435 3706 3490 istis
3742 3433 3853 3488 Lu-

2269 3537 2347 3579 ca:
2376 3539 2414 3590 ι,
2446 3523 2562 3579 33:
2604 3523 2716 3579 «Et
2770 3526 3019 3594 regnabit
3074 3528 3127 3582 in
3181 3524 3548 3584 domo‘Jaeob
3596 3527 3651 3583 in
3691 3536 3853 3581 aeter-

2268 3630 2417 3679 num,
2446 3634 2467 3667 ›
2491 3617 2571 3679 εἰς
2591 3618 2717 3680 τοὺς
2741 3614 2943 3682 αἰῶνας
2956 3612 2983 3649 ”
3020 3622 3143 3673 nam
3171 3618 3215 3675 si
3244 3619 3295 3674 id
3331 3619 3567 3691 spatium
3598 3619 3853 3689 temporis

2270 3706 2681 3763 interminatam
2704 3709 3053 3779 exprimeret,
3082 3711 3692 3789 quorsumadderetur:
3736 3731 3756 3764 ι
3786 3711 3855 3767 Et

2271 3798 2421 3868 regni
2455 3799 2571 3869 ejus
2607 3816 2711 3854 non
2736 3802 2842 3855 erit
2873 3801 3017 3859 linis.
3046 3821 3064 3855 ι
3102 3800 3159 3858 ld
3192 3804 3305 3859 sibi
3332 3804 3445 3858 vult
3490 3818 3620 3874 ergo
3652 3802 3849 3869 Lucas,

2270 3892 2384 3946 sive
2413 3892 2596 3961 potius
2619 3893 2836 3949 Gabriel
2865 3911 2879 3949 :
2908 3894 3187 3952 Obtinebit
3216 3896 3306 3951 ille
3338 3898 3553 3966 quidem
3593 3898 3646 3951 in
3690 3899 3851 3953 domo

2271 3980 2438 4037 Jacob
2477 3997 2699 4053 regnum
2731 3984 3047 4039 diuturnum
3075 4028 3090 4053 ,
3122 4002 3187 4042 ac
3214 3986 3361 4043 nullo
3395 3988 3502 4042 llne
3526 3983 3846 4044 cariturum.

2272 4073 2427 4143 Smpe
2474 4074 2638 4145 igitur
2681 4076 2773 4129 τὸν
2824 4076 2998 4131 αἰῶνα
3036 4078 3245 4145 τοῦτον,
3297 4094 3398 4149 pro
3427 4082 3679 4149 pras'senti
3717 4091 3850 4135 tem-

2269 4169 2499 4233 pore,'et
2528 4166 2619 4220 τὸν
2648 4166 2821 4221 αἰῶνα
2851 4169 3163 4240 ἐρχόμενον,
3194 4186 3258 4225 ac
3281 4172 3409 4235 τοὺς
3441 4172 3643 4236 αἰῶνας
3681 4175 3847 4244 ὲπερ-

2270 4258 2557 4327 χομένους,
2584 4274 2681 4327 pro
2714 4262 2914 4327 futuro,
2939 4265 2992 4317 in
3026 4263 3173 4319 Novo
3200 4262 3561 4319 instrumento
3589 4256 3845 4335 reperias.

2270 4347 2396 4403 lude
2427 4349 2690 4421 Origenes
2730 4353 2916 4409 homil.
2947 4354 2980 4409 6
3009 4356 3063 4409 in
3096 4354 3299 4422 Eram,
3332 4372 3482 4414 num.
3516 4358 3585 4412 i5
3612 4375 3623 4409 :
3668 4378 3687 4411 ι
3709 4357 3849 4424 Quo-

2272 4441 2377 4498 ties
2405 4444 2460 4497 in
2489 4446 2740 4499 saxulum
2765 4447 2983 4509 dicitur,
3018 4448 3294 4517 longitudo
3330 4450 3547 4518 quidem
3570 4451 3844 4519 temporis,

582 4556 689 4611 qua
720 4556 852 4596 voce
892 4550 1102 4611 tempus
1132 4542 1297 4597 etiam
1336 4542 1543 4596 ﬁnitum
1584 4543 1875 4613 aliquando
1897 4545 2156 4615 exprimi-
2189 4535 2235 4591 D
2263 4538 2356 4593 sed
2372 4553 2489 4593 esse
2507 4538 2629 4594 linis
2652 4539 2847 4610 aliquis
2872 4540 3140 4595 indicatur
3170 4559 3185 4596 :
3213 4551 3268 4597 et
3290 4542 3334 4597 si
3354 4542 3409 4595 in
3431 4543 3580 4596 aliud
3597 4541 3844 4597 swculum

587 4643 693 4686 tur.
731 4631 975 4687 Notabile
1007 4632 1137 4686 illud
1160 4631 1442 4687 Ciceronis
1464 4631 1559 4689 lib.
1586 4648 1647 4687 ιιι
1676 4632 1753 4689 De
1774 4645 1910 4691 orat.
1951 4651 1970 4690 :

584 4724 695 4779 lum
735 4734 822 4779 est
867 4725 1010 4779 enim
1058 4738 1229 4794 genus
1268 4737 1476 4789 rerum,
1521 4724 1667 4794 quod
1708 4735 1804 4781 aut
1850 4727 2094 4783 avulsum
2139 4744 2171 4784 a

585 4815 796 4871 caeteris
840 4830 937 4885 per
963 4829 1021 4870 se
1056 4817 1227 4884 ipsum
1263 4823 1515 4871 constare
1539 4856 1554 4882 ,
1604 4825 1697 4870 aut
1729 4832 1838 4887 quo
1886 4832 2082 4873 etetera
2123 4819 2168 4874 si

582 4916 833 4975 careant,
881 4908 989 4962 vim
1047 4924 1198 4963 suam
1244 4918 1408 4979 atque
1446 4909 1806 4963 aeternitatem
1843 4924 2169 4965 conservare

583 5004 817 5072 possint.
848 5020 869 5054 ι
899 5000 1097 5057 Errant
1122 5002 1300 5066 multi,
1341 5003 1469 5056 item
1510 5002 1674 5068 docti,
1714 5011 1767 5057 et
1796 5001 2163 5072 etymologica:

583 5093 720 5147 artis
750 5093 1046 5163 principes,
1078 5093 1168 5163 qui
1203 5094 1270 5149 ab
1296 5105 1523 5147 azternus
1556 5092 1755 5147 factum
1790 5103 1980 5163 putant
2021 5110 2161 5147 sem-

586 5186 852 5251 piternus.
888 5184 1171 5255 Repugnat
1201 5185 1451 5240 modulus
1480 5184 1704 5257 syllabae
1743 5185 2011 5251 secundm,
2042 5201 2163 5254 quae

582 5277 897 5345 corripitur.
942 5277 1301 5345 Sempiternus
1354 5279 1412 5331 lit
1450 5294 1478 5330 a
1522 5292 1757 5344 semper;
1812 5285 1872 5333 ut
1916 5278 1985 5333 ab
2022 5276 2159 5342 heri,

583 5366 877 5432 hesternas,
909 5370 1083 5434 a‘diu,
1118 5368 1376 5433 diurnas,
1409 5378 1629 5423 auclore
1662 5367 1961 5423 Prisciano.
2006 5368 2161 5434 Quod

584 5455 720 5513 αἰὼν
746 5461 886 5530 apud
911 5458 1147 5526 Grccos,
1181 5475 1347 5514 wvum
1389 5461 1530 5526 apud
1564 5459 1812 5524 Latinos,
1840 5460 1983 5515 idem
2019 5462 2163 5531 apud

586 5547 842 5606 Hebrteos
904 5552 1173 5621 significat
1213 5537 1389 5620 ὢν,
1430 5565 1651 5625 tempus,
1699 5553 1974 5618 ste-culum,
2005 5562 2160 5607 teter-

587 5642 765 5699 tzitas:
794 5658 823 5697 a
857 5646 1041 5701 radice
1078 5628 1216 5712 0⁸79,
1250 5649 1393 5716 quod
1422 5657 1525 5713 est,
1581 5654 1921 5712 abscondere,
1953 5647 2162 5701 latere:

2005 4654 2023 4687 ι
2043 4634 2174 4690 Νυι-
2273 4629 2514 4698 dicatur,
2545 4631 2740 4701 aliquis
2766 4633 2885 4687 sine
2911 4632 3075 4688 dubio
3109 4634 3317 4703 longior
3354 4636 3577 4704 quidem
3598 4675 3613 4699 ,
3664 4643 3843 4687 tamen

2269 4722 2487 4788 ponitur
2536 4721 2701 4778 finis:
2740 4734 2793 4779 et
2821 4725 3030 4793 quoties
3072 4725 3265 4779 stecula
3303 4726 3623 4780 steculorum
3672 4725 3846 4779 nomi-

2269 4823 2489 4879 nantur,
2527 4814 2754 4871 fortasse
2788 4816 2911 4870 licet
2944 4816 3157 4885 ignotus
3189 4818 3379 4881 nobis,
3433 4826 3610 4871 tamen
3658 4832 3687 4870 a
3738 4818 3845 4872 Deo

2270 4913 2506 4960 statutus
2558 4906 2756 4975 aliquis
2808 4907 3070 4962 terminus
3121 4908 3483 4973 indicatur“
3552 4915 3606 4961 et
3655 4907 3767 4962 lih.‘
3804 4923 3842 4961 ιι

2269 4996 2408 5066 Περί
2440 4996 2661 5067 ἀρχῶν,
2716 5013 2837 5067 cap.
2879 4999 2933 5063 3,
2989 5015 3133 5054 num.
3167 5000 3201 5054 5
3231 5014 3249 5054 :
3275 5018 3295 5051 ι
3326 4999 3505 5056 Movet
3555 5009 3735 5055 autem
3789 5000 3844 5055 in

2269 5091 2373 5147 hoc
2418 5092 2713 5163 Scriptura!
2775 5104 2980 5149 sancta:
3032 5095 3359 5161 auctoritas,
3408 5109 3529 5164 quae
3574 5091 3845 5149 dicit:ln

2267 5184 2520 5239 swculum
2552 5194 2600 5239 et
2652 5185 2827 5238 adhuc
2870 5185 2938 5239 ⁵⁸.
2988 5186 3057 5239 Et
3106 5187 3278 5240 adhuc
3321 5186 3464 5241 enim
3514 5187 3657 5254 quod
3691 5185 3842 5248 dicit,

2268 5275 2389 5348 plus
2411 5275 2612 5345 aliquid
2645 5276 2762 5330 sine
2795 5277 2956 5332 dubio
2984 5292 3141 5346 quam
3167 5277 3422 5332 saeculum
3456 5278 3565 5331 vult
3598 5276 3839 5345 intelligi.

2269 5364 2337 5419 Et
2369 5367 2488 5421 vide
2515 5380 2583 5421 ne
2611 5365 2742 5420 illud
2784 5366 2928 5435 quod
2966 5367 3098 5429 dicit
3125 5368 3373 5422 Salvator
3405 5366 3530 5435 quia
3579 5366 3695 5419 volo
3718 5406 3733 5428 ,
3785 5372 3843 5419 ut

2268 5458 2356 5511 ubi
2392 5472 2486 5527 ego
2515 5473 2652 5523 sum,
2696 5466 2748 5511 et
2781 5459 2868 5511 isti
2892 5459 2997 5512 sint
3031 5475 3270 5524 mecum;
3296 5448 3366 5513 iet
3398 5458 3532 5535 sicut
3564 5474 3657 5525 ego
3678 5448 3751 5511 ἐι
3785 5470 3843 5511 ιιι

2271 5568 2432 5604 unum
2458 5565 2662 5614 sumus,
2694 5559 2743 5605 et
2779 5552 2863 5605 isti
2883 5553 2988 5605 sint
3024 5554 3080 5606 in
3129 5552 3278 5604 nobis
3306 5544 3513 5603 unum.
3536 5552 3604 5615 ",
3656 5558 3843 5606 osten~

2270 5646 2399 5699 dere
2438 5642 2687 5698 videatur
2722 5642 2846 5713 plus
2885 5642 3084 5716 aliquid
3132 5657 3295 5714 quam
3340 5630 3426 5700 es‘t
3475 5641 3731 5699 siccatum
3780 5646 3841 5699 Bt

656 5820 701 5852 ⁸⁷
732 5818 877 5876 Psal.
914 5836 1137 5889 Luxu,
1177 5820 1258 5875 l0.
1337 5822 1381 5855 ³⁸
1420 5821 1590 5877 Exod.
1624 5836 1713 5889 xv,
1753 5822 1840 5880 l8.
1918 5823 1963 5859 ”
1999 5821 2155 5880 Joan.
2193 5836 2329 5889 ιγιι,
2367 5820 2557 5877 ἳΙ-ΞΗ.
