4170 6444
406 403 547 462 Ill-£5

1222 400 1795 459 ORIGENIANOBUM
1835 398 1963 455 LIB.
2004 397 2070 464 ll,
2105 399 2258 455 CAP.
2299 399 2362 467 ll,
2398 398 2674 468 QUEST.
2714 400 2803 456 XI.

3494 404 3630 459 1046

398 521 633 589 saecula;
671 521 810 576 forte
841 521 1006 576 etiam
1042 520 1161 592 plus
1189 536 1349 591 quam
1389 530 1471 578 est
1502 521 1697 577 saecula
1742 521 1958 578 sreculo-
1990 525 2043 582 Α
2069 520 2283 588 abeam,
2319 520 2550 575 dicimus
2599 529 2858 575 aeternum
2905 518 3094 585 Deum,
3141 536 3245 576 non
3286 522 3469 590 utique
3498 524 3630 580 istas

396 628 561 677 rum;
608 612 663 667 id
702 611 978 677 videlicet,
1024 627 1147 666 cum
1189 613 1297 681 jam
1351 628 1457 667 non
1506 614 1561 668 in
1610 613 1805 670 saeculo
1845 624 1970 668 sunt

393 703 601 766 omnia,
641 702 734 757 sed
766 702 820 756 in
852 702 1101 757 omnibus
1137 702 1295 759 Deus.
1328 722 1348 755 ι
1380 703 1545 772 l'gitur
1574 718 1749 774 neque
1773 706 1829 758 in
1866 720 1969 759 sca-

395 791 601 857 culum,
637 804 814 860 neque
840 791 895 843 in
919 790 1116 845 macula
1138 791 1449 845 surculorum
1478 794 1709 863 spatium
1734 793 1970 849 intermi-

396 887 584 935 natum
639 879 946 949 signiﬁcare
980 879 1467 951 voluit;0rigenes.
1522 882 1786 948 Quorsum
1840 897 1968 952 ergo

398 974 476 1025 ait
500 972 766 1027 Caesarius
806 971 1034 1026 Dial-.111
1080 974 1420 1029 existimasse
1454 973 1599 1029 illum
1644 976 1852 1030 ﬁnitum
1901 975 1967 1029 iri

399 1062 655 1132 supplicia
694 1062 1067 1117 damnatorum
1090 1101 1107 1127 ,
1144 1062 1209 1115 ὲκ
1242 1062 1337 1117 τοῦ
1367 1063 1581 1118 αἰώνιον
1616 1066 1773 1135 μόνον
1798 1067 1966 1137 φῆσαι

396 1156 489 1208 τὸν
538 1154 741 1226 Κύριον
793 1153 852 1208 τὸ
885 1154 1239 1225 κολαστήριον
1284 1154 1415 1229 πῦρ,
1471 1158 1564 1209 καὶ
1608 1157 1708 1209 οὐκ
1751 1156 1965 1212 αἰώνιον

398 1244 629 1299 αἰώνων·
665 1246 858 1312 «ρυοά
908 1256 1170 1300 aaternum
1222 1254 1427 1300 tantum
1464 1248 1662 1303 dixerit
1709 1250 1967 1305 Dominus

396 1337 721 1404 piacularem
752 1337 954 1407 ignem,
985 1352 1089 1391 non
1125 1346 1388 1392 aeternum
1426 1339 1478 1392 in
1503 1340 1780 1394 saeuiat?»
1819 1342 1965 1395 Asti-

394 1427 608 1497 pulatur
637 1428 1003 1495 superioribus
1032 1427 1287 1481 Leontius
1312 1427 1628 1497 Byzantius,
1655 1432 1743 1498 qui
1776 1430 1965 1500 Orige-

392 1521 563 1575 nistas
590 1520 769 1575 dicere
789 1520 883 1581 ait,
919 1521 999 1572 ὅτι
1028 1520 1088 1573 τὸ
1116 1519 1210 1572 τοῦ
1237 1518 1447 1585 αἰῶνος
1473 1521 1643 1592 ὄνομα
1690 1523 1783 1576 ἐπὶ
1836 1524 1966 1594 ὠρι-

396 1611 595 1681 σμένου
627 1611 817 1682 χρόνου
858 1611 1212 1680 λαμϐάνεται,
1260 1612 1354 1665 καὶ
1392 1613 1519 1666 ὅταν
1548 1615 1676 1686 εῐπῃ
1708 1616 1742 1685 ἡ
1777 1615 1965 1687 Γραφὴ

390 1702 473 1755 ὅτι
511 1701 703 1755 αἰωνία
730 1701 874 1754 ἐστὶν
902 1703 934 1771 ὴ
971 1700 1210 1765 κόλασις,
1240 1700 1315 1769 οὐ⁴
1347 1700 1493 1771 λέγει
1523 1703 1571 1755 εἰ
1604 1703 1677 1773 μὴ
1703 1705 1798 1756 ἐπὶ
1837 1704 1966 1776 ὠρι-

394 1794 819 1866 σμένουιχρόνου.
850 1812 869 1845 ε
893 1793 1096 1848 Nomen
1120 1792 1315 1857 αἰῶνος
1332 1794 1397 1849 de
1416 1804 1656 1865 tempore
1682 1798 1965 1851 terminato

393 1860 657 1955 intelligi,~
686 1897 742 1940 et
786 1901 908 1940 cum
954 1886 1032 1940 ait
1082 1885 1367 1953 Scriptura
1400 1860 1625 1939 αἰωνίαν
1652 1901 1772 1942 esse
1803 1888 1961 1956 puni-
1995 1860 2040 1915 Β

396 1979 618 2041 tionem,
664 1978 873 2031 nonnisi
923 1977 1132 2032 ﬁnitum
1168 1988 1379 2046 tempus
1416 1978 1783 2047 signiﬁcare.»
1827 1980 1962 2033 't‘um

393 2069 615 2133 fatetur,
648 2070 728 2122 ὅτι
761 2069 838 2139 τῷ
875 2070 988 2123 δντι
1016 2070 1078 2122 τὸ
1120 2069 1213 2122 τοῦ
1254 2068 1466 2133 αἰῶνος
1492 2069 1662 2139 ὄνομα
1690 2069 1784 2124 καὶ
1816 2069 1965 2141 παρὰ

394 2161 505 2221 τοῖς
530 2158 652 2222 ἔξω,
688 2161 781 2212 καὶ⁵
813 2160 962 2229 παρὰ
992 2163 1057 2230 τῇ
1092 2161 1279 2231 Γραφῇ
1316 2159 1572 2222 πολλάκις
1607 2159 1700 2212 ἐπὶ
1723 2159 1964 2230 ὡρισμέοι

394 2264 487 2301 νου
520 2250 713 2321 χρόνου
746 2250 1097 2320 λαμϐάνεταιο
1137 2269 1155 2301 ε
1185 2251 1394 2305 Revera
1418 2265 1611 2303 nomen
1670 2250 1881 2313 αἰῶνος,
1910 2259 1965 2306 et

394 2342 533 2408 apud
556 2340 811 2410 profanos
840 2351 1117 2406 auctores,
1158 2349 1213 2395 et
1254 2342 1308 2396 in
1357 2341 1641 2410 Scriptura
1678 2355 1818 2410 saepe
1867 2357 1964 2410 pro

394 2431 548 2485 ﬁnito
585 2441 824 2501 tempore
860 2434 1020 2489 sumi.
1046 2452 1065 2485 ι
1113 2432 1423 2500 Subjectam
1482 2446 1611 2487 vero
1653 2431 1962 2503 Origeniani

396 2522 555 2590 hujus
594 2522 865 2592 dogmatis
903 2523 1330 2579 confutationem
1377 2524 1447 2580 ab
1477 2524 1599 2579 aliis
1617 2523 1728 2594 jam
1761 2524 1963 2579 contri-

395 2622 505 2666 tam
530 2614 833 2682 usurpavit.

462 2703 729 2760 Primitivi
786 2706 869 2762 sui
928 2708 1262 2764 notationem
1316 2723 1665 2781 repraesentat
1723 2714 1958 2777 αἰώνιος,

392 2810 506 2851 rem
540 2797 785 2853 indicans
811 2800 1134 2870 quandoque
1161 2801 1363 2855 inﬁniti
1386 2806 1679 2871 temporis;
1709 2806 1958 2874 quando-

392 2902 498 2957 que
539 2904 651 2944 rem
685 2891 820 2945 certi
855 2893 1113 2962 temporis
1159 2903 1217 2949 et
1269 2898 1566 2953 terminati.
1623 2897 1962 2970 Quapropter

391 2979 675 3037 saeculares
697 2980 850 3036 ludos
870 2985 1114 3039 centenis
1145 2984 1257 3040 fere
1285 2986 1589 3058 quibusque
1619 3000 1956 3046 recurrentes

386 3070 569 3135 anuis,
603 3073 857 3136 αἰωνίους
880 3072 1054 3128 Graeci
1087 3074 1298 3131 dixere.
1331 3075 1553 3133 Frustra
1580 3094 1707 3149 ergo
1748 3081 1804 3135 in
1841 3081 1962 3137 Ori-

386 3162 544 3233 genis
568 3164 797 3234 gratiam
822 3174 879 3219 et
917 3167 1136 3221 tutelam
1163 3183 1226 3223 ea
1260 3169 1600 3226 adducuntur
1626 3172 1958 3238 testimonia,
1988 3189 2036 3252 ρ

389 3254 444 3309 in
472 3254 669 3324 quibus
694 3255 965 3311 infernum
1005 3258 1216 3328 ignem,
1266 3269 1529 3314 aeternum
1569 3260 1694 3316 fore
1730 3276 1967 3331 pronunt-

393 3347 513 3412 tiat,
542 3348 628 3402 vel
656 3356 712 3401 ut
736 3346 921 3403 Graece
952 3351 1246 3418 scribebat,
1284 3351 1503 3406 αἰώνιον
1538 3354 1639 3408 hac
1670 3354 1811 3410 ettim
1835 3367 1967 3408 voce

401 3437 642 3508 longum,
687 3439 780 3493 sed
830 3439 1121 3495 ﬁniendum
1152 3450 1364 3512 tempus
1404 3444 1690 3500 intellexit.
1744 3443 1965 3511 Qualem

392 3530 561 3599 igitur
590 3530 715 3584 huic
746 3531 1007 3587 vocabulo
1064 3532 1356 3603 allingebat
1390 3551 1633 3601 sensum,
1678 3535 1840 3591 talem
1889 3536 1963 3591 illi

395 3636 424 3674 a
455 3621 812 3688 scriptoribus
842 3624 1018 3678 sacris
1060 3623 1228 3679 fuisse
1258 3625 1484 3679 inditum
1528 3627 1807 3682 censebat.
1857 3626 1966 3682 Me-

396 3712 730 3765 morandain
754 3713 808 3765 id
838 3722 1216 3782 argumentum
1257 3714 1476 3781 scripsit
1523 3713 1859 3782 Augustinus
1878 3715 1963 3789 [in

393 3800 571 3856 libello
612 3813 794 3856 contra
841 3800 1280 3857 Priacillianistas
1331 3814 1379 3857 et
1432 3803 1798 3873 Origenistas;
1842 3820 1965 3859 nam

392 3906 517 3947 cum
559 3893 624 3947 ad
655 3906 776 3946 eum
823 3892 1291 3946 Commonitorium
1344 3893 1655 3962 scripsisset
1718 3894 1965 3961 Orosius,

391 3984 535 4053 quod
570 3985 693 4039 huic
716 3985 1000 4052 Augustini
1027 3984 1285 4054 cpusculo
1319 3986 1522 4055 praeﬁgi
1548 3985 1717 4049 solet,
1759 3987 1814 4041 in
1858 4002 1965 4056 quo

387 4077 580 4144 jactari
611 4093 676 4132 ex
708 4075 958 4146 Origenis
996 4075 1151 4133 libris
1193 4076 1627 4146 conquerebatur
1671 4086 1963 4131 tartareum

392 4168 542 4222 illum
577 4169 778 4239 ignem,
810 4168 899 4238 qui
949 4175 1183 4223 aeternus
1218 4167 1559 4235 praedicatur,
1619 4167 1819 4237 «juxta
1849 4178 1965 4238 ety-

394 4260 680 4331 mologiam
708 4261 954 4319 Graecam
980 4275 1089 4314 non
1116 4273 1238 4313 esse
1275 4264 1617 4327 perpetuum,
1650 4260 1811 4313 etiam
1858 4257 1967 4313 La-

393 4353 508 4407 tino
544 4353 849 4407 testimonio
889 4352 1119 4419 adjecto,
1156 4350 1280 4420 quia
1322 4350 1520 4404 dictum
1562 4349 1656 4414 sit,
1703 4349 1771 4403 In
1814 4361 1966 4405 (eler-

392 4461 540 4509 num,
570 4452 624 4498 et
649 4443 715 4496 In
737 4443 985 4498 iaculum
1013 4443 1229 4507 surculi;
1253 4460 1272 4493 ι
1322 4441 1609 4511 respondet
1632 4441 1963 4511 Augustinus

2070 613 2203 668 duas
2231 611 2578 668 brevissimas
2610 614 2867 685 syllabas,
2922 614 3016 667 sed
3047 614 3187 683 quod
3230 615 3311 670 eis
3354 616 3631 686 signiﬁca-

2068 713 2176 760 tur.
2207 723 2226 756 ι
2263 704 2427 771 Quasi
2453 720 2580 761 vero
2603 720 2725 761 cum
2754 706 2927 761 sancit
2949 706 3108 772 Deus,
3146 714 3208 761 ut
3229 707 3446 762 nonnisi
3474 707 3629 762 indu-

2066 804 2153 852 tus
2182 796 2336 853 lineis
2365 797 2708 853 feminalibus
2764 798 3165 852 tabernaculum
3203 799 3497 855 testimonii
3538 800 3625 853 in—

2066 886 2342 956 grediatur
2368 887 2588 953 Aaron;
2623 886 2897 956 additque,
2936 905 2954 939 ‹
2978 885 3301 957 Legitimum
3341 887 3627 956 sempiter-

2065 992 2192 1031 num
2216 978 2321 1031 erit
2356 979 2533 1032 Aaron
2557 1017 2575 1044 ,
2618 988 2673 1033 et
2712 977 2904 1033 semini
2936 977 3051 1047 ejus
3086 986 3206 1047 post
3245 993 3368 1034 eum
3400 977 3466 1041 θ’,
3503 996 3523 1031 ι
3569 978 3626 1035 id

2064 1084 2171 1123 non
2196 1069 2262 1125 ad
2294 1071 2603 1125 mandatum
2636 1069 2880 1138 proxime
2905 1069 3227 1134 institutum,
3261 1070 3356 1126 sed
3384 1071 3452 1125 ad
3505 1087 3623 1143 my-

2068 1159 2291 1213 sterium
2338 1159 2592 1215 mandato
2622 1160 2725 1215 hoc
2759 1160 3111 1230 signiﬁcatum
3147 1161 3433 1231 pertineat.
3458 1162 3624 1228 Quasi

2075 1251 2194 1315 has,
2228 1265 2345 1320 qum
2368 1250 2610 1318 proxime
2639 1251 2854 1320 scriptae
2883 1261 3028 1316 sunt,
3073 1252 3305 1323 syllabas
3337 1252 3623 1322 legitimum

2063 1342 2427 1408 senipitemum
2447 1355 2567 1395 esse
2589 1341 2749 1408 velit;
2780 1357 2883 1395 non
2916 1353 3239 1413 praeceptum
3268 1343 3491 1414 syllabis
3517 1344 3623 1398 illis

2066 1429 2388 1496 institutum,
2417 1431 2593 1499 quoad
2618 1431 2875 1496 litteram,
2924 1448 3027 1486 non
3060 1433 3235 1501 quoad
3266 1434 3618 1505 anagogicum

2065 1536 2302 1577 sensum.
2335 1522 2469 1589 Quid
2497 1533 2582 1578 est
2620 1533 2798 1578 autem
2823 1523 3056 1578 litteram
3103 1527 3415 1592 destruere,
3449 1526 3494 1580 si
3522 1526 3623 1580 hoc

2065 1628 2171 1666 non
2208 1613 2334 1667 est?
2376 1612 2490 1667 Non
2523 1615 2698 1669 minus
2726 1616 2934 1670 validus
2960 1626 3045 1671 est
3091 1629 3320 1685 sequens
3362 1616 3511 1671 locus
3555 1631 3624 1670 ex

2066 1702 2239 1771 Epist.
2298 1705 2363 1758 ad
2410 1703 2515 1758 Tit.
2546 1721 2582 1770 ι,
2615 1706 2649 1757 9.
2684 1728 2696 1761 :
2727 1724 2747 1755 ‹
2773 1704 2930 1774 Spem
2991 1706 3113 1760 vita:
3153 1716 3398 1772 aaternze,
3460 1719 3623 1775 quam

2066 1794 2311 1860 promisit
2341 1810 2441 1848 non
2471 1796 2699 1849 mendax
2740 1795 2878 1850 Deus
2914 1806 3038 1851 ante
3066 1807 3302 1863 tempora
3324 1806 3524 1851 aeterna
3553 1814 3566 1849 :
3597 1813 3615 1845 ι

2066 1883 2250 1940 Graece
2292 1885 2397 1956 πρὸ
2428 1885 2632 1957 χρόνων
2667 1885 2915 1940 αἰωνίων.
2956 1906 2973 1937 ι
3005 1885 3135 1941 Cum
3169 1896 3372 1949 autem,
3427 1885 3621 1954 inquit,

2067 1986 2359 2032 retrorsum
2392 1988 2629 2046 tempora
2682 1993 2710 2031 a
2766 1978 3146 2033 constitutione
3197 1978 3379 2032 mundi
3423 1977 3624 2033 habere

2065 2068 2345 2122 videantur
2385 2067 2616 2132 initium,
2658 2069 2925 2137 quomodo
2957 2077 3081 2122 sunt
3114 2077 3335 2131 aeterna,
3368 2068 3469 2123 nisi
3497 2068 3621 2137 quia

2063 2170 2260 2213 arterna
2288 2159 2443 2224 dixit,
2474 2174 2592 2227 quae
2636 2169 2760 2213 ante
2805 2173 2864 2213 se
2905 2176 3008 2214 nou
3051 2158 3252 2213 habent
3284 2159 3449 2212 ullum
3483 2166 3621 2213 tem-

2063 2250 2244 2319 pus?)
2303 2250 2465 2318 Atqui
2523 2248 2726 2303 nullum
2788 2249 2913 2305 licet
2969 2261 3176 2319 tempus
3235 2260 3474 2316 tempora
3532 2247 3621 2301 illa

2063 2341 2422 2411 praecesserit,
2480 2341 2547 2394 ab
2590 2343 2744 2396 initio
2785 2351 2965 2396 tamen
3011 2341 3192 2409 aliquo
3222 2338 3490 2410 profluere
3534 2338 3621 2392 illa

2063 2431 2354 2500 aliquando
2386 2441 2706 2500 coeperunt;
2742 2447 2803 2486 ac
2837 2433 3062 2500 proinde
3091 2435 3159 2487 ab
3176 2432 3436 2487 anteriori
3470 2439 3624 2500 parte

2066 2519 2221 2575 ﬁnita
2249 2532 2397 2576 sunt.
2429 2522 2644 2577 luﬁrma
2677 2535 2757 2579 est
2785 2525 2946 2595 igitur
2980 2535 3207 2593 utraque
3250 2516 3447 2578 solutio
3484 2522 3621 2587 haec,

2060 2622 2117 2666 et
2146 2613 2215 2666 ita
2246 2628 2379 2667 sane
2410 2616 2477 2669 ab
2500 2617 2795 2685 Augustino
2825 2618 3097 2686 proposita
3117 2654 3132 2679 ,
3174 2622 3232 2671 ut
3259 2631 3367 2670 non
3397 2614 3622 2669 multum

2063 2704 2113 2758 ei
2144 2704 2362 2758 innixus
2390 2706 2485 2761 sit.
2529 2706 2692 2760 Addit
2722 2706 2937 2769 deinde,
2996 2707 3049 2760 in
3102 2706 3195 2762 illo
3243 2707 3431 2761 Matth.
3490 2722 3620 2769 xxv,

2060 2796 2130 2851 46
2163 2813 2176 2850 :
2211 2796 2409 2851 «Ibunt
2460 2795 2535 2851 illi
2597 2797 2649 2851 in
2706 2797 3101 2853 ambustionem
3158 2807 3448 2864 aeternam,
3490 2797 3622 2867 justi

2061 2896 2237 2943 autem
2266 2888 2319 2943 in
2361 2889 2525 2943 vitam
2561 2898 2815 2944 aeternam
2836 2929 2853 2955 ,
2885 2908 2903 2941 ι
2941 2905 3126 2959 parem
3163 2904 3283 2945 esse
3314 2891 3463 2945 vocis
3490 2888 3619 2943 αἰώι-

2062 3000 2174 3047 νιος
2213 2982 2504 3052 utrobique
2542 2983 2896 3046 notationem,
2944 2984 3059 3037 sive
3115 2997 3238 3036 cum
3287 2983 3408 3037 vitae
3447 2980 3616 3051 iustis

2063 3074 2359 3145 promissae,
2382 3074 2495 3127 sive
2520 3089 2639 3129 cum
2668 3074 2772 3142 igni
2801 3072 3251 3129 malis'inferendo
3278 3071 3585 3142 adiungitur
3602 3088 3637 3139 ς

2064 3182 2129 3221 ac
2158 3165 2384 3235 proinde
2414 3165 2564 3235 ignes
2595 3164 2699 3219 ﬁne
2720 3164 2988 3219 carituros
3017 3163 3334 3231 signiﬁcari,
3368 3163 3622 3232 quoniam

2066 3255 2229 3309 vitam
2272 3255 2416 3309 illam
2461 3255 2567 3309 ﬁne
2611 3255 2905 3309 carituram
2956 3269 3023 3309 ex
3066 3268 3221 3322 inquo
3260 3253 3632 3323 apud-omnes

2064 3356 2320 3413 constat;
2352 3347 2493 3416 quod
2523 3346 2661 3401 idem
2691 3345 2888 3417 legitur
2915 3359 3128 3415 quoque
3150 3342 3241 3398 lib.
3263 3358 3355 3398 xxi
3383 3341 3456 3396 De
3482 3341 3624 3396 civit.

2065 3436 2197 3505 Dei,
2237 3452 2357 3507 cap.
2400 3437 2495 3492 25.
2532 3437 2611 3492 At
2648 3437 2700 3491 id
2748 3451 2934 3506 parum
2977 3436 3197 3490 omnino
3244 3432 3385 3487 valet
3438 3439 3627 3488 contra

2065 3529 2372 3599 Origenem,
2404 3529 2492 3599 qui
2523 3539 2628 3582 tam
2662 3528 2938 3583 beatorum
2969 3526 3210 3583 felicitati
3241 3540 3401 3595 quam
3434 3524 3628 3594 impio-

2067 3636 2185 3675 rum
2206 3622 2533 3676 cruciatibus
2561 3621 2846 3675 terminum
2882 3619 3288 3691 prtescribebat.

2133 3712 2449 3782 Complures
2475 3714 2717 3769 vocabuli
2744 3712 2889 3767 αἰών
2921 3713 3169 3768 notiones
3204 3709 3457 3780 proponit
3499 3706 3631 3777 Ely-

2063 3802 2323 3872 molagus,
2354 3803 2512 3857 modo
2540 3804 2729 3868 vitam,
2753 3804 2912 3859 modo
2942 3804 3064 3859 vitae
3083 3812 3293 3869 tempus
3323 3800 3632 3870 signiﬁcan-

2066 3893 2164 3959 tis;
2201 3903 2315 3946 tunt
2346 3892 2460 3949 haec
2491 3896 2652 3949 habet
2682 3913 2699 3950 :
2728 3893 2871 3948 Αἰὼν
2907 3895 3000 3947 καὶ
3055 3895 3086 3946 ὁ
3128 3892 3237 3946 τῶν
3270 3892 3452 3962 χιλίων
3494 3888 3631 3944 ἐτῶν

2064 3981 2327 4052 ἀριθμός·
2363 3993 2416 4037 et
2449 3983 2608 4052 paulo
2650 3995 2767 4053 post
2795 4002 2809 4036 :
2841 3982 2985 4037 Αῑὼν
3021 3983 3234 4052 λέγεται
3284 3983 3378 4036 καὶ
3412 3981 3460 4033 οἱ
3492 3978 3633 4032 ἑπτὰ

2063 4073 2254 4137 αἰῶνες
2275 4074 2382 4128 ἀπὸ
2412 4076 2511 4147 τῆς
2549 4075 2643 4129 τοῦ
2686 4076 2911 4147 οὐρανοῦ
2950 4076 3046 4129 καὶ
3078 4076 3181 4147 γῆς
3219 4074 3445 4136 κτίσεως
3472 4073 3632 4144 μέχρι

2063 4164 2163 4235 τῆς
2189 4166 2373 4236 κοινῆς
2393 4164 2500 4218 τῶν
2524 4166 2823 4236 ἀνθρώπων
2862 4165 3228 4229 ἀναστάσεως,
3261 4164 3451 4219 Priore
3474 4165 3634 4219 modo

2064 4271 2193 4309 usus
2213 4262 2296 4309 est
2335 4270 2470 4310 voce
2498 4255 2635 4309 αἰὼν
2665 4256 2959 4324 Origenes,
3006 4270 3126 4309 cum
3174 4255 3313 4309 dixit
3352 4253 3635 4308 damnatos

2064 4349 2362 4402 cruciatum
2390 4347 2454 4402 iri
2494 4349 2562 4402 ad
2599 4349 2744 4404 mille
2782 4363 2972 4412 annos,
3018 4347 3065 4402 si
3096 4346 3256 4401 modo
3298 4360 3486 4401 revera
3514 4354 3637 4415 post

2064 4439 2211 4494 mille
2240 4455 2503 4495 annorum
2536 4440 2822 4495 decursum
2846 4441 2900 4495 in
2926 4440 3193 4508 integrum
3227 4438 3534 4493 restitutum
3562 4435 3633 4491 iri

392 4550 512 4605 cap.
546 4537 579 4591 6
604 4545 659 4591 et
685 4536 741 4601 7,
782 4535 1053 4607 geminum
1086 4548 1211 4588 esse
1248 4533 1579 4588 intellectura
1619 4534 1767 4590 vocis
1806 4532 1964 4602 αἰὼν,
1993 4527 2041 4587 D
2070 4532 2352 4587 damnatos
2397 4532 2647 4601 opinatus
2696 4540 2798 4597 est,
2854 4540 2912 4585 ut
2967 4545 3128 4598 supra
3181 4528 3454 4599 obiectum
3502 4527 3554 4583 ei
3601 4542 3633 4581 a

396 4621 686 4690 aliquando
719 4622 972 4677 saeculum
1000 4660 1017 4684 ,
1051 4620 1342 4689 aliquando
1386 4623 1741 4677 aeternitatem
1774 4632 1966 4678 notan-

394 4712 497 4779 tis;
523 4720 579 4767 at
603 4728 789 4768 vocem
818 4711 1035 4774 αἰώνιος
1068 4713 1228 4767 rebus
1270 4711 1377 4767 ﬁne
1424 4712 1735 4768 carentibus
1766 4712 1968 4783 imponi

393 4802 591 4858 solere.
618 4803 771 4870 Quod
807 4805 879 4858 ita
914 4815 1093 4860 tamen
1125 4818 1230 4859 non
1265 4816 1384 4859 esse
1424 4813 1479 4858 et
1511 4819 1610 4858 nos
1651 4819 1812 4874 supra
1838 4820 1965 4874 pro-

397 4896 663 4963 bavimus,
704 4906 758 4952 et
786 4898 942 4952 facile
977 4901 1238 4966 probatur
1286 4913 1356 4952 ex
1404 4896 1611 4952 duobus
1672 4896 1969 4967 Scriptum

398 4986 555 5053 locis,
589 5003 723 5056 quos
768 4989 869 5044 sibi
904 4989 1474 5059 objicitAugustinus,
1522 4998 1577 5044 et
1622 4986 1822 5044 frustra
1848 5028 1865 5056 ,
1918 4987 1966 5043 si

388 5079 523 5147 quid
576 5078 752 5141 video,
805 5077 1015 5134 solvere
1066 5080 1281 5149 satagit.
1345 5078 1500 5133 Prior
1559 5078 1856 5147 saepissime
1909 5078 1965 5133 in

396 5168 765 5225 Pentateucho
800 5170 1080 5233 occurrit,
1120 5186 1242 5225 cum
1286 5169 1624 5225 caeremoniis
1667 5179 1722 5224 et
1772 5168 1965 5226 ritibus

391 5260 531 5332 legis
572 5261 807 5328 antiqua:
852 5259 1135 5325 institutis,
1178 5261 1309 5315 dicit
1359 5260 1499 5315 Deus
1538 5276 1553 5312 :
1594 5279 1613 5312 ε
1647 5262 1759 5318 Hoc
1810 5263 1964 5319 vobis

393 5354 500 5408 erit
530 5351 827 5422 legitimum
851 5351 1197 5405 aeternum“.
1231 5371 1250 5403 ι
1286 5381 1357 5391 -
1388 5350 1756 5421 «Quanquam,
1788 5354 1963 5425 inquit

392 5445 747 5514 Augustinus,
809 5443 855 5499 si
900 5444 1214 5511 diligentius
1264 5444 1404 5500 dicta
1446 5444 1835 5515 intelligantur,
1896 5462 1961 5503 ea

391 5536 639 5592 fortassis
708 5549 830 5603 quae
901 5534 1007 5589 illis
1075 5535 1434 5590 sacramentis
1495 5536 1963 5606 signiﬁcabantur,

396 5628 560 5685 ﬁnem
594 5643 699 5684 non
747 5636 906 5683 erant
935 5629 1208 5684 habitura.
1268 5627 1345 5681 lla
1393 5628 1573 5695 enim,
1633 5645 1702 5686 ne
1752 5630 1963 5704 longius

466 5802 513 5837 '°
540 5800 713 5864 Lavit.
745 5819 856 5875 xvr,
889 5804 982 5875 ‘39,
1021 5804 1111 5862 δι’.
1188 5804 1241 5837 η
1278 5804 1444 5861 Exod.
1476 5820 1668 5875 xxvm,
1695 5805 1784 5861 43.

2066 4621 2273 4678 Joanne
2329 4622 2667 4678 Damasceno
2727 4624 3129 4678 narrabamus:
3171 4622 3471 4691 posteriore
3524 4616 3636 4672 for-

2065 4723 2231 4779 tasse,
2256 4729 2377 4770 cum
2409 4715 2623 4770 eosdem
2652 4723 2849 4769 tortum
2894 4714 2960 4769 iri
2990 4713 3268 4770 confessus
3295 4712 3476 4774 estet;
3510 4709 3637 4773 τοὺς

2067 4806 2272 4869 αἰῶνας
2290 4804 2400 4859 τῶν
2425 4804 2658 4863 αἰώνων.
2680 4805 2947 4861 Ceterum
2979 4821 3085 4860 non
3114 4813 3196 4859 est
3221 4812 3416 4872 praeter
3443 4802 3633 4870 Orige-

2065 4894 2152 4949 nis
2176 4894 2483 4964 opinionem
2526 4894 2631 4948 alia
2666 4894 2780 4949 haec
2809 4894 3056 4950 vocabuli
3103 4892 3238 4947 atth
3282 4890 3632 4962 signiﬁcatio,

2073 4998 2235 5052 quam
2268 4994 2418 5039 notat
2445 4984 2642 5040 ibidem
2676 4984 3021 5057 Etymologur
3059 4999 3079 5039 :
3130 4983 3274 5040 Δίὼυ
3305 4984 3399 5038 καὶ
3423 4981 3633 5044 autem;

2073 5077 2168 5130 καὶ
2205 5076 2234 5128 ὁ
2256 5076 2635 5146 ἁτελεύτητοςο
2663 5094 2786 5132 nam
2823 5088 2954 5135 tom.
2992 5093 3162 5134 xxvut
3197 5079 3251 5131 in
3273 5077 3458 5140 Joan.,
3486 5090 3632 5129 num.

2071 5168 2128 5234 7,
2182 5169 2261 5234 εἰς
2308 5169 2499 5237 αἰῶνα,
2548 5171 2633 5225 vel
2677 5173 2756 5234 εἰς
2802 5170 3005 5234 αἰῶνας
3066 5169 3289 5240 intelligi
3357 5168 3468 5222 vult
3510 5163 3633 5221 Ori-

2070 5276 2254 5331 genes,
2307 5277 2404 5331 pro
2449 5277 2515 5318 eo
2562 5263 2703 5332 quod
2764 5272 2848 5317 est
2885 5262 2991 5315 ἀεί.
3041 5260 3215 5317 Verba
3275 5260 3393 5315 lucc
3452 5266 3632 5315 sunt:

2070 5354 2334 5424 Ζητήσεις
2359 5354 2415 5407 δὲ
2436 5355 2563 5425 περὶ
2592 5354 2685 5407 τοῦ
2721 5352 2796 5425 μὴ
2828 5353 3171 5423 ἐνδεδυμένον
3210 5350 3410 5421 ἔνδυμα
3433 5349 3634 5421 γάμου,

2070 5448 2199 5519 περὶ
2230 5441 2289 5502 οὗ
2316 5448 2564 5519 εἴρηται·
2599 5449 2869 5519 Δήσαντες
2895 5445 3056 5499 αὐτὸν
3094 5436 3269 5499 ποδῶν
3299 5445 3393 5498 καὶ
3418 5444 3634 5514 χειρῶν,

2071 5540 2362 5594 ἐκϐάλλετε
2394 5539 2556 5593 αὑτὸν
2591 5542 2672 5603 εἰς
2708 5540 2769 5593 τὸ
2798 5540 2984 5603 σκότος
3010 5537 3071 5591 τὸ
3098 5536 3381 5607 ἐξώτερον,
3412 5536 3640 5606 πότερον

2072 5630 2127 5683 et
2153 5629 2241 5686 ἀεὶ
2266 5629 2415 5702 μένει
2438 5629 2739 5702 δεδεμένος,
2774 5629 2868 5687 καὶ
2907 5630 2965 5686 ἐν
3011 5627 3090 5701 τῷ
3135 5625 3383 5699 ὲξωτέρῳ
3417 5627 3642 5699 “est”:
3680 5640 3683 5651 ί
