  <div class='ocr_page' id='page_1' title='image "/cluster/home/n/w/nwhite01/storage/ocr_20150623/17:no.7/coo.31924054872977/535.png"; bbox 0 0 4170 6448; ppageno 0'>
   <div class='ocr_carea' id='block_1_1' title="bbox 529 345 664 420">
    <p class='ocr_par' dir='ltr' id='par_1_1' title="bbox 529 345 664 420">
     <span class='ocr_line' id='line_1_1' title="bbox 529 345 664 420; baseline -0.03 0"><span class='ocrx_word' id='word_1_1' title='bbox 529 345 664 420; x_wconf 71' lang='lat' dir='ltr'><strong><em>uin</em></strong></span> 
     </span>
    </p>
   </div>
   <div class='ocr_carea' id='block_1_2' title="bbox 1798 365 2487 422">
    <p class='ocr_par' dir='ltr' id='par_1_2' title="bbox 1798 365 2487 422">
     <span class='ocr_line' id='line_1_2' title="bbox 1798 365 2487 422; baseline -0.001 -2"><span class='ocrx_word' id='word_1_2' title='bbox 1798 366 1856 420; x_wconf 77' lang='grc' dir='ltr'><strong>Ρ.</strong></span> <span class='ocrx_word' id='word_1_3' title='bbox 1902 365 2219 421; x_wconf 72' lang='lat' dir='ltr'><strong><em>DAMELIS</em></strong></span> <span class='ocrx_word' id='word_1_4' title='bbox 2253 365 2487 422; x_wconf 79' lang='lat' dir='ltr'><strong><em>HUETII</em></strong></span> 
     </span>
    </p>
   </div>
   <div class='ocr_carea' id='block_1_3' title="bbox 3634 365 3775 423">
    <p class='ocr_par' dir='ltr' id='par_1_3' title="bbox 3634 365 3775 423">
     <span class='ocr_line' id='line_1_3' title="bbox 3634 365 3775 423; baseline 0.007 -2"><span class='ocrx_word' id='word_1_5' title='bbox 3634 365 3775 423; x_wconf 69' lang='grc'><strong><em>1048</em></strong></span> 
     </span>
    </p>
   </div>
   <div class='ocr_carea' id='block_1_4' title="bbox 526 478 2124 565">
    <p class='ocr_par' dir='ltr' id='par_1_4' title="bbox 526 478 2099 565">
     <span class='ocr_line' id='line_1_4' title="bbox 526 478 2099 565; baseline 0.001 -32"><span class='ocrx_word' id='word_1_6' title='bbox 526 482 593 533; x_wconf 74' lang='grc' dir='ltr'>οὗ</span> <span class='ocrx_word' id='word_1_7' title='bbox 619 478 1066 565; x_wconf 49' lang='grc' dir='ltr'>γὰρέπρόσκειται</span> <span class='ocrx_word' id='word_1_8' title='bbox 1099 478 1190 530; x_wconf 82' lang='grc' dir='ltr'><strong><em>τό’</em></strong></span> <span class='ocrx_word' id='word_1_9' title='bbox 1215 480 1318 544; x_wconf 78' lang='grc' dir='ltr'><strong><em>Εἰς</em></strong></span> <span class='ocrx_word' id='word_1_10' title='bbox 1356 480 1460 532; x_wconf 70' lang='grc' dir='ltr'>τεν</span> <span class='ocrx_word' id='word_1_11' title='bbox 1505 481 1688 534; x_wconf 72' lang='grc' dir='ltr'>αἰῶνα</span> <span class='ocrx_word' id='word_1_12' title='bbox 1711 521 1729 548; x_wconf 83' lang='grc'><em>,</em></span> <span class='ocrx_word' id='word_1_13' title='bbox 1765 483 1797 550; x_wconf 82' lang='grc' dir='ltr'>ἦ</span> <span class='ocrx_word' id='word_1_14' title='bbox 1829 484 1932 548; x_wconf 71' lang='grc' dir='ltr'><strong><em>Εἰς</em></strong></span> <span class='ocrx_word' id='word_1_15' title='bbox 1964 482 2099 548; x_wconf 78' lang='grc' dir='ltr'>τοὺς</span> 
     </span>
    </p>
   </div>
   <div class='ocr_carea' id='block_1_5' title="bbox 2220 478 3777 565">
    <p class='ocr_par' dir='ltr' id='par_1_5' title="bbox 2220 478 3777 551">
     <span class='ocr_line' id='line_1_5' title="bbox 2220 478 3777 551; baseline -0.001 -15"><span class='ocrx_word' id='word_1_16' title='bbox 2220 491 2320 538; x_wconf 80' lang='lat' dir='ltr'><strong><em>late</em></strong></span> <span class='ocrx_word' id='word_1_17' title='bbox 2351 493 2513 551; x_wconf 89' lang='lat' dir='ltr'><strong><em>atque</em></strong></span> <span class='ocrx_word' id='word_1_18' title='bbox 2553 478 2841 536; x_wconf 81' lang='lat' dir='ltr'><strong><em>concordia</em></strong></span> <span class='ocrx_word' id='word_1_19' title='bbox 2863 519 2877 545; x_wconf 95' lang='lat'><strong><em>,</em></strong></span> <span class='ocrx_word' id='word_1_20' title='bbox 2921 479 2974 535; x_wconf 93' lang='lat' dir='ltr'><strong><em>in</em></strong></span> <span class='ocrx_word' id='word_1_21' title='bbox 3003 494 3110 550; x_wconf 88' lang='lat' dir='ltr'><strong><em>qua</em></strong></span> <span class='ocrx_word' id='word_1_22' title='bbox 3158 494 3188 533; x_wconf 90' lang='lat' dir='ltr'><strong><em>a</em></strong></span> <span class='ocrx_word' id='word_1_23' title='bbox 3228 478 3338 534; x_wconf 88' lang='lat' dir='ltr'><strong><em>Deo</em></strong></span> <span class='ocrx_word' id='word_1_24' title='bbox 3366 478 3620 549; x_wconf 73' lang='lat' dir='ltr'><strong><em>primitus</em></strong></span> <span class='ocrx_word' id='word_1_25' title='bbox 3649 494 3777 548; x_wconf 80' lang='lat' dir='ltr'><strong><em>pro-</em></strong></span> 
     </span>
    </p>
   </div>
   <div class='ocr_carea' id='block_1_6' title="bbox 527 567 2099 640">
    <p class='ocr_par' dir='ltr' id='par_1_6' title="bbox 527 567 2099 640">
     <span class='ocr_line' id='line_1_6' title="bbox 527 567 2099 640; baseline 0.001 -18"><span class='ocrx_word' id='word_1_26' title='bbox 527 570 765 633; x_wconf 80' lang='grc' dir='ltr'>ιιιῶνας,</span> <span class='ocrx_word' id='word_1_27' title='bbox 799 569 830 636; x_wconf 81' lang='grc' dir='ltr'>ἢ</span> <span class='ocrx_word' id='word_1_28' title='bbox 863 567 1151 637; x_wconf 71' lang='grc' dir='ltr'>λυθήσεται</span> <span class='ocrx_word' id='word_1_29' title='bbox 1188 584 1338 623; x_wconf 86' lang='grc' dir='ltr'>ποτε.</span> <span class='ocrx_word' id='word_1_30' title='bbox 1370 567 1480 622; x_wconf 87' lang='lat' dir='ltr'><strong><em>Nec</em></strong></span> <span class='ocrx_word' id='word_1_31' title='bbox 1518 569 1674 623; x_wconf 87' lang='lat' dir='ltr'><strong><em>aliter</em></strong></span> <span class='ocrx_word' id='word_1_32' title='bbox 1698 570 2099 640; x_wconf 86' lang='lat' dir='ltr'><strong><em>intelligendum</em></strong></span> 
     </span>
    </p>
   </div>
   <div class='ocr_carea' id='block_1_7' title="bbox 529 656 2101 731">
    <p class='ocr_par' dir='ltr' id='par_1_7' title="bbox 529 656 2101 731">
     <span class='ocr_line' id='line_1_7' title="bbox 529 656 2101 731; baseline 0.004 -18"><span class='ocrx_word' id='word_1_33' title='bbox 529 667 657 731; x_wconf 79' lang='lat' dir='ltr'><strong><em>puto</em></strong></span> <span class='ocrx_word' id='word_1_34' title='bbox 709 660 1049 722; x_wconf 74' lang='lat' dir='ltr'><strong><em>vocabulum,</em></strong></span> <span class='ocrx_word' id='word_1_35' title='bbox 1096 656 1332 726; x_wconf 78' lang='grc' dir='ltr'>αἰώνιος,</span> <span class='ocrx_word' id='word_1_36' title='bbox 1386 662 1479 716; x_wconf 90' lang='lat' dir='ltr'><strong>lib.</strong></span> <span class='ocrx_word' id='word_1_37' title='bbox 1537 678 1612 715; x_wconf 87' lang='lat' dir='ltr'><strong><em>vtt</em></strong></span> <span class='ocrx_word' id='word_1_38' title='bbox 1681 672 1850 718; x_wconf 96' lang='lat' dir='ltr'><strong><em>contr.</em></strong></span> <span class='ocrx_word' id='word_1_39' title='bbox 1913 662 2101 719; x_wconf 82' lang='lat' dir='ltr'><strong><em>Cels.:</em></strong></span> 
     </span>
    </p>
   </div>
   <div class='ocr_carea' id='block_1_8' title="bbox 541 749 2103 824">
    <p class='ocr_par' dir='ltr' id='par_1_8' title="bbox 541 749 2103 824">
     <span class='ocr_line' id='line_1_8' title="bbox 541 749 2103 824; baseline 0.001 -20"><span class='ocrx_word' id='word_1_40' title='bbox 541 751 679 804; x_wconf 84' lang='grc' dir='ltr'>Ἀλλ’</span> <span class='ocrx_word' id='word_1_41' title='bbox 721 750 831 803; x_wconf 80' lang='grc' dir='ltr'>οὐδ’</span> <span class='ocrx_word' id='word_1_42' title='bbox 881 749 1159 802; x_wconf 83' lang='grc' dir='ltr'>ἀκίνδυνον</span> <span class='ocrx_word' id='word_1_43' title='bbox 1198 750 1294 820; x_wconf 79' lang='grc' dir='ltr'><strong><em>τὴν</em></strong></span> <span class='ocrx_word' id='word_1_44' title='bbox 1345 749 1452 803; x_wconf 85' lang='grc' dir='ltr'><strong><em>τῶν</em></strong></span> <span class='ocrx_word' id='word_1_45' title='bbox 1500 753 1753 805; x_wconf 79' lang='grc' dir='ltr'><strong><em>τοιούτων</em></strong></span> <span class='ocrx_word' id='word_1_46' title='bbox 1806 755 2103 824; x_wconf 77' lang='grc' dir='ltr'><strong><em>σαφήνειαν</em></strong></span> 
     </span>
    </p>
   </div>
   <div class='ocr_carea' id='block_1_9' title="bbox 529 842 2104 918">
    <p class='ocr_par' dir='ltr' id='par_1_9' title="bbox 529 842 2104 918">
     <span class='ocr_line' id='line_1_9' title="bbox 529 842 2104 918; baseline 0.002 -22"><span class='ocrx_word' id='word_1_47' title='bbox 529 843 812 914; x_wconf 69' lang='grc' dir='ltr'>πιστεῦσαι</span> <span class='ocrx_word' id='word_1_48' title='bbox 866 843 1085 913; x_wconf 65' lang='grc' dir='ltr'><strong><em>Γραφῇ·</em></strong></span> <span class='ocrx_word' id='word_1_49' title='bbox 1119 842 1213 895; x_wconf 72' lang='grc' dir='ltr'><strong><em>ἅτε</em></strong></span> <span class='ocrx_word' id='word_1_50' title='bbox 1247 843 1354 896; x_wconf 84' lang='grc' dir='ltr'><strong><em>τῶν</em></strong></span> <span class='ocrx_word' id='word_1_51' title='bbox 1420 843 1628 897; x_wconf 83' lang='grc' dir='ltr'>πολλῶν</span> <span class='ocrx_word' id='word_1_52' title='bbox 1683 845 1741 898; x_wconf 82' lang='grc' dir='ltr'><strong><em>οὐ</em></strong></span> <span class='ocrx_word' id='word_1_53' title='bbox 1797 845 2104 918; x_wconf 77' lang='grc' dir='ltr'>χρῃζόντων</span> 
     </span>
    </p>
   </div>
   <div class='ocr_carea' id='block_1_10' title="bbox 531 934 2104 1008">
    <p class='ocr_par' dir='ltr' id='par_1_10' title="bbox 531 934 2104 1008">
     <span class='ocr_line' id='line_1_10' title="bbox 531 934 2104 1008; baseline 0.002 -20"><span class='ocrx_word' id='word_1_54' title='bbox 531 936 767 998; x_wconf 84' lang='grc' dir='ltr'>πλείονος</span> <span class='ocrx_word' id='word_1_55' title='bbox 813 934 1158 998; x_wconf 68' lang='grc' dir='ltr'><strong><em>διδασκαλίας</em></strong></span> <span class='ocrx_word' id='word_1_56' title='bbox 1195 934 1343 1007; x_wconf 76' lang='grc' dir='ltr'>παρὰ</span> <span class='ocrx_word' id='word_1_57' title='bbox 1391 937 1489 1006; x_wconf 84' lang='grc' dir='ltr'>τὴν</span> <span class='ocrx_word' id='word_1_58' title='bbox 1529 937 1657 1008; x_wconf 80' lang='grc' dir='ltr'>περὶ</span> <span class='ocrx_word' id='word_1_59' title='bbox 1700 937 1796 1008; x_wconf 82' lang='grc' dir='ltr'><strong><em>τῆς</em></strong></span> <span class='ocrx_word' id='word_1_60' title='bbox 1828 937 1968 992; x_wconf 88' lang='grc' dir='ltr'>κατὰ</span> <span class='ocrx_word' id='word_1_61' title='bbox 1999 937 2104 991; x_wconf 77' lang='grc' dir='ltr'>τῶν</span> 
     </span>
    </p>
   </div>
   <div class='ocr_carea' id='block_1_11' title="bbox 530 1025 2106 1102">
    <p class='ocr_par' dir='ltr' id='par_1_11' title="bbox 530 1025 2106 1102">
     <span class='ocr_line' id='line_1_11' title="bbox 530 1025 2106 1102; baseline 0.001 -21"><span class='ocrx_word' id='word_1_62' title='bbox 530 1027 945 1098; x_wconf 79' lang='grc' dir='ltr'>ἁμαρτανόντων</span> <span class='ocrx_word' id='word_1_63' title='bbox 1000 1025 1306 1090; x_wconf 76' lang='grc' dir='ltr'><strong><em>κολάσεως·</em></strong></span> <span class='ocrx_word' id='word_1_64' title='bbox 1340 1029 1420 1090; x_wconf 84' lang='grc' dir='ltr'><strong><em>εἰς</em></strong></span> <span class='ocrx_word' id='word_1_65' title='bbox 1470 1027 1577 1100; x_wconf 82' lang='grc' dir='ltr'><strong><em>γὰρ</em></strong></span> <span class='ocrx_word' id='word_1_66' title='bbox 1620 1028 1686 1081; x_wconf 85' lang='grc' dir='ltr'>τὰ</span> <span class='ocrx_word' id='word_1_67' title='bbox 1745 1029 1883 1102; x_wconf 81' lang='grc' dir='ltr'><strong><em>ὑπὲρ</em></strong></span> <span class='ocrx_word' id='word_1_68' title='bbox 1927 1031 2106 1082; x_wconf 77' lang='grc' dir='ltr'>ἐκεῖνα</span> 
     </span>
    </p>
   </div>
   <div class='ocr_carea' id='block_1_12' title="bbox 528 1118 2108 1191">
    <p class='ocr_par' dir='ltr' id='par_1_12' title="bbox 528 1118 2108 1191">
     <span class='ocr_line' id='line_1_12' title="bbox 528 1118 2108 1191; baseline -0.003 -17"><span class='ocrx_word' id='word_1_69' title='bbox 528 1119 697 1190; x_wconf 81' lang='grc' dir='ltr'>αὐτῆς</span> <span class='ocrx_word' id='word_1_70' title='bbox 723 1119 783 1170; x_wconf 84' lang='grc' dir='ltr'><strong><em>οὐ</em></strong></span> <span class='ocrx_word' id='word_1_71' title='bbox 811 1118 1078 1190; x_wconf 81' lang='grc' dir='ltr'>χρήσιμον</span> <span class='ocrx_word' id='word_1_72' title='bbox 1121 1118 1430 1172; x_wconf 76' lang='grc' dir='ltr'>ἀναϐαίνειν</span> <span class='ocrx_word' id='word_1_73' title='bbox 1459 1119 1547 1173; x_wconf 82' lang='grc' dir='ltr'><strong><em>διὰ</em></strong></span> <span class='ocrx_word' id='word_1_74' title='bbox 1583 1120 1706 1184; x_wconf 83' lang='grc' dir='ltr'>τοὺς</span> <span class='ocrx_word' id='word_1_75' title='bbox 1750 1121 1908 1191; x_wconf 81' lang='grc' dir='ltr'><strong><em>μόγις</em></strong></span> <span class='ocrx_word' id='word_1_76' title='bbox 1958 1119 2108 1191; x_wconf 84' lang='grc' dir='ltr'><strong><em>φόϐῳ</em></strong></span> 
     </span>
    </p>
   </div>
   <div class='ocr_carea' id='block_1_13' title="bbox 527 1211 2108 1282">
    <p class='ocr_par' dir='ltr' id='par_1_13' title="bbox 527 1211 2108 1282">
     <span class='ocr_line' id='line_1_13' title="bbox 527 1211 2108 1282; baseline 0 -16"><span class='ocrx_word' id='word_1_77' title='bbox 527 1213 626 1282; x_wconf 81' lang='grc' dir='ltr'><strong><em>τῆς</em></strong></span> <span class='ocrx_word' id='word_1_78' title='bbox 664 1212 878 1267; x_wconf 80' lang='grc' dir='ltr'>αἰωνίου</span> <span class='ocrx_word' id='word_1_79' title='bbox 921 1211 1192 1272; x_wconf 82' lang='grc' dir='ltr'>κολάσεως</span> <span class='ocrx_word' id='word_1_80' title='bbox 1232 1212 1335 1266; x_wconf 74' lang='grc' dir='ltr'><strong><em>κᾶν</em></strong></span> <span class='ocrx_word' id='word_1_81' title='bbox 1390 1212 1770 1275; x_wconf 83' lang='grc' dir='ltr'>συστέλλοντας</span> <span class='ocrx_word' id='word_1_82' title='bbox 1807 1213 1900 1265; x_wconf 79' lang='grc' dir='ltr'>ἐπὶ</span> <span class='ocrx_word' id='word_1_83' title='bbox 1945 1212 2108 1266; x_wconf 86' lang='grc' dir='ltr'>ποσὸν</span> 
     </span>
    </p>
   </div>
   <div class='ocr_carea' id='block_1_14' title="bbox 530 1305 2109 1376">
    <p class='ocr_par' dir='ltr' id='par_1_14' title="bbox 530 1305 2109 1376">
     <span class='ocr_line' id='line_1_14' title="bbox 530 1305 2109 1376; baseline 0.001 -18"><span class='ocrx_word' id='word_1_84' title='bbox 530 1305 630 1375; x_wconf 84' lang='grc' dir='ltr'><strong><em>τῆς</em></strong></span> <span class='ocrx_word' id='word_1_85' title='bbox 694 1305 911 1372; x_wconf 84' lang='grc' dir='ltr'>κακίας,</span> <span class='ocrx_word' id='word_1_86' title='bbox 972 1305 1064 1358; x_wconf 79' lang='grc' dir='ltr'><strong><em>καὶ</em></strong></span> <span class='ocrx_word' id='word_1_87' title='bbox 1112 1305 1220 1358; x_wconf 83' lang='grc' dir='ltr'><strong><em>τῶν</em></strong></span> <span class='ocrx_word' id='word_1_88' title='bbox 1267 1306 1360 1358; x_wconf 86' lang='grc' dir='ltr'><strong><em>ἀπ’</em></strong></span> <span class='ocrx_word' id='word_1_89' title='bbox 1425 1306 1594 1375; x_wconf 78' lang='grc' dir='ltr'>αὐτῆς</span> <span class='ocrx_word' id='word_1_90' title='bbox 1646 1306 2109 1376; x_wconf 81' lang='grc' dir='ltr'>ἁμαρτανομένων</span> 
     </span>
    </p>
   </div>
   <div class='ocr_carea' id='block_1_15' title="bbox 530 1413 708 1468">
    <p class='ocr_par' dir='ltr' id='par_1_15' title="bbox 530 1413 708 1468">
     <span class='ocr_line' id='line_1_15' title="bbox 530 1413 708 1468; baseline -0.011 -17"><span class='ocrx_word' id='word_1_91' title='bbox 530 1413 708 1468; x_wconf 82' lang='grc' dir='ltr'>χυσιν.</span> 
     </span>
    </p>
   </div>
   <div class='ocr_carea' id='block_1_16' title="bbox 1071 1573 1574 1642">
    <p class='ocr_par' dir='ltr' id='par_1_16' title="bbox 1071 1573 1574 1642">
     <span class='ocr_line' id='line_1_16' title="bbox 1071 1573 1574 1642; baseline -0.01 -9"><span class='ocrx_word' id='word_1_92' title='bbox 1071 1573 1402 1642; x_wconf 67' lang='grc' dir='ltr'><strong><em>ΟΗᾸΕΒΤΙΟ</em></strong></span> <span class='ocrx_word' id='word_1_93' title='bbox 1462 1573 1574 1628; x_wconf 75' lang='lat' dir='ltr'><strong><em>XII.</em></strong></span> 
     </span>
    </p>
   </div>
   <div class='ocr_carea' id='block_1_17' title="bbox 648 1681 1985 1731">
    <p class='ocr_par' dir='ltr' id='par_1_17' title="bbox 648 1681 1985 1731">
     <span class='ocr_line' id='line_1_17' title="bbox 648 1681 1985 1731; baseline -0.002 -9"><span class='ocrx_word' id='word_1_94' title='bbox 648 1681 717 1722; x_wconf 73' lang='lat' dir='ltr'><strong><em>DE</em></strong></span> <span class='ocrx_word' id='word_1_95' title='bbox 756 1681 959 1731; x_wconf 73' lang='lat' dir='ltr'><strong><em>IUNDO,</em></strong></span> <span class='ocrx_word' id='word_1_96' title='bbox 1000 1683 1260 1722; x_wconf 72' lang='lat' dir='ltr'><strong><em>PARADISO</em></strong></span> <span class='ocrx_word' id='word_1_97' title='bbox 1301 1681 1628 1731; x_wconf 74' lang='lat' dir='ltr'><strong><em>TERRESTRI,</em></strong></span> <span class='ocrx_word' id='word_1_98' title='bbox 1671 1683 1738 1722; x_wconf 82' lang='lat' dir='ltr'><strong><em>ET</em></strong></span> <span class='ocrx_word' id='word_1_99' title='bbox 1781 1681 1985 1721; x_wconf 66' lang='lat' dir='ltr'><strong>ADAMO.</strong></span> 
     </span>
    </p>
   </div>
   <div class='ocr_carea' id='block_1_18' title="bbox 535 1757 2111 1828">
    <p class='ocr_par' dir='ltr' id='par_1_18' title="bbox 535 1757 2111 1828">
     <span class='ocr_line' id='line_1_18' title="bbox 535 1757 2111 1828; baseline -0.003 -13"><span class='ocrx_word' id='word_1_100' title='bbox 535 1759 578 1815; x_wconf 88' lang='grc' dir='ltr'><strong><em>Ι.</em></strong></span> <span class='ocrx_word' id='word_1_101' title='bbox 621 1760 737 1814; x_wconf 85' lang='lat' dir='ltr'><strong><em>Duo</em></strong></span> <span class='ocrx_word' id='word_1_102' title='bbox 762 1761 824 1813; x_wconf 88' lang='lat' dir='ltr'><strong><em>de</em></strong></span> <span class='ocrx_word' id='word_1_103' title='bbox 849 1760 1044 1814; x_wconf 85' lang='lat' dir='ltr'><strong><em>mundo</em></strong></span> <span class='ocrx_word' id='word_1_104' title='bbox 1074 1761 1245 1828; x_wconf 59' lang='grc' dir='ltr'>(μιαν-ἱ</span> <span class='ocrx_word' id='word_1_105' title='bbox 1270 1771 1481 1826; x_wconf 84' lang='lat' dir='ltr'><strong><em>possunt</em></strong></span> <span class='ocrx_word' id='word_1_106' title='bbox 1507 1774 1525 1810; x_wconf 91' lang='lat'><strong><em>:</em></strong></span> <span class='ocrx_word' id='word_1_107' title='bbox 1554 1757 1616 1814; x_wconf 91' lang='lat' dir='ltr'><strong><em>ll.</em></strong></span> <span class='ocrx_word' id='word_1_108' title='bbox 1646 1758 1906 1822; x_wconf 87' lang='lat' dir='ltr'><strong><em>Primum,</em></strong></span> <span class='ocrx_word' id='word_1_109' title='bbox 1933 1767 2111 1810; x_wconf 90' lang='lat' dir='ltr'><strong><em>utrum</em></strong></span> 
     </span>
    </p>
   </div>
   <div class='ocr_carea' id='block_1_19' title="bbox 603 1828 3094 1919">
    <p class='ocr_par' dir='ltr' id='par_1_19' title="bbox 603 1828 3094 1919">
     <span class='ocr_line' id='line_1_19' title="bbox 603 1828 3094 1919; baseline 0 0"><span class='ocrx_word' id='word_1_110' title='bbox 603 1828 1543 1919; x_wconf 32' lang='grc' dir='ltr'><strong><em>ς(,ιιίομβαφιιιιετιε,ρ’·ίσειτςξ</em></strong></span> <span class='ocrx_word' id='word_1_111' title='bbox 1589 1830 2112 1919; x_wconf 49' lang='grc' dir='ltr'><strong><em>Ῐῖ¹ἓ¹ζ²ξῖἔξζ¹ᾒ⁷ἰζ9¹²ξῗ³ἷ</em></strong></span> <span class='ocrx_word' id='word_1_112' title='bbox 2141 1844 2184 1900; x_wconf 82' lang='grc' dir='ltr'><strong>Β</strong></span> <span class='ocrx_word' id='word_1_113' title='bbox 2217 1869 2320 1912; x_wconf 85' lang='lat' dir='ltr'><strong><em>tem</em></strong></span> <span class='ocrx_word' id='word_1_114' title='bbox 2351 1871 2470 1910; x_wconf 83' lang='lat' dir='ltr'><strong><em>cum</em></strong></span> <span class='ocrx_word' id='word_1_115' title='bbox 2506 1854 2653 1909; x_wconf 80' lang='lat' dir='ltr'><strong><em>nulla</em></strong></span> <span class='ocrx_word' id='word_1_116' title='bbox 2687 1855 2759 1908; x_wconf 74' lang='lat' dir='ltr'><strong><em>sit</em></strong></span> <span class='ocrx_word' id='word_1_117' title='bbox 2783 1855 3094 1919; x_wconf 68' lang='lat' dir='ltr'><strong><em>diversitas,</em></strong></span> 
     </span>
    </p>
   </div>
   <div class='ocr_carea' id='block_1_20' title="bbox 604 1895 2102 1966">
    <p class='ocr_par' dir='ltr' id='par_1_20' title="bbox 604 1895 2102 1966">
     <span class='ocr_line' id='line_1_20' title="bbox 604 1895 2102 1966; baseline -0.001 -14"><span class='ocrx_word' id='word_1_118' title='bbox 604 1895 891 1954; x_wconf 77' lang='lat' dir='ltr'><strong><em>rationales</em></strong></span> <span class='ocrx_word' id='word_1_119' title='bbox 927 1909 1144 1954; x_wconf 87' lang='lat' dir='ltr'><strong><em>naturas</em></strong></span> <span class='ocrx_word' id='word_1_120' title='bbox 1174 1899 1337 1966; x_wconf 77' lang='lat' dir='ltr'><strong><em>fuisse</em></strong></span> <span class='ocrx_word' id='word_1_121' title='bbox 1366 1895 1403 1950; x_wconf 65' lang='grc' dir='ltr'>α’</span> <span class='ocrx_word' id='word_1_122' title='bbox 1431 1897 1540 1951; x_wconf 85' lang='lat' dir='ltr'><strong><em>Deo</em></strong></span> <span class='ocrx_word' id='word_1_123' title='bbox 1580 1898 1879 1960; x_wconf 83' lang='lat' dir='ltr'><strong><em>conditum;</em></strong></span> <span class='ocrx_word' id='word_1_124' title='bbox 1914 1895 1998 1952; x_wconf 93' lang='lat' dir='ltr'><strong><em>Ill.</em></strong></span> <span class='ocrx_word' id='word_1_125' title='bbox 2027 1898 2102 1950; x_wconf 85' lang='lat' dir='ltr'><strong><em>ita</em></strong></span> 
     </span>
    </p>
   </div>
   <div class='ocr_carea' id='block_1_21' title="bbox 604 1967 2100 2036">
    <p class='ocr_par' dir='ltr' id='par_1_21' title="bbox 604 1967 2100 2036">
     <span class='ocr_line' id='line_1_21' title="bbox 604 1967 2100 2036; baseline -0.001 -14"><span class='ocrx_word' id='word_1_126' title='bbox 604 1981 662 2022; x_wconf 88' lang='lat' dir='ltr'><strong><em>ut</em></strong></span> <span class='ocrx_word' id='word_1_127' title='bbox 719 1971 1050 2023; x_wconf 72' lang='lat' dir='ltr'><strong><em>existimasse</em></strong></span> <span class='ocrx_word' id='word_1_128' title='bbox 1086 1985 1203 2022; x_wconf 88' lang='lat' dir='ltr'><strong><em>eum</em></strong></span> <span class='ocrx_word' id='word_1_129' title='bbox 1256 1967 1444 2022; x_wconf 85' lang='lat' dir='ltr'><strong><em>Patres</em></strong></span> <span class='ocrx_word' id='word_1_130' title='bbox 1502 1968 1670 2035; x_wconf 77' lang='lat' dir='ltr'><strong><em>aliqui</em></strong></span> <span class='ocrx_word' id='word_1_131' title='bbox 1713 1968 2100 2036; x_wconf 77' lang='lat' dir='ltr'><strong><em>testiﬁcantur:</em></strong></span> 
     </span>
    </p>
   </div>
   <div class='ocr_carea' id='block_1_22' title="bbox 604 2036 2100 2106">
    <p class='ocr_par' dir='ltr' id='par_1_22' title="bbox 604 2036 2100 2106">
     <span class='ocr_line' id='line_1_22' title="bbox 604 2036 2100 2106; baseline -0.001 -14"><span class='ocrx_word' id='word_1_132' title='bbox 604 2038 695 2094; x_wconf 84' lang='lat' dir='ltr'><strong><em>IV.</em></strong></span> <span class='ocrx_word' id='word_1_133' title='bbox 755 2039 1014 2101; x_wconf 86' lang='lat' dir='ltr'><strong><em>alterum,</em></strong></span> <span class='ocrx_word' id='word_1_134' title='bbox 1058 2049 1235 2091; x_wconf 89' lang='lat' dir='ltr'><strong><em>utrum</em></strong></span> <span class='ocrx_word' id='word_1_135' title='bbox 1273 2039 1449 2106; x_wconf 86' lang='lat' dir='ltr'><strong><em>plures</em></strong></span> <span class='ocrx_word' id='word_1_136' title='bbox 1495 2041 1573 2091; x_wconf 80' lang='lat' dir='ltr'><strong><em>uel</em></strong></span> <span class='ocrx_word' id='word_1_137' title='bbox 1613 2037 1795 2106; x_wconf 80' lang='lat' dir='ltr'><strong><em>fuisse,</em></strong></span> <span class='ocrx_word' id='word_1_138' title='bbox 1824 2036 1920 2096; x_wconf 66' lang='lat' dir='ltr'><strong><em>ivel</em></strong></span> <span class='ocrx_word' id='word_1_139' title='bbox 1955 2053 2100 2100; x_wconf 85' lang='lat' dir='ltr'><strong><em>esse,</em></strong></span> 
     </span>
    </p>
   </div>
   <div class='ocr_carea' id='block_1_23' title="bbox 603 2106 2104 2175">
    <p class='ocr_par' dir='ltr' id='par_1_23' title="bbox 603 2106 2104 2175">
     <span class='ocr_line' id='line_1_23' title="bbox 603 2106 2104 2175; baseline -0.003 -13"><span class='ocrx_word' id='word_1_140' title='bbox 603 2109 684 2163; x_wconf 77' lang='lat' dir='ltr'><strong><em>vel</em></strong></span> <span class='ocrx_word' id='word_1_141' title='bbox 713 2111 824 2174; x_wconf 82' lang='lat' dir='ltr'><strong><em>[ore</em></strong></span> <span class='ocrx_word' id='word_1_142' title='bbox 861 2110 1082 2163; x_wconf 88' lang='lat' dir='ltr'><strong><em>mundos</em></strong></span> <span class='ocrx_word' id='word_1_143' title='bbox 1121 2109 1528 2170; x_wconf 73' lang='lat' dir='ltr'><strong><em>existimaverit;</em></strong></span> <span class='ocrx_word' id='word_1_144' title='bbox 1572 2106 1634 2162; x_wconf 90' lang='lat' dir='ltr'><strong><em>V.</em></strong></span> <span class='ocrx_word' id='word_1_145' title='bbox 1667 2108 2104 2175; x_wconf 83' lang='lat' dir='ltr'><strong><em>quemadmodum</em></strong></span> 
     </span>
    </p>
   </div>
   <div class='ocr_carea' id='block_1_24' title="bbox 603 2175 2106 2260">
    <p class='ocr_par' dir='ltr' id='par_1_24' title="bbox 603 2175 2106 2260">
     <span class='ocr_line' id='line_1_24' title="bbox 603 2175 2106 2260; baseline -0.002 -30"><span class='ocrx_word' id='word_1_146' title='bbox 603 2180 705 2246; x_wconf 90' lang='lat' dir='ltr'><strong><em>ipsi</em></strong></span> <span class='ocrx_word' id='word_1_147' title='bbox 722 2197 754 2233; x_wconf 92' lang='lat' dir='ltr'><strong><em>a</em></strong></span> <span class='ocrx_word' id='word_1_148' title='bbox 779 2178 1028 2260; x_wconf 77' lang='lat' dir='ltr'><strong><em>Patribus</em></strong></span> <span class='ocrx_word' id='word_1_149' title='bbox 1051 2179 1357 2247; x_wconf 79' lang='lat' dir='ltr'><strong><em>quibusdam</em></strong></span> <span class='ocrx_word' id='word_1_150' title='bbox 1377 2179 1647 2260; x_wconf 72' lang='lat' dir='ltr'><strong><em>_objectum</em></strong></span> <span class='ocrx_word' id='word_1_151' title='bbox 1681 2189 1754 2231; x_wconf 90' lang='lat' dir='ltr'><strong><em>est</em></strong></span> <span class='ocrx_word' id='word_1_152' title='bbox 1767 2175 1899 2260; x_wconf 38' lang='lat' dir='ltr'><strong><em>LXI.</em></strong></span> <span class='ocrx_word' id='word_1_153' title='bbox 1918 2193 2106 2260; x_wconf 49' lang='lat' dir='ltr'><strong><em>&#39;qua‘n-</em></strong></span> 
     </span>
    </p>
   </div>
   <div class='ocr_carea' id='block_1_25' title="bbox 607 2246 2108 2317">
    <p class='ocr_par' dir='ltr' id='par_1_25' title="bbox 607 2246 2108 2317">
     <span class='ocr_line' id='line_1_25' title="bbox 607 2246 2108 2317; baseline -0.003 -15"><span class='ocrx_word' id='word_1_154' title='bbox 607 2265 766 2317; x_wconf 88' lang='lat' dir='ltr'><strong><em>quam</em></strong></span> <span class='ocrx_word' id='word_1_155' title='bbox 799 2248 911 2317; x_wconf 87' lang='lat' dir='ltr'><strong><em>ejus</em></strong></span> <span class='ocrx_word' id='word_1_156' title='bbox 939 2246 1155 2301; x_wconf 85' lang='lat' dir='ltr'><strong><em>causam</em></strong></span> <span class='ocrx_word' id='word_1_157' title='bbox 1188 2248 1446 2301; x_wconf 84' lang='lat' dir='ltr'><strong><em>nonnulla</em></strong></span> <span class='ocrx_word' id='word_1_158' title='bbox 1466 2249 1739 2316; x_wconf 80' lang='lat' dir='ltr'><strong><em>adjuvant.</em></strong></span> <span class='ocrx_word' id='word_1_159' title='bbox 1767 2246 1876 2300; x_wconf 79' lang='lat' dir='ltr'><strong><em>VII.</em></strong></span> <span class='ocrx_word' id='word_1_160' title='bbox 1909 2246 2108 2311; x_wconf 70' lang='lat' dir='ltr'><strong><em>Explo-</em></strong></span> 
     </span>
    </p>
   </div>
   <div class='ocr_carea' id='block_1_26' title="bbox 608 2318 2108 2386">
    <p class='ocr_par' dir='ltr' id='par_1_26' title="bbox 608 2318 2108 2386">
     <span class='ocr_line' id='line_1_26' title="bbox 608 2318 2108 2386; baseline -0.003 -16"><span class='ocrx_word' id='word_1_161' title='bbox 608 2327 756 2373; x_wconf 78' lang='lat' dir='ltr'><strong><em>ratur</em></strong></span> <span class='ocrx_word' id='word_1_162' title='bbox 777 2319 1018 2386; x_wconf 77' lang='lat' dir='ltr'><strong><em>Origenis</em></strong></span> <span class='ocrx_word' id='word_1_163' title='bbox 1049 2319 1301 2371; x_wconf 81' lang='lat' dir='ltr'><strong><em>sententia</em></strong></span> <span class='ocrx_word' id='word_1_164' title='bbox 1324 2322 1389 2372; x_wconf 88' lang='lat' dir='ltr'><strong><em>de</em></strong></span> <span class='ocrx_word' id='word_1_165' title='bbox 1420 2320 1706 2371; x_wconf 82' lang='lat' dir='ltr'><strong><em>consitione</em></strong></span> <span class='ocrx_word' id='word_1_166' title='bbox 1741 2318 1978 2385; x_wconf 77' lang='lat' dir='ltr'><strong><em>paradisi</em></strong></span> <span class='ocrx_word' id='word_1_167' title='bbox 2002 2327 2108 2369; x_wconf 87' lang='lat' dir='ltr'><strong><em>ter-</em></strong></span> 
     </span>
    </p>
   </div>
   <div class='ocr_carea' id='block_1_27' title="bbox 609 2387 2107 2453">
    <p class='ocr_par' dir='ltr' id='par_1_27' title="bbox 609 2387 2107 2453">
     <span class='ocr_line' id='line_1_27' title="bbox 609 2387 2107 2453; baseline -0.001 -13"><span class='ocrx_word' id='word_1_168' title='bbox 609 2390 811 2452; x_wconf 85' lang='lat' dir='ltr'><strong><em>restris,</em></strong></span> <span class='ocrx_word' id='word_1_169' title='bbox 856 2387 986 2442; x_wconf 76' lang='lat' dir='ltr'><strong><em>Vill.</em></strong></span> <span class='ocrx_word' id='word_1_170' title='bbox 1043 2397 1090 2441; x_wconf 89' lang='lat' dir='ltr'><strong><em>et</em></strong></span> <span class='ocrx_word' id='word_1_171' title='bbox 1139 2388 1201 2440; x_wconf 89' lang='lat' dir='ltr'><strong><em>de</em></strong></span> <span class='ocrx_word' id='word_1_172' title='bbox 1240 2389 1454 2441; x_wconf 78' lang='lat' dir='ltr'><strong><em>scorteis</em></strong></span> <span class='ocrx_word' id='word_1_173' title='bbox 1508 2388 1723 2450; x_wconf 84' lang='lat' dir='ltr'><strong><em>tunicis,</em></strong></span> <span class='ocrx_word' id='word_1_174' title='bbox 1762 2388 1948 2453; x_wconf 86' lang='lat' dir='ltr'><strong><em>quibus</em></strong></span> <span class='ocrx_word' id='word_1_175' title='bbox 1993 2395 2107 2453; x_wconf 84' lang='lat' dir='ltr'><strong><em>post</em></strong></span> 
     </span>
    </p>
   </div>
   <div class='ocr_carea' id='block_1_28' title="bbox 606 2456 2110 2530">
    <p class='ocr_par' dir='ltr' id='par_1_28' title="bbox 606 2456 2110 2530">
     <span class='ocr_line' id='line_1_28' title="bbox 606 2456 2110 2530; baseline -0.003 -18"><span class='ocrx_word' id='word_1_176' title='bbox 606 2469 876 2530; x_wconf 77' lang='lat' dir='ltr'><strong><em>peccatum</em></strong></span> <span class='ocrx_word' id='word_1_177' title='bbox 903 2458 1136 2510; x_wconf 85' lang='lat' dir='ltr'><strong><em>Adamus</em></strong></span> <span class='ocrx_word' id='word_1_178' title='bbox 1161 2458 1375 2510; x_wconf 86' lang='lat' dir='ltr'><strong><em>indutus</em></strong></span> <span class='ocrx_word' id='word_1_179' title='bbox 1397 2470 1491 2510; x_wconf 88' lang='lat' dir='ltr'><strong><em>est.</em></strong></span> <span class='ocrx_word' id='word_1_180' title='bbox 1515 2456 1605 2513; x_wconf 78' lang='lat' dir='ltr'><strong><em>IX.</em></strong></span> <span class='ocrx_word' id='word_1_181' title='bbox 1637 2456 1906 2530; x_wconf 66' lang='lat' dir='ltr'><strong><em>Quaeritur</em></strong></span> <span class='ocrx_word' id='word_1_182' title='bbox 1932 2470 2110 2530; x_wconf 71' lang='lat' dir='ltr'><strong><em>utrum</em></strong></span> 
     </span>
    </p>
   </div>
   <div class='ocr_carea' id='block_1_29' title="bbox 608 2525 2111 2596">
    <p class='ocr_par' dir='ltr' id='par_1_29' title="bbox 608 2525 2111 2596">
     <span class='ocr_line' id='line_1_29' title="bbox 608 2525 2111 2596; baseline -0.001 -15"><span class='ocrx_word' id='word_1_183' title='bbox 608 2525 803 2582; x_wconf 54' lang='lat' dir='ltr'><strong><em>ditarit</em></strong></span> <span class='ocrx_word' id='word_1_184' title='bbox 840 2528 1101 2580; x_wconf 87' lang='lat' dir='ltr'><strong><em>Adamum</em></strong></span> <span class='ocrx_word' id='word_1_185' title='bbox 1132 2544 1226 2596; x_wconf 83' lang='lat' dir='ltr'><strong><em>per</em></strong></span> <span class='ocrx_word' id='word_1_186' title='bbox 1263 2539 1530 2596; x_wconf 84' lang='lat' dir='ltr'><strong><em>peccatum</em></strong></span> <span class='ocrx_word' id='word_1_187' title='bbox 1569 2528 1968 2580; x_wconf 82' lang='lat' dir='ltr'><strong><em>similitudinem</em></strong></span> <span class='ocrx_word' id='word_1_188' title='bbox 2014 2525 2111 2579; x_wconf 86' lang='lat' dir='ltr'><strong><em>Dei</em></strong></span> 
     </span>
    </p>
   </div>
   <div class='ocr_carea' id='block_1_30' title="bbox 609 2595 2112 2652">
    <p class='ocr_par' dir='ltr' id='par_1_30' title="bbox 609 2595 2112 2652">
     <span class='ocr_line' id='line_1_30' title="bbox 609 2595 2112 2652; baseline -0.002 -1"><span class='ocrx_word' id='word_1_189' title='bbox 609 2599 849 2652; x_wconf 86' lang='lat' dir='ltr'><strong><em>amisisse</em></strong></span> <span class='ocrx_word' id='word_1_190' title='bbox 872 2613 891 2651; x_wconf 92' lang='lat'><em>:</em></span> <span class='ocrx_word' id='word_1_191' title='bbox 917 2596 986 2651; x_wconf 82' lang='grc' dir='ltr'><strong><em>Χ.</em></strong></span> <span class='ocrx_word' id='word_1_192' title='bbox 1007 2606 1055 2651; x_wconf 84' lang='grc' dir='ltr'><strong><em>ει</em></strong></span> <span class='ocrx_word' id='word_1_193' title='bbox 1084 2595 1260 2651; x_wconf 86' lang='lat' dir='ltr'><strong><em>utrum</em></strong></span> <span class='ocrx_word' id='word_1_194' title='bbox 1276 2599 1508 2652; x_wconf 82' lang='lat' dir='ltr'><strong><em>homines</em></strong></span> <span class='ocrx_word' id='word_1_195' title='bbox 1535 2595 1917 2652; x_wconf 77' lang='lat' dir='ltr'><strong><em>Prteadamitas</em></strong></span> <span class='ocrx_word' id='word_1_196' title='bbox 1951 2598 2112 2652; x_wconf 74' lang='lat' dir='ltr'><strong><em>exsti-</em></strong></span> 
     </span>
    </p>
   </div>
   <div class='ocr_carea' id='block_1_31' title="bbox 613 2668 1135 2736">
    <p class='ocr_par' dir='ltr' id='par_1_31' title="bbox 613 2668 1135 2736">
     <span class='ocr_line' id='line_1_31' title="bbox 613 2668 1135 2736; baseline -0.002 -15"><span class='ocrx_word' id='word_1_197' title='bbox 613 2671 737 2722; x_wconf 82' lang='lat' dir='ltr'><strong><em>tisse</em></strong></span> <span class='ocrx_word' id='word_1_198' title='bbox 765 2669 866 2721; x_wconf 79' lang='lat' dir='ltr'><strong><em>sibi</em></strong></span> <span class='ocrx_word' id='word_1_199' title='bbox 901 2668 1135 2736; x_wconf 72' lang='lat' dir='ltr'><strong><em>ﬁnxerit.</em></strong></span> 
     </span>
    </p>
   </div>
   <div class='ocr_carea' id='block_1_32' title="bbox 611 2758 2115 2830">
    <p class='ocr_par' dir='ltr' id='par_1_32' title="bbox 611 2758 2115 2830">
     <span class='ocr_line' id='line_1_32' title="bbox 611 2758 2115 2830; baseline -0.001 -18"><span class='ocrx_word' id='word_1_200' title='bbox 611 2759 652 2813; x_wconf 94' lang='grc'><strong>1.</strong></span> <span class='ocrx_word' id='word_1_201' title='bbox 682 2759 841 2816; x_wconf 85' lang='lat' dir='ltr'><strong><em>Circa</em></strong></span> <span class='ocrx_word' id='word_1_202' title='bbox 877 2761 1231 2830; x_wconf 68' lang='lat' dir='ltr'><strong><em>quaestionem</em></strong></span> <span class='ocrx_word' id='word_1_203' title='bbox 1271 2759 1335 2813; x_wconf 87' lang='lat' dir='ltr'><strong><em>de</em></strong></span> <span class='ocrx_word' id='word_1_204' title='bbox 1378 2759 1577 2815; x_wconf 89' lang='lat' dir='ltr'><strong><em>mundo</em></strong></span> <span class='ocrx_word' id='word_1_205' title='bbox 1618 2759 1811 2829; x_wconf 81' lang='lat' dir='ltr'><strong><em>duplex</em></strong></span> <span class='ocrx_word' id='word_1_206' title='bbox 1837 2758 2115 2815; x_wconf 81' lang='lat' dir='ltr'><strong><em>excutien-</em></strong></span> 
     </span>
    </p>
   </div>
   <div class='ocr_carea' id='block_1_33' title="bbox 542 2850 2112 2921">
    <p class='ocr_par' dir='ltr' id='par_1_33' title="bbox 542 2850 2112 2921">
     <span class='ocr_line' id='line_1_33' title="bbox 542 2850 2112 2921; baseline -0.004 -13"><span class='ocrx_word' id='word_1_207' title='bbox 542 2853 668 2908; x_wconf 90' lang='lat' dir='ltr'><strong><em>dum</em></strong></span> <span class='ocrx_word' id='word_1_208' title='bbox 694 2852 841 2909; x_wconf 83' lang='lat' dir='ltr'><strong><em>venit</em></strong></span> <span class='ocrx_word' id='word_1_209' title='bbox 867 2854 1197 2921; x_wconf 83' lang='lat' dir='ltr'><strong><em>paradoxnm</em></strong></span> <span class='ocrx_word' id='word_1_210' title='bbox 1231 2851 1447 2919; x_wconf 83' lang='lat' dir='ltr'><strong><em>Origeni</em></strong></span> <span class='ocrx_word' id='word_1_211' title='bbox 1476 2851 1771 2918; x_wconf 77' lang='lat' dir='ltr'><strong><em>ascriptum</em></strong></span> <span class='ocrx_word' id='word_1_212' title='bbox 1812 2869 1824 2904; x_wconf 91' lang='lat'><strong>:</strong></span> <span class='ocrx_word' id='word_1_213' title='bbox 1855 2850 2112 2920; x_wconf 87' lang='lat' dir='ltr'><strong><em>primum,</em></strong></span> 
     </span>
    </p>
   </div>
   <div class='ocr_carea' id='block_1_34' title="bbox 540 2943 2114 3015">
    <p class='ocr_par' dir='ltr' id='par_1_34' title="bbox 540 2943 2114 3015">
     <span class='ocr_line' id='line_1_34' title="bbox 540 2943 2114 3015; baseline -0.001 -18"><span class='ocrx_word' id='word_1_214' title='bbox 540 2953 720 2999; x_wconf 82' lang='lat' dir='ltr'><strong><em>utrum</em></strong></span> <span class='ocrx_word' id='word_1_215' title='bbox 751 2957 806 3000; x_wconf 89' lang='lat' dir='ltr'><strong><em>et</em></strong></span> <span class='ocrx_word' id='word_1_216' title='bbox 851 2959 959 3015; x_wconf 91' lang='lat' dir='ltr'><strong><em>quo</em></strong></span> <span class='ocrx_word' id='word_1_217' title='bbox 992 2960 1151 2998; x_wconf 89' lang='lat' dir='ltr'><strong><em>sensu</em></strong></span> <span class='ocrx_word' id='word_1_218' title='bbox 1194 2945 1392 2998; x_wconf 76' lang='lat' dir='ltr'><strong><em>dixerit</em></strong></span> <span class='ocrx_word' id='word_1_219' title='bbox 1439 2943 1700 2998; x_wconf 90' lang='lat' dir='ltr'><strong><em>mundum</em></strong></span> <span class='ocrx_word' id='word_1_220' title='bbox 1734 2953 1960 3012; x_wconf 84' lang='lat' dir='ltr'><strong><em>propter</em></strong></span> <span class='ocrx_word' id='word_1_221' title='bbox 1991 2943 2114 2996; x_wconf 82' lang='lat' dir='ltr'><strong><em>aui-</em></strong></span> 
     </span>
    </p>
   </div>
   <div class='ocr_carea' id='block_1_35' title="bbox 541 3033 2114 3100">
    <p class='ocr_par' dir='ltr' id='par_1_35' title="bbox 541 3033 2114 3100">
     <span class='ocr_line' id='line_1_35' title="bbox 541 3033 2114 3100; baseline -0.002 -11"><span class='ocrx_word' id='word_1_222' title='bbox 541 3051 660 3090; x_wconf 88' lang='lat' dir='ltr'><strong><em>mas</em></strong></span> <span class='ocrx_word' id='word_1_223' title='bbox 705 3036 999 3092; x_wconf 74' lang='lat' dir='ltr'><strong><em>rationales</em></strong></span> <span class='ocrx_word' id='word_1_224' title='bbox 1043 3051 1073 3090; x_wconf 90' lang='lat' dir='ltr'><strong><em>a</em></strong></span> <span class='ocrx_word' id='word_1_225' title='bbox 1123 3036 1233 3092; x_wconf 90' lang='lat' dir='ltr'><strong><em>Deo</em></strong></span> <span class='ocrx_word' id='word_1_226' title='bbox 1281 3034 1454 3091; x_wconf 86' lang='lat' dir='ltr'><strong><em>fuisse</em></strong></span> <span class='ocrx_word' id='word_1_227' title='bbox 1493 3033 1770 3088; x_wconf 91' lang='lat' dir='ltr'><strong><em>conditum</em></strong></span> <span class='ocrx_word' id='word_1_228' title='bbox 1814 3033 2114 3100; x_wconf 88' lang='lat' dir='ltr'><strong><em>:alterum,</em></strong></span> 
     </span>
    </p>
   </div>
   <div class='ocr_carea' id='block_1_36' title="bbox 542 3123 2118 3191">
    <p class='ocr_par' dir='ltr' id='par_1_36' title="bbox 542 3123 2118 3191">
     <span class='ocr_line' id='line_1_36' title="bbox 542 3123 2118 3191; baseline -0.001 -10"><span class='ocrx_word' id='word_1_229' title='bbox 542 3143 610 3181; x_wconf 88' lang='lat' dir='ltr'><strong><em>an</em></strong></span> <span class='ocrx_word' id='word_1_230' title='bbox 637 3128 852 3182; x_wconf 91' lang='lat' dir='ltr'><strong><em>unicum</em></strong></span> <span class='ocrx_word' id='word_1_231' title='bbox 870 3132 1132 3184; x_wconf 75' lang='lat' dir='ltr'><strong><em>duntaxat</em></strong></span> <span class='ocrx_word' id='word_1_232' title='bbox 1174 3133 1435 3182; x_wconf 89' lang='lat' dir='ltr'><strong><em>mundum</em></strong></span> <span class='ocrx_word' id='word_1_233' title='bbox 1481 3139 1699 3182; x_wconf 89' lang='lat' dir='ltr'><strong><em>creasse</em></strong></span> <span class='ocrx_word' id='word_1_234' title='bbox 1728 3123 1994 3191; x_wconf 86' lang='lat' dir='ltr'><strong><em>antehac,</em></strong></span> <span class='ocrx_word' id='word_1_235' title='bbox 2035 3125 2118 3181; x_wconf 88' lang='lat' dir='ltr'><strong><em>vel</em></strong></span> 
     </span>
    </p>
   </div>
   <div class='ocr_carea' id='block_1_37' title="bbox 541 3196 2190 3289">
    <p class='ocr_par' dir='ltr' id='par_1_37' title="bbox 541 3196 2190 3289">
     <span class='ocr_line' id='line_1_37' title="bbox 541 3196 2190 3289; baseline -0.001 -15"><span class='ocrx_word' id='word_1_236' title='bbox 541 3221 768 3289; x_wconf 89' lang='lat' dir='ltr'><strong><em>posthac</em></strong></span> <span class='ocrx_word' id='word_1_237' title='bbox 817 3230 1124 3276; x_wconf 86' lang='lat' dir='ltr'><strong><em>creaturum</em></strong></span> <span class='ocrx_word' id='word_1_238' title='bbox 1177 3233 1298 3275; x_wconf 89' lang='lat' dir='ltr'><strong><em>esse</em></strong></span> <span class='ocrx_word' id='word_1_239' title='bbox 1349 3218 1764 3273; x_wconf 84' lang='lat' dir='ltr'><strong><em>asseveraverit.</em></strong></span> <span class='ocrx_word' id='word_1_240' title='bbox 1823 3217 1952 3284; x_wconf 67' lang='lat' dir='ltr'><strong><em>Quae</em></strong></span> <span class='ocrx_word' id='word_1_241' title='bbox 2015 3196 2190 3272; x_wconf 77' lang='lat' dir='ltr'><strong><em>duoC</em></strong></span> 
     </span>
    </p>
   </div>
   <div class='ocr_carea' id='block_1_38' title="bbox 544 3309 2124 3382">
    <p class='ocr_par' dir='ltr' id='par_1_38' title="bbox 544 3309 2124 3382">
     <span class='ocr_line' id='line_1_38' title="bbox 544 3309 2124 3382; baseline -0.001 -16"><span class='ocrx_word' id='word_1_242' title='bbox 544 3313 834 3380; x_wconf 67' lang='lat' dir='ltr'><strong><em>quaerenda</em></strong></span> <span class='ocrx_word' id='word_1_243' title='bbox 886 3312 989 3368; x_wconf 90' lang='lat' dir='ltr'><strong><em>sibi</em></strong></span> <span class='ocrx_word' id='word_1_244' title='bbox 1032 3311 1284 3382; x_wconf 87' lang='lat' dir='ltr'><strong><em>proponit</em></strong></span> <span class='ocrx_word' id='word_1_245' title='bbox 1333 3309 1594 3381; x_wconf 82' lang='lat' dir='ltr'><strong><em>Origenes</em></strong></span> <span class='ocrx_word' id='word_1_246' title='bbox 1646 3311 1700 3364; x_wconf 91' lang='lat' dir='ltr'><strong><em>in</em></strong></span> <span class='ocrx_word' id='word_1_247' title='bbox 1746 3311 1906 3366; x_wconf 86' lang='lat' dir='ltr'><strong><em>tertio</em></strong></span> <span class='ocrx_word' id='word_1_248' title='bbox 1947 3312 2124 3378; x_wconf 83' lang='lat' dir='ltr'><strong><em>capite</em></strong></span> 
     </span>
    </p>
   </div>
   <div class='ocr_carea' id='block_1_39' title="bbox 544 3399 2122 3473">
    <p class='ocr_par' dir='ltr' id='par_1_39' title="bbox 544 3399 2122 3473">
     <span class='ocr_line' id='line_1_39' title="bbox 544 3399 2122 3473; baseline -0.001 -16"><span class='ocrx_word' id='word_1_249' title='bbox 544 3403 667 3459; x_wconf 88' lang='lat' dir='ltr'><strong><em>libri</em></strong></span> <span class='ocrx_word' id='word_1_250' title='bbox 718 3419 756 3458; x_wconf 90' lang='lat' dir='ltr'><strong><em>tt</em></strong></span> <span class='ocrx_word' id='word_1_251' title='bbox 803 3404 943 3472; x_wconf 80' lang='grc' dir='ltr'><strong><em>Περὶ</em></strong></span> <span class='ocrx_word' id='word_1_252' title='bbox 979 3402 1199 3472; x_wconf 67' lang='grc' dir='ltr'><strong><em>ἀρχῷν,</em></strong></span> <span class='ocrx_word' id='word_1_253' title='bbox 1241 3401 1778 3473; x_wconf 87' lang='lat' dir='ltr'><strong><em>quod_inscribitur,</em></strong></span> <span class='ocrx_word' id='word_1_254' title='bbox 1847 3399 1925 3455; x_wconf 89' lang='lat' dir='ltr'><strong><em>De</em></strong></span> <span class='ocrx_word' id='word_1_255' title='bbox 1973 3402 2122 3456; x_wconf 86' lang='lat' dir='ltr'><strong><em>initio</em></strong></span> 
     </span>
    </p>
   </div>
   <div class='ocr_carea' id='block_1_40' title="bbox 545 3496 1161 3563">
    <p class='ocr_par' dir='ltr' id='par_1_40' title="bbox 545 3496 1161 3563">
     <span class='ocr_line' id='line_1_40' title="bbox 545 3496 1161 3563; baseline 0 -15"><span class='ocrx_word' id='word_1_256' title='bbox 545 3496 729 3548; x_wconf 86' lang='lat' dir='ltr'><strong><em>mundi</em></strong></span> <span class='ocrx_word' id='word_1_257' title='bbox 750 3507 796 3547; x_wconf 90' lang='lat' dir='ltr'><strong><em>et</em></strong></span> <span class='ocrx_word' id='word_1_258' title='bbox 827 3496 1001 3549; x_wconf 87' lang='lat' dir='ltr'><strong><em>causis</em></strong></span> <span class='ocrx_word' id='word_1_259' title='bbox 1028 3497 1161 3563; x_wconf 88' lang='lat' dir='ltr'><strong><em>ejus.</em></strong></span> 
     </span>
    </p>
   </div>
   <div class='ocr_carea' id='block_1_41' title="bbox 617 3582 2123 3655">
    <p class='ocr_par' dir='ltr' id='par_1_41' title="bbox 617 3582 2123 3655">
     <span class='ocr_line' id='line_1_41' title="bbox 617 3582 2123 3655; baseline -0.003 -15"><span class='ocrx_word' id='word_1_260' title='bbox 617 3584 681 3640; x_wconf 95' lang='lat' dir='ltr'><strong><em>ll.</em></strong></span> <span class='ocrx_word' id='word_1_261' title='bbox 713 3585 952 3639; x_wconf 91' lang='lat' dir='ltr'><strong><em>Primum</em></strong></span> <span class='ocrx_word' id='word_1_262' title='bbox 1011 3585 1155 3655; x_wconf 90' lang='lat' dir='ltr'><strong><em>quod</em></strong></span> <span class='ocrx_word' id='word_1_263' title='bbox 1208 3585 1435 3651; x_wconf 87' lang='lat' dir='ltr'><strong><em>attinet,</em></strong></span> <span class='ocrx_word' id='word_1_264' title='bbox 1476 3597 1635 3638; x_wconf 90' lang='lat' dir='ltr'><strong><em>nemo</em></strong></span> <span class='ocrx_word' id='word_1_265' title='bbox 1687 3598 1796 3636; x_wconf 91' lang='lat' dir='ltr'><strong><em>non</em></strong></span> <span class='ocrx_word' id='word_1_266' title='bbox 1857 3582 2001 3636; x_wconf 83' lang='lat' dir='ltr'><strong><em>videt</em></strong></span> <span class='ocrx_word' id='word_1_267' title='bbox 2057 3598 2123 3636; x_wconf 79' lang='lat' dir='ltr'><strong><em>cx</em></strong></span> 
     </span>
    </p>
   </div>
   <div class='ocr_carea' id='block_1_42' title="bbox 547 3675 2125 3747">
    <p class='ocr_par' dir='ltr' id='par_1_42' title="bbox 547 3675 2125 3747">
     <span class='ocr_line' id='line_1_42' title="bbox 547 3675 2125 3747; baseline -0.004 -14"><span class='ocrx_word' id='word_1_268' title='bbox 547 3678 890 3733; x_wconf 87' lang='lat' dir='ltr'><strong><em>antecedenti</em></strong></span> <span class='ocrx_word' id='word_1_269' title='bbox 922 3677 1090 3747; x_wconf 87' lang='lat' dir='ltr'><strong><em>ipsius</em></strong></span> <span class='ocrx_word' id='word_1_270' title='bbox 1121 3677 1369 3747; x_wconf 76' lang='lat' dir='ltr'><strong><em>doctrina</em></strong></span> <span class='ocrx_word' id='word_1_271' title='bbox 1403 3683 1587 3746; x_wconf 89' lang='lat' dir='ltr'><strong><em>aptum</em></strong></span> <span class='ocrx_word' id='word_1_272' title='bbox 1631 3675 1684 3730; x_wconf 89' lang='lat' dir='ltr'><strong><em>id</em></strong></span> <span class='ocrx_word' id='word_1_273' title='bbox 1728 3690 1870 3740; x_wconf 76' lang='lat' dir='ltr'><strong><em>esse,</em></strong></span> <span class='ocrx_word' id='word_1_274' title='bbox 1906 3688 2125 3729; x_wconf 74' lang='lat' dir='ltr'><strong><em>natura-</em></strong></span> 
     </span>
    </p>
   </div>
   <div class='ocr_carea' id='block_1_43' title="bbox 547 3766 2121 3840">
    <p class='ocr_par' dir='ltr' id='par_1_43' title="bbox 547 3766 2121 3840">
     <span class='ocr_line' id='line_1_43' title="bbox 547 3766 2121 3840; baseline -0.004 -14"><span class='ocrx_word' id='word_1_275' title='bbox 547 3787 666 3826; x_wconf 90' lang='lat' dir='ltr'><strong><em>rum</em></strong></span> <span class='ocrx_word' id='word_1_276' title='bbox 695 3771 908 3826; x_wconf 89' lang='lat' dir='ltr'><strong><em>illarum</em></strong></span> <span class='ocrx_word' id='word_1_277' title='bbox 947 3770 1120 3840; x_wconf 83' lang='lat' dir='ltr'><strong><em>gratia</em></strong></span> <span class='ocrx_word' id='word_1_278' title='bbox 1147 3809 1163 3835; x_wconf 94' lang='lat'><strong><em>,</em></strong></span> <span class='ocrx_word' id='word_1_279' title='bbox 1195 3785 1316 3839; x_wconf 78' lang='lat' dir='ltr'><strong><em>qua:</em></strong></span> <span class='ocrx_word' id='word_1_280' title='bbox 1349 3779 1476 3824; x_wconf 85' lang='lat' dir='ltr'><strong><em>sunt</em></strong></span> <span class='ocrx_word' id='word_1_281' title='bbox 1527 3766 1753 3821; x_wconf 87' lang='lat' dir='ltr'><strong><em>rationis</em></strong></span> <span class='ocrx_word' id='word_1_282' title='bbox 1809 3768 2121 3837; x_wconf 72' lang='lat' dir='ltr'><strong><em>participes,</em></strong></span> 
     </span>
    </p>
   </div>
   <div class='ocr_carea' id='block_1_44' title="bbox 547 3860 2124 3932">
    <p class='ocr_par' dir='ltr' id='par_1_44' title="bbox 547 3860 2124 3932">
     <span class='ocr_line' id='line_1_44' title="bbox 547 3860 2124 3932; baseline -0.003 -16"><span class='ocrx_word' id='word_1_283' title='bbox 547 3863 805 3917; x_wconf 90' lang='lat' dir='ltr'><strong><em>mundum</em></strong></span> <span class='ocrx_word' id='word_1_284' title='bbox 839 3878 868 3915; x_wconf 90' lang='lat' dir='ltr'><strong><em>a</em></strong></span> <span class='ocrx_word' id='word_1_285' title='bbox 903 3863 1013 3916; x_wconf 85' lang='lat' dir='ltr'><strong><em>Deo</em></strong></span> <span class='ocrx_word' id='word_1_286' title='bbox 1043 3865 1207 3918; x_wconf 83' lang='lat' dir='ltr'><strong><em>fuisse</em></strong></span> <span class='ocrx_word' id='word_1_287' title='bbox 1245 3872 1614 3932; x_wconf 86' lang='lat' dir='ltr'><strong><em>procreatum.</em></strong></span> <span class='ocrx_word' id='word_1_288' title='bbox 1659 3860 1792 3915; x_wconf 88' lang='lat' dir='ltr'><strong><em>Cum</em></strong></span> <span class='ocrx_word' id='word_1_289' title='bbox 1824 3861 1970 3914; x_wconf 90' lang='lat' dir='ltr'><strong><em>enim</em></strong></span> <span class='ocrx_word' id='word_1_290' title='bbox 2006 3860 2124 3913; x_wconf 87' lang='lat' dir='ltr'><strong><em>ani-</em></strong></span> 
     </span>
    </p>
   </div>
   <div class='ocr_carea' id='block_1_45' title="bbox 547 3951 2126 4026">
    <p class='ocr_par' dir='ltr' id='par_1_45' title="bbox 547 3951 2126 4026">
     <span class='ocr_line' id='line_1_45' title="bbox 547 3951 2126 4026; baseline -0.001 -18"><span class='ocrx_word' id='word_1_291' title='bbox 547 3970 666 4010; x_wconf 88' lang='lat' dir='ltr'><strong><em>mas</em></strong></span> <span class='ocrx_word' id='word_1_292' title='bbox 704 3969 1030 4026; x_wconf 88' lang='lat' dir='ltr'><strong><em>quocunque</em></strong></span> <span class='ocrx_word' id='word_1_293' title='bbox 1071 3965 1215 4010; x_wconf 90' lang='lat' dir='ltr'><strong><em>statu</em></strong></span> <span class='ocrx_word' id='word_1_294' title='bbox 1262 3953 1536 4010; x_wconf 80' lang='lat' dir='ltr'><strong><em>collocata:</em></strong></span> <span class='ocrx_word' id='word_1_295' title='bbox 1599 3955 1727 4020; x_wconf 91' lang='lat' dir='ltr'><strong><em>sint,</em></strong></span> <span class='ocrx_word' id='word_1_296' title='bbox 1784 3953 1991 4007; x_wconf 85' lang='lat' dir='ltr'><strong><em>arbitrii</em></strong></span> <span class='ocrx_word' id='word_1_297' title='bbox 2045 3951 2126 4006; x_wconf 85' lang='lat' dir='ltr'><strong><em>sui</em></strong></span> 
     </span>
    </p>
   </div>
   <div class='ocr_carea' id='block_1_46' title="bbox 549 4043 2126 4118">
    <p class='ocr_par' dir='ltr' id='par_1_46' title="bbox 549 4043 2126 4118">
     <span class='ocr_line' id='line_1_46' title="bbox 549 4043 2126 4118; baseline -0.003 -17"><span class='ocrx_word' id='word_1_298' title='bbox 549 4047 801 4102; x_wconf 87' lang='lat' dir='ltr'><strong><em>libertate</em></strong></span> <span class='ocrx_word' id='word_1_299' title='bbox 851 4049 918 4102; x_wconf 90' lang='lat' dir='ltr'><strong><em>ad</em></strong></span> <span class='ocrx_word' id='word_1_300' title='bbox 975 4047 1311 4118; x_wconf 80' lang='lat' dir='ltr'><strong><em>peccandum</em></strong></span> <span class='ocrx_word' id='word_1_301' title='bbox 1369 4045 1476 4116; x_wconf 49' lang='lat' dir='ltr'><strong><em>vel},</em></strong></span> <span class='ocrx_word' id='word_1_302' title='bbox 1504 4055 1656 4102; x_wconf 89' lang='lat' dir='ltr'><strong><em>recte</em></strong></span> <span class='ocrx_word' id='word_1_303' title='bbox 1719 4045 1988 4116; x_wconf 84' lang='lat' dir='ltr'><strong><em>agendum</em></strong></span> <span class='ocrx_word' id='word_1_304' title='bbox 2049 4043 2126 4097; x_wconf 90' lang='lat' dir='ltr'><strong><em>uti</em></strong></span> 
     </span>
    </p>
   </div>
   <div class='ocr_carea' id='block_1_47' title="bbox 549 4136 2125 4209">
    <p class='ocr_par' dir='ltr' id='par_1_47' title="bbox 549 4136 2125 4209">
     <span class='ocr_line' id='line_1_47' title="bbox 549 4136 2125 4209; baseline -0.001 -17"><span class='ocrx_word' id='word_1_305' title='bbox 549 4141 800 4204; x_wconf 82' lang='lat' dir='ltr'><strong><em>voluerit,</em></strong></span> <span class='ocrx_word' id='word_1_306' title='bbox 858 4149 914 4195; x_wconf 91' lang='lat' dir='ltr'><strong><em>et</em></strong></span> <span class='ocrx_word' id='word_1_307' title='bbox 969 4153 1066 4209; x_wconf 87' lang='lat' dir='ltr'><strong><em>pro</em></strong></span> <span class='ocrx_word' id='word_1_308' title='bbox 1112 4139 1354 4206; x_wconf 83' lang='lat' dir='ltr'><strong><em>peccatis</em></strong></span> <span class='ocrx_word' id='word_1_309' title='bbox 1404 4139 1546 4194; x_wconf 82' lang='lat' dir='ltr'><strong><em>lianc</em></strong></span> <span class='ocrx_word' id='word_1_310' title='bbox 1602 4140 1668 4194; x_wconf 91' lang='lat' dir='ltr'><strong><em>iis</em></strong></span> <span class='ocrx_word' id='word_1_311' title='bbox 1717 4139 2016 4207; x_wconf 84' lang='lat' dir='ltr'><strong><em>irrogatum</em></strong></span> <span class='ocrx_word' id='word_1_312' title='bbox 2057 4136 2125 4190; x_wconf 91' lang='lat' dir='ltr'><strong><em>iri</em></strong></span> 
     </span>
    </p>
   </div>
   <div class='ocr_carea' id='block_1_48' title="bbox 550 4229 2127 4300">
    <p class='ocr_par' dir='ltr' id='par_1_48' title="bbox 550 4229 2127 4300">
     <span class='ocr_line' id='line_1_48' title="bbox 550 4229 2127 4300; baseline -0.002 -15"><span class='ocrx_word' id='word_1_313' title='bbox 550 4245 791 4300; x_wconf 76' lang='lat' dir='ltr'><strong><em>ptenam,</em></strong></span> <span class='ocrx_word' id='word_1_314' title='bbox 829 4239 891 4283; x_wconf 91' lang='lat' dir='ltr'><strong><em>ut</em></strong></span> <span class='ocrx_word' id='word_1_315' title='bbox 920 4231 974 4284; x_wconf 91' lang='lat' dir='ltr'><strong><em>in</em></strong></span> <span class='ocrx_word' id='word_1_316' title='bbox 1001 4232 1249 4300; x_wconf 78' lang='lat' dir='ltr'><strong><em>graviora</em></strong></span> <span class='ocrx_word' id='word_1_317' title='bbox 1283 4243 1346 4284; x_wconf 91' lang='lat' dir='ltr'><strong><em>ac</em></strong></span> <span class='ocrx_word' id='word_1_318' title='bbox 1376 4229 1644 4284; x_wconf 84' lang='lat' dir='ltr'><strong><em>crassiora</em></strong></span> <span class='ocrx_word' id='word_1_319' title='bbox 1671 4243 1897 4298; x_wconf 88' lang='lat' dir='ltr'><strong><em>corpora</em></strong></span> <span class='ocrx_word' id='word_1_320' title='bbox 1934 4244 2127 4283; x_wconf 85' lang='lat' dir='ltr'><strong><em>antan-</em></strong></span> 
     </span>
    </p>
   </div>
   <div class='ocr_carea' id='block_1_49' title="bbox 551 4320 2130 4392">
    <p class='ocr_par' dir='ltr' id='par_1_49' title="bbox 551 4320 2130 4392">
     <span class='ocr_line' id='line_1_49' title="bbox 551 4320 2130 4392; baseline 0 -18"><span class='ocrx_word' id='word_1_321' title='bbox 551 4323 767 4390; x_wconf 86' lang='lat' dir='ltr'><strong><em>dentur,</em></strong></span> <span class='ocrx_word' id='word_1_322' title='bbox 803 4337 920 4376; x_wconf 91' lang='lat' dir='ltr'><strong><em>eam</em></strong></span> <span class='ocrx_word' id='word_1_323' title='bbox 957 4323 1027 4378; x_wconf 90' lang='lat' dir='ltr'><strong><em>ob</em></strong></span> <span class='ocrx_word' id='word_1_324' title='bbox 1066 4338 1177 4376; x_wconf 90' lang='lat' dir='ltr'><strong><em>rem</em></strong></span> <span class='ocrx_word' id='word_1_325' title='bbox 1212 4322 1392 4377; x_wconf 88' lang='lat' dir='ltr'><strong><em>dicere</em></strong></span> <span class='ocrx_word' id='word_1_326' title='bbox 1418 4321 1604 4376; x_wconf 87' lang='lat' dir='ltr'><strong><em>debttit</em></strong></span> <span class='ocrx_word' id='word_1_327' title='bbox 1649 4321 1837 4392; x_wconf 88' lang='lat' dir='ltr'><strong><em>gravia</em></strong></span> <span class='ocrx_word' id='word_1_328' title='bbox 1875 4320 1961 4375; x_wconf 94' lang='lat' dir='ltr'><strong><em>illa</em></strong></span> <span class='ocrx_word' id='word_1_329' title='bbox 2009 4335 2130 4375; x_wconf 90' lang='lat' dir='ltr'><strong><em>cor-</em></strong></span> 
     </span>
    </p>
   </div>
   <div class='ocr_carea' id='block_1_50' title="bbox 552 4412 2131 4484">
    <p class='ocr_par' dir='ltr' id='par_1_50' title="bbox 552 4412 2131 4484">
     <span class='ocr_line' id='line_1_50' title="bbox 552 4412 2131 4484; baseline 0 -15"><span class='ocrx_word' id='word_1_330' title='bbox 552 4429 681 4482; x_wconf 88' lang='lat' dir='ltr'><strong><em>pora</em></strong></span> <span class='ocrx_word' id='word_1_331' title='bbox 734 4413 956 4469; x_wconf 81' lang='lat' dir='ltr'><strong><em>formari</em></strong></span> <span class='ocrx_word' id='word_1_332' title='bbox 1002 4430 1032 4468; x_wconf 92' lang='lat' dir='ltr'><strong><em>a</em></strong></span> <span class='ocrx_word' id='word_1_333' title='bbox 1078 4412 1209 4479; x_wconf 89' lang='lat' dir='ltr'><strong><em>Deo,</em></strong></span> <span class='ocrx_word' id='word_1_334' title='bbox 1256 4413 1714 4484; x_wconf 87' lang='lat' dir='ltr'><strong><em>quemadmodum</em></strong></span> <span class='ocrx_word' id='word_1_335' title='bbox 1743 4413 2020 4484; x_wconf 85' lang='lat' dir='ltr'><strong><em>ergastula</em></strong></span> <span class='ocrx_word' id='word_1_336' title='bbox 2061 4413 2131 4469; x_wconf 88' lang='lat' dir='ltr'><strong><em>ad</em></strong></span> 
     </span>
    </p>
   </div>
   <div class='ocr_carea' id='block_1_51' title="bbox 552 4505 2130 4577">
    <p class='ocr_par' dir='ltr' id='par_1_51' title="bbox 552 4505 2130 4577">
     <span class='ocr_line' id='line_1_51' title="bbox 552 4505 2130 4577; baseline 0 -17"><span class='ocrx_word' id='word_1_337' title='bbox 552 4507 863 4563; x_wconf 85' lang='lat' dir='ltr'><strong><em>retinendos</em></strong></span> <span class='ocrx_word' id='word_1_338' title='bbox 910 4523 1031 4562; x_wconf 90' lang='lat' dir='ltr'><strong><em>reos</em></strong></span> <span class='ocrx_word' id='word_1_339' title='bbox 1070 4519 1482 4563; x_wconf 90' lang='lat' dir='ltr'><strong><em>construuntur.</em></strong></span> <span class='ocrx_word' id='word_1_340' title='bbox 1526 4507 1758 4577; x_wconf 89' lang='lat' dir='ltr'><strong><em>Copiosa</em></strong></span> <span class='ocrx_word' id='word_1_341' title='bbox 1793 4507 1862 4562; x_wconf 88' lang='lat' dir='ltr'><strong><em>ad</em></strong></span> <span class='ocrx_word' id='word_1_342' title='bbox 1905 4505 1962 4562; x_wconf 89' lang='lat' dir='ltr'><strong><em>id</em></strong></span> <span class='ocrx_word' id='word_1_343' title='bbox 2005 4521 2130 4575; x_wconf 85' lang='lat' dir='ltr'><strong><em>pro-</em></strong></span> 
     </span>
    </p>
   </div>
   <div class='ocr_carea' id='block_1_52' title="bbox 549 4596 2131 4667">
    <p class='ocr_par' dir='ltr' id='par_1_52' title="bbox 549 4596 2131 4667">
     <span class='ocr_line' id='line_1_52' title="bbox 549 4596 2131 4667; baseline 0.001 -17"><span class='ocrx_word' id='word_1_344' title='bbox 549 4596 788 4651; x_wconf 87' lang='lat' dir='ltr'><strong><em>bandum</em></strong></span> <span class='ocrx_word' id='word_1_345' title='bbox 821 4596 1071 4667; x_wconf 88' lang='lat' dir='ltr'><strong><em>Origenis</em></strong></span> <span class='ocrx_word' id='word_1_346' title='bbox 1123 4597 1357 4654; x_wconf 79' lang='lat' dir='ltr'><strong><em>habetur</em></strong></span> <span class='ocrx_word' id='word_1_347' title='bbox 1400 4598 1713 4654; x_wconf 89' lang='lat' dir='ltr'><strong><em>dissertatio</em></strong></span> <span class='ocrx_word' id='word_1_348' title='bbox 1748 4598 1842 4653; x_wconf 90' lang='lat' dir='ltr'><strong><em>lib.</em></strong></span> <span class='ocrx_word' id='word_1_349' title='bbox 1901 4614 1940 4652; x_wconf 92' lang='grc' dir='ltr'><strong><em>ιι</em></strong></span> <span class='ocrx_word' id='word_1_350' title='bbox 1987 4597 2131 4666; x_wconf 82' lang='grc' dir='ltr'><strong><em>Περὶ</em></strong></span> 
     </span>
    </p>
   </div>
   <div class='ocr_carea' id='block_1_53' title="bbox 551 4688 2131 4761">
    <p class='ocr_par' dir='ltr' id='par_1_53' title="bbox 551 4688 2131 4761">
     <span class='ocr_line' id='line_1_53' title="bbox 551 4688 2131 4761; baseline 0.003 -19"><span class='ocrx_word' id='word_1_351' title='bbox 551 4688 772 4760; x_wconf 78' lang='grc' dir='ltr'><strong><em>ἀρχῶν,</em></strong></span> <span class='ocrx_word' id='word_1_352' title='bbox 815 4706 935 4760; x_wconf 88' lang='lat' dir='ltr'><strong><em>cap.</em></strong></span> <span class='ocrx_word' id='word_1_353' title='bbox 980 4692 1004 4745; x_wconf 82' lang='grc'><strong>1</strong></span> <span class='ocrx_word' id='word_1_354' title='bbox 1039 4710 1052 4746; x_wconf 94' lang='lat'><strong>:</strong></span> <span class='ocrx_word' id='word_1_355' title='bbox 1089 4711 1107 4743; x_wconf 82' lang='grc' dir='ltr'><strong><em>ι</em></strong></span> <span class='ocrx_word' id='word_1_356' title='bbox 1130 4691 1263 4747; x_wconf 82' lang='lat' dir='ltr'><strong><em>Cum</em></strong></span> <span class='ocrx_word' id='word_1_357' title='bbox 1299 4707 1452 4761; x_wconf 88' lang='lat' dir='ltr'><strong><em>ergo,</em></strong></span> <span class='ocrx_word' id='word_1_358' title='bbox 1495 4691 1676 4760; x_wconf 87' lang='lat' dir='ltr'><strong><em>inquit</em></strong></span> <span class='ocrx_word' id='word_1_359' title='bbox 1704 4707 1854 4746; x_wconf 89' lang='lat' dir='ltr'><strong><em>num.</em></strong></span> <span class='ocrx_word' id='word_1_360' title='bbox 1884 4691 1942 4757; x_wconf 79' lang='grc'><strong><em>1,</em></strong></span> <span class='ocrx_word' id='word_1_361' title='bbox 1980 4699 2131 4746; x_wconf 85' lang='lat' dir='ltr'><strong><em>tanta</em></strong></span> 
     </span>
    </p>
   </div>
   <div class='ocr_carea' id='block_1_54' title="bbox 551 4784 2134 4856">
    <p class='ocr_par' dir='ltr' id='par_1_54' title="bbox 551 4784 2134 4856">
     <span class='ocr_line' id='line_1_54' title="bbox 551 4784 2134 4856; baseline 0 -16"><span class='ocrx_word' id='word_1_362' title='bbox 551 4789 623 4840; x_wconf 84' lang='lat' dir='ltr'><strong><em>sit</em></strong></span> <span class='ocrx_word' id='word_1_363' title='bbox 665 4787 850 4840; x_wconf 90' lang='lat' dir='ltr'><strong><em>mundi</em></strong></span> <span class='ocrx_word' id='word_1_364' title='bbox 883 4787 1158 4851; x_wconf 79' lang='lat' dir='ltr'><strong><em>varietas,</em></strong></span> <span class='ocrx_word' id='word_1_365' title='bbox 1208 4797 1371 4856; x_wconf 89' lang='lat' dir='ltr'><strong><em>atque</em></strong></span> <span class='ocrx_word' id='word_1_366' title='bbox 1413 4787 1468 4842; x_wconf 90' lang='lat' dir='ltr'><strong><em>in</em></strong></span> <span class='ocrx_word' id='word_1_367' title='bbox 1531 4786 1664 4856; x_wconf 87' lang='lat' dir='ltr'><strong><em>ipsis</em></strong></span> <span class='ocrx_word' id='word_1_368' title='bbox 1717 4784 2134 4840; x_wconf 88' lang='lat' dir='ltr'><strong><em>rationabilibus</em></strong></span> 
     </span>
    </p>
   </div>
   <div class='ocr_carea' id='block_1_55' title="bbox 551 4875 2131 4942">
    <p class='ocr_par' dir='ltr' id='par_1_55' title="bbox 551 4875 2131 4942">
     <span class='ocr_line' id='line_1_55' title="bbox 551 4875 2131 4942; baseline -0.003 -12"><span class='ocrx_word' id='word_1_369' title='bbox 551 4877 922 4932; x_wconf 88' lang='lat' dir='ltr'><strong><em>animantibus</em></strong></span> <span class='ocrx_word' id='word_1_370' title='bbox 982 4876 1053 4930; x_wconf 87' lang='lat' dir='ltr'><strong><em>sit</em></strong></span> <span class='ocrx_word' id='word_1_371' title='bbox 1106 4884 1254 4930; x_wconf 87' lang='lat' dir='ltr'><strong><em>tanta</em></strong></span> <span class='ocrx_word' id='word_1_372' title='bbox 1311 4875 1623 4938; x_wconf 86' lang='lat' dir='ltr'><strong><em>diversitas,</em></strong></span> <span class='ocrx_word' id='word_1_373' title='bbox 1695 4883 1919 4942; x_wconf 87' lang='lat' dir='ltr'><strong><em>propter</em></strong></span> <span class='ocrx_word' id='word_1_374' title='bbox 1966 4886 2131 4942; x_wconf 90' lang='lat' dir='ltr'><strong><em>quam</em></strong></span> 
     </span>
    </p>
   </div>
   <div class='ocr_carea' id='block_1_56' title="bbox 551 4964 2134 5039">
    <p class='ocr_par' dir='ltr' id='par_1_56' title="bbox 551 4964 2134 5039">
     <span class='ocr_line' id='line_1_56' title="bbox 551 4964 2134 5039; baseline -0.005 -13"><span class='ocrx_word' id='word_1_375' title='bbox 551 4971 718 5026; x_wconf 88' lang='lat' dir='ltr'><strong><em>etiam</em></strong></span> <span class='ocrx_word' id='word_1_376' title='bbox 750 4971 927 5026; x_wconf 89' lang='lat' dir='ltr'><strong><em>omnis</em></strong></span> <span class='ocrx_word' id='word_1_377' title='bbox 950 4970 1152 5039; x_wconf 90' lang='lat' dir='ltr'><strong><em>reliqua</em></strong></span> <span class='ocrx_word' id='word_1_378' title='bbox 1191 4969 1428 5024; x_wconf 86' lang='lat' dir='ltr'><strong><em>varietas</em></strong></span> <span class='ocrx_word' id='word_1_379' title='bbox 1465 4983 1529 5022; x_wconf 89' lang='lat' dir='ltr'><strong><em>ac</em></strong></span> <span class='ocrx_word' id='word_1_380' title='bbox 1565 4965 1858 5022; x_wconf 88' lang='lat' dir='ltr'><strong><em>diversitas</em></strong></span> <span class='ocrx_word' id='word_1_381' title='bbox 1899 4964 2134 5036; x_wconf 84' lang='lat' dir='ltr'><strong><em>putanda</em></strong></span> 
     </span>
    </p>
   </div>
   <div class='ocr_carea' id='block_1_57' title="bbox 551 5055 2134 5130">
    <p class='ocr_par' dir='ltr' id='par_1_57' title="bbox 551 5055 2134 5130">
     <span class='ocr_line' id='line_1_57' title="bbox 551 5055 2134 5130; baseline -0.003 -16"><span class='ocrx_word' id='word_1_382' title='bbox 551 5069 636 5116; x_wconf 89' lang='lat' dir='ltr'><strong><em>est</em></strong></span> <span class='ocrx_word' id='word_1_383' title='bbox 656 5061 967 5126; x_wconf 82' lang='lat' dir='ltr'><strong><em>exstitisse;</em></strong></span> <span class='ocrx_word' id='word_1_384' title='bbox 1008 5075 1168 5130; x_wconf 87' lang='lat' dir='ltr'><strong><em>quam</em></strong></span> <span class='ocrx_word' id='word_1_385' title='bbox 1203 5074 1428 5115; x_wconf 88' lang='lat' dir='ltr'><strong><em>causam</em></strong></span> <span class='ocrx_word' id='word_1_386' title='bbox 1473 5058 1636 5112; x_wconf 87' lang='lat' dir='ltr'><strong><em>aliam</em></strong></span> <span class='ocrx_word' id='word_1_387' title='bbox 1685 5057 1792 5112; x_wconf 93' lang='lat' dir='ltr'><strong><em>dici</em></strong></span> <span class='ocrx_word' id='word_1_388' title='bbox 1840 5055 2134 5127; x_wconf 85' lang='lat' dir='ltr'><strong><em>oportebit.</em></strong></span> 
     </span>
    </p>
   </div>
   <div class='ocr_carea' id='block_1_58' title="bbox 553 5152 2136 5224">
    <p class='ocr_par' dir='ltr' id='par_1_58' title="bbox 553 5152 2136 5224">
     <span class='ocr_line' id='line_1_58' title="bbox 553 5152 2136 5224; baseline -0.002 -17"><span class='ocrx_word' id='word_1_389' title='bbox 553 5168 660 5223; x_wconf 90' lang='lat' dir='ltr'><strong><em>qua</em></strong></span> <span class='ocrx_word' id='word_1_390' title='bbox 714 5155 948 5210; x_wconf 86' lang='lat' dir='ltr'><strong><em>mundus</em></strong></span> <span class='ocrx_word' id='word_1_391' title='bbox 1013 5157 1340 5220; x_wconf 81' lang='lat' dir='ltr'><strong><em>exstiterit,</em></strong></span> <span class='ocrx_word' id='word_1_392' title='bbox 1392 5156 1659 5224; x_wconf 69' lang='lat' dir='ltr'><strong><em>prmcipue</em></strong></span> <span class='ocrx_word' id='word_1_393' title='bbox 1717 5152 1763 5207; x_wconf 88' lang='lat' dir='ltr'><strong><em>si</em></strong></span> <span class='ocrx_word' id='word_1_394' title='bbox 1825 5152 2136 5206; x_wconf 86' lang='lat' dir='ltr'><strong><em>intueamur</em></strong></span> 
     </span>
    </p>
   </div>
   <div class='ocr_carea' id='block_1_59' title="bbox 554 5243 2131 5316">
    <p class='ocr_par' dir='ltr' id='par_1_59' title="bbox 554 5243 2131 5316">
     <span class='ocr_line' id='line_1_59' title="bbox 554 5243 2131 5316; baseline -0.002 -17"><span class='ocrx_word' id='word_1_395' title='bbox 554 5244 707 5299; x_wconf 88' lang='lat' dir='ltr'><strong><em>illum</em></strong></span> <span class='ocrx_word' id='word_1_396' title='bbox 750 5247 913 5300; x_wconf 84' lang='lat' dir='ltr'><strong><em>linem</em></strong></span> <span class='ocrx_word' id='word_1_397' title='bbox 945 5260 1040 5316; x_wconf 91' lang='lat' dir='ltr'><strong><em>per</em></strong></span> <span class='ocrx_word' id='word_1_398' title='bbox 1072 5262 1233 5316; x_wconf 83' lang='lat' dir='ltr'><strong><em>quem</em></strong></span> <span class='ocrx_word' id='word_1_399' title='bbox 1262 5244 1446 5301; x_wconf 88' lang='lat' dir='ltr'><strong><em>omnia</em></strong></span> <span class='ocrx_word' id='word_1_400' title='bbox 1477 5243 1813 5300; x_wconf 88' lang='lat' dir='ltr'><strong><em>restituenda</em></strong></span> <span class='ocrx_word' id='word_1_401' title='bbox 1842 5244 1896 5296; x_wconf 90' lang='lat' dir='ltr'><strong><em>in</em></strong></span> <span class='ocrx_word' id='word_1_402' title='bbox 1933 5250 2131 5298; x_wconf 88' lang='lat' dir='ltr'><strong><em>statum</em></strong></span> 
     </span>
    </p>
   </div>
   <div class='ocr_carea' id='block_1_60' title="bbox 556 5334 2134 5409">
    <p class='ocr_par' dir='ltr' id='par_1_60' title="bbox 556 5334 2134 5409">
     <span class='ocr_line' id='line_1_60' title="bbox 556 5334 2134 5409; baseline -0.003 -18"><span class='ocrx_word' id='word_1_403' title='bbox 556 5336 698 5392; x_wconf 86' lang='lat' dir='ltr'><strong><em>initii</em></strong></span> <span class='ocrx_word' id='word_1_404' title='bbox 727 5339 810 5394; x_wconf 90' lang='lat' dir='ltr'><strong><em>sui</em></strong></span> <span class='ocrx_word' id='word_1_405' title='bbox 837 5338 978 5394; x_wconf 89' lang='lat' dir='ltr'><strong><em>libro</em></strong></span> <span class='ocrx_word' id='word_1_406' title='bbox 1002 5338 1264 5409; x_wconf 90' lang='lat' dir='ltr'><strong><em>superiori</em></strong></span> <span class='ocrx_word' id='word_1_407' title='bbox 1295 5338 1587 5393; x_wconf 87' lang='lat' dir='ltr'><strong><em>dissertum</em></strong></span> <span class='ocrx_word' id='word_1_408' title='bbox 1615 5345 1699 5390; x_wconf 89' lang='lat' dir='ltr'><strong><em>est</em></strong></span> <span class='ocrx_word' id='word_1_409' title='bbox 1720 5334 1914 5402; x_wconf 84' lang='lat' dir='ltr'><strong><em>?Quod</em></strong></span> <span class='ocrx_word' id='word_1_410' title='bbox 1946 5334 2134 5402; x_wconf 84' lang='lat' dir='ltr'><strong><em>utique</em></strong></span> 
     </span>
    </p>
   </div>
   <div class='ocr_carea' id='block_1_61' title="bbox 557 5425 2135 5502">
    <p class='ocr_par' dir='ltr' id='par_1_61' title="bbox 557 5425 2135 5502">
     <span class='ocr_line' id='line_1_61' title="bbox 557 5425 2135 5502; baseline -0.002 -19"><span class='ocrx_word' id='word_1_411' title='bbox 557 5429 606 5484; x_wconf 88' lang='lat' dir='ltr'><strong><em>si</em></strong></span> <span class='ocrx_word' id='word_1_412' title='bbox 645 5443 1051 5502; x_wconf 87' lang='lat' dir='ltr'><strong><em>consequenter</em></strong></span> <span class='ocrx_word' id='word_1_413' title='bbox 1091 5434 1295 5489; x_wconf 89' lang='lat' dir='ltr'><strong><em>dictum</em></strong></span> <span class='ocrx_word' id='word_1_414' title='bbox 1347 5431 1585 5493; x_wconf 87' lang='lat' dir='ltr'><strong><em>videtur,</em></strong></span> <span class='ocrx_word' id='word_1_415' title='bbox 1628 5442 1790 5497; x_wconf 90' lang='lat' dir='ltr'><strong><em>quam</em></strong></span> <span class='ocrx_word' id='word_1_416' title='bbox 1847 5425 2033 5492; x_wconf 88' lang='lat' dir='ltr'><strong><em>aliam,</em></strong></span> <span class='ocrx_word' id='word_1_417' title='bbox 2078 5434 2135 5480; x_wconf 91' lang='lat' dir='ltr'><strong><em>ut</em></strong></span> 
     </span>
    </p>
   </div>
   <div class='ocr_carea' id='block_1_62' title="bbox 558 5518 2133 5594">
    <p class='ocr_par' dir='ltr' id='par_1_62' title="bbox 558 5518 2133 5594">
     <span class='ocr_line' id='line_1_62' title="bbox 558 5518 2133 5594; baseline -0.001 -19"><span class='ocrx_word' id='word_1_418' title='bbox 558 5520 814 5590; x_wconf 85' lang='lat' dir='ltr'><strong><em>diximus,</em></strong></span> <span class='ocrx_word' id='word_1_419' title='bbox 871 5541 1094 5581; x_wconf 86' lang='lat' dir='ltr'><strong><em>causam</em></strong></span> <span class='ocrx_word' id='word_1_420' title='bbox 1153 5526 1460 5594; x_wconf 87' lang='lat' dir='ltr'><strong><em>putabimus</em></strong></span> <span class='ocrx_word' id='word_1_421' title='bbox 1512 5530 1677 5578; x_wconf 77' lang='lat' dir='ltr'><strong><em>tanta:</em></strong></span> <span class='ocrx_word' id='word_1_422' title='bbox 1733 5518 1896 5589; x_wconf 82' lang='lat' dir='ltr'><strong><em>hujus</em></strong></span> <span class='ocrx_word' id='word_1_423' title='bbox 1950 5518 2133 5573; x_wconf 88' lang='lat' dir='ltr'><strong><em>mundi</em></strong></span> 
     </span>
    </p>
   </div>
   <div class='ocr_carea' id='block_1_63' title="bbox 558 5611 2134 5682">
    <p class='ocr_par' dir='ltr' id='par_1_63' title="bbox 558 5611 2134 5682">
     <span class='ocr_line' id='line_1_63' title="bbox 558 5611 2134 5682; baseline -0.002 -16"><span class='ocrx_word' id='word_1_424' title='bbox 558 5611 918 5682; x_wconf 87' lang='lat' dir='ltr'><strong><em>diversitatis,</em></strong></span> <span class='ocrx_word' id='word_1_425' title='bbox 969 5618 1076 5672; x_wconf 90' lang='lat' dir='ltr'><strong><em>nisi</em></strong></span> <span class='ocrx_word' id='word_1_426' title='bbox 1123 5617 1497 5673; x_wconf 83' lang='lat' dir='ltr'><strong><em>diversitatem</em></strong></span> <span class='ocrx_word' id='word_1_427' title='bbox 1545 5629 1610 5668; x_wconf 92' lang='lat' dir='ltr'><strong><em>ac</em></strong></span> <span class='ocrx_word' id='word_1_428' title='bbox 1654 5612 1972 5668; x_wconf 87' lang='lat' dir='ltr'><strong><em>varietatem</em></strong></span> <span class='ocrx_word' id='word_1_429' title='bbox 2021 5626 2134 5664; x_wconf 85' lang='lat' dir='ltr'><strong><em>mo-</em></strong></span> 
     </span>
    </p>
   </div>
   <div class='ocr_carea' id='block_1_64' title="bbox 560 5702 2136 5779">
    <p class='ocr_par' dir='ltr' id='par_1_64' title="bbox 560 5702 2136 5779">
     <span class='ocr_line' id='line_1_64' title="bbox 560 5702 2136 5779; baseline -0.003 -17"><span class='ocrx_word' id='word_1_430' title='bbox 560 5712 730 5769; x_wconf 72' lang='lat' dir='ltr'><strong><em>tuum,</em></strong></span> <span class='ocrx_word' id='word_1_431' title='bbox 761 5723 824 5763; x_wconf 89' lang='lat' dir='ltr'><strong><em>ac</em></strong></span> <span class='ocrx_word' id='word_1_432' title='bbox 862 5711 1215 5779; x_wconf 87' lang='lat' dir='ltr'><strong><em>prolapsuum</em></strong></span> <span class='ocrx_word' id='word_1_433' title='bbox 1244 5724 1430 5767; x_wconf 86' lang='lat' dir='ltr'><strong><em>eorum</em></strong></span> <span class='ocrx_word' id='word_1_434' title='bbox 1461 5749 1480 5778; x_wconf 87' lang='lat'><strong><em>,</em></strong></span> <span class='ocrx_word' id='word_1_435' title='bbox 1505 5709 1598 5778; x_wconf 86' lang='lat' dir='ltr'><strong><em>qui</em></strong></span> <span class='ocrx_word' id='word_1_436' title='bbox 1627 5706 1694 5762; x_wconf 89' lang='lat' dir='ltr'><strong><em>ab</em></strong></span> <span class='ocrx_word' id='word_1_437' title='bbox 1716 5705 1805 5762; x_wconf 91' lang='lat' dir='ltr'><strong><em>illa</em></strong></span> <span class='ocrx_word' id='word_1_438' title='bbox 1848 5704 1986 5760; x_wconf 90' lang='lat' dir='ltr'><strong><em>initii</em></strong></span> <span class='ocrx_word' id='word_1_439' title='bbox 2017 5702 2136 5758; x_wconf 90' lang='lat' dir='ltr'><strong><em>uni-</em></strong></span> 
     </span>
    </p>
   </div>
   <div class='ocr_carea' id='block_1_65' title="bbox 632 5779 1873 5867">
    <p class='ocr_par' dir='ltr' id='par_1_65' title="bbox 632 5779 1873 5867">
     <span class='ocr_line' id='line_1_65' title="bbox 632 5779 1873 5867; baseline -0.002 -13"><span class='ocrx_word' id='word_1_440' title='bbox 632 5800 676 5832; x_wconf 77' lang='lat'>“</span> <span class='ocrx_word' id='word_1_441' title='bbox 709 5800 866 5854; x_wconf 68' lang='lat' dir='ltr'><strong><em>Rom.</em></strong></span> <span class='ocrx_word' id='word_1_442' title='bbox 900 5816 1019 5867; x_wconf 83' lang='lat' dir='ltr'><strong><em>vni,</em></strong></span> <span class='ocrx_word' id='word_1_443' title='bbox 1052 5802 1139 5854; x_wconf 71' lang='lat'><strong><em>9.0.</em></strong></span> <span class='ocrx_word' id='word_1_444' title='bbox 1785 5779 1873 5794; x_wconf 21' lang='grc' dir='ltr'><strong><em>’Ὗ</em></strong></span> 
     </span>
    </p>
   </div>
   <div class='ocr_carea' id='block_1_66' title="bbox 2205 570 3777 641">
    <p class='ocr_par' dir='ltr' id='par_1_66' title="bbox 2205 570 3777 641">
     <span class='ocr_line' id='line_1_66' title="bbox 2205 570 3777 641; baseline -0.004 -11"><span class='ocrx_word' id='word_1_445' title='bbox 2205 575 2373 630; x_wconf 88' lang='lat' dir='ltr'><strong><em>creati</em></strong></span> <span class='ocrx_word' id='word_1_446' title='bbox 2402 585 2550 638; x_wconf 93' lang='lat' dir='ltr'><strong><em>sunt,</em></strong></span> <span class='ocrx_word' id='word_1_447' title='bbox 2578 573 2941 628; x_wconf 87' lang='lat' dir='ltr'><strong><em>deciderunt?</em></strong></span> <span class='ocrx_word' id='word_1_448' title='bbox 2969 591 2988 623; x_wconf 73' lang='grc' dir='ltr'><strong><em>ι</em></strong></span> <span class='ocrx_word' id='word_1_449' title='bbox 3036 572 3234 626; x_wconf 84' lang='lat' dir='ltr'><strong><em>Eadem</em></strong></span> <span class='ocrx_word' id='word_1_450' title='bbox 3271 571 3406 626; x_wconf 90' lang='lat' dir='ltr'><strong><em>dicit</em></strong></span> <span class='ocrx_word' id='word_1_451' title='bbox 3437 586 3558 641; x_wconf 89' lang='lat' dir='ltr'><strong><em>cap.</em></strong></span> <span class='ocrx_word' id='word_1_452' title='bbox 3590 571 3624 625; x_wconf 89' lang='lat'><strong>9</strong></span> <span class='ocrx_word' id='word_1_453' title='bbox 3656 570 3777 624; x_wconf 91' lang='lat' dir='ltr'><strong><em>libri</em></strong></span> 
     </span>
    </p>
   </div>
   <div class='ocr_carea' id='block_1_67' title="bbox 2205 662 3780 736">
    <p class='ocr_par' dir='ltr' id='par_1_67' title="bbox 2205 662 3780 736">
     <span class='ocr_line' id='line_1_67' title="bbox 2205 662 3780 736; baseline -0.004 -15"><span class='ocrx_word' id='word_1_454' title='bbox 2205 683 2243 722; x_wconf 91' lang='grc' dir='ltr'><strong><em>ιι</em></strong></span> <span class='ocrx_word' id='word_1_455' title='bbox 2279 668 2352 720; x_wconf 91' lang='lat' dir='ltr'><strong><em>De</em></strong></span> <span class='ocrx_word' id='word_1_456' title='bbox 2384 667 2634 736; x_wconf 85' lang='lat' dir='ltr'><strong><em>princip.,</em></strong></span> <span class='ocrx_word' id='word_1_457' title='bbox 2675 679 2827 718; x_wconf 90' lang='lat' dir='ltr'><strong><em>num.</em></strong></span> <span class='ocrx_word' id='word_1_458' title='bbox 2872 663 2948 715; x_wconf 71' lang='lat'><strong><em>2:</em></strong></span> <span class='ocrx_word' id='word_1_459' title='bbox 2981 681 3000 714; x_wconf 82' lang='grc' dir='ltr'><strong><em>ι</em></strong></span> <span class='ocrx_word' id='word_1_460' title='bbox 3045 662 3153 718; x_wconf 89' lang='lat' dir='ltr'><strong><em>Pro</em></strong></span> <span class='ocrx_word' id='word_1_461' title='bbox 3202 664 3437 718; x_wconf 90' lang='lat' dir='ltr'><strong><em>m0tibus</em></strong></span> <span class='ocrx_word' id='word_1_462' title='bbox 3491 663 3604 717; x_wconf 85' lang='lat' dir='ltr'><strong><em>suis</em></strong></span> <span class='ocrx_word' id='word_1_463' title='bbox 3647 678 3780 715; x_wconf 88' lang='lat' dir='ltr'><strong><em>una-</em></strong></span> 
     </span>
    </p>
   </div>
   <div class='ocr_carea' id='block_1_68' title="bbox 2205 753 3784 829">
    <p class='ocr_par' dir='ltr' id='par_1_68' title="bbox 2205 753 3784 829">
     <span class='ocr_line' id='line_1_68' title="bbox 2205 753 3784 829; baseline -0.004 -17"><span class='ocrx_word' id='word_1_464' title='bbox 2205 773 2433 829; x_wconf 70' lang='lat' dir='ltr'><strong><em>quaaque</em></strong></span> <span class='ocrx_word' id='word_1_465' title='bbox 2467 774 2622 812; x_wconf 90' lang='lat' dir='ltr'><strong><em>mens</em></strong></span> <span class='ocrx_word' id='word_1_466' title='bbox 2645 757 2727 810; x_wconf 87' lang='lat' dir='ltr'><strong><em>vel</em></strong></span> <span class='ocrx_word' id='word_1_467' title='bbox 2761 754 2998 826; x_wconf 85' lang='lat' dir='ltr'><strong><em>amplius</em></strong></span> <span class='ocrx_word' id='word_1_468' title='bbox 3028 755 3112 811; x_wconf 89' lang='lat' dir='ltr'><strong><em>vel</em></strong></span> <span class='ocrx_word' id='word_1_469' title='bbox 3145 756 3361 826; x_wconf 86' lang='lat' dir='ltr'><strong><em>parcius</em></strong></span> <span class='ocrx_word' id='word_1_470' title='bbox 3387 756 3585 810; x_wconf 87' lang='lat' dir='ltr'><strong><em>bonum</em></strong></span> <span class='ocrx_word' id='word_1_471' title='bbox 3617 753 3784 826; x_wconf 71' lang='lat' dir='ltr'><strong><em>negli-</em></strong></span> 
     </span>
    </p>
   </div>
   <div class='ocr_carea' id='block_1_69' title="bbox 2203 845 3780 922">
    <p class='ocr_par' dir='ltr' id='par_1_69' title="bbox 2203 845 3780 922">
     <span class='ocr_line' id='line_1_69' title="bbox 2203 845 3780 922; baseline -0.006 -16"><span class='ocrx_word' id='word_1_472' title='bbox 2203 866 2356 922; x_wconf 82' lang='lat' dir='ltr'><strong><em>gens,</em></strong></span> <span class='ocrx_word' id='word_1_473' title='bbox 2391 851 2443 904; x_wconf 92' lang='lat' dir='ltr'><strong><em>in</em></strong></span> <span class='ocrx_word' id='word_1_474' title='bbox 2469 849 2800 905; x_wconf 83' lang='lat' dir='ltr'><strong><em>contrarium</em></strong></span> <span class='ocrx_word' id='word_1_475' title='bbox 2836 848 2961 902; x_wconf 87' lang='lat' dir='ltr'><strong><em>boui</em></strong></span> <span class='ocrx_word' id='word_1_476' title='bbox 2985 887 3001 912; x_wconf 93' lang='lat'><strong><em>,</em></strong></span> <span class='ocrx_word' id='word_1_477' title='bbox 3032 848 3175 916; x_wconf 87' lang='lat' dir='ltr'><strong><em>quod</em></strong></span> <span class='ocrx_word' id='word_1_478' title='bbox 3216 848 3336 903; x_wconf 89' lang='lat' dir='ltr'><strong><em>sine</em></strong></span> <span class='ocrx_word' id='word_1_479' title='bbox 3379 846 3542 901; x_wconf 89' lang='lat' dir='ltr'><strong><em>dubio</em></strong></span> <span class='ocrx_word' id='word_1_480' title='bbox 3581 845 3780 898; x_wconf 87' lang='lat' dir='ltr'><strong><em>malum</em></strong></span> 
     </span>
    </p>
   </div>
   <div class='ocr_carea' id='block_1_70' title="bbox 2206 939 3785 1012">
    <p class='ocr_par' dir='ltr' id='par_1_70' title="bbox 2206 939 3785 1012">
     <span class='ocr_line' id='line_1_70' title="bbox 2206 939 3785 1012; baseline -0.004 -13"><span class='ocrx_word' id='word_1_481' title='bbox 2206 954 2315 1007; x_wconf 87' lang='lat' dir='ltr'><strong><em>est,</em></strong></span> <span class='ocrx_word' id='word_1_482' title='bbox 2347 943 2682 997; x_wconf 85' lang='lat' dir='ltr'><strong><em>trahebatur.</em></strong></span> <span class='ocrx_word' id='word_1_483' title='bbox 2714 942 2792 996; x_wconf 81' lang='lat' dir='ltr'><strong><em>Ex</em></strong></span> <span class='ocrx_word' id='word_1_484' title='bbox 2825 956 2934 1012; x_wconf 91' lang='lat' dir='ltr'><strong><em>quo</em></strong></span> <span class='ocrx_word' id='word_1_485' title='bbox 2974 942 3192 996; x_wconf 87' lang='lat' dir='ltr'><strong><em>videtur</em></strong></span> <span class='ocrx_word' id='word_1_486' title='bbox 3225 941 3432 995; x_wconf 87' lang='lat' dir='ltr'><strong><em>semina</em></strong></span> <span class='ocrx_word' id='word_1_487' title='bbox 3458 939 3704 1008; x_wconf 82' lang='lat' dir='ltr'><strong><em>quaedam</em></strong></span> <span class='ocrx_word' id='word_1_488' title='bbox 3728 946 3785 992; x_wconf 78' lang='lat' dir='ltr'><strong><em>et</em></strong></span> 
     </span>
    </p>
   </div>
   <div class='ocr_carea' id='block_1_71' title="bbox 2210 1028 3785 1090">
    <p class='ocr_par' dir='ltr' id='par_1_71' title="bbox 2210 1028 3785 1090">
     <span class='ocr_line' id='line_1_71' title="bbox 2210 1028 3785 1090; baseline -0.004 -1"><span class='ocrx_word' id='word_1_489' title='bbox 2210 1050 2407 1090; x_wconf 89' lang='lat' dir='ltr'><strong><em>causas</em></strong></span> <span class='ocrx_word' id='word_1_490' title='bbox 2426 1034 2711 1088; x_wconf 87' lang='lat' dir='ltr'><strong><em>varietatis</em></strong></span> <span class='ocrx_word' id='word_1_491' title='bbox 2745 1048 2810 1088; x_wconf 88' lang='lat' dir='ltr'><strong><em>ac</em></strong></span> <span class='ocrx_word' id='word_1_492' title='bbox 2848 1033 3183 1087; x_wconf 87' lang='lat' dir='ltr'><strong><em>diversitatis</em></strong></span> <span class='ocrx_word' id='word_1_493' title='bbox 3211 1031 3298 1086; x_wconf 91' lang='lat' dir='ltr'><strong><em>ille</em></strong></span> <span class='ocrx_word' id='word_1_494' title='bbox 3327 1031 3567 1085; x_wconf 89' lang='lat' dir='ltr'><strong><em>omnium</em></strong></span> <span class='ocrx_word' id='word_1_495' title='bbox 3596 1028 3785 1084; x_wconf 87' lang='lat' dir='ltr'><strong><em>condi-</em></strong></span> 
     </span>
    </p>
   </div>
   <div class='ocr_carea' id='block_1_72' title="bbox 2209 1119 3782 1194">
    <p class='ocr_par' dir='ltr' id='par_1_72' title="bbox 2209 1119 3782 1194">
     <span class='ocr_line' id='line_1_72' title="bbox 2209 1119 3782 1194; baseline -0.005 -14"><span class='ocrx_word' id='word_1_496' title='bbox 2209 1133 2295 1180; x_wconf 90' lang='lat' dir='ltr'><strong><em>tor</em></strong></span> <span class='ocrx_word' id='word_1_497' title='bbox 2327 1125 2624 1194; x_wconf 90' lang='lat' dir='ltr'><strong><em>accepisse,</em></strong></span> <span class='ocrx_word' id='word_1_498' title='bbox 2661 1133 2720 1180; x_wconf 87' lang='lat' dir='ltr'><strong><em>ut</em></strong></span> <span class='ocrx_word' id='word_1_499' title='bbox 2756 1139 2855 1194; x_wconf 91' lang='lat' dir='ltr'><strong><em>pro</em></strong></span> <span class='ocrx_word' id='word_1_500' title='bbox 2890 1123 3208 1179; x_wconf 85' lang='lat' dir='ltr'><strong><em>diversitate</em></strong></span> <span class='ocrx_word' id='word_1_501' title='bbox 3259 1121 3544 1185; x_wconf 88' lang='lat' dir='ltr'><strong><em>mentium,</em></strong></span> <span class='ocrx_word' id='word_1_502' title='bbox 3601 1119 3654 1173; x_wconf 90' lang='lat' dir='ltr'><strong><em>id</em></strong></span> <span class='ocrx_word' id='word_1_503' title='bbox 3698 1127 3782 1173; x_wconf 87' lang='lat' dir='ltr'><strong><em>est</em></strong></span> 
     </span>
    </p>
   </div>
   <div class='ocr_carea' id='block_1_73' title="bbox 2210 1213 3782 1284">
    <p class='ocr_par' dir='ltr' id='par_1_73' title="bbox 2210 1213 3782 1284">
     <span class='ocr_line' id='line_1_73' title="bbox 2210 1213 3782 1284; baseline -0.003 -13"><span class='ocrx_word' id='word_1_504' title='bbox 2210 1217 2615 1271; x_wconf 90' lang='lat' dir='ltr'><strong><em>rationabilium</em></strong></span> <span class='ocrx_word' id='word_1_505' title='bbox 2657 1225 3064 1279; x_wconf 86' lang='lat' dir='ltr'><strong><em>creaturarum,</em></strong></span> <span class='ocrx_word' id='word_1_506' title='bbox 3105 1229 3266 1284; x_wconf 87' lang='lat' dir='ltr'><strong><em>quam</em></strong></span> <span class='ocrx_word' id='word_1_507' title='bbox 3302 1213 3671 1268; x_wconf 87' lang='lat' dir='ltr'><strong><em>diversitatem</em></strong></span> <span class='ocrx_word' id='word_1_508' title='bbox 3714 1227 3782 1266; x_wconf 77' lang='lat' dir='ltr'><strong><em>ex</em></strong></span> 
     </span>
    </p>
   </div>
   <div class='ocr_carea' id='block_1_74' title="bbox 2210 1305 3785 1377">
    <p class='ocr_par' dir='ltr' id='par_1_74' title="bbox 2210 1305 3785 1377">
     <span class='ocr_line' id='line_1_74' title="bbox 2210 1305 3785 1377; baseline -0.002 -16"><span class='ocrx_word' id='word_1_509' title='bbox 2210 1323 2272 1362; x_wconf 88' lang='lat' dir='ltr'><strong><em>ea</em></strong></span> <span class='ocrx_word' id='word_1_510' title='bbox 2331 1321 2496 1361; x_wconf 86' lang='lat' dir='ltr'><strong><em>causa</em></strong></span> <span class='ocrx_word' id='word_1_511' title='bbox 2536 1323 2700 1377; x_wconf 89' lang='lat' dir='ltr'><strong><em>quam</em></strong></span> <span class='ocrx_word' id='word_1_512' title='bbox 2745 1307 2994 1376; x_wconf 87' lang='lat' dir='ltr'><strong><em>superius</em></strong></span> <span class='ocrx_word' id='word_1_513' title='bbox 3042 1307 3298 1369; x_wconf 83' lang='lat' dir='ltr'><strong><em>diximus,</em></strong></span> <span class='ocrx_word' id='word_1_514' title='bbox 3353 1305 3610 1374; x_wconf 74' lang='lat' dir='ltr'><strong><em>putanda:</em></strong></span> <span class='ocrx_word' id='word_1_515' title='bbox 3660 1316 3785 1358; x_wconf 89' lang='lat' dir='ltr'><strong><em>sunt</em></strong></span> 
     </span>
    </p>
   </div>
   <div class='ocr_carea' id='block_1_75' title="bbox 2212 1395 3779 1465">
    <p class='ocr_par' dir='ltr' id='par_1_75' title="bbox 2212 1395 3779 1465">
     <span class='ocr_line' id='line_1_75' title="bbox 2212 1395 3779 1465; baseline -0.004 -13"><span class='ocrx_word' id='word_1_516' title='bbox 2212 1397 2551 1465; x_wconf 87' lang='lat' dir='ltr'><strong><em>concepisse,</em></strong></span> <span class='ocrx_word' id='word_1_517' title='bbox 2585 1398 2791 1450; x_wconf 86' lang='lat' dir='ltr'><strong><em>varium</em></strong></span> <span class='ocrx_word' id='word_1_518' title='bbox 2821 1411 2885 1450; x_wconf 89' lang='lat' dir='ltr'><strong><em>ac</em></strong></span> <span class='ocrx_word' id='word_1_519' title='bbox 2908 1396 3184 1450; x_wconf 86' lang='lat' dir='ltr'><strong><em>diversum</em></strong></span> <span class='ocrx_word' id='word_1_520' title='bbox 3215 1395 3473 1448; x_wconf 89' lang='lat' dir='ltr'><strong><em>mundum</em></strong></span> <span class='ocrx_word' id='word_1_521' title='bbox 3500 1402 3732 1450; x_wconf 83' lang='lat' dir='ltr'><strong><em>crearet.</em></strong></span> <span class='ocrx_word' id='word_1_522' title='bbox 3760 1412 3779 1445; x_wconf 76' lang='grc' dir='ltr'><strong><em>ι</em></strong></span> 
     </span>
    </p>
   </div>
   <div class='ocr_carea' id='block_1_76' title="bbox 2212 1484 3785 1556">
    <p class='ocr_par' dir='ltr' id='par_1_76' title="bbox 2212 1484 3785 1556">
     <span class='ocr_line' id='line_1_76' title="bbox 2212 1484 3785 1556; baseline -0.003 -14"><span class='ocrx_word' id='word_1_523' title='bbox 2212 1487 2402 1556; x_wconf 89' lang='lat' dir='ltr'><strong><em>Capite</em></strong></span> <span class='ocrx_word' id='word_1_524' title='bbox 2431 1502 2559 1542; x_wconf 88' lang='lat' dir='ltr'><strong><em>vero</em></strong></span> <span class='ocrx_word' id='word_1_525' title='bbox 2592 1487 2808 1550; x_wconf 89' lang='lat' dir='ltr'><strong><em>eodem,</em></strong></span> <span class='ocrx_word' id='word_1_526' title='bbox 2852 1502 3004 1540; x_wconf 89' lang='lat' dir='ltr'><strong><em>nttm.</em></strong></span> <span class='ocrx_word' id='word_1_527' title='bbox 3057 1486 3112 1550; x_wconf 86' lang='lat'><strong><em>6,</em></strong></span> <span class='ocrx_word' id='word_1_528' title='bbox 3139 1499 3253 1539; x_wconf 89' lang='lat' dir='ltr'><strong><em>rem</em></strong></span> <span class='ocrx_word' id='word_1_529' title='bbox 3307 1484 3469 1539; x_wconf 79' lang='lat' dir='ltr'><strong><em>altius</em></strong></span> <span class='ocrx_word' id='word_1_530' title='bbox 3513 1494 3785 1554; x_wconf 84' lang='lat' dir='ltr'><strong><em>repetens,</em></strong></span> 
     </span>
    </p>
   </div>
   <div class='ocr_carea' id='block_1_77' title="bbox 2215 1576 3789 1644">
    <p class='ocr_par' dir='ltr' id='par_1_77' title="bbox 2215 1576 3789 1644">
     <span class='ocr_line' id='line_1_77' title="bbox 2215 1576 3789 1644; baseline -0.003 -11"><span class='ocrx_word' id='word_1_531' title='bbox 2215 1580 2382 1634; x_wconf 84' lang='lat' dir='ltr'><strong><em>Deum</em></strong></span> <span class='ocrx_word' id='word_1_532' title='bbox 2429 1579 2504 1630; x_wconf 85' lang='lat' dir='ltr'><strong><em>ait</em></strong></span> <span class='ocrx_word' id='word_1_533' title='bbox 2549 1579 2615 1631; x_wconf 91' lang='lat' dir='ltr'><strong><em>ab</em></strong></span> <span class='ocrx_word' id='word_1_534' title='bbox 2649 1577 2804 1632; x_wconf 85' lang='lat' dir='ltr'><strong><em>initio</em></strong></span> <span class='ocrx_word' id='word_1_535' title='bbox 2845 1593 2970 1630; x_wconf 88' lang='lat' dir='ltr'><strong><em>cum</em></strong></span> <span class='ocrx_word' id='word_1_536' title='bbox 3008 1576 3239 1631; x_wconf 87' lang='lat' dir='ltr'><strong><em>rationis</em></strong></span> <span class='ocrx_word' id='word_1_537' title='bbox 3265 1585 3541 1644; x_wconf 86' lang='lat' dir='ltr'><strong><em>compotes</em></strong></span> <span class='ocrx_word' id='word_1_538' title='bbox 3567 1582 3789 1629; x_wconf 82' lang='lat' dir='ltr'><strong><em>naturas</em></strong></span> 
     </span>
    </p>
   </div>
   <div class='ocr_carea' id='block_1_78' title="bbox 2213 1666 3788 1731">
    <p class='ocr_par' dir='ltr' id='par_1_78' title="bbox 2213 1666 3788 1731">
     <span class='ocr_line' id='line_1_78' title="bbox 2213 1666 3788 1731; baseline -0.003 -7"><span class='ocrx_word' id='word_1_539' title='bbox 2213 1685 2404 1726; x_wconf 92' lang='lat' dir='ltr'><strong><em>creare</em></strong></span> <span class='ocrx_word' id='word_1_540' title='bbox 2431 1668 2615 1731; x_wconf 85' lang='lat' dir='ltr'><strong><em>vellet,</em></strong></span> <span class='ocrx_word' id='word_1_541' title='bbox 2652 1667 2852 1722; x_wconf 88' lang='lat' dir='ltr'><strong><em>nullam</em></strong></span> <span class='ocrx_word' id='word_1_542' title='bbox 2883 1667 3139 1722; x_wconf 83' lang='lat' dir='ltr'><strong><em>habuisse</em></strong></span> <span class='ocrx_word' id='word_1_543' title='bbox 3159 1667 3381 1722; x_wconf 91' lang='lat' dir='ltr'><strong><em>creandi</em></strong></span> <span class='ocrx_word' id='word_1_544' title='bbox 3419 1666 3628 1720; x_wconf 86' lang='lat' dir='ltr'><strong><em>illarum</em></strong></span> <span class='ocrx_word' id='word_1_545' title='bbox 3660 1680 3788 1720; x_wconf 86' lang='lat' dir='ltr'><strong><em>eau-</em></strong></span> 
     </span>
    </p>
   </div>
   <div class='ocr_carea' id='block_1_79' title="bbox 2214 1759 3791 1832">
    <p class='ocr_par' dir='ltr' id='par_1_79' title="bbox 2214 1759 3791 1832">
     <span class='ocr_line' id='line_1_79' title="bbox 2214 1759 3791 1832; baseline -0.006 -14"><span class='ocrx_word' id='word_1_546' title='bbox 2214 1778 2330 1818; x_wconf 90' lang='lat' dir='ltr'><strong><em>sam</em></strong></span> <span class='ocrx_word' id='word_1_547' title='bbox 2368 1772 2565 1832; x_wconf 84' lang='lat' dir='ltr'><strong><em>praeter</em></strong></span> <span class='ocrx_word' id='word_1_548' title='bbox 2587 1762 2851 1830; x_wconf 90' lang='lat' dir='ltr'><strong><em>seipsum,</em></strong></span> <span class='ocrx_word' id='word_1_549' title='bbox 2880 1775 3140 1829; x_wconf 88' lang='lat' dir='ltr'><strong><em>suamque</em></strong></span> <span class='ocrx_word' id='word_1_550' title='bbox 3170 1761 3469 1814; x_wconf 89' lang='lat' dir='ltr'><strong><em>bonitatem</em></strong></span> <span class='ocrx_word' id='word_1_551' title='bbox 3489 1778 3502 1813; x_wconf 95' lang='lat'>:</span> <span class='ocrx_word' id='word_1_552' title='bbox 3521 1759 3574 1812; x_wconf 90' lang='lat' dir='ltr'><strong><em>in</em></strong></span> <span class='ocrx_word' id='word_1_553' title='bbox 3607 1773 3671 1812; x_wconf 91' lang='lat' dir='ltr'><strong><em>eo</em></strong></span> <span class='ocrx_word' id='word_1_554' title='bbox 3697 1773 3791 1811; x_wconf 67' lang='lat'><strong><em>3“!-</em></strong></span> 
     </span>
    </p>
   </div>
   <div class='ocr_carea' id='block_1_80' title="bbox 3121 1865 3791 1923">
    <p class='ocr_par' dir='ltr' id='par_1_80' title="bbox 3121 1865 3791 1923">
     <span class='ocr_line' id='line_1_80' title="bbox 3121 1865 3791 1923; baseline -0.006 -15"><span class='ocrx_word' id='word_1_555' title='bbox 3121 1869 3299 1923; x_wconf 88' lang='lat' dir='ltr'><strong><em>neque</em></strong></span> <span class='ocrx_word' id='word_1_556' title='bbox 3330 1868 3399 1907; x_wconf 80' lang='lat' dir='ltr'><strong><em>ex</em></strong></span> <span class='ocrx_word' id='word_1_557' title='bbox 3426 1865 3578 1922; x_wconf 86' lang='lat' dir='ltr'><strong><em>parte</em></strong></span> <span class='ocrx_word' id='word_1_558' title='bbox 3610 1866 3791 1907; x_wconf 91' lang='lat' dir='ltr'><strong><em>rerum</em></strong></span> 
     </span>
    </p>
   </div>
   <div class='ocr_carea' id='block_1_81' title="bbox 2207 1945 3794 2015">
    <p class='ocr_par' dir='ltr' id='par_1_81' title="bbox 2207 1945 3794 2015">
     <span class='ocr_line' id='line_1_81' title="bbox 2207 1945 3794 2015; baseline -0.003 -12"><span class='ocrx_word' id='word_1_559' title='bbox 2207 1949 2568 2003; x_wconf 85' lang='lat' dir='ltr'><strong><em>creandarum</em></strong></span> <span class='ocrx_word' id='word_1_560' title='bbox 2605 1948 2712 2002; x_wconf 91' lang='lat' dir='ltr'><strong><em>ulla</em></strong></span> <span class='ocrx_word' id='word_1_561' title='bbox 2743 1957 2912 2013; x_wconf 84' lang='lat' dir='ltr'><strong><em>esset,</em></strong></span> <span class='ocrx_word' id='word_1_562' title='bbox 2944 1947 3181 2015; x_wconf 62' lang='lat' dir='ltr'><strong><em>aequales</em></strong></span> <span class='ocrx_word' id='word_1_563' title='bbox 3210 1961 3324 2012; x_wconf 89' lang='lat' dir='ltr'><strong><em>eas,</em></strong></span> <span class='ocrx_word' id='word_1_564' title='bbox 3349 1956 3406 2000; x_wconf 92' lang='lat' dir='ltr'><strong><em>ct</em></strong></span> <span class='ocrx_word' id='word_1_565' title='bbox 3437 1945 3794 2013; x_wconf 83' lang='lat' dir='ltr'><strong><em>undequaque</em></strong></span> 
     </span>
    </p>
   </div>
   <div class='ocr_carea' id='block_1_82' title="bbox 2206 2035 3794 2110">
    <p class='ocr_par' dir='ltr' id='par_1_82' title="bbox 2206 2035 3794 2110">
     <span class='ocr_line' id='line_1_82' title="bbox 2206 2035 3794 2110; baseline -0.004 -14"><span class='ocrx_word' id='word_1_566' title='bbox 2206 2042 2412 2096; x_wconf 86' lang='lat' dir='ltr'><strong><em>similes</em></strong></span> <span class='ocrx_word' id='word_1_567' title='bbox 2443 2042 2616 2110; x_wconf 89' lang='lat' dir='ltr'><strong><em>ipsum</em></strong></span> <span class='ocrx_word' id='word_1_568' title='bbox 2650 2055 2972 2110; x_wconf 90' lang='lat' dir='ltr'><strong><em>procreasse</em></strong></span> <span class='ocrx_word' id='word_1_569' title='bbox 3004 2057 3018 2093; x_wconf 85' lang='lat'><strong>:</strong></span> <span class='ocrx_word' id='word_1_570' title='bbox 3050 2039 3150 2094; x_wconf 86' lang='lat' dir='ltr'><strong><em>bas</em></strong></span> <span class='ocrx_word' id='word_1_571' title='bbox 3188 2053 3340 2105; x_wconf 89' lang='lat' dir='ltr'><strong><em>vero,</em></strong></span> <span class='ocrx_word' id='word_1_572' title='bbox 3379 2045 3440 2092; x_wconf 89' lang='lat' dir='ltr'><strong><em>ut</em></strong></span> <span class='ocrx_word' id='word_1_573' title='bbox 3470 2046 3596 2105; x_wconf 86' lang='lat' dir='ltr'><strong><em>pote</em></strong></span> <span class='ocrx_word' id='word_1_574' title='bbox 3622 2035 3794 2090; x_wconf 85' lang='lat' dir='ltr'><strong><em>libero</em></strong></span> 
     </span>
    </p>
   </div>
   <div class='ocr_carea' id='block_1_83' title="bbox 2207 2128 3795 2202">
    <p class='ocr_par' dir='ltr' id='par_1_83' title="bbox 2207 2128 3795 2202">
     <span class='ocr_line' id='line_1_83' title="bbox 2207 2128 3795 2202; baseline -0.003 -17"><span class='ocrx_word' id='word_1_575' title='bbox 2207 2132 2461 2202; x_wconf 79' lang='lat' dir='ltr'><strong><em>praeditas</em></strong></span> <span class='ocrx_word' id='word_1_576' title='bbox 2491 2132 2742 2196; x_wconf 86' lang='lat' dir='ltr'><strong><em>arbitrio,</em></strong></span> <span class='ocrx_word' id='word_1_577' title='bbox 2782 2147 2890 2187; x_wconf 91' lang='lat' dir='ltr'><strong><em>non</em></strong></span> <span class='ocrx_word' id='word_1_578' title='bbox 2917 2130 3108 2187; x_wconf 91' lang='lat' dir='ltr'><strong><em>eodem</em></strong></span> <span class='ocrx_word' id='word_1_579' title='bbox 3141 2131 3301 2185; x_wconf 89' lang='lat' dir='ltr'><strong><em>modo</em></strong></span> <span class='ocrx_word' id='word_1_580' title='bbox 3323 2145 3514 2184; x_wconf 90' lang='lat' dir='ltr'><strong><em>omnes</em></strong></span> <span class='ocrx_word' id='word_1_581' title='bbox 3542 2128 3645 2182; x_wconf 89' lang='lat' dir='ltr'><strong><em>bac</em></strong></span> <span class='ocrx_word' id='word_1_582' title='bbox 3667 2140 3795 2182; x_wconf 87' lang='lat' dir='ltr'><strong><em>usss</em></strong></span> 
     </span>
    </p>
   </div>
   <div class='ocr_carea' id='block_1_84' title="bbox 2210 2217 3790 2291">
    <p class='ocr_par' dir='ltr' id='par_1_84' title="bbox 2210 2217 3790 2291">
     <span class='ocr_line' id='line_1_84' title="bbox 2210 2217 3790 2291; baseline -0.004 -12"><span class='ocrx_word' id='word_1_583' title='bbox 2210 2239 2329 2279; x_wconf 88' lang='lat' dir='ltr'><strong><em>esse</em></strong></span> <span class='ocrx_word' id='word_1_584' title='bbox 2359 2223 2638 2291; x_wconf 81' lang='lat' dir='ltr'><strong><em>facultate,</em></strong></span> <span class='ocrx_word' id='word_1_585' title='bbox 2663 2223 2786 2278; x_wconf 85' lang='lat' dir='ltr'><strong><em>aliis</em></strong></span> <span class='ocrx_word' id='word_1_586' title='bbox 2825 2225 2877 2277; x_wconf 90' lang='lat' dir='ltr'><strong><em>in</em></strong></span> <span class='ocrx_word' id='word_1_587' title='bbox 2916 2225 3113 2278; x_wconf 82' lang='lat' dir='ltr'><strong><em>vitium</em></strong></span> <span class='ocrx_word' id='word_1_588' title='bbox 3143 2237 3208 2278; x_wconf 89' lang='lat' dir='ltr'><strong><em>ac</em></strong></span> <span class='ocrx_word' id='word_1_589' title='bbox 3244 2222 3541 2290; x_wconf 82' lang='lat' dir='ltr'><strong><em>nequitiam</em></strong></span> <span class='ocrx_word' id='word_1_590' title='bbox 3573 2217 3790 2274; x_wconf 85' lang='lat' dir='ltr'><strong><em>ruenti-</em></strong></span> 
     </span>
    </p>
   </div>
   <div class='ocr_carea' id='block_1_85' title="bbox 2209 2309 3797 2387">
    <p class='ocr_par' dir='ltr' id='par_1_85' title="bbox 2209 2309 3797 2387">
     <span class='ocr_line' id='line_1_85' title="bbox 2209 2309 3797 2387; baseline -0.005 -13"><span class='ocrx_word' id='word_1_591' title='bbox 2209 2320 2332 2384; x_wconf 91' lang='lat' dir='ltr'><strong><em>bus,</em></strong></span> <span class='ocrx_word' id='word_1_592' title='bbox 2357 2317 2480 2372; x_wconf 85' lang='lat' dir='ltr'><strong><em>aliis</em></strong></span> <span class='ocrx_word' id='word_1_593' title='bbox 2498 2317 2563 2370; x_wconf 90' lang='lat' dir='ltr'><strong><em>ad</em></strong></span> <span class='ocrx_word' id='word_1_594' title='bbox 2589 2316 2812 2372; x_wconf 90' lang='lat' dir='ltr'><strong><em>meliora</em></strong></span> <span class='ocrx_word' id='word_1_595' title='bbox 2838 2316 3283 2387; x_wconf 79' lang='lat' dir='ltr'><strong><em>assurgentibus:</em></strong></span> <span class='ocrx_word' id='word_1_596' title='bbox 3304 2311 3616 2383; x_wconf 84' lang='lat' dir='ltr'><strong><em>atquejnde</em></strong></span> <span class='ocrx_word' id='word_1_597' title='bbox 3639 2309 3797 2366; x_wconf 86' lang='lat' dir='ltr'><strong><em>ratio-</em></strong></span> 
     </span>
    </p>
   </div>
   <div class='ocr_carea' id='block_1_86' title="bbox 2209 2401 3798 2467">
    <p class='ocr_par' dir='ltr' id='par_1_86' title="bbox 2209 2401 3798 2467">
     <span class='ocr_line' id='line_1_86' title="bbox 2209 2401 3798 2467; baseline -0.009 0"><span class='ocrx_word' id='word_1_598' title='bbox 2209 2412 2412 2467; x_wconf 85' lang='lat' dir='ltr'><strong><em>naliutn</em></strong></span> <span class='ocrx_word' id='word_1_599' title='bbox 2435 2421 2752 2466; x_wconf 85' lang='lat' dir='ltr'><strong><em>naturarum</em></strong></span> <span class='ocrx_word' id='word_1_600' title='bbox 2787 2407 3064 2463; x_wconf 70' lang='lat' dir='ltr'><strong><em>exstitisse</em></strong></span> <span class='ocrx_word' id='word_1_601' title='bbox 3085 2405 3439 2460; x_wconf 77' lang='lat' dir='ltr'><strong><em>diﬂ‘erentiam</em></strong></span> <span class='ocrx_word' id='word_1_602' title='bbox 3464 2417 3480 2454; x_wconf 88' lang='lat'>:</span> <span class='ocrx_word' id='word_1_603' title='bbox 3505 2401 3673 2456; x_wconf 88' lang='lat' dir='ltr'><strong><em>Deum</em></strong></span> <span class='ocrx_word' id='word_1_604' title='bbox 3700 2415 3798 2454; x_wconf 89' lang='lat' dir='ltr'><strong><em>au-</em></strong></span> 
     </span>
    </p>
   </div>
   <div class='ocr_carea' id='block_1_87' title="bbox 2215 2490 3798 2571">
    <p class='ocr_par' dir='ltr' id='par_1_87' title="bbox 2215 2490 3798 2571">
     <span class='ocr_line' id='line_1_87' title="bbox 2215 2490 3798 2571; baseline -0.006 -13"><span class='ocrx_word' id='word_1_605' title='bbox 2215 2514 2321 2560; x_wconf 89' lang='lat' dir='ltr'><strong><em>tem</em></strong></span> <span class='ocrx_word' id='word_1_606' title='bbox 2345 2513 2784 2571; x_wconf 88' lang='lat' dir='ltr'><strong><em>unamquamque</em></strong></span> <span class='ocrx_word' id='word_1_607' title='bbox 2819 2513 2918 2568; x_wconf 92' lang='lat' dir='ltr'><strong><em>pro</em></strong></span> <span class='ocrx_word' id='word_1_608' title='bbox 2945 2497 3158 2552; x_wconf 89' lang='lat' dir='ltr'><strong><em>meritis</em></strong></span> <span class='ocrx_word' id='word_1_609' title='bbox 3188 2510 3386 2550; x_wconf 89' lang='lat' dir='ltr'><strong><em>ornare</em></strong></span> <span class='ocrx_word' id='word_1_610' title='bbox 3418 2493 3686 2548; x_wconf 85' lang='lat' dir='ltr'><strong><em>volentem</em></strong></span> <span class='ocrx_word' id='word_1_611' title='bbox 3715 2490 3798 2548; x_wconf 80' lang='lat' dir='ltr'><strong><em>vel</em></strong></span> 
     </span>
    </p>
   </div>
   <div class='ocr_carea' id='block_1_88' title="bbox 2213 2586 3795 2660">
    <p class='ocr_par' dir='ltr' id='par_1_88' title="bbox 2213 2586 3795 2660">
     <span class='ocr_line' id='line_1_88' title="bbox 2213 2586 3795 2660; baseline -0.009 -8"><span class='ocrx_word' id='word_1_612' title='bbox 2213 2595 2789 2660; x_wconf 86' lang='lat' dir='ltr'><strong><em>ulcisci,diversitates</em></strong></span> <span class='ocrx_word' id='word_1_613' title='bbox 2814 2592 3080 2646; x_wconf 90' lang='lat' dir='ltr'><strong><em>mentium</em></strong></span> <span class='ocrx_word' id='word_1_614' title='bbox 3111 2590 3162 2642; x_wconf 88' lang='lat' dir='ltr'><strong><em>itt</em></strong></span> <span class='ocrx_word' id='word_1_615' title='bbox 3189 2587 3352 2643; x_wconf 87' lang='lat' dir='ltr'><strong><em>unius</em></strong></span> <span class='ocrx_word' id='word_1_616' title='bbox 3387 2586 3570 2640; x_wconf 87' lang='lat' dir='ltr'><strong><em>mundi</em></strong></span> <span class='ocrx_word' id='word_1_617' title='bbox 3596 2598 3795 2639; x_wconf 86' lang='lat' dir='ltr'><strong><em>conso-</em></strong></span> 
     </span>
    </p>
   </div>
   <div class='ocr_carea' id='block_1_89' title="bbox 2215 2678 3799 2751">
    <p class='ocr_par' dir='ltr' id='par_1_89' title="bbox 2215 2678 3799 2751">
     <span class='ocr_line' id='line_1_89' title="bbox 2215 2678 3799 2751; baseline -0.01 -9"><span class='ocrx_word' id='word_1_618' title='bbox 2215 2688 2456 2743; x_wconf 87' lang='lat' dir='ltr'><strong><em>nantiam</em></strong></span> <span class='ocrx_word' id='word_1_619' title='bbox 2477 2686 2708 2740; x_wconf 81' lang='lat' dir='ltr'><strong><em>traxisse</em></strong></span> <span class='ocrx_word' id='word_1_620' title='bbox 2732 2725 2748 2751; x_wconf 91' lang='lat'><strong><em>,</em></strong></span> <span class='ocrx_word' id='word_1_621' title='bbox 2771 2684 2851 2738; x_wconf 86' lang='lat' dir='ltr'><strong><em>sic</em></strong></span> <span class='ocrx_word' id='word_1_622' title='bbox 2872 2693 3130 2750; x_wconf 88' lang='lat' dir='ltr'><strong><em>tanquam</em></strong></span> <span class='ocrx_word' id='word_1_623' title='bbox 3149 2681 3202 2734; x_wconf 91' lang='lat' dir='ltr'><strong><em>in</em></strong></span> <span class='ocrx_word' id='word_1_624' title='bbox 3220 2694 3381 2732; x_wconf 89' lang='lat' dir='ltr'><strong><em>unam</em></strong></span> <span class='ocrx_word' id='word_1_625' title='bbox 3402 2678 3622 2732; x_wconf 90' lang='lat' dir='ltr'><strong><em>domum</em></strong></span> <span class='ocrx_word' id='word_1_626' title='bbox 3646 2716 3662 2740; x_wconf 95' lang='lat'><strong><em>,</em></strong></span> <span class='ocrx_word' id='word_1_627' title='bbox 3679 2689 3799 2745; x_wconf 67' lang='lat' dir='ltr'><strong><em>quas</em></strong></span> 
     </span>
    </p>
   </div>
   <div class='ocr_carea' id='block_1_90' title="bbox 2217 2767 3801 2846">
    <p class='ocr_par' dir='ltr' id='par_1_90' title="bbox 2217 2767 3801 2846">
     <span class='ocr_line' id='line_1_90' title="bbox 2217 2767 3801 2846; baseline -0.008 -13"><span class='ocrx_word' id='word_1_628' title='bbox 2217 2779 2363 2834; x_wconf 89' lang='lat' dir='ltr'><strong><em>vasis</em></strong></span> <span class='ocrx_word' id='word_1_629' title='bbox 2411 2777 2593 2831; x_wconf 88' lang='lat' dir='ltr'><strong><em>aureis</em></strong></span> <span class='ocrx_word' id='word_1_630' title='bbox 2615 2815 2632 2841; x_wconf 92' lang='lat'><strong><em>,</em></strong></span> <span class='ocrx_word' id='word_1_631' title='bbox 2659 2775 2935 2846; x_wconf 73' lang='lat' dir='ltr'><strong><em>argenteis</em></strong></span> <span class='ocrx_word' id='word_1_632' title='bbox 2974 2782 3030 2828; x_wconf 84' lang='lat' dir='ltr'><strong><em>et</em></strong></span> <span class='ocrx_word' id='word_1_633' title='bbox 3074 2771 3332 2827; x_wconf 80' lang='lat' dir='ltr'><strong><em>ﬁctilibus</em></strong></span> <span class='ocrx_word' id='word_1_634' title='bbox 3358 2768 3664 2824; x_wconf 86' lang='lat' dir='ltr'><strong><em>instruitur.</em></strong></span> <span class='ocrx_word' id='word_1_635' title='bbox 3690 2785 3709 2818; x_wconf 80' lang='grc' dir='ltr'><strong><em>ι</em></strong></span> <span class='ocrx_word' id='word_1_636' title='bbox 3734 2767 3801 2821; x_wconf 84' lang='lat' dir='ltr'><strong><em>Et</em></strong></span> 
     </span>
    </p>
   </div>
   <div class='ocr_carea' id='block_1_91' title="bbox 2215 2857 3802 2936">
    <p class='ocr_par' dir='ltr' id='par_1_91' title="bbox 2215 2857 3802 2936">
     <span class='ocr_line' id='line_1_91' title="bbox 2215 2857 3802 2936; baseline -0.007 -14"><span class='ocrx_word' id='word_1_637' title='bbox 2215 2869 2316 2923; x_wconf 86' lang='lat' dir='ltr'><strong><em>has</em></strong></span> <span class='ocrx_word' id='word_1_638' title='bbox 2343 2881 2570 2934; x_wconf 85' lang='lat' dir='ltr'><strong><em>causas,</em></strong></span> <span class='ocrx_word' id='word_1_639' title='bbox 2615 2864 2836 2936; x_wconf 90' lang='lat' dir='ltr'><strong><em>inquit,</em></strong></span> <span class='ocrx_word' id='word_1_640' title='bbox 2885 2875 2944 2918; x_wconf 88' lang='lat' dir='ltr'><strong><em>ut</em></strong></span> <span class='ocrx_word' id='word_1_641' title='bbox 2994 2878 3095 2932; x_wconf 85' lang='lat' dir='ltr'><strong><em>ego</em></strong></span> <span class='ocrx_word' id='word_1_642' title='bbox 3130 2862 3396 2922; x_wconf 74' lang='lat' dir='ltr'><strong><em>arbitror,</em></strong></span> <span class='ocrx_word' id='word_1_643' title='bbox 3434 2859 3666 2913; x_wconf 89' lang='lat' dir='ltr'><strong><em>mundus</em></strong></span> <span class='ocrx_word' id='word_1_644' title='bbox 3702 2857 3802 2912; x_wconf 85' lang='lat' dir='ltr'><strong><em>iste</em></strong></span> 
     </span>
    </p>
   </div>
   <div class='ocr_carea' id='block_1_92' title="bbox 2217 2948 3800 3026">
    <p class='ocr_par' dir='ltr' id='par_1_92' title="bbox 2217 2948 3800 3026">
     <span class='ocr_line' id='line_1_92' title="bbox 2217 2948 3800 3026; baseline -0.01 -8"><span class='ocrx_word' id='word_1_645' title='bbox 2217 2976 2331 3018; x_wconf 60' lang='lat' dir='ltr'><strong><em>suae</em></strong></span> <span class='ocrx_word' id='word_1_646' title='bbox 2369 2959 2700 3014; x_wconf 85' lang='lat' dir='ltr'><strong><em>diversitatis</em></strong></span> <span class='ocrx_word' id='word_1_647' title='bbox 2731 2958 2966 3026; x_wconf 87' lang='lat' dir='ltr'><strong><em>accepit,</em></strong></span> <span class='ocrx_word' id='word_1_648' title='bbox 3000 2957 3126 3010; x_wconf 89' lang='lat' dir='ltr'><strong><em>dum</em></strong></span> <span class='ocrx_word' id='word_1_649' title='bbox 3157 2965 3598 3020; x_wconf 86' lang='lat' dir='ltr'><strong><em>unumquemque</em></strong></span> <span class='ocrx_word' id='word_1_650' title='bbox 3621 2948 3800 3002; x_wconf 83' lang='lat' dir='ltr'><strong><em>divina</em></strong></span> 
     </span>
    </p>
   </div>
   <div class='ocr_carea' id='block_1_93' title="bbox 2220 3039 3802 3121">
    <p class='ocr_par' dir='ltr' id='par_1_93' title="bbox 2220 3039 3802 3121">
     <span class='ocr_line' id='line_1_93' title="bbox 2220 3039 3802 3121; baseline -0.008 -16"><span class='ocrx_word' id='word_1_651' title='bbox 2220 3050 2559 3121; x_wconf 88' lang='lat' dir='ltr'><strong><em>providentia</em></strong></span> <span class='ocrx_word' id='word_1_652' title='bbox 2588 3063 2686 3119; x_wconf 89' lang='lat' dir='ltr'><strong><em>pro</em></strong></span> <span class='ocrx_word' id='word_1_653' title='bbox 2714 3047 2981 3102; x_wconf 84' lang='lat' dir='ltr'><strong><em>varietate</em></strong></span> <span class='ocrx_word' id='word_1_654' title='bbox 3013 3053 3255 3099; x_wconf 91' lang='lat' dir='ltr'><strong><em>motuum</em></strong></span> <span class='ocrx_word' id='word_1_655' title='bbox 3291 3057 3538 3104; x_wconf 89' lang='lat' dir='ltr'><strong><em>suorum,</em></strong></span> <span class='ocrx_word' id='word_1_656' title='bbox 3567 3039 3652 3094; x_wconf 88' lang='lat' dir='ltr'><strong><em>vel</em></strong></span> <span class='ocrx_word' id='word_1_657' title='bbox 3683 3039 3802 3094; x_wconf 87' lang='lat' dir='ltr'><strong><em>ani-</em></strong></span> 
     </span>
    </p>
   </div>
   <div class='ocr_carea' id='block_1_94' title="bbox 2221 3134 3804 3210">
    <p class='ocr_par' dir='ltr' id='par_1_94' title="bbox 2221 3134 3804 3210">
     <span class='ocr_line' id='line_1_94' title="bbox 2221 3134 3804 3210; baseline -0.006 -14"><span class='ocrx_word' id='word_1_658' title='bbox 2221 3156 2468 3204; x_wconf 90' lang='lat' dir='ltr'><strong><em>morum,</em></strong></span> <span class='ocrx_word' id='word_1_659' title='bbox 2508 3140 2896 3210; x_wconf 87' lang='lat' dir='ltr'><strong><em>propositoque</em></strong></span> <span class='ocrx_word' id='word_1_660' title='bbox 2942 3138 3240 3206; x_wconf 87' lang='lat' dir='ltr'><strong><em>dispensat.</em></strong></span> <span class='ocrx_word' id='word_1_661' title='bbox 3273 3155 3291 3188; x_wconf 74' lang='grc' dir='ltr'><strong><em>ι</em></strong></span> <span class='ocrx_word' id='word_1_662' title='bbox 3335 3134 3603 3202; x_wconf 86' lang='lat' dir='ltr'><strong><em>Quocirca</em></strong></span> <span class='ocrx_word' id='word_1_663' title='bbox 3656 3142 3804 3188; x_wconf 86' lang='lat' dir='ltr'><strong><em>tomo</em></strong></span> 
     </span>
    </p>
   </div>
   <div class='ocr_carea' id='block_1_95' title="bbox 2225 3226 3806 3298">
    <p class='ocr_par' dir='ltr' id='par_1_95' title="bbox 2225 3226 3806 3298">
     <span class='ocr_line' id='line_1_95' title="bbox 2225 3226 3806 3298; baseline -0.005 -11"><span class='ocrx_word' id='word_1_664' title='bbox 2225 3249 2315 3288; x_wconf 75' lang='lat' dir='ltr'><strong><em>xu</em></strong></span> <span class='ocrx_word' id='word_1_665' title='bbox 2348 3234 2404 3287; x_wconf 88' lang='lat' dir='ltr'><strong><em>in</em></strong></span> <span class='ocrx_word' id='word_1_666' title='bbox 2427 3231 2617 3298; x_wconf 86' lang='lat' dir='ltr'><strong><em>Joan.,</em></strong></span> <span class='ocrx_word' id='word_1_667' title='bbox 2647 3248 2801 3286; x_wconf 86' lang='lat' dir='ltr'><strong><em>num.</em></strong></span> <span class='ocrx_word' id='word_1_668' title='bbox 2835 3231 2891 3293; x_wconf 83' lang='lat'><strong><em>5.</em></strong></span> <span class='ocrx_word' id='word_1_669' title='bbox 2915 3240 2971 3286; x_wconf 88' lang='lat' dir='ltr'><strong><em>et</em></strong></span> <span class='ocrx_word' id='word_1_670' title='bbox 2999 3230 3179 3293; x_wconf 83' lang='lat' dir='ltr'><strong><em>capite</em></strong></span> <span class='ocrx_word' id='word_1_671' title='bbox 3207 3229 3242 3283; x_wconf 82' lang='lat'><strong>5</strong></span> <span class='ocrx_word' id='word_1_672' title='bbox 3277 3228 3396 3282; x_wconf 85' lang='lat' dir='ltr'><strong><em>libri</em></strong></span> <span class='ocrx_word' id='word_1_673' title='bbox 3431 3243 3491 3282; x_wconf 89' lang='grc' dir='ltr'><strong><em>ιιι</em></strong></span> <span class='ocrx_word' id='word_1_674' title='bbox 3527 3227 3669 3295; x_wconf 76' lang='grc' dir='ltr'><strong><em>Περὶ</em></strong></span> <span class='ocrx_word' id='word_1_675' title='bbox 3701 3226 3806 3293; x_wconf 77' lang='grc' dir='ltr'><strong><em>ἀρ-</em></strong></span> 
     </span>
    </p>
   </div>
   <div class='ocr_carea' id='block_1_96' title="bbox 2222 3319 3806 3397">
    <p class='ocr_par' dir='ltr' id='par_1_96' title="bbox 2222 3319 3806 3397">
     <span class='ocr_line' id='line_1_96' title="bbox 2222 3319 3806 3397; baseline -0.006 -17"><span class='ocrx_word' id='word_1_676' title='bbox 2222 3326 2368 3397; x_wconf 84' lang='grc' dir='ltr'><strong><em>χῶν,</em></strong></span> <span class='ocrx_word' id='word_1_677' title='bbox 2422 3340 2570 3381; x_wconf 90' lang='lat' dir='ltr'><strong><em>num.</em></strong></span> <span class='ocrx_word' id='word_1_678' title='bbox 2613 3325 2668 3390; x_wconf 86' lang='lat'><strong><em>5,</em></strong></span> <span class='ocrx_word' id='word_1_679' title='bbox 2725 3324 2980 3380; x_wconf 84' lang='lat' dir='ltr'><strong><em>observat</em></strong></span> <span class='ocrx_word' id='word_1_680' title='bbox 3023 3322 3352 3376; x_wconf 87' lang='lat' dir='ltr'><strong><em>creationem</em></strong></span> <span class='ocrx_word' id='word_1_681' title='bbox 3414 3321 3599 3374; x_wconf 89' lang='lat' dir='ltr'><strong><em>mundi</em></strong></span> <span class='ocrx_word' id='word_1_682' title='bbox 3661 3319 3806 3385; x_wconf 83' lang='lat' dir='ltr'><strong><em>apud</em></strong></span> 
     </span>
    </p>
   </div>
   <div class='ocr_carea' id='block_1_97' title="bbox 2223 3410 3809 3488">
    <p class='ocr_par' dir='ltr' id='par_1_97' title="bbox 2223 3410 3809 3488">
     <span class='ocr_line' id='line_1_97' title="bbox 2223 3410 3809 3488; baseline -0.008 -14"><span class='ocrx_word' id='word_1_683' title='bbox 2223 3419 2519 3488; x_wconf 87' lang='lat' dir='ltr'><strong><em>scriptores</em></strong></span> <span class='ocrx_word' id='word_1_684' title='bbox 2564 3430 2751 3472; x_wconf 87' lang='lat' dir='ltr'><strong><em>sacros</em></strong></span> <span class='ocrx_word' id='word_1_685' title='bbox 2793 3429 2933 3470; x_wconf 88' lang='lat' dir='ltr'><strong><em>novo</em></strong></span> <span class='ocrx_word' id='word_1_686' title='bbox 2981 3415 3085 3469; x_wconf 89' lang='lat' dir='ltr'><strong><em>hoc</em></strong></span> <span class='ocrx_word' id='word_1_687' title='bbox 3132 3422 3188 3468; x_wconf 91' lang='lat' dir='ltr'><strong><em>et</em></strong></span> <span class='ocrx_word' id='word_1_688' title='bbox 3235 3413 3459 3483; x_wconf 88' lang='lat' dir='ltr'><strong><em>proprio</em></strong></span> <span class='ocrx_word' id='word_1_689' title='bbox 3501 3410 3809 3481; x_wconf 64' lang='grc' dir='ltr'>καταϐολῆς</span> 
     </span>
    </p>
   </div>
   <div class='ocr_carea' id='block_1_98' title="bbox 2225 3502 3810 3578">
    <p class='ocr_par' dir='ltr' id='par_1_98' title="bbox 2225 3502 3810 3578">
     <span class='ocr_line' id='line_1_98' title="bbox 2225 3502 3810 3578; baseline -0.007 -13"><span class='ocrx_word' id='word_1_690' title='bbox 2225 3511 2443 3565; x_wconf 89' lang='lat' dir='ltr'><strong><em>nomine</em></strong></span> <span class='ocrx_word' id='word_1_691' title='bbox 2468 3507 2803 3578; x_wconf 87' lang='lat' dir='ltr'><strong><em>nuncupari,</em></strong></span> <span class='ocrx_word' id='word_1_692' title='bbox 2844 3507 2971 3576; x_wconf 89' lang='lat' dir='ltr'><strong><em>quia</em></strong></span> <span class='ocrx_word' id='word_1_693' title='bbox 3001 3504 3258 3559; x_wconf 85' lang='lat' dir='ltr'><strong><em>nimirum</em></strong></span> <span class='ocrx_word' id='word_1_694' title='bbox 3296 3522 3315 3555; x_wconf 80' lang='grc' dir='ltr'><strong><em>ι</em></strong></span> <span class='ocrx_word' id='word_1_695' title='bbox 3343 3505 3408 3557; x_wconf 90' lang='lat' dir='ltr'><strong><em>de</em></strong></span> <span class='ocrx_word' id='word_1_696' title='bbox 3436 3502 3810 3568; x_wconf 78' lang='lat' dir='ltr'><strong><em>superioribus</em></strong></span> 
     </span>
    </p>
   </div>
   <div class='ocr_carea' id='block_1_99' title="bbox 2227 3592 3812 3658">
    <p class='ocr_par' dir='ltr' id='par_1_99' title="bbox 2227 3592 3812 3658">
     <span class='ocr_line' id='line_1_99' title="bbox 2227 3592 3812 3658; baseline -0.008 -1"><span class='ocrx_word' id='word_1_697' title='bbox 2227 3605 2293 3658; x_wconf 89' lang='lat' dir='ltr'><strong><em>ad</em></strong></span> <span class='ocrx_word' id='word_1_698' title='bbox 2334 3601 2596 3656; x_wconf 79' lang='lat' dir='ltr'><strong><em>inferiora</em></strong></span> <span class='ocrx_word' id='word_1_699' title='bbox 2629 3604 2954 3655; x_wconf 85' lang='lat' dir='ltr'><strong><em>descensum</em></strong></span> <span class='ocrx_word' id='word_1_700' title='bbox 2979 3606 3094 3658; x_wconf 90' lang='lat' dir='ltr'><strong><em>est,</em></strong></span> <span class='ocrx_word' id='word_1_701' title='bbox 3125 3612 3233 3652; x_wconf 89' lang='lat' dir='ltr'><strong><em>non</em></strong></span> <span class='ocrx_word' id='word_1_702' title='bbox 3259 3595 3432 3651; x_wconf 88' lang='lat' dir='ltr'><strong><em>solum</em></strong></span> <span class='ocrx_word' id='word_1_703' title='bbox 3466 3593 3535 3648; x_wconf 91' lang='lat' dir='ltr'><strong><em>ab</em></strong></span> <span class='ocrx_word' id='word_1_704' title='bbox 3577 3593 3664 3648; x_wconf 80' lang='lat' dir='ltr'><strong><em>liis</em></strong></span> <span class='ocrx_word' id='word_1_705' title='bbox 3691 3592 3812 3645; x_wconf 85' lang='lat' dir='ltr'><strong><em>atti-</em></strong></span> 
     </span>
    </p>
   </div>
   <div class='ocr_carea' id='block_1_100' title="bbox 2227 3686 3812 3760">
    <p class='ocr_par' dir='ltr' id='par_1_100' title="bbox 2227 3686 3812 3760">
     <span class='ocr_line' id='line_1_100' title="bbox 2227 3686 3812 3760; baseline -0.009 -12"><span class='ocrx_word' id='word_1_706' title='bbox 2227 3692 2421 3747; x_wconf 89' lang='lat' dir='ltr'><strong><em>mabus</em></strong></span> <span class='ocrx_word' id='word_1_707' title='bbox 2467 3704 2588 3760; x_wconf 82' lang='lat' dir='ltr'><strong><em>quae</em></strong></span> <span class='ocrx_word' id='word_1_708' title='bbox 2639 3689 2690 3744; x_wconf 88' lang='lat' dir='ltr'><strong><em>id</em></strong></span> <span class='ocrx_word' id='word_1_709' title='bbox 2732 3697 2976 3742; x_wconf 86' lang='lat' dir='ltr'><strong><em>motuum</em></strong></span> <span class='ocrx_word' id='word_1_710' title='bbox 3011 3701 3241 3741; x_wconf 91' lang='lat' dir='ltr'><strong><em>suorum</em></strong></span> <span class='ocrx_word' id='word_1_711' title='bbox 3277 3686 3542 3747; x_wconf 81' lang='lat' dir='ltr'><strong><em>varietate</em></strong></span> <span class='ocrx_word' id='word_1_712' title='bbox 3591 3695 3812 3736; x_wconf 86' lang='lat' dir='ltr'><strong><em>merue-</em></strong></span> 
     </span>
    </p>
   </div>
   <div class='ocr_carea' id='block_1_101' title="bbox 2226 3773 3812 3850">
    <p class='ocr_par' dir='ltr' id='par_1_101' title="bbox 2226 3773 3812 3850">
     <span class='ocr_line' id='line_1_101' title="bbox 2226 3773 3812 3850; baseline -0.009 -10"><span class='ocrx_word' id='word_1_713' title='bbox 2226 3793 2394 3848; x_wconf 86' lang='lat' dir='ltr'><strong><em>runt,</em></strong></span> <span class='ocrx_word' id='word_1_714' title='bbox 2446 3799 2634 3848; x_wconf 82' lang='lat' dir='ltr'><strong><em>verum</em></strong></span> <span class='ocrx_word' id='word_1_715' title='bbox 2669 3791 2724 3836; x_wconf 90' lang='lat' dir='ltr'><strong><em>ct</em></strong></span> <span class='ocrx_word' id='word_1_716' title='bbox 2759 3783 2828 3836; x_wconf 89' lang='lat' dir='ltr'><strong><em>ab</em></strong></span> <span class='ocrx_word' id='word_1_717' title='bbox 2867 3781 2938 3836; x_wconf 91' lang='lat' dir='ltr'><strong><em>iis</em></strong></span> <span class='ocrx_word' id='word_1_718' title='bbox 2975 3796 3096 3850; x_wconf 72' lang='lat' dir='ltr'><strong><em>qua:</em></strong></span> <span class='ocrx_word' id='word_1_719' title='bbox 3133 3781 3201 3834; x_wconf 89' lang='lat' dir='ltr'><strong><em>ad</em></strong></span> <span class='ocrx_word' id='word_1_720' title='bbox 3239 3779 3399 3833; x_wconf 86' lang='lat' dir='ltr'><strong><em>totius</em></strong></span> <span class='ocrx_word' id='word_1_721' title='bbox 3428 3776 3614 3830; x_wconf 89' lang='lat' dir='ltr'><strong><em>mundi</em></strong></span> <span class='ocrx_word' id='word_1_722' title='bbox 3650 3773 3812 3829; x_wconf 88' lang='lat' dir='ltr'><strong><em>mini-</em></strong></span> 
     </span>
    </p>
   </div>
   <div class='ocr_carea' id='block_1_102' title="bbox 2229 3853 3812 3942">
    <p class='ocr_par' dir='ltr' id='par_1_102' title="bbox 2229 3853 3812 3942">
     <span class='ocr_line' id='line_1_102' title="bbox 2229 3853 3812 3942; baseline -0.008 -12"><span class='ocrx_word' id='word_1_723' title='bbox 2229 3853 2454 3930; x_wconf 59' lang='lat' dir='ltr'><strong><em>sterhtm</em></strong></span> <span class='ocrx_word' id='word_1_724' title='bbox 2485 3887 2552 3928; x_wconf 81' lang='lat' dir='ltr'><strong><em>ex</em></strong></span> <span class='ocrx_word' id='word_1_725' title='bbox 2577 3873 2682 3927; x_wconf 91' lang='lat' dir='ltr'><strong><em>illis</em></strong></span> <span class='ocrx_word' id='word_1_726' title='bbox 2713 3871 3086 3942; x_wconf 88' lang='lat' dir='ltr'><strong><em>superioribus</em></strong></span> <span class='ocrx_word' id='word_1_727' title='bbox 3116 3877 3172 3925; x_wconf 83' lang='lat' dir='ltr'><strong><em>et</em></strong></span> <span class='ocrx_word' id='word_1_728' title='bbox 3205 3867 3570 3924; x_wconf 89' lang='lat' dir='ltr'><strong><em>iuvisibilibus</em></strong></span> <span class='ocrx_word' id='word_1_729' title='bbox 3597 3867 3664 3919; x_wconf 88' lang='lat' dir='ltr'><strong><em>ad</em></strong></span> <span class='ocrx_word' id='word_1_730' title='bbox 3695 3865 3812 3919; x_wconf 58' lang='lat' dir='ltr'><strong><em>bare</em></strong></span> 
     </span>
    </p>
   </div>
   <div class='ocr_carea' id='block_1_103' title="bbox 2229 3959 3812 4024">
    <p class='ocr_par' dir='ltr' id='par_1_103' title="bbox 2229 3959 3812 4024">
     <span class='ocr_line' id='line_1_103' title="bbox 2229 3959 3812 4024; baseline -0.008 -3"><span class='ocrx_word' id='word_1_731' title='bbox 2229 3965 2487 4021; x_wconf 77' lang='lat' dir='ltr'><strong><em>inferiora</em></strong></span> <span class='ocrx_word' id='word_1_732' title='bbox 2538 3973 2593 4018; x_wconf 90' lang='lat' dir='ltr'><strong><em>et</em></strong></span> <span class='ocrx_word' id='word_1_733' title='bbox 2623 3963 2858 4018; x_wconf 89' lang='lat' dir='ltr'><strong><em>visibilia</em></strong></span> <span class='ocrx_word' id='word_1_734' title='bbox 2899 3963 3140 4017; x_wconf 74' lang='lat' dir='ltr'><strong><em>deducta:</em></strong></span> <span class='ocrx_word' id='word_1_735' title='bbox 3188 3969 3358 4024; x_wconf 91' lang='lat' dir='ltr'><strong><em>sunt,</em></strong></span> <span class='ocrx_word' id='word_1_736' title='bbox 3408 3959 3534 4012; x_wconf 83' lang='lat' dir='ltr'><strong><em>lit-et</em></strong></span> <span class='ocrx_word' id='word_1_737' title='bbox 3570 3972 3674 4011; x_wconf 90' lang='lat' dir='ltr'><strong><em>non</em></strong></span> <span class='ocrx_word' id='word_1_738' title='bbox 3719 3971 3812 4008; x_wconf 87' lang='lat' dir='ltr'><strong><em>vo-</em></strong></span> 
     </span>
    </p>
   </div>
   <div class='ocr_carea' id='block_1_104' title="bbox 2228 4050 3813 4123">
    <p class='ocr_par' dir='ltr' id='par_1_104' title="bbox 2228 4050 3813 4123">
     <span class='ocr_line' id='line_1_104' title="bbox 2228 4050 3813 4123; baseline -0.008 -11"><span class='ocrx_word' id='word_1_739' title='bbox 2228 4057 2445 4123; x_wconf 86' lang='lat' dir='ltr'><strong><em>lentes;</em></strong></span> <span class='ocrx_word' id='word_1_740' title='bbox 2496 4055 2719 4110; x_wconf 85' lang='lat' dir='ltr'><strong><em>uanitati</em></strong></span> <span class='ocrx_word' id='word_1_741' title='bbox 2765 4055 2954 4123; x_wconf 86' lang='lat' dir='ltr'><strong><em>quippe</em></strong></span> <span class='ocrx_word' id='word_1_742' title='bbox 2999 4050 3533 4119; x_wconf 67' lang='lat' dir='ltr'><strong><em>creaturaisubjecta</em></strong></span> <span class='ocrx_word' id='word_1_743' title='bbox 3583 4058 3658 4102; x_wconf 86' lang='lat' dir='ltr'><strong><em>est</em></strong></span> <span class='ocrx_word' id='word_1_744' title='bbox 3708 4061 3813 4099; x_wconf 73' lang='lat' dir='ltr'><strong><em>non</em></strong></span> 
     </span>
    </p>
   </div>
   <div class='ocr_carea' id='block_1_105' title="bbox 2229 4140 3812 4216">
    <p class='ocr_par' dir='ltr' id='par_1_105' title="bbox 2229 4140 3812 4216">
     <span class='ocr_line' id='line_1_105' title="bbox 2229 4140 3812 4216; baseline -0.009 -12"><span class='ocrx_word' id='word_1_745' title='bbox 2229 4152 2425 4215; x_wconf 84' lang='lat' dir='ltr'><strong><em>uolens,</em></strong></span> <span class='ocrx_word' id='word_1_746' title='bbox 2454 4149 2546 4204; x_wconf 87' lang='lat' dir='ltr'><strong><em>sed</em></strong></span> <span class='ocrx_word' id='word_1_747' title='bbox 2568 4154 2781 4216; x_wconf 85' lang='lat' dir='ltr'><strong><em>propter</em></strong></span> <span class='ocrx_word' id='word_1_748' title='bbox 2800 4162 2919 4201; x_wconf 90' lang='lat' dir='ltr'><strong><em>eum</em></strong></span> <span class='ocrx_word' id='word_1_749' title='bbox 2940 4145 3030 4213; x_wconf 90' lang='lat' dir='ltr'><strong><em>qui</em></strong></span> <span class='ocrx_word' id='word_1_750' title='bbox 3053 4142 3267 4212; x_wconf 84' lang='lat' dir='ltr'><strong><em>subjecit</em></strong></span> <span class='ocrx_word' id='word_1_751' title='bbox 3292 4158 3406 4196; x_wconf 84' lang='lat' dir='ltr'><strong><em>eam</em></strong></span> <span class='ocrx_word' id='word_1_752' title='bbox 3429 4142 3483 4194; x_wconf 91' lang='lat' dir='ltr'><strong><em>in</em></strong></span> <span class='ocrx_word' id='word_1_753' title='bbox 3505 4156 3592 4208; x_wconf 88' lang='lat' dir='ltr'><strong><em>spe</em></strong></span> <span class='ocrx_word' id='word_1_754' title='bbox 3619 4140 3688 4204; x_wconf 70' lang='grc' dir='ltr'><strong><em>θ’,</em></strong></span> <span class='ocrx_word' id='word_1_755' title='bbox 3704 4151 3812 4206; x_wconf 87' lang='lat' dir='ltr'><strong><em>qua</em></strong></span> 
     </span>
    </p>
   </div>
   <div class='ocr_carea' id='block_1_106' title="bbox 2229 4230 3816 4308">
    <p class='ocr_par' dir='ltr' id='par_1_106' title="bbox 2229 4230 3816 4308">
     <span class='ocr_line' id='line_1_106' title="bbox 2229 4230 3816 4308; baseline -0.009 -12"><span class='ocrx_word' id='word_1_756' title='bbox 2229 4242 2317 4296; x_wconf 89' lang='lat' dir='ltr'><strong><em>vel</em></strong></span> <span class='ocrx_word' id='word_1_757' title='bbox 2361 4240 2462 4308; x_wconf 89' lang='lat' dir='ltr'><strong><em>sol,</em></strong></span> <span class='ocrx_word' id='word_1_758' title='bbox 2511 4240 2594 4296; x_wconf 84' lang='lat' dir='ltr'><strong><em>vel</em></strong></span> <span class='ocrx_word' id='word_1_759' title='bbox 2641 4240 2791 4306; x_wconf 88' lang='lat' dir='ltr'><strong><em>luna,</em></strong></span> <span class='ocrx_word' id='word_1_760' title='bbox 2835 4239 2919 4294; x_wconf 89' lang='lat' dir='ltr'><strong><em>vel</em></strong></span> <span class='ocrx_word' id='word_1_761' title='bbox 2947 4237 3136 4301; x_wconf 67' lang='lat' dir='ltr'><strong><em>stellas,</em></strong></span> <span class='ocrx_word' id='word_1_762' title='bbox 3175 4235 3254 4289; x_wconf 87' lang='lat' dir='ltr'><strong><em>vel</em></strong></span> <span class='ocrx_word' id='word_1_763' title='bbox 3304 4233 3480 4302; x_wconf 80' lang='lat' dir='ltr'><strong><em>angeli</em></strong></span> <span class='ocrx_word' id='word_1_764' title='bbox 3530 4230 3816 4298; x_wconf 81' lang='lat' dir='ltr'><strong><em>explerent</em></strong></span> 
     </span>
    </p>
   </div>
   <div class='ocr_carea' id='block_1_107' title="bbox 2229 4321 3815 4403">
    <p class='ocr_par' dir='ltr' id='par_1_107' title="bbox 2229 4321 3815 4403">
     <span class='ocr_line' id='line_1_107' title="bbox 2229 4321 3815 4403; baseline -0.009 -14"><span class='ocrx_word' id='word_1_765' title='bbox 2229 4333 2552 4403; x_wconf 89' lang='lat' dir='ltr'><strong><em>obsequium</em></strong></span> <span class='ocrx_word' id='word_1_766' title='bbox 2585 4332 2786 4387; x_wconf 87' lang='lat' dir='ltr'><strong><em>mundo</em></strong></span> <span class='ocrx_word' id='word_1_767' title='bbox 2811 4371 2825 4396; x_wconf 86' lang='lat'><strong><em>.</em></strong></span> <span class='ocrx_word' id='word_1_768' title='bbox 2858 4339 2914 4386; x_wconf 91' lang='lat' dir='ltr'><strong><em>et</em></strong></span> <span class='ocrx_word' id='word_1_769' title='bbox 2941 4329 3028 4384; x_wconf 89' lang='lat' dir='ltr'><strong><em>bis</em></strong></span> <span class='ocrx_word' id='word_1_770' title='bbox 3054 4328 3343 4382; x_wconf 90' lang='lat' dir='ltr'><strong><em>animabus</em></strong></span> <span class='ocrx_word' id='word_1_771' title='bbox 3371 4339 3492 4394; x_wconf 62' lang='lat' dir='ltr'><strong><em>quae</em></strong></span> <span class='ocrx_word' id='word_1_772' title='bbox 3517 4325 3586 4377; x_wconf 87' lang='lat' dir='ltr'><strong><em>ob</em></strong></span> <span class='ocrx_word' id='word_1_773' title='bbox 3620 4321 3815 4374; x_wconf 89' lang='lat' dir='ltr'><strong><em>nimios</em></strong></span> 
     </span>
    </p>
   </div>
   <div class='ocr_carea' id='block_1_108' title="bbox 2235 4410 3813 4480">
    <p class='ocr_par' dir='ltr' id='par_1_108' title="bbox 2235 4410 3813 4480">
     <span class='ocr_line' id='line_1_108' title="bbox 2235 4410 3813 4480; baseline -0.012 0"><span class='ocrx_word' id='word_1_774' title='bbox 2235 4425 2487 4480; x_wconf 82' lang='lat' dir='ltr'><strong><em>defectus</em></strong></span> <span class='ocrx_word' id='word_1_775' title='bbox 2532 4410 2734 4480; x_wconf 76' lang='lat' dir='ltr'><strong><em>mentis</em></strong></span> <span class='ocrx_word' id='word_1_776' title='bbox 2776 4421 3141 4478; x_wconf 86' lang='lat' dir='ltr'><strong><em>crassioribus</em></strong></span> <span class='ocrx_word' id='word_1_777' title='bbox 3183 4417 3306 4472; x_wconf 89' lang='lat' dir='ltr'><strong><em>istis</em></strong></span> <span class='ocrx_word' id='word_1_778' title='bbox 3358 4424 3414 4470; x_wconf 87' lang='lat' dir='ltr'><strong><em>et</em></strong></span> <span class='ocrx_word' id='word_1_779' title='bbox 3465 4410 3813 4469; x_wconf 88' lang='lat' dir='ltr'><strong><em>solidioribus</em></strong></span> 
     </span>
    </p>
   </div>
   <div class='ocr_carea' id='block_1_109' title="bbox 2161 4503 3815 4596">
    <p class='ocr_par' dir='ltr' id='par_1_109' title="bbox 2161 4503 3815 4596">
     <span class='ocr_line' id='line_1_109' title="bbox 2161 4503 3815 4596; baseline -0.008 -25"><span class='ocrx_word' id='word_1_780' title='bbox 2161 4541 2205 4596; x_wconf 73' lang='grc' dir='ltr'>ι)</span> <span class='ocrx_word' id='word_1_781' title='bbox 2235 4515 2516 4586; x_wconf 80' lang='lat' dir='ltr'><strong><em>indiguere</em></strong></span> <span class='ocrx_word' id='word_1_782' title='bbox 2560 4515 2913 4586; x_wconf 87' lang='lat' dir='ltr'><strong><em>corporibus,</em></strong></span> <span class='ocrx_word' id='word_1_783' title='bbox 2965 4521 3022 4568; x_wconf 89' lang='lat' dir='ltr'><strong><em>et</em></strong></span> <span class='ocrx_word' id='word_1_784' title='bbox 3074 4519 3294 4581; x_wconf 90' lang='lat' dir='ltr'><strong><em>propter</em></strong></span> <span class='ocrx_word' id='word_1_785' title='bbox 3335 4522 3430 4564; x_wconf 91' lang='lat' dir='ltr'><strong><em>eos</em></strong></span> <span class='ocrx_word' id='word_1_786' title='bbox 3471 4506 3668 4596; x_wconf 85' lang='lat' dir='ltr'><strong><em>quibus</em></strong></span> <span class='ocrx_word' id='word_1_787' title='bbox 3713 4503 3815 4596; x_wconf 76' lang='lat' dir='ltr'><strong><em>boc</em></strong></span> 
     </span>
    </p>
   </div>
   <div class='ocr_carea' id='block_1_110' title="bbox 2235 4593 3816 4672">
    <p class='ocr_par' dir='ltr' id='par_1_110' title="bbox 2235 4593 3816 4672">
     <span class='ocr_line' id='line_1_110' title="bbox 2235 4593 3816 4672; baseline -0.01 -11"><span class='ocrx_word' id='word_1_788' title='bbox 2235 4615 2356 4661; x_wconf 90' lang='lat' dir='ltr'><strong><em>erat</em></strong></span> <span class='ocrx_word' id='word_1_789' title='bbox 2383 4609 2754 4662; x_wconf 88' lang='lat' dir='ltr'><strong><em>necessarium</em></strong></span> <span class='ocrx_word' id='word_1_790' title='bbox 2780 4647 2796 4672; x_wconf 91' lang='lat'><strong><em>,</em></strong></span> <span class='ocrx_word' id='word_1_791' title='bbox 2845 4603 3082 4660; x_wconf 88' lang='lat' dir='ltr'><strong><em>mundus</em></strong></span> <span class='ocrx_word' id='word_1_792' title='bbox 3128 4603 3232 4656; x_wconf 89' lang='lat' dir='ltr'><strong><em>iste</em></strong></span> <span class='ocrx_word' id='word_1_793' title='bbox 3270 4600 3433 4653; x_wconf 89' lang='lat' dir='ltr'><strong><em>etiam</em></strong></span> <span class='ocrx_word' id='word_1_794' title='bbox 3464 4595 3698 4651; x_wconf 88' lang='lat' dir='ltr'><strong><em>visibilis</em></strong></span> <span class='ocrx_word' id='word_1_795' title='bbox 3733 4593 3816 4646; x_wconf 91' lang='lat' dir='ltr'><strong><em>in-</em></strong></span> 
     </span>
    </p>
   </div>
   <div class='ocr_carea' id='block_1_111' title="bbox 2237 4695 3817 4756">
    <p class='ocr_par' dir='ltr' id='par_1_111' title="bbox 2237 4695 3817 4756">
     <span class='ocr_line' id='line_1_111' title="bbox 2237 4695 3817 4756; baseline -0.011 -1"><span class='ocrx_word' id='word_1_796' title='bbox 2237 4701 2463 4756; x_wconf 88' lang='lat' dir='ltr'><strong><em>stitutus</em></strong></span> <span class='ocrx_word' id='word_1_797' title='bbox 2494 4710 2598 4756; x_wconf 88' lang='lat' dir='ltr'><strong><em>est.</em></strong></span> <span class='ocrx_word' id='word_1_798' title='bbox 2631 4720 2649 4753; x_wconf 78' lang='grc' dir='ltr'><strong><em>ι</em></strong></span> <span class='ocrx_word' id='word_1_799' title='bbox 2683 4701 2747 4754; x_wconf 81' lang='lat' dir='ltr'><strong><em>Et</em></strong></span> <span class='ocrx_word' id='word_1_800' title='bbox 2774 4715 2896 4753; x_wconf 81' lang='lat' dir='ltr'><strong><em>mox</em></strong></span> <span class='ocrx_word' id='word_1_801' title='bbox 2926 4715 2940 4752; x_wconf 87' lang='lat'><strong>:</strong></span> <span class='ocrx_word' id='word_1_802' title='bbox 2975 4717 2994 4748; x_wconf 79' lang='grc' dir='ltr'><strong><em>ι</em></strong></span> <span class='ocrx_word' id='word_1_803' title='bbox 3021 4695 3204 4750; x_wconf 84' lang='lat' dir='ltr'><strong><em>Talem</em></strong></span> <span class='ocrx_word' id='word_1_804' title='bbox 3237 4709 3364 4748; x_wconf 87' lang='lat' dir='ltr'><strong><em>vero</em></strong></span> <span class='ocrx_word' id='word_1_805' title='bbox 3388 4705 3450 4745; x_wconf 92' lang='lat' dir='ltr'><strong><em>ac</em></strong></span> <span class='ocrx_word' id='word_1_806' title='bbox 3475 4701 3679 4744; x_wconf 85' lang='lat' dir='ltr'><strong><em>tantum</em></strong></span> <span class='ocrx_word' id='word_1_807' title='bbox 3715 4701 3817 4755; x_wconf 88' lang='lat' dir='ltr'><strong><em>pu-</em></strong></span> 
     </span>
    </p>
   </div>
   <div class='ocr_carea' id='block_1_112' title="bbox 2242 4781 3817 4854">
    <p class='ocr_par' dir='ltr' id='par_1_112' title="bbox 2242 4781 3817 4854">
     <span class='ocr_line' id='line_1_112' title="bbox 2242 4781 3817 4854; baseline -0.011 -5"><span class='ocrx_word' id='word_1_808' title='bbox 2242 4796 2468 4849; x_wconf 87' lang='lat' dir='ltr'><strong><em>tandum</em></strong></span> <span class='ocrx_word' id='word_1_809' title='bbox 2507 4804 2593 4849; x_wconf 89' lang='lat' dir='ltr'><strong><em>est</em></strong></span> <span class='ocrx_word' id='word_1_810' title='bbox 2639 4793 2843 4846; x_wconf 77' lang='lat' dir='ltr'><strong><em>factum</em></strong></span> <span class='ocrx_word' id='word_1_811' title='bbox 2883 4805 3004 4845; x_wconf 88' lang='lat' dir='ltr'><strong><em>esse</em></strong></span> <span class='ocrx_word' id='word_1_812' title='bbox 3051 4788 3344 4849; x_wconf 91' lang='lat' dir='ltr'><strong><em>mundum,</em></strong></span> <span class='ocrx_word' id='word_1_813' title='bbox 3383 4783 3475 4854; x_wconf 91' lang='lat' dir='ltr'><strong><em>qui</em></strong></span> <span class='ocrx_word' id='word_1_814' title='bbox 3511 4781 3594 4836; x_wconf 88' lang='lat' dir='ltr'><strong><em>vel</em></strong></span> <span class='ocrx_word' id='word_1_815' title='bbox 3628 4793 3817 4834; x_wconf 88' lang='lat' dir='ltr'><strong><em>omnes</em></strong></span> 
     </span>
    </p>
   </div>
   <div class='ocr_carea' id='block_1_113' title="bbox 2240 4879 3816 4958">
    <p class='ocr_par' dir='ltr' id='par_1_113' title="bbox 2240 4879 3816 4958">
     <span class='ocr_line' id='line_1_113' title="bbox 2240 4879 3816 4958; baseline -0.01 -18"><span class='ocrx_word' id='word_1_816' title='bbox 2240 4901 2334 4940; x_wconf 86' lang='lat' dir='ltr'><strong><em>eas</em></strong></span> <span class='ocrx_word' id='word_1_817' title='bbox 2369 4886 2601 4951; x_wconf 85' lang='lat' dir='ltr'><strong><em>animas,</em></strong></span> <span class='ocrx_word' id='word_1_818' title='bbox 2632 4899 2752 4954; x_wconf 71' lang='lat' dir='ltr'><strong><em>quae</em></strong></span> <span class='ocrx_word' id='word_1_819' title='bbox 2781 4885 2832 4936; x_wconf 91' lang='lat' dir='ltr'><strong><em>in</em></strong></span> <span class='ocrx_word' id='word_1_820' title='bbox 2879 4882 2983 4936; x_wconf 88' lang='lat' dir='ltr'><strong><em>hoc</em></strong></span> <span class='ocrx_word' id='word_1_821' title='bbox 3025 4879 3226 4934; x_wconf 90' lang='lat' dir='ltr'><strong><em>mundo</em></strong></span> <span class='ocrx_word' id='word_1_822' title='bbox 3259 4887 3475 4933; x_wconf 77' lang='lat' dir='ltr'><strong><em>statuta:</em></strong></span> <span class='ocrx_word' id='word_1_823' title='bbox 3504 4881 3632 4929; x_wconf 88' lang='lat' dir='ltr'><strong><em>sunt</em></strong></span> <span class='ocrx_word' id='word_1_824' title='bbox 3656 4887 3816 4958; x_wconf 81' lang='lat' dir='ltr'><strong><em>excr-</em></strong></span> 
     </span>
    </p>
   </div>
   <div class='ocr_carea' id='block_1_114' title="bbox 2236 4964 3819 5046">
    <p class='ocr_par' dir='ltr' id='par_1_114' title="bbox 2236 4964 3819 5046">
     <span class='ocr_line' id='line_1_114' title="bbox 2236 4964 3819 5046; baseline -0.011 -12"><span class='ocrx_word' id='word_1_825' title='bbox 2236 4977 2372 5043; x_wconf 90' lang='lat' dir='ltr'><strong><em>ceri,</em></strong></span> <span class='ocrx_word' id='word_1_826' title='bbox 2411 4985 2654 5046; x_wconf 90' lang='lat' dir='ltr'><strong><em>caperet,</em></strong></span> <span class='ocrx_word' id='word_1_827' title='bbox 2691 4975 2774 5030; x_wconf 89' lang='lat' dir='ltr'><strong><em>vel</em></strong></span> <span class='ocrx_word' id='word_1_828' title='bbox 2813 4987 3002 5028; x_wconf 88' lang='lat' dir='ltr'><strong><em>omnes</em></strong></span> <span class='ocrx_word' id='word_1_829' title='bbox 3046 4986 3140 5027; x_wconf 87' lang='lat' dir='ltr'><strong><em>eas</em></strong></span> <span class='ocrx_word' id='word_1_830' title='bbox 3188 4969 3415 5024; x_wconf 88' lang='lat' dir='ltr'><strong><em>virtutes</em></strong></span> <span class='ocrx_word' id='word_1_831' title='bbox 3462 4981 3580 5035; x_wconf 76' lang='lat' dir='ltr'><strong><em>quae</em></strong></span> <span class='ocrx_word' id='word_1_832' title='bbox 3626 4964 3819 5018; x_wconf 77' lang='lat' dir='ltr'><strong><em>adesse</em></strong></span> 
     </span>
    </p>
   </div>
   <div class='ocr_carea' id='block_1_115' title="bbox 2235 5062 3810 5136">
    <p class='ocr_par' dir='ltr' id='par_1_115' title="bbox 2235 5062 3810 5136">
     <span class='ocr_line' id='line_1_115' title="bbox 2235 5062 3810 5136; baseline -0.012 -13"><span class='ocrx_word' id='word_1_833' title='bbox 2235 5069 2337 5133; x_wconf 88' lang='lat' dir='ltr'><strong><em>eis,</em></strong></span> <span class='ocrx_word' id='word_1_834' title='bbox 2388 5077 2444 5122; x_wconf 88' lang='lat' dir='ltr'><strong><em>et</em></strong></span> <span class='ocrx_word' id='word_1_835' title='bbox 2495 5068 2814 5136; x_wconf 88' lang='lat' dir='ltr'><strong><em>dispensare</em></strong></span> <span class='ocrx_word' id='word_1_836' title='bbox 2863 5079 2958 5119; x_wconf 86' lang='lat' dir='ltr'><strong><em>eas</em></strong></span> <span class='ocrx_word' id='word_1_837' title='bbox 3010 5077 3072 5117; x_wconf 91' lang='lat' dir='ltr'><strong><em>ac</em></strong></span> <span class='ocrx_word' id='word_1_838' title='bbox 3119 5062 3314 5131; x_wconf 68' lang='lat' dir='ltr'><strong><em>iuvare</em></strong></span> <span class='ocrx_word' id='word_1_839' title='bbox 3372 5066 3577 5130; x_wconf 74' lang='lat' dir='ltr'><strong><em>parata:</em></strong></span> <span class='ocrx_word' id='word_1_840' title='bbox 3612 5062 3757 5110; x_wconf 87' lang='lat' dir='ltr'><strong><em>sunt.</em></strong></span> <span class='ocrx_word' id='word_1_841' title='bbox 3792 5070 3810 5102; x_wconf 79' lang='grc' dir='ltr'><strong><em>ι</em></strong></span> 
     </span>
    </p>
   </div>
   <div class='ocr_carea' id='block_1_116' title="bbox 2235 5145 3818 5226">
    <p class='ocr_par' dir='ltr' id='par_1_116' title="bbox 2235 5145 3818 5226">
     <span class='ocr_line' id='line_1_116' title="bbox 2235 5145 3818 5226; baseline -0.009 -16"><span class='ocrx_word' id='word_1_842' title='bbox 2235 5157 2414 5226; x_wconf 78' lang='lat' dir='ltr'><strong><em>Atque</em></strong></span> <span class='ocrx_word' id='word_1_843' title='bbox 2459 5156 2575 5212; x_wconf 67' lang='lat' dir='ltr'><strong><em>haec</em></strong></span> <span class='ocrx_word' id='word_1_844' title='bbox 2621 5156 2736 5226; x_wconf 90' lang='lat' dir='ltr'><strong><em>ipsa</em></strong></span> <span class='ocrx_word' id='word_1_845' title='bbox 2779 5154 2896 5208; x_wconf 89' lang='lat' dir='ltr'><strong><em>loca</em></strong></span> <span class='ocrx_word' id='word_1_846' title='bbox 2927 5152 3192 5208; x_wconf 91' lang='lat' dir='ltr'><strong><em>librorum</em></strong></span> <span class='ocrx_word' id='word_1_847' title='bbox 3222 5149 3363 5217; x_wconf 77' lang='grc' dir='ltr'><strong><em>Περὶ</em></strong></span> <span class='ocrx_word' id='word_1_848' title='bbox 3399 5145 3604 5216; x_wconf 81' lang='grc' dir='ltr'><strong><em>ἀρχῶν</em></strong></span> <span class='ocrx_word' id='word_1_849' title='bbox 3633 5155 3818 5214; x_wconf 86' lang='lat' dir='ltr'><strong><em>repre-</em></strong></span> 
     </span>
    </p>
   </div>
   <div class='ocr_carea' id='block_1_117' title="bbox 2243 5233 3817 5315">
    <p class='ocr_par' dir='ltr' id='par_1_117' title="bbox 2243 5233 3817 5315">
     <span class='ocr_line' id='line_1_117' title="bbox 2243 5233 3817 5315; baseline -0.012 -10"><span class='ocrx_word' id='word_1_850' title='bbox 2243 5246 2522 5305; x_wconf 85' lang='lat' dir='ltr'><strong><em>hensionis</em></strong></span> <span class='ocrx_word' id='word_1_851' title='bbox 2571 5262 2734 5302; x_wconf 88' lang='lat' dir='ltr'><strong><em>causa</em></strong></span> <span class='ocrx_word' id='word_1_852' title='bbox 2767 5245 2972 5315; x_wconf 78' lang='lat' dir='ltr'><strong><em>profert</em></strong></span> <span class='ocrx_word' id='word_1_853' title='bbox 3012 5244 3378 5312; x_wconf 83' lang='lat' dir='ltr'><strong><em>Hieronymus</em></strong></span> <span class='ocrx_word' id='word_1_854' title='bbox 3419 5241 3578 5306; x_wconf 82' lang='lat' dir='ltr'><strong><em>epist.</em></strong></span> <span class='ocrx_word' id='word_1_855' title='bbox 3613 5236 3708 5299; x_wconf 84' lang='lat'><strong><em>59,</em></strong></span> <span class='ocrx_word' id='word_1_856' title='bbox 3751 5233 3817 5287; x_wconf 88' lang='lat' dir='ltr'><strong><em>ad</em></strong></span> 
     </span>
    </p>
   </div>
   <div class='ocr_carea' id='block_1_118' title="bbox 2239 5323 3820 5413">
    <p class='ocr_par' dir='ltr' id='par_1_118' title="bbox 2239 5323 3820 5413">
     <span class='ocr_line' id='line_1_118' title="bbox 2239 5323 3820 5413; baseline -0.013 -15"><span class='ocrx_word' id='word_1_857' title='bbox 2239 5343 2413 5408; x_wconf 78' lang='lat' dir='ltr'><strong><em>Avit.,</em></strong></span> <span class='ocrx_word' id='word_1_858' title='bbox 2453 5357 2575 5413; x_wconf 90' lang='lat' dir='ltr'><strong><em>cap.</em></strong></span> <span class='ocrx_word' id='word_1_859' title='bbox 2597 5343 2632 5396; x_wconf 72' lang='lat'><strong>2</strong></span> <span class='ocrx_word' id='word_1_860' title='bbox 2655 5351 2709 5396; x_wconf 90' lang='lat' dir='ltr'><strong><em>et</em></strong></span> <span class='ocrx_word' id='word_1_861' title='bbox 2730 5340 2784 5394; x_wconf 73' lang='grc' dir='ltr'><strong><em>ὃ.</em></strong></span> <span class='ocrx_word' id='word_1_862' title='bbox 2816 5339 2937 5393; x_wconf 81' lang='lat' dir='ltr'><strong><em>Alia</em></strong></span> <span class='ocrx_word' id='word_1_863' title='bbox 2972 5349 3233 5409; x_wconf 63' lang='lat' dir='ltr'><strong><em>prieterea</em></strong></span> <span class='ocrx_word' id='word_1_864' title='bbox 3261 5335 3369 5388; x_wconf 90' lang='lat' dir='ltr'><strong><em>duo</em></strong></span> <span class='ocrx_word' id='word_1_865' title='bbox 3393 5347 3423 5386; x_wconf 91' lang='lat' dir='ltr'><strong><em>e</em></strong></span> <span class='ocrx_word' id='word_1_866' title='bbox 3455 5331 3591 5384; x_wconf 87' lang='lat' dir='ltr'><strong><em>libro</em></strong></span> <span class='ocrx_word' id='word_1_867' title='bbox 3615 5345 3648 5382; x_wconf 87' lang='grc' dir='ltr'><strong><em>ιι</em></strong></span> <span class='ocrx_word' id='word_1_868' title='bbox 3681 5323 3820 5393; x_wconf 76' lang='grc' dir='ltr'><strong><em>Περὶ</em></strong></span> 
     </span>
    </p>
   </div>
   <div class='ocr_carea' id='block_1_119' title="bbox 2240 5424 3820 5508">
    <p class='ocr_par' dir='ltr' id='par_1_119' title="bbox 2240 5424 3820 5508">
     <span class='ocr_line' id='line_1_119' title="bbox 2240 5424 3820 5508; baseline -0.011 -15"><span class='ocrx_word' id='word_1_869' title='bbox 2240 5437 2462 5508; x_wconf 77' lang='grc' dir='ltr'><strong><em>ἀρχῶν,</em></strong></span> <span class='ocrx_word' id='word_1_870' title='bbox 2515 5453 2635 5506; x_wconf 89' lang='lat' dir='ltr'><strong><em>cap.</em></strong></span> <span class='ocrx_word' id='word_1_871' title='bbox 2665 5437 2717 5501; x_wconf 85' lang='lat' dir='ltr'><strong><em>l,</em></strong></span> <span class='ocrx_word' id='word_1_872' title='bbox 2760 5451 2907 5489; x_wconf 91' lang='lat' dir='ltr'><strong><em>num.</em></strong></span> <span class='ocrx_word' id='word_1_873' title='bbox 2944 5435 2996 5499; x_wconf 80' lang='grc'><strong><em>1,</em></strong></span> <span class='ocrx_word' id='word_1_874' title='bbox 3050 5441 3104 5486; x_wconf 88' lang='lat' dir='ltr'><strong><em>et</em></strong></span> <span class='ocrx_word' id='word_1_875' title='bbox 3153 5445 3184 5487; x_wconf 88' lang='lat' dir='ltr'><strong><em>e</em></strong></span> <span class='ocrx_word' id='word_1_876' title='bbox 3223 5429 3319 5485; x_wconf 88' lang='lat' dir='ltr'><strong><em>lib.</em></strong></span> <span class='ocrx_word' id='word_1_877' title='bbox 3351 5444 3404 5482; x_wconf 90' lang='lat' dir='ltr'><strong><em>tv</em></strong></span> <span class='ocrx_word' id='word_1_878' title='bbox 3445 5425 3608 5482; x_wconf 81' lang='lat' dir='ltr'><strong><em>refert</em></strong></span> <span class='ocrx_word' id='word_1_879' title='bbox 3653 5424 3820 5479; x_wconf 82' lang='lat' dir='ltr'><strong><em>Justi-</em></strong></span> 
     </span>
    </p>
   </div>
   <div class='ocr_carea' id='block_1_120' title="bbox 2242 5516 3822 5593">
    <p class='ocr_par' dir='ltr' id='par_1_120' title="bbox 2242 5516 3822 5593">
     <span class='ocr_line' id='line_1_120' title="bbox 2242 5516 3822 5593; baseline -0.011 -8"><span class='ocrx_word' id='word_1_880' title='bbox 2242 5533 2437 5587; x_wconf 86' lang='lat' dir='ltr'><strong><em>nianus</em></strong></span> <span class='ocrx_word' id='word_1_881' title='bbox 2485 5531 2551 5583; x_wconf 88' lang='lat' dir='ltr'><strong><em>ad</em></strong></span> <span class='ocrx_word' id='word_1_882' title='bbox 2608 5529 2812 5582; x_wconf 88' lang='lat' dir='ltr'><strong><em>calcem</em></strong></span> <span class='ocrx_word' id='word_1_883' title='bbox 2861 5524 3106 5593; x_wconf 70' lang='lat' dir='ltr'><strong><em>epistola:</em></strong></span> <span class='ocrx_word' id='word_1_884' title='bbox 3152 5524 3217 5576; x_wconf 87' lang='lat' dir='ltr'><strong><em>ad</em></strong></span> <span class='ocrx_word' id='word_1_885' title='bbox 3257 5520 3512 5585; x_wconf 85' lang='lat' dir='ltr'><strong><em>Menam,</em></strong></span> <span class='ocrx_word' id='word_1_886' title='bbox 3563 5534 3682 5584; x_wconf 70' lang='lat' dir='ltr'><strong><em>quia</em></strong></span> <span class='ocrx_word' id='word_1_887' title='bbox 3717 5516 3822 5570; x_wconf 83' lang='lat' dir='ltr'><strong><em>huc</em></strong></span> 
     </span>
    </p>
   </div>
   <div class='ocr_carea' id='block_1_121' title="bbox 2243 5609 3817 5688">
    <p class='ocr_par' dir='ltr' id='par_1_121' title="bbox 2243 5609 3817 5688">
     <span class='ocr_line' id='line_1_121' title="bbox 2243 5609 3817 5688; baseline -0.012 -9"><span class='ocrx_word' id='word_1_888' title='bbox 2243 5621 2538 5679; x_wconf 85' lang='lat' dir='ltr'><strong><em>inseruisse</em></strong></span> <span class='ocrx_word' id='word_1_889' title='bbox 2569 5633 2959 5688; x_wconf 82' lang='lat' dir='ltr'><strong><em>supervacuum</em></strong></span> <span class='ocrx_word' id='word_1_890' title='bbox 3001 5631 3104 5670; x_wconf 91' lang='lat' dir='ltr'><strong><em>non</em></strong></span> <span class='ocrx_word' id='word_1_891' title='bbox 3160 5614 3342 5668; x_wconf 78' lang='lat' dir='ltr'><strong><em>fuerit.</em></strong></span> <span class='ocrx_word' id='word_1_892' title='bbox 3383 5610 3541 5665; x_wconf 85' lang='lat' dir='ltr'><strong><em>Prior</em></strong></span> <span class='ocrx_word' id='word_1_893' title='bbox 3575 5609 3664 5664; x_wconf 85' lang='lat' dir='ltr'><strong><em>hic</em></strong></span> <span class='ocrx_word' id='word_1_894' title='bbox 3697 5616 3817 5661; x_wconf 79' lang='lat' dir='ltr'><strong><em>est:</em></strong></span> 
     </span>
    </p>
   </div>
   <div class='ocr_carea' id='block_1_122' title="bbox 2244 5697 3820 5782">
    <p class='ocr_par' dir='ltr' id='par_1_122' title="bbox 2244 5697 3820 5782">
     <span class='ocr_line' id='line_1_122' title="bbox 2244 5697 3820 5782; baseline -0.012 -15"><span class='ocrx_word' id='word_1_895' title='bbox 2244 5711 2399 5766; x_wconf 75' lang='grc' dir='ltr'>υῦτω</span> <span class='ocrx_word' id='word_1_896' title='bbox 2432 5711 2494 5782; x_wconf 74' lang='grc' dir='ltr'><strong><em>δὴ</em></strong></span> <span class='ocrx_word' id='word_1_897' title='bbox 2530 5707 2917 5764; x_wconf 75' lang='grc' dir='ltr'>ποικιλωτάτου</span> <span class='ocrx_word' id='word_1_898' title='bbox 2959 5707 3163 5776; x_wconf 81' lang='grc' dir='ltr'>κόσμου</span> <span class='ocrx_word' id='word_1_899' title='bbox 3195 5701 3548 5772; x_wconf 58' lang='grc' dir='ltr'>τυγχάνοντος</span> <span class='ocrx_word' id='word_1_900' title='bbox 3571 5739 3584 5764; x_wconf 95' lang='grc'><em>,</em></span> <span class='ocrx_word' id='word_1_901' title='bbox 3617 5697 3710 5752; x_wconf 72' lang='grc' dir='ltr'><strong><em>καὶ</em></strong></span> <span class='ocrx_word' id='word_1_902' title='bbox 3740 5711 3820 5748; x_wconf 84' lang='grc' dir='ltr'>το-</span> 
     </span>
    </p>
   </div>
  </div>
