4170 6422
428 397 568 452 ίῦ49

1246 397 1828 456 ΟιιιϐΕΝιΑΝοιιιιιι
1872 402 2001 458 LIB.
2045 401 2108 468 ll,
2149 403 2302 459 CAP.
2346 403 2410 470 ll,
2450 405 2728 472 QUA‘IST.
2772 409 2884 462 XII.

3551 414 3690 469 1059

429 518 604 574 σαῦτα
641 520 874 590 διάφορα
903 520 1096 589 λογικὰ
1129 521 1508 591 περιέχοντος,
1541 523 1594 575 τί
1623 523 1751 576 ἄλλο
1785 524 1890 596 χρὴ
1930 525 2012 578 λέ-

2124 527 2300 580 dicunt
2345 543 2620 598 peccasse,
2663 542 2716 583 et
2763 546 2859 600 pro
2888 530 3207 587 diversitate
3250 547 3591 603 peccatorum
3624 539 3690 594 de

425 631 542 682 γειν
564 612 737 666 αἴτιον
765 612 1043 680 γεγονέναι
1071 613 1166 667 τοῦ
1196 615 1496 684 ὑποστῆναι
1527 616 1710 679 αὐτὸν,
1748 617 1780 687 ἢ
1815 617 1875 669 τὺ
1899 633 2011 670 ποι-

425 706 574 760 κίλον
616 706 714 774 τῆς
752 704 1123 770 ἀποπτῶσέως
1165 705 1272 759 τῶν
1313 706 1412 776 οὐχ
1448 706 1654 777 ὁμοίως
1686 707 1784 778 τῆς
1826 707 2011 771 ὲνάδος

425 798 808 870 ἀπορρεόντων
831 815 845 828 ο
883 816 901 848 ι
927 797 1002 852 Ita
1033 813 1157 852 cum
1197 813 1407 852 summa
1451 799 1769 854 diversitate
1797 811 2009 855 constet

427 891 660 947 mundus
683 929 697 954 ,
754 898 943 958 totque
977 888 1221 944 diversas
1266 890 1543 944 contineat
1586 891 1879 946 rationales
1914 907 2010 946 na-

427 993 614 1044 turas,
654 995 775 1050 quite
822 979 928 1034 alia
973 995 1137 1035 causa
1168 980 1394 1035 dicenda
1440 990 1526 1035 est
1578 995 1677 1035 cur
1724 983 2008 1044 subsistat.

427 1090 587 1144 quam
613 1075 796 1128 varios
823 1072 1105 1127 decidendi
1132 1073 1342 1138 modos,
1374 1087 1562 1128 eorum
1586 1075 1679 1143 qui
1705 1075 1774 1128 ab
1798 1075 2010 1128 unitate

428 1165 675 1221 similiter
699 1179 802 1218 non
824 1164 1134 1219 defluunt?»
1165 1164 1313 1218 Alter
1337 1165 1408 1220 ita
1438 1179 1497 1219 se
1523 1164 1682 1219 habet
1719 1184 1731 1218 :
1771 1165 2006 1236 Ἀνάγκη

431 1257 505 1327 μὴ
547 1256 966 1327 προηγουμένην
1005 1256 1293 1325 τυγχάνειν
1323 1255 1424 1327 τὴν
1457 1255 1568 1309 τῶν
1611 1257 1878 1327 σωμάτων
1912 1256 2012 1326 φύ-

428 1365 551 1412 σιν,
607 1348 744 1402 ἀλλὰ
797 1351 861 1400 ἐκ
920 1347 1324 1418 διαλειμμάτων
1373 1349 1698 1417 ὑφίστασθαι
1751 1349 1840 1402 διά
1889 1367 2010 1402 τινα

429 1440 807 1512 συμπτώματα
835 1442 1094 1513 γινόμενα
1125 1442 1254 1512 περὶ
1286 1442 1354 1495 τὰ
1381 1443 1594 1510 ληγικὰ,
1629 1442 1858 1513 δεόμενα
1916 1460 2012 1497 σω-

431 1534 638 1602 μᾶτων.
685 1551 704 1584 ι
737 1532 968 1588 Necesse
1000 1542 1084 1588 est
1123 1549 1228 1588 non
1287 1535 1677 1602 prteexstitisse
1723 1550 2009 1603 corporum

427 1637 700 1689 naturam,
737 1626 831 1680 sed
881 1640 978 1693 per
1009 1625 1295 1680 intervalla
1340 1625 1639 1681 subsistere
1663 1637 1884 1695 propter
1913 1626 2012 1679 ali-

427 1720 565 1789 quos
592 1733 752 1774 casus
784 1720 874 1788 qui
912 1718 1236 1786 contingunt
1265 1717 1476 1772 naturis
1506 1718 1720 1773 ratione
1749 1717 2008 1788 praeditis,

425 1819 478 1862 et
516 1824 637 1876 quae
665 1809 986 1878 corporibus
1018 1809 1280 1876 indigent.
1308 1828 1327 1860 ι

2111 621 2266 676 ctelis
2301 638 2470 692 usque
2501 624 2564 676 ad
2597 633 2770 678 terras
2801 623 3000 693 lapsas,
3029 625 3242 682 diversa
3273 642 3499 696 corpora
3535 635 3687 700 quasi

2111 713 2322 767 vincula
2387 715 2676 781 meruisse,
2734 729 2905 784 eaque
2956 731 3117 772 causa
3171 719 3429 773 mundum
3489 723 3690 777 factum

2114 801 2300 858 fuisse.
2330 823 2348 856 ι
2402 804 2531 871 Quae
2572 804 2686 860 fere
2733 806 3011 871 αὑτολεξεὶ
3059 809 3255 878 repetit
3283 808 3552 866 llonorius
3583 813 3690 867 Au-

2111 895 2524 964 gustodunensis
2563 896 2616 950 in
2653 896 2792 952 libro
2832 898 2910 953 De
2948 899 3259 953 limresibus.
3326 900 3568 971 Denique
3619 903 3680 960 S.

2111 984 2352 1039 Thomas
2386 985 2647 1040 adversus
2677 988 2920 1042 eamdem
2953 990 3266 1058 opinionem
3303 989 3398 1046 lib.
3428 1007 3464 1046 ιι
3505 992 3688 1050 Contr.

2113 1076 2318 1144 gentil.,
2349 1090 2470 1145 cap.
2499 1075 2590 1140 44,
2628 1077 2897 1132 acerrime
2931 1080 3194 1134 decertat.

2182 1167 2448 1234 Quoniam
2506 1177 2690 1223 autem
2747 1170 2822 1225 ita
2885 1186 3006 1226 cum
3064 1174 3513 1230 antecedentibus
3564 1191 3693 1231 con-

2107 1258 2291 1328 juncta
2340 1271 2444 1325 est,
2497 1271 2558 1316 ut
2611 1277 2734 1331 quae
2779 1263 2846 1318 ad
2891 1265 3139 1320 tuendam
3187 1267 3433 1337 Origenis
3468 1283 3688 1322 causam

2111 1366 2273 1420 supra
2315 1352 2618 1418 attulimus,
2674 1355 2764 1409 hic
2811 1369 3028 1424 quoque
3081 1356 3258 1412 valere
3305 1358 3533 1427 possint,
3565 1358 3692 1428 quid

2111 1444 2305 1498 attinet
2345 1444 2496 1513 plura
2535 1447 2886 1516 conquirere;
2937 1463 3058 1501 cum
3107 1449 3404 1518 prmsertim
3432 1448 3696 1521 Hierony-

2113 1548 2256 1598 mus,
2299 1546 2586 1603 postquam
2616 1551 2740 1603 cap.
2779 1537 2828 1602 l,
2862 1538 3018 1604 epist.
3043 1537 3132 1604 59,
3171 1538 3237 1592 ad
3266 1540 3513 1603 Avitum,
3548 1555 3697 1608 quat-

2112 1637 2326 1693 cunque
2371 1625 2424 1679 in
2473 1642 2490 1681 ι
2536 1626 2629 1681 lib.
2667 1627 2809 1696 Περὶ
2844 1627 3046 1696 ἀρχῶν
3089 1628 3346 1683 damnosa
3381 1640 3536 1699 sunt,
3579 1632 3694 1685 col-

2111 1716 2275 1787 legit,
2330 1717 2476 1772 inter
2519 1733 2640 1788 qua:
2698 1718 2954 1788 frequens
3010 1722 3249 1775 occurrit
3298 1722 3485 1776 isthch
3530 1736 3694 1792 quam

2115 1819 2412 1866 tractamus
2463 1812 2664 1881 opinio,
2734 1812 2861 1866 talia
2918 1813 3068 1866 illum
3133 1813 3451 1868 denuntiare
3503 1815 3692 1870 dicat:

497 1900 584 1955 ΙΙΙ.
626 1901 814 1969 Itaque
851 1901 955 1955 hoc
994 1901 1162 1954 etiam
1198 1901 1416 1955 nomine
1464 1916 1571 1955 non
1599 1900 1889 1956 Iustiniani
1921 1917 2010 1958 so—
2037 1882 2083 1938 Β
2121 1921 2139 1955 ι
2172 1903 2299 1959 Πωο
2324 1904 2479 1972 juxta
2515 1913 2755 1960 nostram
2788 1906 3114 1959 sententiam
3148 1921 3254 1959 non
3284 1906 3393 1959 sint
3419 1908 3694 1974 dogmata,

426 1992 560 2056 lum,
593 1992 686 2047 sed
712 1999 766 2047 et
788 1991 1019 2046 aliorum
1044 1991 1290 2046 convicia
1318 1991 1489 2046 sensit
1519 1991 1806 2061 Origenes.
1835 2012 1853 2044 ι
1878 1991 2011 2058 Quis

425 2086 712 2156 propheta,
749 2085 925 2153 inquit
946 2081 1272 2153 Theophilus
1306 2083 1495 2139 Pasch.
1524 2101 1562 2152 ι,
1599 2086 1798 2140 sentire
1829 2087 2013 2142 docuit

430 2177 767 2249 (Origenem)
803 2185 1020 2245 propter
1059 2177 1272 2229 ruinam
1311 2185 1367 2232 et
1410 2177 1593 2247 lapsus
1620 2178 1686 2232 de
1721 2178 1873 2233 ca-lis
1895 2179 2014 2234 ani-

429 2284 640 2323 marum
662 2309 678 2332 ,
709 2268 874 2322 Deum
917 2281 1038 2320 esse
1071 2265 1409 2336 compulsum
1437 2283 1666 2338 corpora
1697 2269 2012 2324 fabricare?

432 2361 742 2429 Quis-juxta
778 2359 997 2414 beatum
1031 2357 1261 2424 Lucam,
1293 2373 1486 2414 eorum
1527 2365 1617 2430 qui
1648 2362 1916 2421 viderunt.
1957 2373 2014 2416 et

427 2454 668 2510 ministri
708 2453 924 2508 fuerunt
958 2451 1237 2507 sermonis
1264 2452 1383 2518 Dei,
1418 2453 1544 2508 huic
1575 2453 1795 2508 tradidit
1823 2455 1889 2509 ad
1917 2455 2014 2509 do-

428 2546 682 2611 cendum,
728 2543 1058 2616 negligentia
1079 2551 1135 2597 et
1167 2552 1340 2609 motu,
1369 2555 1424 2599 et
1463 2544 1607 2598 ﬂuxu
1641 2547 1706 2600 de
1731 2546 2014 2602 altioribus

433 2639 834 2694 rationabilium
853 2648 1248 2703 creaturarum,
1267 2649 1620 2707 provocatum
1641 2640 1808 2695 Deum
1829 2642 2011 2695 tnundi

429 2736 592 2806 hujus
618 2735 852 2789 condere
876 2735 1323 2789 diversitatem?»
1358 2735 1424 2788 Ει
1457 2735 1804 2804 postmodum
1837 2751 1852 2789 :
1884 2736 2009 2790 «Di-

431 2829 509 2881 cit
554 2827 699 2881 enim
753 2835 979 2896 propter
1011 2835 1233 2895 peccata
1284 2826 1701 2896 intelligibilinm
1737 2839 2012 2883 creatura-

433 2937 552 2976 rum
588 2925 847 2975 mundum
883 2934 1008 2977 esse
1039 2921 1290 2990 coepisse.
1317 2939 1339 2974 ι
1379 2919 1741 2992 Hieronymus
1765 2922 1819 2974 in
1842 2920 2011 2986 Epist.

433 3015 502 3068 ad
534 3012 725 3083 Ephes.
759 3029 798 3078 t,
819 3013 876 3080 ὃ,
911 3030 1018 3069 non
1048 3028 1309 3084 expresso
1337 3014 1587 3085 Origenis
1622 3015 1858 3082 nomine,
1890 3029 2014 3069 sen-

433 3105 664 3158 tentiam
692 3104 862 3173 ipsius
903 3105 1167 3176 exponit:
1201 3123 1220 3155 ί
1250 3104 1402 3159 Alius
1435 3105 1601 3172 dicit,
1638 3105 1854 3175 inquit,
1883 3113 2013 3159 ante

430 3194 681 3251 visibiles
707 3205 996 3252 creaturas
1023 3195 1250 3260 caelum,
1277 3204 1499 3262 terram,
1525 3196 1718 3262 maria,
1751 3205 1805 3250 et
1832 3197 2011 3251 omnia

433 3301 554 3357 quae
591 3289 736 3342 intra
779 3302 844 3344 ea
879 3297 1028 3354 sunt,
1071 3287 1242 3342 fuisse
1287 3287 1424 3342 alias
1464 3287 1766 3344 invisibiles
1801 3298 2015 3343 creatu-

432 3393 548 3447 ras,
597 3381 652 3435 in
685 3382 882 3451 quibus
915 3381 1233 3446 et'animas,
1267 3397 1387 3450 quae
1417 3382 1487 3435 ob
1517 3381 1782 3450 quasdam
1825 3395 2018 3434 causas

433 3474 536 3527 soli
559 3472 668 3527 Deo
691 3479 848 3529 notas
876 3472 1098 3542 deiecta:
1119 3475 1229 3528 sint
1266 3473 1518 3528 deorsum
1543 3473 1595 3527 in
1622 3475 1816 3541 vallem
1851 3475 2011 3528 istam

439 3564 802 3634 lacrymarum
825 3601 844 3619 .
867 3603 882 3620 .
909 3602 924 3617 .
945 3605 959 3620 .
1015 3563 1200 3634 Itaque
1258 3565 1574 3633 priusquam
1637 3565 1832 3619 anima:
1855 3603 1871 3630 ,
1933 3565 2019 3618 in-

437 3653 653 3724 quiunt,
687 3654 1159 3724 pmcipitarentur
1181 3654 1236 3708 in
1273 3655 1556 3718 mundmn,
1585 3663 1638 3708 et
1684 3656 1921 3710 mundus
1951 3669 2021 3710 ex

442 3746 728 3801 animabus
773 3746 961 3812 fieret,
997 3761 1120 3801 cum
1177 3744 1594 3802 habitatricibus
1635 3749 1750 3802 suis
1795 3749 1849 3802 in
1899 3749 2020 3802 infi-

445 3851 590 3891 mum
640 3836 756 3906 ipse
804 3837 1091 3905 dejectus,
1139 3837 1303 3906 elegit
1353 3837 1578 3892 Paulum
1627 3839 1786 3894 Deus.
1818 3859 1837 3892 ι
1892 3840 2023 3905 Quae

444 3930 693 3997 quamvis
726 3945 794 3985 ex
829 3930 1056 3984 alterius
1097 3930 1350 4000 opinione
1382 3929 1607 3984 recitata
1645 3931 1774 3996 sint,
1824 3930 1908 3984 his
1939 3941 2014 3983 tar

449 4035 570 4072 men
626 4021 967 4076 consensisse
1010 4019 1397 4092 Hieronymum
1453 4021 1734 4075 contendit
1794 4021 2023 4076 Rufinus

447 4110 643 4166 Invect.
680 4127 718 4177 I,
751 4113 842 4167 sed
866 4111 1193 4167 calumniam
1225 4128 1256 4166 a
1297 4127 1356 4166 se
1399 4119 1642 4166 removet
1669 4111 2026 4181 Hieronymus

449 4206 544 4262 lib.
579 4222 596 4261 ι
626 4205 847 4275 Apolog.
897 4206 951 4259 in
994 4204 1174 4276 Ruﬁn.
1196 4244 1212 4271 ,
1262 4221 1380 4272 cap.
1415 4206 1468 4260 6.
1531 4204 1863 4275 Augustinus
1898 4219 2027 4258 vero

447 4298 544 4353 lib.
573 4315 628 4352 ιιι
659 4297 735 4352 De
757 4299 902 4352 civit.
934 4297 1052 4365 Dei,
1094 4314 1219 4369 cap.
1252 4297 1346 4364 25,
1380 4297 1668 4368 Origenem
1711 4297 2026 4352 nominatim

447 4391 692 4446 adoritur
725 4410 738 4445 :
775 4409 795 4442 c
824 4390 1050 4446 Animas
1075 4390 1281 4457 dicunt,
1319 4407 1427 4445 non
1455 4389 1673 4460 quidem
1707 4399 1888 4460 partes
1912 4389 2026 4456 Dei,

447 4485 544 4542 sed
580 4485 758 4540 factas
793 4499 823 4538 a
858 4485 969 4539 Deo
1017 4499 1272 4554 peccasse
1301 4499 1330 4538 a
1355 4483 1650 4539 Conditore
1683 4482 2026 4550 recedendo;

449 4587 506 4664 e_t
532 4578 766 4664 diversis
786 4578 1180 4647 fprogressibus
1207 4591 1303 4647 pro
1337 4576 1651 4632 diversitate
1681 4586 2026 4646 peccatorum

450 4651 497 4726 εἶ
513 4672 671 4726 caelis
692 4651 870 4741 usque
909 4671 980 4725 ad
1008 4680 1202 4734 terras,
1231 4670 1441 4724 diversa
1466 4683 1694 4738 corpora
1724 4671 1876 4739 quasi
1912 4671 2030 4724 viu-

449 4764 575 4820 cula
607 4764 897 4819 meruisse.
930 4763 998 4816 Et
1031 4763 1172 4816 hunc
1195 4775 1316 4816 esse
1347 4759 1626 4825 mundum,
1654 4775 1878 4828 eamque
1903 4775 2032 4814 cau-

449 4870 564 4910 sam
586 4855 773 4910 mundi
801 4853 968 4909 fuisse
991 4851 1248 4916 faciendi,
1274 4865 1378 4905 non
1402 4859 1461 4904 ut
1482 4851 1844 4905 conderentur
1867 4850 2030 4916 bona,

443 4948 546 5006 sed
599 4956 660 5000 ut
728 4945 867 5001 mala
927 4944 1335 4999 cohiberentur.
1409 4940 1547 4997 Hinc
1594 4941 1854 5010 Origenes
1910 4941 2034 5011 jure

449 5038 732 5110 culpatur;
792 5039 846 5092 in
897 5037 1055 5093 libris
1107 5036 1252 5092 enim
1305 5049 1443 5105 quos
1489 5033 1724 5104 appellat
1753 5033 1895 5102 Περὶ
1925 5034 2032 5101 ἁρ-

448 5133 595 5201 χῶν,
631 5131 808 5197 idest,
832 5130 906 5186 De
921 5129 1218 5198 principiis,
1256 5129 1361 5185 hoc
1385 5128 1574 5192 sensit,
1607 5127 1708 5182 hoc
1737 5127 1972 5197 scripsit.
2005 5144 2026 5179 ι

450 5226 630 5295 Atque
663 5225 782 5280 haec
813 5223 988 5278 valide
1026 5222 1368 5294 postmodum
1409 5230 1705 5293 oppugnat.
1750 5219 2034 5289 Oppugnat

451 5318 618 5372 etiam
652 5331 774 5371 cum
810 5315 964 5382 alibi,
995 5323 1106 5370 tum
1137 5314 1373 5369 maxime
1413 5313 1554 5370 libro
1597 5325 1782 5368 contra
1810 5310 2035 5366 Priscil-

456 5407 703 5462 Jianistas
735 5416 788 5460 et
823 5405 1172 5477 Origem'slas,
1214 5421 1335 5474 cap.
1365 5405 1419 5470 8,
1463 5420 1591 5460 cum
1623 5403 1928 5473 scripsisset
1972 5400 2038 5454 ad

453 5513 576 5552 eum
607 5495 835 5553 Orosius
887 5496 942 5550 in
979 5495 1418 5562 Commonitorio,
1466 5496 1520 5551 id
1563 5509 1686 5550 esse
1719 5491 2041 5564 Origenistis

457 5588 776 5659 quibusdam
812 5603 1130 5658 persuasum
1152 5630 1166 5654 ,
1191 5588 1229 5637 ἰ
1264 5585 1521 5641 Mundum
1565 5587 1863 5641 novissime
1918 5585 2040 5639 ideo

455 5695 576 5736 esse
606 5679 830 5744 factum,
874 5688 927 5733 ut
960 5679 1011 5733 in
1037 5693 1101 5734 eo
1127 5677 1320 5733 animus
1353 5687 1735 5750 purgarentur,
1765 5693 1883 5746 quae
1911 5685 2039 5731 ante

455 5784 843 5842 peccaverunt.
875 5790 893 5823 ι
927 5770 1164 5826 Isidorus
1225 5770 1319 5829 lib.
1368 5786 1464 5826 VIII
1519 5769 1752 5840 0rigin.,
1789 5785 1909 5840 cap.
1955 5770 1988 5825 5
2021 5789 2034 5824 :

470 5886 487 5918 ι
525 5865 863 5936 Origeniani,
904 5865 1098 5935 inquit,
1157 5865 1365 5922 animas
1419 5865 1472 5922 in
1531 5865 1716 5923 mundi
1769 5864 2034 5934 principio

2114 1998 2208 2052 sed
2233 1996 2460 2066 quaesita
2501 2006 2734 2063 tantum,
2763 2007 2926 2066 atque
2959 1997 3222 2067 projecta,
3258 2012 3326 2052 ne
3369 1998 3583 2066 penitus
3614 1997 3699 2052 in-

2114 2095 2348 2142 tractata
2377 2087 2694 2143 viderentur
2719 2088 2743 2141 ?
2771 2105 2790 2139 ι

2183 2179 2272 2235 Ν.
2303 2198 2321 2230 ι
2351 2180 2469 2235 Jam
2489 2195 2620 2236 sane
2654 2180 2906 2250 quoniam
2928 2179 3173 2236 diversos
3199 2190 3376 2236 motus
3406 2179 3702 2236 rationabi-

2113 2272 2244 2327 lium
2279 2282 2675 2336 creaturarum,
2707 2273 2999 2343 variasque
3027 2274 3324 2326 sententias
3351 2288 3570 2327 causam
3603 2271 3702 2327 de-

2115 2365 2261 2419 disse
2305 2365 2632 2418 dit-ersitatis
2697 2365 2899 2418 mundo
2950 2365 3111 2427 huic,
3165 2378 3344 2419 sermo
3401 2363 3700 2432 superioris

2115 2456 2501 2526 disputationis
2545 2457 2800 2520 ostendit,
2848 2456 3142 2511 videndum
3195 2471 3262 2510 ne
3313 2455 3458 2510 forte
3505 2455 3701 2511 similis

2119 2548 2273 2604 initio
2299 2550 2482 2604 exitus
2507 2564 2724 2619 quoque
2750 2549 2876 2604 huic
2901 2549 3111 2604 mundo
3126 2550 3434 2605 conveniat.
3468 2547 3700 2602 Dubium

2116 2644 2261 2697 enim
2303 2659 2408 2698 non
2447 2652 2534 2698 est
2558 2642 2688 2711 quin
2727 2643 2850 2698 ﬁnis
2885 2643 3054 2712 ipsius
3086 2643 3141 2697 in
3173 2641 3495 2697 diversitate
3529 2639 3701 2696 multa

2115 2736 2289 2789 adlmc
2334 2743 2389 2789 et
2439 2735 2701 2790 varietate
2764 2735 3118 2805 reperiendus
3177 2735 3466 2805 sit;,quas
3516 2735 3704 2803 utique

2119 2825 2355 2880 varietas
2400 2825 2456 2880 in
2511 2827 2671 2896 hujus
2727 2827 2916 2881 mundi
2961 2827 3067 2881 line
3111 2827 3452 2898 deprehensa
3508 2840 3702 2881 causas

2117 2932 2311 2972 rursus
2333 2917 2709 2974 diversitatum
2737 2921 2962 2975 alterius
2990 2921 3176 2975 mundi
3207 2930 3329 2989 post
3357 2920 3502 2974 hunc
3534 2917 3704 2975 futuri

2115 3009 2544 3079 occasionesque
2613 3010 2991 3080 praestabit,»
3056 3010 3199 3080 quod
3264 3011 3476 3065 scilicet
3539 3009 3704 3079 hujus

2119 3100 2303 3155 mundi
2337 3101 2462 3157 linis
2493 3103 2706 3157 initium
2741 3104 2811 3157 sit
2852 3103 3043 3157 futuri.
3085 3101 3260 3157 Verba
3292 3113 3420 3156 sunt
3452 3099 3706 3171 Origenis

2117 3191 2216 3251 lib.
2248 3210 2287 3248 ιι
2337 3194 2481 3262 Περὶ
2542 3193 2782 3263 ἀρχῶν,
2838 3209 2957 3264 cap.
2992 3194 3046 3261 i,
3103 3210 3253 3249 nunt.
3291 3194 3346 3260 5,
3405 3195 3704 3264 superioris

2118 3283 2328 3352 quaesiti
2363 3299 2484 3337 cum
2517 3283 2694 3338 iSthoc
2716 3324 2731 3348 ,
2767 3283 2914 3353 quod
2947 3284 3050 3338 hoc
3083 3283 3202 3338 loco
3239 3283 3398 3338 nobis
3419 3284 3706 3338 excutien-

2120 3377 2244 3430 dum
2273 3376 2674 3444 proposuimus,
2706 3375 3102 3430 connex‘iouem
3132 3373 3486 3429 declarautis.
3523 3395 3541 3426 ι
3567 3373 3706 3430 Pos-

2121 3467 2274 3522 sibile
2326 3469 2470 3522 enim
2520 3467 2751 3533 videtur,
2812 3467 2987 3536 inquit
3041 3467 3134 3520 lib.
3165 3483 3204 3521 ιι
3293 3467 3433 3534 Περὶ
3481 3464 3706 3535 ἀρχῶν,

2122 3573 2243 3626 cap.
2265 3558 2299 3611 '5
2321 3598 2334 3623 ,
2369 3573 2521 3612 num.
2551 3558 2584 3611 ’5
2607 3598 2622 3622 ,
2665 3567 2722 3612 ιιι
2767 3556 3120 3613 rationabiles
3162 3566 3369 3611 naturae
3396 3597 3412 3623 ,
3447 3573 3476 3611 a
3511 3558 3708 3627 quibus

2125 3666 2403 3718 minquam
2452 3647 2700 3703 aufertur
2746 3649 2904 3704 liberi
2945 3648 3173 3704 facultas
3217 3649 3467 3714 arbitrii,
3501 3649 3716 3720 possint

2126 3742 2324 3794 iterum
2353 3741 2628 3809 aliquibus
2659 3741 2896 3796 motibus
2926 3741 3214 3811 subjaeere
3239 3781 3255 3796 .
3285 3780 3300 3795 .
3325 3779 3341 3795 .
3363 3778 3380 3796 .
3417 3741 3570 3808 Quos
3604 3754 3715 3795 mo-

2128 3843 2214 3887 tus
2250 3835 2366 3888 sine
2398 3834 2561 3888 dubio
2599 3849 2814 3889 rursum
2849 3835 3094 3888 varietas
3124 3848 3414 3903 corporum
3447 3843 3502 3888 et
3533 3831 3713 3889 diver-

2127 3926 2259 3978 sitas
2289 3933 2653 3994 prosequetur
2673 3964 2688 3991 ,
2719 3940 2786 3978 ex
2831 3940 2939 3993 qua
2973 3926 3205 3978 mundus
3238 3938 3454 3993 semper
3482 3924 3713 3977 adorna-

2130 4025 2238 4078 tur,
2285 4028 2384 4068 uec
2446 4029 2680 4082 unquam
2715 4014 2920 4083 p0terit
2950 4015 3186 4068 mundus
3221 4013 3327 4068 nisi
3359 4013 3618 4068 varietate
3649 4029 3715 4070 ac

2128 4106 2447 4160 diversitate
2479 4114 2750 4171 constare,
2784 4105 2927 4175 quod
2957 4104 3094 4159 cﬂici
3128 4105 3274 4163 nullo
3304 4119 3503 4175 genere
3535 4115 3716 4174 potest

2127 4208 2281 4252 extra
2315 4197 2596 4251 materiam
2627 4197 2994 4265 corporalem.
3032 4215 3051 4248 ι
3092 4197 3366 4251 Doctrina:
3397 4196 3562 4264 igitur
3605 4211 3717 4252 sute

2129 4287 2514 4344 cohaerentiam
2540 4289 2779 4343 servavit
2801 4286 3090 4359 Origenes,
3127 4296 3181 4342 et
3209 4287 3352 4359 quod
3385 4303 3450 4343 ex
3487 4288 3711 4360 dogma-

2132 4378 2276 4433 tibus
2309 4378 2421 4433 suis
2454 4377 2596 4433 elliei
2646 4378 2899 4448 putavit,
2955 4377 3011 4433 id
3071 4378 3362 4434 manifesta
3415 4380 3731 4453 assertione.

2132 4469 2578 4526 decrevit:nam
2642 4471 2699 4526 iu
2760 4470 3152 4541 sequentibus,
3221 4471 3524 4542 repudiatis
3578 4487 3719 4528 non-

2135 4565 2318 4631 nullis,
2363 4566 2455 4634 qui
2487 4564 2686 4620 mundo
2719 4563 2848 4618 huic
2872 4578 3032 4634 pares
3059 4577 3456 4632 usquequaque
3481 4564 3719 4620 mundos

2136 4674 2200 4713 ac
2228 4658 2542 4713 consimiles
2591 4657 2644 4711 in
2686 4655 2884 4713 futuris
2924 4656 3138 4712 saeculis
3167 4655 3465 4709 continenti
3505 4671 3722 4711 succes-

2138 4752 2290 4807 sione
2314 4752 2623 4822 prodituros
2652 4749 3017 4817 afﬁrmabant,
3057 4749 3202 4818 quod
3247 4747 3481 4803 libertati
3508 4747 3722 4802 arbitrii

2138 4844 2378 4900 ofﬁceret
2401 4845 2664 4914 ejusmodi
2690 4843 2995 4910 sententia;
3022 4841 3159 4898 alios
3182 4841 3424 4912 quidem,
3449 4841 3542 4896 sed
3566 4841 3724 4911 plane

2139 4937 2384 4992 diversos
2419 4937 2696 4991 conditum
2743 4935 2811 4990 iri
2865 4935 3092 5000 statuit;
3130 4949 3198 4987 an
3240 4944 3421 4987 autem
3453 4932 3726 5001 dignitate

2141 5027 2471 5095 superiores,
2543 5039 2609 5078 an
2674 5022 2992 5086 inferiores,
3066 5020 3153 5075 vel
3215 5019 3451 5090 aequales
3511 5016 3726 5073 nescire

2141 5133 2200 5174 se
2241 5118 2461 5172 fatetur.
2536 5115 2702 5171 Addit
2758 5124 3021 5186 praetcrea
3079 5113 3339 5167 nmndum
3397 5111 3574 5176 hunc,
3631 5107 3726 5179 qui

2139 5221 2194 5267 et
2250 5212 2364 5282 ipse
2421 5211 2678 5266 saeculum
2749 5210 2988 5275 dicitur,
3046 5207 3341 5260 multorum
3405 5202 3724 5258 saeculorum

2141 5319 2264 5361 esse
2313 5303 2498 5370 linem,
2554 5319 2619 5359 ac
2688 5302 2982 5357 multorum
3041 5313 3204 5370 porro
3249 5297 3567 5353 saeculorum
3622 5295 3726 5350 ini-

2143 5396 2451 5467 tiumﬁSed
2487 5396 2633 5450 velut
2661 5395 2975 5450 dubitanter
3008 5393 3083 5446 ait
3129 5389 3342 5445 tandem
3371 5400 3494 5458 post
3525 5387 3722 5442 multo-

2145 5508 2262 5547 rqu
2311 5489 2635 5546 saeculorum
2685 5486 3017 5542 creationem
3051 5494 3108 5540 et
3154 5482 3433 5538 interitum
3463 5521 3478 5546 ,
3519 5479 3727 5550 aliquid

2143 5583 2353 5639 saeculis
2379 5580 2551 5650 majus
2577 5581 2632 5634 in
2662 5579 2904 5635 omnium
2931 5575 3276 5633 restitutione
3310 5573 3550 5628 futurum
3579 5587 3724 5640 esse,

2142 5690 2266 5730 cum
2319 5675 2458 5728 Deus
2513 5672 2618 5727 erit
2662 5673 2847 5726 omnia
2900 5670 2957 5725 in
3008 5667 3282 5724 omnibus.
3332 5666 3496 5723 Libro
3531 5665 3727 5720 deinde

2145 5767 2324 5836 operis
2369 5766 2608 5837 ejusdem
2659 5764 2841 5830 tertio,
2875 5777 2996 5832 cap.
3029 5761 3083 5828 5,
3130 5767 3417 5829 postquam
3464 5755 3724 5811 mundum

2142 5860 2396 5929 coepisse,
2423 5867 2476 5913 et
2517 5855 2863 5915 interiturum
2896 5869 3016 5913 esse
3046 5851 3306 5919 ostendit,
3337 5849 3498 5920 objici
3532 5848 3724 5905 adver-
