4170 6430
521 373 657 432 1051

1795 373 1857 427 Ρ.
1899 366 2221 425 BANIELIS
2260 367 2494 424 llUETll

3631 368 3774 424 1052

523 510 616 551 sus
657 493 796 549 hanc
843 492 1196 550 assertionem
1227 492 1404 548 solere
1437 491 1646 556 scribit,
1691 506 1840 546 num.
1867 489 1903 545 5
1938 507 1952 543 :
1996 509 2014 541 ‹
2043 489 2100 544 Si

2213 487 2295 541 τὸν
2320 488 2429 560 γὰρ
2461 487 2790 560 δημιουργὸν
2837 486 2926 542 διά
2955 504 3014 540 τε
3053 486 3508 558 δημιουργήματα
3536 486 3770 557 ἀνάγκη,

523 584 691 654 εωρίι
723 583 953 638 mundus
979 597 1043 638 ex
1071 593 1332 651 tempore,
1362 581 1492 651 quid
1523 589 1652 636 ante
1674 580 1908 635 faciebat
1933 580 2095 644 Deus,

522 686 683 740 qnam
720 672 950 726 mundus
988 670 1295 740 inciperet?
1341 671 1580 726 Otiosam
1633 671 1778 726 enim
1812 679 1868 725 et
1906 672 2100 726 immo-

524 763 684 817 bilem
715 762 896 816 dicere
929 771 1182 815 naturam
1217 760 1308 816 Dei
1335 762 1561 831 impium
1601 769 1687 816 est
1714 760 1875 816 simul
1913 771 1968 814 et
2003 761 2099 814 ab-

523 854 767 916 surdum,
804 851 887 907 vel
935 862 1124 922 putare
1172 853 1317 923 quod
1372 853 1588 908 bonitas
1625 851 1920 921 aliquando
1963 852 2098 906 bene

523 961 631 999 non
683 943 896 1010 fecerit,
926 951 982 999 et
1021 943 1416 1012 omnipotentia
1455 943 1751 1012 aliquando
1791 957 1898 996 non
1929 941 2100 1011 egerit

521 1043 883 1105 potentatum.
909 1052 928 1086 ι
972 1033 1148 1099 Atque
1183 1035 1233 1088 id
1273 1036 1488 1089 demum
1517 1033 1775 1104 praeclare
1798 1033 2008 1088 solvere
2039 1046 2099 1086 se

520 1135 675 1197 putat
729 1126 830 1181 hac
877 1126 1279 1196 responsione:
1319 1146 1338 1178 ι
1366 1125 1476 1182 Nos
1526 1141 1656 1180 vero
1707 1132 2100 1193 consequenter

523 1218 977 1287 respondebimus
1010 1218 1366 1274 observantes
1400 1217 1642 1287 regulam
1665 1216 1908 1286 pietatis,
1936 1224 1991 1271 et
2019 1214 2101 1269 di-

523 1320 733 1372 centes,
769 1312 1028 1381 quoniam
1061 1327 1166 1367 non
1217 1322 1346 1367 tunc
1394 1311 1627 1380 primum
1663 1325 1785 1365 cum
1832 1309 2097 1364 visibilem

522 1403 684 1456 istum
717 1403 974 1456 mundum
1001 1403 1128 1457 fecit
1157 1401 1321 1467 Deus,
1357 1402 1526 1470 ccepit
1557 1399 1805 1469 operari;
1837 1400 1932 1454 sed
1963 1399 2112 1454 sicut»

522 1501 646 1562 post
673 1493 1075 1562 corruptionem
1124 1492 1286 1560 hujus
1314 1493 1422 1546 erit
1462 1492 1604 1546 alius
1645 1490 1897 1557 mundus,
1932 1491 2004 1542 ita
2045 1499 2101 1544 et

521 1595 812 1652 antequam
840 1583 927 1637 hic
955 1591 1120 1648 esset,
1152 1582 1320 1637 fuisse
1351 1581 1487 1636 alios
1509 1581 1805 1636 credimus.
1841 1599 1859 1632 ›
1897 1581 2100 1650 Duplex

525 1675 610 1729 his
643 1674 1031 1729 confirmandis
1080 1675 1302 1729 adhibet
1355 1674 1651 1742 Seriptnrze
1707 1674 2097 1738 testimonium,

523 1765 754 1818 alterum
797 1778 865 1818 ex
911 1763 1060 1818 Isaia
1088 1779 1213 1827 va,
1246 1764 1336 1828 17,
1381 1771 1434 1816 et
1477 1779 1622 1829 var,
1654 1762 1746 1827 22,
1779 1763 1869 1815 ubi
1899 1763 2098 1816 coelum

524 1870 748 1919 novum,
791 1863 846 1909 et
892 1863 1091 1910 terram
1133 1871 1325 1909 novam
1378 1865 1685 1909 creaturum
1744 1869 1802 1908 se
1859 1853 2101 1924 praedicit

527 1943 671 2000 Deus
696 1962 714 1999 :
743 1946 973 1998 alterum
1004 1960 1068 2000 ex
1099 1946 1309 2000 Eccles.
1349 1962 1388 2012 ι,
1430 1947 1484 2010 9,
1519 1944 1605 2012 10,
1631 1947 1771 2014 quod
1802 1954 1885 1999 est
1918 1944 2102 2014 hujus-

527 2037 672 2090 modi
701 2054 714 2090 :
747 2055 764 2087 ι
793 2036 931 2103 Quid
979 2045 1064 2092 est
1097 2037 1239 2105 quod
1293 2036 1436 2089 fuit?
1483 2037 1655 2105 ipsum
1688 2037 1830 2105 quod
1863 2036 2104 2090 futurum

525 2139 611 2184 est
640 2147 654 2182 :
685 2129 822 2195 Quid
848 2139 933 2182 est
960 2129 1100 2197 quod
1136 2128 1336 2182 factum
1363 2129 1488 2184 est?
1523 2130 1696 2198 ipsum
1716 2129 1870 2197 quod
1901 2129 2104 2183 facien-

526 2223 652 2277 dum
683 2231 784 2275 est.
828 2219 912 2273 Nil
946 2220 1045 2274 sub
1092 2220 1206 2274 sole
1240 2236 1473 2286 novum;
1519 2236 1620 2276 nec
1649 2223 1791 2276 valet
1820 2223 2103 2292 quisquam

527 2313 711 2367 dicere
737 2331 749 2366 :
785 2312 923 2367 Ecce
955 2313 1058 2366 hoc
1089 2327 1275 2367 recens
1294 2322 1379 2368 est
1405 2330 1423 2365 :
1441 2312 1553 2381 jam
1579 2313 1722 2367 enim
1750 2315 2027 2382 praecessit
2051 2314 2104 2370 in

527 2403 742 2459 saeculis
791 2420 910 2475 quas
968 2403 1190 2459 fuerunt
1238 2415 1368 2460 ante
1417 2421 1534 2461 nos.
1565 2426 1583 2459 ι
1642 2405 1874 2462 Mundos
1925 2416 2104 2461 autem

529 2498 666 2553 istos
696 2513 801 2553 non
837 2498 1018 2568 plures
1053 2497 1212 2554 simul
1246 2512 1387 2564 esse,
1422 2500 1513 2554 sed
1539 2509 1796 2569 perpetua
1828 2501 1969 2555 serie
2001 2500 2104 2556 sibi

527 2603 876 2645 successores
916 2589 1029 2644 fore
1061 2599 1269 2646 censet.
1305 2592 1483 2660 Atque
1515 2591 1630 2644 haec
1661 2590 1773 2661 ipsa
1811 2593 2106 2662 reprehen-

529 2677 704 2740 sionis
727 2700 888 2740 causa
925 2685 1166 2740 indidem
1201 2687 1470 2740 transtulit
1503 2684 1864 2757 Hieronymus
1898 2687 1952 2741 in
1995 2686 2108 2757 epi-

527 2773 720 2830 stolam
756 2773 843 2839 59,
883 2775 947 2828 ad
980 2774 1121 2829 Avit.
1143 2815 1158 2840 ,
1209 2789 1329 2846 cap.
1359 2775 1414 2830 5.
1453 2774 1648 2829 Eadem
1682 2790 1845 2844 porro
1874 2784 1957 2830 est
1980 2774 2106 2831 Ori-

530 2865 750 2937 geniani
812 2864 969 2933 hujus
1011 2865 1116 2920 loci
1159 2867 1537 2932 ratiocinatio,
1589 2880 1710 2936 qua:
1761 2865 1884 2921 libri
1916 2882 1934 2921 ι
1963 2865 2107 2936 Περὶ

525 2955 750 3025 ἀρχῶν,
803 2971 922 3028 cap.
959 2956 1023 3024 2,
1077 2973 1228 3011 num.
1263 2957 1365 3022 l0,
1422 2956 1514 3012 ubi
1562 2958 1640 3011 ait
1681 2957 2107 3028 omnipotentem

527 3047 697 3104 Deum
722 3063 876 3114 esse,
913 3049 1015 3105 hoc
1040 3059 1124 3107 est
1155 3049 1592 3122 παντοκράτορα,
1628 3059 1893 3120 quatenus
1927 3049 2109 3119 aliqua

2200 581 2295 634 καὶ
2324 579 2416 635 τὸν
2448 581 2679 652 ποιητὴν
2705 579 2792 634 διὰ
2815 581 2885 633 τά
2910 581 3210 652 ποιήματα,
3239 581 3332 632 καὶ
3358 580 3445 632 τὸν
3478 580 3780 651 παντοκρά-

2197 689 2331 743 τορα
2363 671 2452 724 διὰ
2484 671 2554 724 τὰ
2583 670 2928 742 κρατούμενα
2962 670 3240 739 λέγειι·θαι⁸
3279 670 3490 741 ἀνάγκη
3522 670 3579 736 ἐξ
3605 670 3778 741 ἀρχῆς

2197 764 2337 818 αὐτὰ
2361 762 2466 816 ὑπὸ
2498 762 2590 816 τοῦ
2617 762 2750 816 Θεθῦ
2774 762 3123 833 γεγενῆσθαι,
3157 762 3251 816 καὶ
3283 762 3357 833 μὴ
3397 760 3535 817 εἶναι
3562 763 3775 834 χρόνον⁹

2199 855 2289 908 ὅτε
2328 855 2429 908 οὐκ
2458 850 2526 925 ἦν
2565 855 2758 910 ταῦτα.
2819 854 2886 908 Ει
2929 854 3124 909 deinde
3155 873 3170 908 :
3218 854 3378 908 Ἀλλὰ
3411 855 3504 908 καὶ
3532 854 3776 908 ἁλλοιοῦ-

2203 948 2347 1011 σθαι,
2382 948 2474 1001 καὶ
2506 948 2866 1018 μεταϐάλλειν
2889 947 2979 1000 τὸν
3007 947 3278 1018 ἄτρεπτον
3301 949 3395 1002 καὶ
3422 947 3778 1002 ἀναλλοίωτον

2203 1039 2545 1110 συμϐήσεται
2579 1040 2713 1093 Θεόν
2734 1059 2746 1072 ο
2786 1043 2835 1094 εἰ
2868 1041 2977 1112 γάρ
3010 1039 3238 1112 ὕστερον
3263 1041 3531 1111 πεποίηκε
3562 1039 3624 1092 τὸ
3648 1040 3779 1103 πᾶν,

2199 1130 2358 1200 δῆλον
2378 1132 2461 1184 ὄτι
2491 1131 2598 1184 ἀπὸ
2628 1131 2721 1184 τοῦ
2749 1133 2822 1204 μὴ
2862 1134 3034 1185 ποιεῖν
3067 1133 3148 1194 εἰς
3182 1131 3244 1185 τὸ
3273 1135 3444 1186 ποιεῖν
3479 1131 3741 1203 μετέϐαλε
3761 1147 3776 1163 ’

2200 1222 2358 1276 τοῦτο
2401 1224 2458 1276 δὲ
2493 1224 2693 1278 ἄτοπον
2733 1224 2869 1295 μετὰ
2909 1223 3017 1277 τῶν
3051 1225 3494 1296 προειρημένων·
3525 1225 3627 1277 οὐκ
3671 1223 3780 1294 ἄρα

2199 1315 2421 1368 δυνατὸν
2472 1315 2650 1384 λέγειν
2702 1316 2776 1386 μὴ
2827 1311 2969 1370 εἶναι
3009 1316 3244 1388 ἄναρχον
3274 1318 3366 1369 καὶ
3403 1315 3668 1369 συναΐδιον
3698 1313 3778 1384 τῷ

2201 1405 2320 1476 Θεῷ
2360 1406 2422 1459 τὸ
2449 1409 2591 1461 πᾶν*
2632 1426 2650 1458 ι
2674 1406 2730 1462 Si
2770 1423 2872 1462 non
2920 1419 3004 1463 est
3049 1408 3229 1478 opifex
3265 1409 3384 1462 sine
3411 1407 3664 1477 opiﬁciis,
3692 1405 3781 1461 vel

2202 1497 2448 1568 conditor
2497 1499 2616 1552 sine
2662 1513 2720 1553 re
2756 1499 3000 1563 condita,
3055 1515 3230 1567 neque
3262 1498 3622 1568 Omnipotens
3657 1498 3780 1552 sine

2202 1591 2364 1644 rebus
2390 1589 2703 1660 gubernatis
2727 1607 2740 1655 ;
2773 1605 2896 1644 nam
2923 1589 3172 1659 Opificem
3207 1604 3430 1645 necesse
3452 1598 3539 1646 est
3565 1599 3783 1660 propter

2202 1685 2442 1752 opificia,
2487 1693 2542 1738 et
2598 1683 2935 1738 conditorem
2989 1693 3213 1753 propter
3262 1698 3350 1737 res
3401 1684 3682 1746 conditas,
3725 1691 3784 1738 et

2207 1775 2644 1843 Omnipotentem
2691 1782 2910 1842 pr0pter
2961 1789 3050 1827 res
3107 1773 3438 1840 gnbernatas
3495 1771 3650 1826 diei:
3690 1786 3784 1826 ne-

2205 1881 2368 1922 cesse
2407 1874 2492 1920 est
2519 1865 2587 1918 ab
2621 1865 2778 1919 initio
2827 1864 2944 1918 inec
2977 1880 3006 1918 a
3041 1865 3150 1919 Dt-o
3190 1863 3360 1920 fuisse
3391 1862 3572 1929 facta;
3607 1878 3786 1933 neque

2205 1973 2324 2015 esse
2355 1966 2591 2027 tempus,
2630 1957 2850 2025 quando
2881 1957 2994 2011 lucc
3023 1970 3127 2008 non
3164 1954 3424 2008 fuerint.»
3463 1955 3530 2010 Et
3550 1955 3779 2009 deinde:

2211 2049 2360 2105 «Sed
2395 2049 2596 2103 variari
2658 2059 2714 2103 et
2751 2048 2948 2101 mutari
2998 2045 3390 2100 immutabilem
3437 2055 3495 2100 et
3543 2044 3782 2100 invaria-

2204 2139 2368 2195 bilem
2404 2138 2571 2193 Deum
2605 2138 2905 2206 continget.
2957 2132 3093 2189 Nam
3121 2135 3169 2190 si
3208 2135 3400 2190 deinde
3423 2136 3604 2190 omnia
3637 2134 3785 2200 fecit,

2205 2231 2552 2286 manifestum
2585 2239 2666 2285 est
2702 2229 2851 2284 illum
2876 2244 2906 2284 a
2936 2244 3042 2283 nun
3075 2228 3322 2284 faciendo
3363 2229 3428 2282 ad
3469 2228 3783 2283 faciendum

2207 2321 2490 2376 transisse.
2555 2319 2860 2374 Absurdum
2917 2328 3098 2372 antem
3168 2318 3297 2374 illud
3355 2334 3423 2373 ex
3473 2319 3785 2375 antedictis.

2211 2412 2328 2468 Dici
2367 2426 2496 2483 ergo
2531 2426 2638 2466 non
2675 2419 2855 2482 potest
2885 2425 2992 2464 non
3026 2425 3147 2466 esse
3172 2410 3425 2482 principii
3470 2425 3690 2480 expers,
3733 2419 3790 2465 et

2209 2509 2321 2564 Deo
2351 2515 2682 2562 coaeternum
2714 2505 2820 2558 hoc
2857 2503 3192 2558 universum.
3219 2519 3237 2552 ι
3277 2500 3512 2571 Dignum
3552 2510 3610 2556 et
3645 2499 3790 2555 istud

2208 2607 2293 2654 est
2319 2592 2795 2650 animadversione
2831 2592 2974 2663 quod
3019 2591 3098 2647 ait
3155 2590 3516 2647 Adamantius
3543 2591 3730 2646 homil.
3752 2589 3790 2644 4

2208 2690 2264 2743 in
2303 2687 2527 2752 Isaiam,
2580 2700 2726 2740 num.
2755 2684 2810 2748 1,
2860 2683 3034 2751 (Qum
3076 2691 3206 2739 ante
3252 2685 3512 2739 mundum
3563 2680 3786 2747 fuerint,

2201 2778 2555 2848 ignoramus;
2601 2775 2820 2830 fuerunt
2869 2789 3032 2844 porro
3061 2773 3308 2844 quaedam
3337 2785 3464 2828 ante
3507 2771 3787 2826 mundum.

2210 2867 2338 2937 Qua:
2373 2878 2495 2938 post
2533 2867 2794 2923 mundum
2843 2874 3096 2922 secutura
3147 2873 3297 2930 sunt,
3343 2863 3412 2918 ad
3442 2873 3649 2918 certum
3683 2877 3790 2938 non

2210 2957 2708 3028 apprehendimus;
2746 2964 2910 3010 erunt
2934 2965 3115 3010 autem
3156 2953 3261 3010 alia
3293 2963 3416 3024 post
3449 2954 3734 3010 mundum.
3755 2971 3776 3007 ι

2210 3047 2288 3102 Ne
2319 3049 2443 3118 quis
2475 3065 2605 3103 vero
2645 3047 2738 3102 Dei
2783 3046 2979 3100 Filium
3025 3047 3117 3100 hic
3171 3045 3462 3116 intelligat,
3511 3046 3607 3118 qui
3660 3054 3790 3102 ante

528 3139 694 3195 habet
724 3139 776 3195 in
809 3156 929 3210 quae
962 3141 1260 3210 potentiam
1290 3157 1442 3195 suam
1473 3155 1732 3196 exercere
1759 3139 1929 3210 possit
1961 3159 1974 3194 :
2008 3156 2028 3190 ι
2055 3148 2110 3194 et
2136 3158 2180 3218 ρ
2213 3140 2408 3195 saecula
2456 3157 2485 3193 a
2526 3139 2691 3195 Patre
2725 3141 2939 3211 genitus
2971 3149 3075 3206 est,
3105 3139 3188 3196 vel
3217 3140 3478 3209 Spiritum
3517 3147 3790 3206 sanetum,

527 3231 676 3300 ideo,
723 3241 780 3286 ut
812 3233 1158 3302 omnipotens
1203 3234 1524 3287 ostendatur
1554 3230 1723 3295 Deus,
1766 3230 1947 3284 omnia
1977 3228 2109 3287 sub-

529 3321 726 3377 sistere
752 3336 973 3378 necesse
1011 3337 1170 3378 esse:
1199 3340 1218 3374 ι
1255 3322 1398 3390 quod
1437 3322 1482 3376 si
1517 3321 1643 3392 quis
1676 3319 1969 3386 aliquando
2005 3332 2112 3372 non

530 3413 699 3470 fuisse
727 3415 859 3470 velit
883 3430 946 3470 ea
982 3429 1102 3483 qua:
1140 3414 1396 3484 deinceps
1426 3413 1567 3469 facta
1603 3422 1748 3477 sunt,
1780 3411 1904 3466 huic
1942 3409 2116 3464 faten-

531 3507 660 3560 dum
697 3522 820 3562 esse
855 3507 1166 3563 necessario
1195 3507 1622 3574 omnipotentem
1655 3513 1782 3558 tunc
1816 3518 1920 3558 non
1947 3501 2116 3557 fuisse

531 3597 727 3664 Deum,
764 3598 1214 3667 omnipotentiam
1253 3611 1383 3652 vero
1417 3597 1610 3652 deinde
1651 3596 1953 3665 accepisse,
1989 3611 2115 3652 eum

533 3688 739 3744 habere
760 3689 928 3758 erepit
962 3704 1084 3760 qua:
1114 3688 1354 3758 potentia
1385 3701 1482 3742 sua
1528 3689 1877 3758 gubernaret.
1914 3705 1934 3739 ι
1962 3686 2116 3754 Quod

532 3779 582 3835 si
632 3795 910 3849 nunquam
960 3790 1065 3844 est,
1107 3779 1302 3848 inquit,
1357 3779 1576 3850 quando
1624 3793 1732 3833 non
1777 3779 2117 3848 omnipotens

536 3873 722 3938 fuerit,
763 3873 1071 3926 necessario
1118 3871 1421 3928 subsistere
1450 3879 1666 3940 oportet
1713 3869 1878 3926 etiam
1920 3884 1984 3924 ea
2020 3885 2115 3940 per

535 3979 659 4036 qua:
682 3965 1027 4033 omnipotens
1052 3965 1270 4030 dicitur,
1301 3971 1355 4017 et
1385 3976 1600 4032 semper
1626 3962 1809 4016 habuit
1840 3962 1891 4016 in
1920 3962 2118 4031 quibus

536 4055 845 4110 exercuerit
876 4065 1240 4126 potentatum,
1287 4065 1343 4110 et
1386 4069 1507 4124 quae
1537 4053 1740 4108 fuerint
1768 4053 1834 4108 ab
1874 4055 2010 4122 ipso,
2033 4053 2119 4108 vel

536 4159 684 4216 rege,
728 4147 815 4202 vel
850 4148 1092 4216 principe
1135 4147 1434 4203 moderata.
1468 4167 1487 4200 ι
1536 4145 1787 4203 Olliciose
1818 4146 2032 4216 quidem
2067 4157 2121 4202 et

536 4238 712 4293 amico
751 4238 1014 4294 adversus
1044 4239 1336 4310 Origenem
1387 4240 1611 4307 animo,
1655 4246 1712 4292 at
1755 4253 1864 4292 non
1899 4238 2121 4307 perinde

537 4343 685 4395 vere,
709 4331 762 4384 id
787 4331 887 4386 sibi
910 4331 1048 4386 velle
1076 4347 1199 4386 eum
1225 4331 1451 4386 adnotat
1475 4330 1878 4397 Genebrardus,
1907 4348 1925 4381 ι
1953 4328 2118 4383 Deum

540 4424 759 4480 Patrem
789 4425 1239 4495 omnipotentiam
1273 4440 1426 4480 suam
1477 4424 1805 4490 ostendisse,
1859 4423 1985 4478 dum
2030 4437 2120 4493 ge-

2211 3232 2306 3302 qui
2343 3248 2727 3302 nnnquamnon
2765 3232 2834 3287 ab
2881 3241 3113 3302 utroque
3141 3232 3429 3302 processit,
3459 3245 3631 3302 aquas
3675 3229 3796 3286 illas

2214 3338 2376 3392 super
2421 3339 2559 3394 quas
2623 3323 2898 3379 ferebatur
2943 3323 3183 3395 Spiritus
3240 3323 3370 3389 Dei,
3417 3336 3473 3378 et
3543 3323 3797 3378 tenebras

2213 3430 2336 3486 quae
2386 3425 2542 3470 erant
2604 3431 2766 3486 super
2817 3415 3012 3471 faciem
3063 3415 3270 3487 abyssi,
3299 3423 3515 3470 creatas
3552 3413 3795 3484 quidem,

2215 3507 2308 3562 sed
2343 3515 2522 3562 tamen
2564 3507 2767 3563 mundo
2800 3508 3144 3578 antiquiores
3200 3507 3502 3578 intelligere
3529 3521 3589 3562 se
3618 3504 3801 3560 decla-

2215 3607 2320 3653 rat.
2365 3597 2434 3652 Et
2464 3599 2683 3652 demum
2714 3617 2729 3654 :
2781 3617 2799 3649 ι
2827 3599 2922 3666 Ea,
2954 3598 3150 3666 inquit,
3187 3613 3328 3666 quae,
3341 3607 3464 3666 post
3491 3607 3797 3653 extrennm

2215 3667 2678 3745 saeculum‘futura
2717 3699 2847 3744 sunt
2869 3689 2921 3743 in
2951 3688 3149 3743 saecula
3175 3688 3492 3743 saeculorum
3525 3689 3647 3760 quis
3701 3705 3799 3758 po-

2217 3789 2325 3836 test
2365 3780 2672 3851 exponere?
2722 3779 3076 3835 Garrulorum
3114 3786 3199 3834 est
3255 3778 3542 3834 hominum
3601 3777 3805 3840 borum

2217 3873 2474 3930 notitiam
2519 3871 2788 3942 polliceri.
2819 3889 2839 3923 ι
3526 3922 3529 3926 ,

2291 3963 2446 4032 Quod
2474 3973 2654 4019 autem
2686 3963 2973 4018 materiam
2993 3961 3103 4018 Deo
3125 3963 3452 4016 coaet'ernam
3475 3961 3799 4032 impugnans

2220 4055 2442 4113 disserit
2477 4056 2530 4110 in
2556 4049 2859 4111 Comment.
2897 4056 2952 4109 in
2979 4052 3166 4110 Gener.
3195 4069 3236 4118 ι,
3265 4054 3354 4118 t2,
3377 4062 3432 4108 et
3455 4053 3549 4107 lib.
3576 4069 3613 4108 ιι
3654 4051 3798 4120 Περὶ

2219 4148 2444 4219 ἀρχῶν,
2495 4162 2614 4218 cap.
2644 4150 2698 4214 1,
2743 4163 2897 4206 num.
2929 4147 2984 4213 4,
3031 4148 3112 4201 sic
3163 4146 3535 4215 accipiendqu
3562 4153 3678 4212 est;
3717 4158 3801 4198 re-

2224 4241 2456 4313 pudiare
2503 4256 2626 4296 eum
2687 4241 2906 4310 quidem
2963 4239 3247 4294 materiam
3313 4237 3460 4292 illam
3511 4235 3799 4307 ἀγένητον,

2221 4343 2342 4388 ortu
2370 4342 2427 4388 et
2457 4331 2729 4403 principio
2762 4339 3063 4398 carentem,
3093 4329 3308 4400 qualem
3337 4332 3656 4384 invexerant
3685 4327 3802 4397 phi-

2222 4424 2435 4494 losophi
2467 4423 2686 4494 quidam
2711 4461 2727 4488 ,
2768 4431 2826 4478 et
2857 4420 3188 4477 Marcionita!
3230 4419 3626 4487 defendebant,
3693 4417 3803 4473 Deo

539 4516 655 4572 nuit
693 4515 889 4571 Filium
924 4535 939 4572 :
989 4533 1054 4572 ac
1091 4519 1196 4572 nisi
1235 4517 1534 4590 genuisset,
1589 4533 1698 4574 non
1746 4516 1917 4574 fuisse
1944 4517 2119 4573 omni-
2151 4509 2194 4565 D
2225 4530 2482 4582 coaevam,
2523 4513 2835 4569 etalterum
2886 4529 3070 4570 rerum
3125 4496 3449 4583 principium
3485 4528 3500 4566 :
3537 4522 3592 4566 at
3633 4512 3802 4568 nihilo

538 4621 814 4682 potentem
843 4629 859 4666 :
892 4628 911 4662 ι
959 4626 1085 4666 nam
1129 4611 1197 4666 de
1250 4613 1414 4668 rebus
1461 4625 1688 4666 numero
1737 4609 2007 4680 pluribus,
2066 4609 2118 4663 iu

541 4716 663 4770 qua:
715 4701 1007 4770 imperium
1047 4711 1231 4757 teneat
1281 4703 1447 4770 Deus,
1495 4717 1601 4757 non
1649 4701 1718 4756 de
1763 4716 1872 4755 una
1916 4700 2118 4770 aliqua,

539 4789 720 4859 qualis
761 4799 844 4846 est
877 4789 1074 4857 Filius,
1105 4806 1270 4862 agere
1299 4792 1588 4860 Origenem
1620 4789 1970 4844 manifestum
2001 4799 2117 4844 est:

548 4882 644 4936 sed
702 4891 757 4936 et
807 4895 896 4937 res
942 4890 1156 4936 creatas
1204 4881 1258 4936 in
1299 4883 1482 4936 animo
1532 4881 1787 4937 habuisse
1828 4881 1961 4935 satis
1990 4879 2120 4934 illud

541 4973 742 5028 evincit
771 4971 916 5042 quod
947 4972 1191 5041 sequitur
1218 4990 1232 5028 :
1277 4991 1296 5024 ι
1324 4973 1397 5028 De
1427 4972 1623 5042 quibus
1655 4971 1868 5042 plenius
1897 4972 1950 5026 in
1987 4971 2121 5026 locis

542 5063 796 5134 propriis,
835 5064 888 5117 in
933 5063 1129 5133 quibus
1171 5065 1239 5117 de
1278 5062 1546 5118 creaturis
1591 5061 1710 5131 ejus
1738 5061 2123 5131 disputandum

544 5153 732 5222 fuerit,
767 5155 1116 5210 disseremus.
1148 5175 1167 5208 ι
1211 5155 1290 5210 Ac
1327 5155 1574 5223 superior
1619 5154 1708 5210 ille
1750 5155 1900 5210 locus
1933 5154 2125 5222 Origeo

545 5244 633 5300 nis
664 5245 748 5300 vel
783 5245 920 5300 alter
971 5255 1117 5300 certe
1161 5245 1258 5314 ipsi
1304 5246 1622 5313 consimilis,
1669 5247 1902 5302 refertur
1950 5260 1980 5300 a
2019 5244 2128 5301 Me-

549 5336 739 5392 tliodio
768 5338 819 5391 in
865 5337 1000 5393 libro
1025 5338 1165 5407 Περὶ
1207 5337 1324 5392 τῶν
1354 5337 1639 5408 γενητῶν,
1677 5338 1842 5408 -cnjus
1869 5348 2126 5408 excerpta

547 5425 717 5483 habet
740 5428 964 5485 Pbotius
998 5432 1116 5486 cod.
1147 5446 1375 5485 ccxxxv.
1413 5431 1475 5483 El
1506 5430 1790 5493 οὐκέστιν,
1819 5429 2010 5497 inquit,
2035 5428 2130 5500 δη-

551 5521 810 5591 μιουργὸς
836 5523 961 5576 ἄνευ
980 5522 1172 5594 δημιου
1183 5541 1282 5594 ργη
1293 5523 1497 5594 μάτων,
1520 5523 1552 5594 ῆ
1577 5522 1804 5593 ποιητὴς
1821 5521 1949 5574 ἄνευ
1980 5537 2130 5591 ποιη-

555 5612 775 5683 μάτων,
809 5614 930 5668 οὐδὲ
959 5616 1356 5686 παντοκράτωρ
1398 5614 1526 5668 ἄνευ
1567 5614 1675 5667 τῶν
1712 5613 2123 5686 κρατουμένων’

623 5727 736 5797 (55)
783 5728 887 5783 Sed
925 5741 1046 5784 ante
1094 5730 1291 5785 satcula
1337 5732 1410 5784 ita
1448 5749 1481 5784 a
1519 5731 1628 5784 Deo
1662 5743 2019 5798 procreatam,
2063 5739 2119 5783 ut

552 5796 728 5852 fumea
783 5815 816 5853 a
861 5799 971 5853 sole
1019 5801 1392 5870 proﬁciscitur.
1448 5801 1577 5857 Vide
1626 5796 1788 5874 supra
1842 5810 2034 5871 quam.
2063 5801 2122 5869 2,

2224 4607 2406 4662 secius
2450 4595 2732 4662 materiam
2769 4604 2932 4660 aliam
2985 4603 3293 4667 admittere,
3337 4618 3445 4659 non
3491 4613 3643 4660 ortus
3673 4605 3794 4672 qui-

2225 4702 2346 4756 dem
2371 4709 2427 4754 et
2452 4697 2709 4769 principii
2747 4705 3052 4766 expertem,
3086 4695 3200 4766 (53)
3230 4694 3325 4749 sed
3355 4706 3479 4750 ante
3505 4694 3699 4752 saecula
3731 4696 3806 4752 ita

2228 4806 2258 4845 a
2285 4791 2394 4845 Deo
2424 4799 2785 4862 procreatam,
2828 4795 2892 4842 ut
2960 4787 3148 4842 lumen
3195 4801 3224 4838 a
3265 4785 3379 4841 sole
3416 4786 3801 4857 proficiscitur.

2227 4883 2285 4938 In
2317 4898 2385 4939 eo
2416 4897 2548 4955 ergo
2583 4881 2652 4936 ab
2679 4879 2956 4936 haereticis
2986 4878 3092 4936 illis
3119 4878 3496 4944 dissentiebat,
3528 4879 3670 4948 quod
3698 4881 3804 4934 duo

2228 4976 2283 5030 hi
2320 4991 2500 5031 rerum
2539 4972 2804 5045 principia
2839 4983 3126 5040 ponerent,
3163 4971 3355 5036 Deum,
3399 4981 3455 5026 et
3494 4971 3801 5033 materiam,

2227 5076 2518 5135 utrumque
2557 5065 2776 5133 utrique
2808 5073 3168 5129 eoaeternum,
3223 5072 3475 5117 neutrum
3525 5061 3594 5116 ab
3631 5061 3808 5117 altero

2225 5157 2508 5226 pendens;
2560 5155 2651 5210 ille
2694 5155 2863 5209 Deum
2917 5155 3138 5209 unicum
3195 5169 3379 5209 rerum
3428 5153 3804 5208 universarum

2225 5255 2494 5304 statueret
2536 5247 2863 5317 principium
2889 5289 2905 5315 ,
2961 5245 3054 5315 qni
3112 5245 3398 5300 materiam
3440 5258 3508 5298 ex
3551 5259 3612 5299 se
3665 5260 3805 5297 nun-

2227 5354 2506 5409 quamnon
2546 5341 2896 5408 produxerat.
2947 5337 3176 5394 Mundus
3227 5345 3404 5392 autem
3457 5349 3526 5389 ex
3579 5334 3804 5390 materia

2230 5432 2323 5488 illa
2375 5431 2630 5501 deinceps
2679 5429 2905 5486 conﬂari
2952 5430 3210 5498 ﬁngebat.
3267 5428 3345 5482 Ita
3380 5427 3728 5498 discrepabat
3772 5441 3804 5480 a

2233 5522 2620 5587 Marcionistis,
2655 5522 2909 5592 quamvis
2962 5521 3198 5590 ipsorum
3239 5509 3575 5591 argumentis
3622 5528 3806 5573 utere-

2236 5624 2340 5669 tur.
2389 5615 2783 5684 Hermogenem
2831 5614 2976 5689 cnim
3034 5612 3351 5668 baereticum
3403 5611 3594 5666 eodem
3646 5610 3806 5664 modo

2234 5746 2384 5785 unm.
2404 5730 2497 5797 24,
2528 5731 2942 5785 observationes
2962 5739 3174 5784 nostras
3191 5729 3242 5783 in
3271 5729 3387 5783 haec
3408 5726 3586 5780 Huetii
3604 5725 3802 5779 verba:

2233 5801 2309 5857 vel
2335 5803 2456 5874 quia
2476 5801 2754 5857 materiam
2777 5817 2802 5856 ε
2829 5815 2932 5872 qua
2957 5801 3217 5870 conﬂatus
3244 5808 3317 5855 est
3343 5797 3594 5865 mundus,
3624 5803 3730 5853 etc.
