4170 6432
444 415 589 473 103⁸5

1264 413 1841 472 ORIGENIANORUM
1879 413 2009 471 LIB.
2051 414 2117 483 ll,
2158 413 2312 471 CAP.
2346 414 2414 478 Il,
2451 409 2730 479 QUJEST.
2772 407 2883 461 XII.

3562 400 3704 457 1054

441 533 825 590 ratiocinatum
875 547 998 589 esse
1047 536 1216 591 refert
1249 534 1612 592 Tertullianus
1672 536 1814 592 lihro
1860 550 2022 606 pecu-
2053 539 2100 596 Α
2127 545 2182 590 et
2222 532 2377 589 lsaiat
2412 533 2551 597 loco,
2585 531 2651 585 ad
2689 544 2850 599 quem
2889 523 3023 580 falsa
3058 520 3502 590 interpretatione
3530 521 3708 575 detor-

442 627 564 682 liari
600 629 777 698 ipsum
809 642 1165 699 oppugnans;
1212 627 1381 683 Deum
1414 629 1559 684 enim
1596 629 1776 684 aiebat
1809 643 2022 697 semper

440 719 611 775 fuisse
646 721 970 786 Dominum;
1019 720 1309 776 Dominum
1351 731 1531 777 autem
1575 723 1645 778 ab
1690 723 1836 777 omni
1877 729 2023 776 retro

442 826 558 867 aevo
593 826 712 867 esse
741 826 845 866 non
882 812 1144 880 potuisse,
1184 811 1285 866 nisi
1315 827 1530 878 semper
1565 812 1760 868 fuisset
1795 812 2022 882 aliquid,

442 903 600 972 cujus
640 912 784 959 esset
822 904 1121 969 Dominus;
1164 904 1502 974 proindeque
1535 905 1776 961 materia;
1806 919 2023 972 semper

445 996 732 1052 Dominum
764 995 971 1061 fuisse;
1004 996 1150 1049 unde
1176 995 1410 1050 ellicitur
1433 1011 1819 1065 nunquamnon
1856 996 2023 1052 fuisse

444 1087 750 1143 materiam.
793 1086 941 1141 Hanc
971 1088 1439 1143 ratiocinationem
1469 1103 1499 1143 a
1533 1088 1809 1143 veteribus
1848 1089 2023 1154 philo-

444 1180 629 1249 sophis
658 1187 1005 1247 sumpserant
1037 1179 1401 1235 Marcionistae
1426 1219 1442 1246 ,
1485 1195 1715 1249 eamque
1746 1183 1798 1234 in
1830 1180 2024 1235 Proclo

443 1272 645 1328 obterit
685 1271 1016 1340 Pltiloponus
1047 1272 1119 1327 De
1148 1272 1441 1326 aeternitate
1486 1272 1690 1325 mundi.
1728 1272 1799 1325 At
1828 1287 2021 1341 quam-

446 1366 528 1420 vis
558 1364 814 1418 mundum
846 1379 913 1419 ex
949 1365 1174 1419 materia
1207 1366 1422 1434 quidem
1468 1375 1706 1429 mterna,
1738 1380 1769 1419 a
1796 1364 1903 1419 Deo
1938 1374 2022 1418 ta-

442 1469 567 1510 men
613 1454 889 1509 conditum
936 1452 1138 1508 dixerit
1189 1464 1311 1523 post
1335 1454 1615 1510 Socratem
1648 1454 1836 1521 Plato;
1884 1463 1940 1509 et
1969 1454 2024 1509 in

439 1555 685 1615 tempore
732 1559 946 1616 quoque
984 1555 1228 1601 creatum
1277 1544 1660 1612 aﬂirmaverit,
1700 1555 1761 1601 ut
1806 1546 2026 1601 tradunt

442 1640 786 1705 Ambrosius,
839 1648 895 1695 et
944 1637 1239 1695 Zacharias
1292 1639 1673 1711 Mitylenmus;
1724 1648 1890 1708 atque
1948 1640 2024 1694 ita

440 1731 645 1788 dixisse
672 1747 797 1787 eum
814 1731 1135 1787 Aristoteles
1159 1742 1213 1787 et
1232 1730 1645 1801 Theophrastus
1669 1733 2020 1798 censuerint;

441 1822 704 1878 Platonici
756 1832 933 1878 tamen
980 1825 1333 1889 recentiores,
1378 1833 1438 1878 ut
1481 1825 1805 1896 magistrum
1864 1840 2021 1881 suum

2062 688 2089 703 ν,
2128 638 2240 683 tum
2309 626 2665 696 intet'pnlatas
2731 621 2852 676 illas
2914 616 3386 687 philosophorum}
3420 614 3707 685 opiniones

2125 719 2474 776 concinnavit
2502 717 2596 772 lib.
2622 732 2684 771 ιιι
2717 711 2859 782 Περὶ
2897 707 3120 779 ἀρχῶν,
3160 721 3279 776 cap.
3317 706 3372 770 5,
3409 722 3558 760 num.
3584 706 3640 761 ὅ.

2195 902 2261 957 ν.
2292 899 2510 955 Minime
2542 898 2672 954 illud
2707 895 2922 966 quidem
2971 892 3185 948 silentio
3219 906 3468 962 pressum
3515 888 3705 953 Patres

2125 994 2343 1064 Origeni
2382 992 2777 1055 condonarunt,
2827 1003 2952 1042 nam
2992 996 3045 1041 et
3084 985 3349 1040 refellitur
3377 1002 3403 1036 a
3434 982 3707 1037 Methodio

2126 1086 2557 1160 apudPhotium,
2584 1084 2705 1139 cod.
2739 1096 2970 1145 ccxxxv,
2997 1088 3052 1133 et
3084 1079 3153 1133 ab
3192 1077 3518 1147 Hieronymo
3546 1075 3703 1144 epist.

2126 1183 2217 1247 59,
2245 1181 2310 1234 ad
2348 1179 2515 1241 Avit.,
2544 1192 2659 1246 cap.
2686 1175 2739 1242 2,
2760 1175 2843 1229 his
2873 1173 3055 1228 verbis
3083 1190 3095 1225 :
3134 1190 3154 1223 ‹
3196 1170 3254 1225 1η
3273 1170 3508 1226 secundo
3531 1176 3708 1221 autem

2127 1275 2264 1330 libro
2311 1271 2451 1339 Περὶ
2492 1268 2697 1339 ἀρχῶν
2734 1268 2965 1322 mundos
3002 1264 3198 1319 asserit
3258 1260 3706 1325 innumerabiles,

2127 1383 2234 1424 non
2265 1366 2419 1435 juxta
2451 1364 2742 1432 Epicurum
2775 1375 2882 1414 uno
2930 1366 3173 1427 tempore
3217 1353 3477 1425 plurimos
3525 1360 3578 1406 et
3623 1353 3707 1406 sui

2126 1461 2350 1526 similes,
2396 1458 2491 1511 sed
2533 1463 2651 1524 post
2673 1453 2894 1508 alterius
2922 1450 3105 1505 mundi
3138 1449 3299 1503 tinem
3329 1444 3553 1500 alterius
3590 1457 3711 1500 esse

2126 1551 2447 1625 principium
2485 1557 2578 1602 :et
2602 1554 2731 1601 ante
2759 1544 2905 1599 hunc
2947 1552 3191 1598 nostrum
3233 1538 3514 1602 mundum,
3547 1536 3711 1590 alium

2127 1646 2296 1702 fuisse
2324 1642 2579 1697 mundum
2618 1658 2632 1695 :
2664 1649 2714 1693 et
2745 1648 2864 1706 post
2885 1637 3028 1691 hunc
3048 1635 3211 1689 alium
3235 1646 3355 1687 esse
3372 1630 3636 1693 futurum,
3656 1636 3713 1682 et

2126 1748 2249 1811 post
2274 1736 2424 1793 illum
2446 1733 2631 1799 alium,
2664 1743 2990 1798 rursumque
3019 1734 3137 1795 post
3155 1734 3399 1779 caeteros.
3424 1719 3713 1776 Etdubitat

2128 1842 2309 1886 utrum
2346 1827 2559 1882 futurus
2594 1824 2666 1879 sit
2689 1821 2922 1876 mundus
2951 1817 3106 1874 alteri
3145 1817 3348 1870 mundo
3372 1814 3445 1869 ita
3472 1828 3538 1868 ex
3564 1812 3712 1867 omni

441 1926 564 1967 cum
592 1914 889 1970 Aristotele
918 1915 1297 1982 conciliarent,
1340 1914 1542 1970 factum
1586 1917 1806 1986 quidem
1860 1932 2022 1971 muu-
2055 1916 2100 1972 B
2127 1931 2280 1995 parte
2310 1916 2628 1984 consimilis,
2667 1924 2724 1970 ut
2763 1913 2909 1968 nullo
2945 1912 3088 1966 inter
3131 1924 3192 1965 se
3234 1908 3436 1962 distare
3488 1906 3712 1959 videan-

441 2004 567 2059 dum
616 2004 821 2061 dixisse
859 2004 1136 2061 Platonem
1191 2006 1517 2072 fatebantur,
1568 2016 1625 2062 at
1678 2009 1746 2064 ab
1780 2018 2019 2070 aeterno:

441 2097 574 2149 adeo
605 2105 663 2151 ut
704 2096 969 2167 principio
1005 2098 1281 2165 temporis,
1312 2104 1542 2163 careret,
1573 2098 1667 2153 sed
1694 2098 2022 2169 principium

440 2202 639 2253 causae,
698 2188 863 2242 Deum
897 2202 1089 2257 nempe
1134 2189 1395 2256 haberet;
1442 2207 1462 2241 ι
1491 2205 1590 2246 nec
1622 2190 1769 2246 esset
1800 2191 1905 2248 hoc
1942 2195 2023 2248 vi-

438 2278 633 2334 delicet
664 2280 941 2351 temporis,
975 2280 1070 2335 sed
1103 2280 1501 2337 substitutionis
1537 2281 1773 2347 initium,
1796 2302 1814 2335 ι
1852 2292 1910 2337 ut
1947 2284 2025 2339 ait

440 2371 774 2442 Augustinus
806 2372 898 2427 lib.
924 2387 960 2427 χ
990 2372 1069 2428 De
1103 2375 1247 2429 civit.
1274 2373 1391 2439 Dei,
1426 2389 1547 2445 cap.
1575 2375 1666 2442 51,
1709 2375 1800 2444 qui
1837 2384 1891 2431 et
1921 2377 2025 2433 hoc

442 2462 852 2531 comparatione
902 2464 1140 2533 quadam
1197 2465 1458 2535 explicari
1516 2482 1544 2519 a
1604 2464 1901 2523 Platonicis
1949 2468 2023 2523 ita

442 2554 633 2608 scribit
665 2571 681 2606 :
731 2571 750 2605 ο
776 2554 928 2609 Sicut
971 2556 1143 2623 enim,
1180 2556 1452 2627 inquiunt,
1481 2558 1526 2613 si
1569 2573 1665 2627 pes
1693 2574 1760 2615 ex
1802 2560 2024 2615 aeterni-

442 2653 553 2701 tate
581 2660 798 2717 semper
825 2646 1021 2703 fuisset
1052 2648 1104 2702 in
1137 2649 1392 2718 pulvere,
1428 2664 1646 2720 semper
1678 2652 1727 2706 ei
1778 2652 2027 2708 subesset

442 2737 729 2808 vestigium
757 2756 771 2805 ;
800 2739 943 2808 quod
972 2750 1153 2795 tamen
1176 2740 1464 2813 vestigium
1488 2757 1518 2796 a
1544 2742 1790 2798 calcante
1822 2743 2024 2799 factum

442 2843 603 2884 nemo
657 2829 967 2896 dubitaret,
1011 2846 1112 2885 nec
1159 2830 1390 2885 alterum
1434 2832 1607 2888 altero
1645 2833 1799 2904 prius
1860 2842 2024 2899 esset,

444 2922 694 2991 quamvis
743 2922 971 2978 alterum
1021 2923 1090 2978 ab
1135 2923 1307 2978 altero
1337 2921 1539 2979 factum
1572 2933 1717 2980 esset
1752 2941 1768 2979 :
1810 2923 1911 2989 sic,
1942 2925 2026 2979 in-

442 3016 657 3085 quiunt,
690 3025 741 3071 et
779 3016 1033 3081 mundus,
1059 3025 1221 3087 atque
1256 3017 1309 3071 in
1339 3017 1428 3073 illo
1462 3017 1537 3072 dii
1569 3019 1760 3083 creati,
1795 3026 1853 3073 et
1887 3031 2030 3072 sem-

441 3122 541 3177 per
574 3107 817 3175 fuerunt,
844 3123 1058 3179 semper
1096 3111 1394 3166 exsistente
1432 3110 1525 3179 qui
1568 3108 1719 3176 fecit,
1763 3119 1817 3165 et
1847 3118 2029 3164 tamen

444 3201 570 3257 facti
619 3210 765 3258 sunt.
798 3221 819 3255 ι
877 3202 1054 3272 Atque
1110 3203 1252 3259 hanc
1300 3203 1468 3258 fuisse
1503 3201 1747 3257 Platonis
1791 3211 2029 3257 mentem

445 3294 771 3361 pertenduut
804 3292 1058 3361 Boetius;
1089 3292 1404 3365 Simplicius
1444 3294 1594 3360 item,
1632 3292 1865 3359 Taurus,
1895 3291 2032 3347 Por-

444 3387 668 3457 phyrius
710 3398 766 3443 et
814 3387 1075 3454 Proclus;
1133 3388 1491 3466 Censorinus,
1522 3387 1781 3459 Apuleius
1818 3396 1874 3443 et
1919 3386 2032 3443 Ma-

446 3475 689 3534 crobius.
749 3476 977 3549 Vigente
1024 3479 1129 3536 bac
1175 3480 1358 3549 itaque
1386 3479 1641 3550 Origeuis
1677 3478 2029 3550 temporibus,

445 3580 501 3623 et
533 3569 692 3639 vulgo
724 3570 868 3624 inter
894 3567 1209 3627 Platonicos
1241 3578 1459 3641 recepta
1486 3569 1790 3637 sententia,
1822 3568 1878 3624 in
1910 3583 2033 3626 eam

446 3676 661 3731 quoque
695 3661 784 3716 ille
813 3661 1107 3717 concessit.

520 3752 578 3807 ln
604 3753 836 3809 alterum
865 3767 1028 3824 porro
1048 3792 1064 3813 .
1095 3753 1162 3809 de
1188 3759 1453 3823 perpetua
1485 3751 1807 3808 mundorum
1833 3767 2034 3824 propa-

446 3844 668 3918 gatione
696 3844 955 3915 placitum
991 3846 1130 3901 unde
1161 3845 1415 3901 inductus
1440 3848 1530 3913 sit,
1567 3849 1611 3902 si
1641 3848 1765 3917 quis
1790 3862 2034 3918 quaerere

450 3936 599 4001 velit,
636 3934 771 3990 nihil
798 3935 1039 3990 occurrit
1068 3934 1419 3991 verisimilius
1447 3951 1611 4007 quam
1645 3937 1697 3991 id
1729 3937 1796 3992 ab
1826 3951 1891 3992 eo
1912 3951 2034 3992 esse

450 4029 742 4083 conflctum
792 4027 859 4082 ad
908 4027 1037 4082 illud
1076 4026 1420 4092 Stoicorum,
1475 4028 1619 4095 quod
1669 4028 2036 4098 conﬂagratu-

455 4136 576 4176 rum
628 4119 887 4175 mttndum
937 4120 1083 4174 hunc
1118 4120 1326 4185 statuit,
1370 4120 1650 4190 aliumque
1708 4120 1836 4175 huic
1883 4121 2033 4175 omni

452 4225 521 4266 ex
551 4221 706 4281 parte
745 4209 1103 4275 consimilem,
1128 4209 1214 4263 vel
1244 4224 1436 4278 parum
1463 4219 1612 4266 certe
1634 4210 2033 4280 discrepantem

453 4304 831 4373 proditurum;
865 4302 1001 4357 adeo
1027 4311 1084 4357 ut
1110 4317 1216 4357 non
1252 4302 1415 4371 hujus
1449 4302 1621 4359 solum
1670 4302 1899 4374 ﬁguram
1941 4318 2037 4374 pe-

453 4395 599 4450 nitus
634 4394 859 4458 referat,
896 4394 991 4450 sed
1037 4396 1257 4449 eosdem
1282 4394 1446 4449 etiam
1478 4408 1660 4459 casus,
1696 4395 1884 4451 eadem
1922 4409 2035 4449 om-

448 4487 568 4553 nia;
606 4487 888 4556 alteroque
916 4488 1020 4541 hoc
1043 4488 1207 4541 etiam
1233 4487 1537 4551 combusto,
1569 4486 1733 4541 alium
1764 4487 2031 4541 oriturum

2128 2026 2245 2081 tur;
2278 2029 2344 2067 an
2388 2018 2539 2065 certe
2590 2021 2865 2076 nunquam
2920 2004 3151 2058 mundus
3196 2001 3351 2056 alteri
3408 2000 3611 2054 mumlo
3643 2012 3713 2052 ex

2126 2116 2239 2163 toto
2260 2105 2601 2167 indiscretus,
2626 2109 2680 2153 et
2709 2097 2899 2153 similis
2928 2097 2998 2151 sit
3035 2096 3245 2149 futurus
3266 2093 3399 2165 (54).
3423 2111 3442 2145 ι
3468 2092 3588 2148 Mox
3617 2092 3716 2145 ad-

2128 2199 2281 2254 ducit
2304 2195 2468 2252 verba
2486 2193 2735 2265 Origenis
2767 2208 2779 2244 :
2805 2209 2823 2242 ι
2844 2191 2909 2245 Ει
2931 2188 3132 2244 idcirco
3164 2188 3400 2241 arbitror
3422 2199 3519 2254 pro
3541 2183 3716 2239 varie-

2129 2300 2243 2347 tate
2274 2303 2560 2346 causarum
2590 2286 2834 2341 diversos
2868 2282 3097 2338 mundos
3130 2280 3281 2345 fieri;
3324 2287 3377 2333 et
3405 2278 3530 2332 elidi
3556 2292 3715 2331 erro-

2127 2399 2215 2439 res
2241 2397 2450 2445 eorum,
2509 2379 2600 2449 qui
2646 2376 2850 2433 similes
2908 2375 2991 2431 sui
3040 2373 3269 2428 mundos
3323 2385 3443 2427 esse
3490 2379 3717 2424 conten-

2126 2475 2281 2530 dunt.
2324 2493 2343 2527 ι
2384 2472 2603 2527 Tradita
2636 2469 2802 2526 fuisse
2832 2469 2947 2523 haec
2976 2468 3166 2523 eadem
3213 2466 3280 2519 ab
3313 2464 3544 2534 Origene
3574 2462 3669 2516 lib.
3697 2476 3713 2514 ι

2128 2576 2182 2624 et
2215 2583 2290 2637 ιιι,
2318 2565 2456 2633 Περὶ
2494 2560 2719 2632 ἀρχῶν,
2762 2560 2936 2617 refert
2989 2558 3352 2629 Hieronymus
3385 2571 3504 2625 cap.
3546 2555 3571 2609 1
3606 2554 3718 2608 et3

2127 2660 2368 2728 ejusdem
2414 2656 2693 2727 epistolae;
2742 2651 3100 2724 quamobrem
3149 2658 3205 2704 et
3246 2650 3391 2704 hunc
3425 2648 3478 2703 in
3510 2648 3717 2703 crimen

2127 2761 2289 2809 vocat
2326 2749 2548 2821 Apolog.
2587 2746 2679 2803 lib.
2712 2761 2751 2812 ι,
2777 2761 2895 2816 cap.
2929 2743 2982 2811 5,
3022 2753 3076 2797 et
3107 2742 3202 2797 lib.
3252 2758 3315 2808 ll,
3351 2755 3473 2810 cap.
3530 2741 3585 2795 5.
3623 2737 3720 2794 Ju-

2130 2846 2395 2903 stinianus
2427 2855 2643 2912 quoque
2685 2839 2739 2895 in
2769 2835 2995 2908 epistola
3031 2834 3098 2889 ad
3141 2832 3352 2889 Menam
3377 2832 3451 2887 ita
3482 2830 3715 2885 scribit:

2142 2936 2486 2991 Ὑποτίθεται
2514 2933 2570 2985 δὲ
2608 2932 2703 2986 καί⁹
2735 2929 3023 3001 διαφόρους
3078 2925 3317 2996 κόσμους
3363 2922 3624 2994 συστῆναί
3655 2940 3719 2975 τε

2131 3030 2227 3084 καὶ
2264 3024 2635 3091 συνίστασθαι,
2688 3022 2847 3076 τοῦτο
2893 3022 2991 3093 μὲν
3035 3018 3425 3091 παρελθόντας,
3468 3015 3627 3068 τοῦτο
3661 3013 3721 3069 δὲ

2138 3122 2464 3194 μέλλοντας·
2505 3137 2524 3171 ‹
2568 3118 2775 3174 Statuit
2820 3126 3001 3171 autem
3032 3124 3085 3169 et
3122 3114 3370 3169 diversos
3409 3108 3722 3167 constitisse

2136 3213 2391 3278 mundos,
2435 3220 2489 3269 et
2521 3218 2796 3279 constare,
2834 3209 3030 3280 partim
3057 3206 3384 3279 przeteritos,
3417 3203 3612 3274 partim
3635 3200 3721 3256 fu-

2140 3316 2311 3363 turos.
2343 3324 2363 3358 ι

2202 3467 2449 3525 Notanda
2481 3480 2611 3523 vero
2641 3470 2895 3520 accurate
2928 3475 3049 3532 quae
3082 3458 3393 3532 praecedunt
3432 3478 3443 3513 :
3471 3456 3719 3510 Κάκεϊνο

2132 3562 2281 3616 δὲτὸ
2327 3561 2509 3633 πάσης
2549 3558 2866 3621 δυσσεϐείας
2903 3556 3211 3623 ἀνάμεστον
3256 3553 3357 3625 τῆς
3402 3550 3568 3607 αὑτοῦ
3602 3550 3722 3604 ἐστι

2138 3655 2468 3727 μυθολογίας
2494 3654 2557 3707 τὸ
2589 3654 2767 3722 λέγειν
2792 3654 2876 3707 ὅτι
2900 3652 3078 3705 πάντα
3103 3649 3172 3703 τὰ
3197 3649 3351 3719 γένη,
3388 3645 3485 3700 καὶ
3504 3644 3574 3698 τὰ
3605 3641 3722 3714 εἴδη

2073 3783 2098 3828 ο
2135 3747 2382 3803 συνατδιά
2411 3750 2527 3801 ἐστι
2554 3745 2634 3817 τῷ
2662 3745 2803 3816 Θεῷ*
2847 3762 2866 3796 ι
2920 3743 3053 3798 Illud
3092 3756 3221 3797 vero
3262 3738 3409 3795 omni
3449 3736 3724 3807 impietate

2134 3842 2352 3912 plenum
2380 3840 2495 3910 ipse
2524 3838 2819 3905 fabulatur,
2850 3836 3034 3892 dicens
3061 3833 3242 3891 omnia
3267 3846 3466 3904 genera
3501 3839 3558 3885 et
3595 3842 3722 3898 spe-

2133 3934 2244 3987 cies
2281 3946 2407 3987 esse
2443 3930 2557 3986 Deo
2585 3941 2907 3987 coatternas.
2940 3947 2960 3981 ι
2998 3926 3122 3997 Ipsa
3150 3926 3315 3982 etiam
3350 3924 3515 3978 verba
3544 3921 3720 3975 addu-

2136 4024 2212 4079 cit
2273 4020 2615 4078 Justinianus
2660 4022 2726 4075 ad
2766 4021 2970 4077 calcem
3007 4016 3251 4089 epistolae
3292 4030 3323 4070 e
3360 4014 3497 4068 lihro
3533 4028 3549 4065 ι
3580 4009 3722 4079 Περὶ

2134 4113 2356 4185 ἀρχῶν.
2382 4113 2576 4170 Parem
2607 4128 2708 4169 suo
2740 4122 2984 4182 tempore
3019 4121 3389 4179 pr0pugnasse
3416 4104 3720 4159 doctrinam

2136 4208 2472 4279 Origenistas
2499 4207 2760 4278 quosdam
2800 4204 3111 4275 signiﬁcare
3146 4201 3361 4256 videtur
3408 4198 3633 4254 Orosius
3666 4197 3721 4252 in

2136 4302 2546 4358 Commonitorio
2577 4302 2647 4354 ad
2677 4298 3053 4369 Augustinum,
3083 4312 3103 4346 ‹
3141 4293 3382 4348 Primum
3413 4290 3594 4345 omnia
3626 4304 3724 4342 an-

2132 4405 2356 4465 tequam
2391 4393 2535 4449 facta
2570 4399 2915 4464 apparerent,
2966 4402 3179 4457 semper
3213 4386 3265 4439 in
3318 4385 3409 4439 Dei
3454 4382 3722 4452 sapientia

2134 4487 2275 4544 facta
2306 4486 2571 4543 mansisse
2596 4488 2839 4543 dicentes
2870 4483 2974 4538 hoc
3007 4480 3175 4535 verbo
3207 4496 3221 4532 :
3250 4478 3391 4531 Deus
3412 4475 3554 4530 enim
3576 4488 3724 4544 quaso

448 4591 661 4648 postea,
691 4593 757 4634 ac
800 4578 995 4634 deinde
1032 4580 1225 4645 alium,
1268 4579 1681 4634 renascentibus
1728 4594 1944 4648 semper
1967 4593 2032 4635 ac
2061 4614 2108 4670 Β
2138 4593 2355 4650 cunque
2382 4578 2529 4646 fecit,
2563 4578 2814 4634 faciendo
2841 4591 2946 4632 non
2978 4574 3165 4642 cmpit.
3211 4589 3230 4622 ι
3268 4570 3399 4637 Quae
3424 4566 3608 4622 multis
3638 4580 3724 4620 re-

449 4670 914 4743 conﬂagrantibus
942 4670 1179 4725 mundis.
1238 4669 1499 4724 Platonici
1543 4684 1694 4736 vero,
1740 4678 1793 4724 et
1823 4668 2028 4740 Pytha-

447 4764 620 4833 gorei,
647 4764 715 4819 ab
743 4762 1014 4835 Egyptiis
1054 4764 1330 4831 instructi,
1370 4764 1630 4819 mundum
1679 4765 1899 4836 quidem
1941 4766 2030 4818 in-

448 4854 856 4923 corruptibilem
889 4855 1267 4919 autumabant,
1314 4855 1408 4909 sed
1454 4854 1725 4911 sideribus
1754 4865 1875 4925 post
1919 4854 2032 4910 lon-

449 4961 544 5015 gos
568 4946 852 5003 anfractus
885 4950 950 5003 ad
987 4950 1234 5005 eamdem
1263 4949 1554 5004 stationem
1591 4948 1852 5015 reversis,
1906 4962 2030 5002 rur-

449 5051 572 5092 sum
614 5048 881 5093 eventura
912 5040 1123 5106 eadem,
1159 5039 1488 5109 eosdemque
1520 5039 1825 5094 nascituros
1855 5039 2033 5095 homi-

452 5143 573 5193 nes,
603 5140 658 5183 et
694 5130 748 5183 in
783 5129 1069 5199 pristinam
1099 5128 1329 5185 formam
1354 5130 1598 5185 reditura
1631 5129 1834 5195 omnia,
1869 5144 2030 5198 quam

450 5218 614 5274 simili
645 5220 863 5290 vigente
885 5228 1156 5275 astrorum
1187 5221 1459 5290 positione
1493 5229 1800 5277 tenuerunt.
1839 5218 2036 5287 Quam-

450 5313 534 5366 vis
561 5322 743 5367 autem
775 5312 1039 5383 ejusmodi
1064 5313 1412 5369 delirationes
1450 5313 1591 5370 libro
1627 5328 1659 5368 v
1689 5322 1871 5367 contra
1888 5309 2031 5367 Cels.

452 5414 604 5460 num.
629 5404 722 5468 20,
750 5405 816 5460 21
845 5414 899 5460 et
931 5422 1050 5475 seq.
1081 5406 1376 5475 cxploserit
1405 5407 1792 5471 Adamantius,
1839 5420 1937 5475 pro
1967 5420 2035 5461 eo

451 5512 516 5552 ac
537 5498 755 5564 debuit;
788 5498 1137 5554 nihilominus
1166 5507 1346 5553 tamen
1390 5514 1457 5554 ex
1495 5499 1581 5554 his
1621 5500 1854 5554 recoctis
1877 5512 2032 5552 suum

454 5589 585 5644 illud
617 5590 932 5660 procudisse
959 5590 1150 5661 dogma
1178 5591 1487 5645 censuerim
1513 5607 1529 5657 ;
1576 5592 1869 5646 accedente
1898 5604 2037 5659 prae-

454 5683 643 5738 sertim
672 5682 910 5755 gemino,
934 5698 1093 5755 quem
1126 5682 1476 5740 recitavimus
1506 5698 1698 5755 supra,
1728 5680 2036 5740 Salomonis

2138 4671 2275 4727 futat
2300 4670 2636 4741 Augustinus
2671 4671 2724 4724 in
2757 4669 2897 4725 libro
2945 4677 3129 4722 eontra
3174 4661 3622 4718 Priscillt'anistas
3671 4668 3723 4711 et

2140 4763 2492 4835 Origenistas,
2526 4779 2651 4834 cap.
2679 4762 2733 4817 8.
2766 4759 2957 4817 Pulsat
2997 4760 3187 4815 eadem
3226 4756 3292 4812 de
3328 4768 3494 4811 causa
3540 4750 3724 4820 Orige-

2136 4872 2263 4914 nem
2294 4855 2659 4925 Nicephorus,
2693 4869 2799 4910 non
2850 4866 3053 4925 genera
3081 4859 3137 4906 et
3174 4848 3407 4919 Species,
3455 4846 3550 4900 sed
3605 4843 3721 4896 κτί-

2138 4950 2322 5021 σμὰτα
2381 4949 2490 5005 Deo
2518 4957 2788 5005 coaeterna
2842 4945 3099 5002 statuisse
3152 4943 3326 5013 ipsum
3379 4936 3719 5010 praedicans,

2136 5055 2417 5112 perperam
2448 5039 2676 5105 scilicet,
2703 5047 2764 5093 ut
2788 5038 3028 5101 videtur,
3063 5043 3285 5104 accepta
3316 5030 3567 5100 Origenis
3595 5044 3719 5084 seu-

2140 5134 2347 5199 tentia,
2403 5142 2591 5203 aperte
2638 5141 2821 5186 tamen
2875 5129 3123 5199 exposita
3167 5127 3262 5181 lib.
3315 5140 3367 5189 l,
3418 5120 3562 5191 Περὶ
3613 5120 3721 5190 dp-

2139 5226 2285 5297 χῶν,
2338 5226 2481 5297 apud
2535 5223 2900 5280 Justiuiauum
2947 5222 3002 5276 in
3056 5220 3163 5274 line
3210 5214 3453 5287 epistola:
3505 5212 3572 5267 ad
3606 5209 3721 5267 Me-

2142 5336 2309 5375 nam:
2356 5335 2376 5370 t
2433 5316 2668 5383 Genera,
2722 5314 2919 5385 inquit,
2971 5310 3155 5367 omnia
3225 5316 3280 5363 et
3312 5305 3523 5377 species
3579 5318 3723 5358 sem-

2140 5427 2239 5482 per
2293 5420 2455 5467 erant
2498 5428 2515 5465 :
2560 5425 2667 5466 nou
2696 5408 2770 5464 ita
2830 5408 2896 5463 de
2945 5401 3311 5476 singularibus
3350 5398 3722 5455 differentibus

2142 5519 2372 5560 numero
2408 5502 2611 5558 dixerit
2672 5499 2962 5570 quispiam.
3008 5514 3027 5549 ι
3086 5494 3240 5550 Ιδιειηο
3290 5492 3348 5548 in
3381 5489 3721 5557 ,senteutiam

2141 5594 2432 5665 Origenem
2474 5592 2717 5665 magistri
2753 5591 2837 5648 sui
2876 5589 3124 5645 Platonis
3154 5588 3289 5643 ideae
3337 5582 3722 5656 perpulerunt-

2138 5686 2327 5758 ltaque
2360 5701 2555 5760 genera
2587 5694 2645 5744 et
2675 5684 2885 5757 species
2908 5682 3018 5741 Deo
3046 5695 3166 5741 esse
3197 5688 3466 5738 coaeterna
3496 5686 3725 5733 eatenus

526 5861 639 5933 (54')
669 5861 793 5922 Haec
824 5871 1037 5921 exstant
1074 5863 1167 5923 lib.
1213 5880 1251 5920 ll
1291 5863 1431 5931 Περὶ
1485 5861 1705 5935 ἀρχῶν,
1760 5878 1879 5936 cap.
1940 5865 1989 5933 l,
2031 5880 2180 5922 num.
2213 5863 2268 5920 3.
