4170 6414
541 355 681 413 1055

1819 359 1880 416 Ρ.
1924 360 2238 416 DANIELIS
2271 363 2501 420 IlUETIl

3649 375 3671 429 Ι
3683 375 3788 432 056

536 476 754 543 dixerit,
796 483 1067 546 quatenus
1115 475 1258 530 Deus
1305 476 1374 530 ab
1405 478 1554 532 omni
1611 485 1756 534 retro
1789 494 1904 535 aavo
1949 495 2014 536 ea
2054 483 2105 535 in
2135 487 2184 542 Α
2214 481 2380 537 fuisse
2402 483 2481 537 ait
2512 483 2564 537 in
2592 483 2808 538 tertium
2857 485 3073 553 cadum,
3120 493 3175 541 et
3222 486 3273 542 in
3323 489 3667 558 paradisum;
3719 510 3786 548 ex

535 580 718 624 mente
742 568 949 623 habuit.

610 660 697 715 VL
724 660 1104 714 Verumtamen
1154 660 1500 728 quantumvis
1547 662 1663 716 hzec
1696 662 1897 720 diserte
1933 663 2110 720 videa-

544 760 637 805 tur
686 749 982 805 afﬁrmasse
1036 750 1331 821 Origenes,
1385 752 1440 807 id
1503 762 1681 810 tamen
1745 755 2007 824 praemisit
2055 757 2107 812 in

531 841 806 897 Procemio
852 842 1114 898 librorum
1175 844 1317 913 Περὶ
1364 842 1587 914 ἀρχῶν,
1639 861 1786 902 num.
1839 846 1870 898 7
1904 864 1918 901 :
1949 865 1969 898 ι
2017 847 2114 903 Est

530 945 796 1003 przeterea
850 942 906 990 et
956 934 1094 990 illud
1154 935 1208 990 in
1256 936 1629 992 ecclesiastica
1700 937 2105 1006 praedicatione,

529 1026 670 1097 quod
717 1027 950 1083 mundus
987 1028 1092 1083 iste
1133 1027 1306 1084 factus
1355 1029 1446 1094 sit,
1496 1038 1550 1084 et
1593 1045 1624 1083 a
1665 1039 1819 1085 certo
1869 1040 2110 1097 tempore

531 1119 778 1189 cmperit,
830 1132 886 1175 et
933 1136 1033 1190 pro
1083 1121 1199 1190 ipsa
1251 1120 1334 1175 sui
1393 1121 1743 1192 corruptione
1794 1122 2104 1178 solvendus.

530 1211 668 1279 Quid
713 1221 890 1267 tamen
947 1223 1074 1269 ante
1125 1215 1272 1270 hunc
1316 1203 1573 1268 mundum
1624 1213 1810 1280 fuerit,
1839 1224 1933 1268 aut
1979 1215 2104 1283 quid

529 1313 652 1372 post
692 1305 952 1360 mundum
997 1308 1124 1370 erit,
1156 1305 1270 1374 jam
1312 1321 1420 1361 non
1468 1320 1564 1375 pro
1597 1307 1883 1362 manifesto
1924 1307 2106 1361 multis

528 1395 762 1450 innotuit
791 1414 805 1450 :
832 1413 938 1452 non
970 1399 1115 1452 enim
1149 1398 1373 1454 evidens
1419 1399 1486 1454 de
1523 1399 1611 1453 bis
1644 1399 1697 1452 in
1740 1399 2102 1454 ecclesiastica

525 1487 906 1552 praedicatione
975 1504 1154 1544 sermo
1211 1489 1500 1560 profertur.
1553 1509 1572 1543 ι
1620 1490 1857 1556 Quarum
1922 1504 2103 1543 rerum

523 1580 908 1636 obscuritatem
959 1583 1253 1653 significari
1321 1585 1398 1638 ait
1456 1585 1606 1640 hom.
1655 1584 1690 1638 4
1743 1585 1799 1636 in
1863 1582 2099 1651 Isaiam,

525 1689 673 1728 num.
701 1672 753 1738 1,
789 1689 886 1744 per
915 1675 1032 1730 alas
1089 1676 1208 1732 illas
1250 1685 1484 1747 quatuor
1514 1679 1928 1748 seraphinorum
1967 1681 2104 1734 duo-

525 1780 668 1828 rum,
699 1780 819 1834 qua:
852 1765 944 1822 Dei
974 1767 1168 1823 faciem
1197 1783 1262 1823 ac
1290 1769 1452 1837 pedes
1476 1769 1743 1824 velabant.
1778 1767 1928 1824 finde
1989 1769 2099 1824 exi-

2215 588 2387 642 eoque
2426 575 2710 644 collegisse
2745 577 2884 631 idem
2927 592 3046 634 esse
3093 580 3404 648 paradisum
3445 597 3511 637 ac
3567 583 3786 640 tertium

2213 680 2454 733 canum;
2506 669 2650 737 quod
2706 678 2904 740 negant
2967 670 3270 728 Methodius
3325 684 3373 728 et
3433 675 3784 744 Epiphanius,

2217 759 2529 825 paradisum
2564 773 2594 812 a
2620 760 2780 815 tertio
2804 759 2942 816 caelo
2985 762 3422 834 distinguendum
3465 781 3588 822 esse
3634 782 3788 822 asse-

2213 860 2416 904 rentes.
2449 869 2466 902 ι
2493 849 2626 918 Quis
2658 852 2862 920 audiat,
2896 873 2915 905 ι
2952 853 3124 924 inquit
3176 855 3510 928 Epiphanius
3538 858 3590 912 in
3621 861 3782 930 epist.

2218 940 2286 994 ad
2334 939 2496 996 Joan.
2540 940 2882 1013 Jerosolym.,
2915 959 3034 1014 cap.
3072 945 3127 1011 5,
3162 965 3180 996 ι
3219 948 3270 1000 in
3323 947 3480 1002 tertio
3516 949 3652 1004 caelo
3681 949 3781 1006 do-

2209 1041 2433 1087 nantem
2467 1033 2623 1088 nobis
2648 1032 2932 1104 Origenem
2975 1038 3304 1106 paradisum,
3346 1047 3403 1093 et
3442 1039 3588 1093 illum
3618 1056 3781 1110 quem

2216 1123 2498 1193 Scriptura
2576 1135 2990 1194 commemorat,
3059 1127 3126 1183 de
3195 1139 3335 1184 terra
3399 1132 3470 1186 ad
3539 1133 3780 1188 coelestia

2211 1215 2652 1282 transferentem,
2687 1228 2740 1271 et
2769 1233 2960 1273 omnes
3012 1223 3255 1285 arbores,
3303 1237 3424 1291 qua:
3466 1223 3783 1278 scribuntur

2209 1308 2262 1361 in
2293 1307 2516 1376 Genesi,
2547 1311 2630 1364 sic
2657 1309 2941 1377 allegorice
2965 1312 3375 1382 intelligentem,
3408 1316 3548 1384 quod
3574 1316 3781 1372 scilicet

2210 1398 2434 1452 arbores
2455 1399 2708 1470 angelica:
2730 1399 3074 1456 fortitudines
3101 1412 3248 1469 sunt,
3286 1419 3408 1459 cum
3442 1406 3543 1461 hoc
3572 1408 3778 1463 veritas

2205 1503 2310 1542 non
2371 1491 2635 1559 recipiat?
2676 1510 2695 1543 ι
2730 1499 2785 1547 et
2831 1502 3018 1563 postea
3053 1513 3066 1549 :
3096 1514 3114 1546 ι
3159 1496 3264 1550 Sed
3313 1497 3447 1552 dicis
3480 1515 3494 1553 :
3526 1497 3780 1567 Legimus

2207 1580 2348 1648 quod
2381 1578 2438 1634 S.
2464 1579 2662 1636 Paulus
2683 1591 2870 1652 raptus
2899 1584 2973 1640 sit
3004 1599 3173 1653 usque
3206 1585 3271 1638 ad
3313 1588 3530 1641 tertium
3555 1589 3773 1654 ctelum,

2209 1681 2262 1726 et
2291 1686 2460 1740 usque
2492 1672 2546 1726 in
2595 1674 2924 1742 paradisum.
2964 1674 3110 1730 Bene
3140 1676 3274 1730 dicis
3308 1695 3321 1730 :
3352 1677 3577 1744 Quando
3626 1681 3778 1748 ponit

2209 1761 2426 1816 tertium
2477 1761 2698 1830 caelum,
2740 1774 2794 1818 et
2825 1774 3011 1833 postea
3041 1766 3211 1833 addit,
3257 1777 3304 1820 et
3343 1769 3397 1822 in
3433 1771 3772 1838 paradisum,

522 1857 735 1912 stimari
772 1869 971 1927 potest.
1021 1835 1354 1932 quaecunque
1404 1878 1567 1932 super
1623 1866 1723 1918 hoc
1778 1873 2098 1931 argumento
2134 1835 2176 1890 Β
2205 1852 2441 1908 ostendit
2470 1853 2596 1908 alibi
2639 1869 2760 1908 esse
2805 1862 3024 1920 omium,
3082 1866 3136 1912 et
3184 1857 3309 1912 alibi
3363 1835 3696 1928 paradisum.
3739 1881 3756 1913 ι

522 1949 868 2018 conscripsit,
925 1950 1067 2005 velut
1109 1967 1286 2007 meras
1340 1954 1680 2023 conjecturas
1729 1955 2095 2025 proposuisse,

522 2054 628 2092 non
671 2050 925 2109 tanquam
959 2041 1208 2112 dogmata
1240 2059 1608 2100 asseverasse.

591 2129 1012 2188 Praetermittere
1041 2149 1168 2189 vero
1199 2136 1419 2190 minime
1446 2137 1602 2192 decet
1621 2138 1753 2194 illud
1784 2139 2094 2212 Hieronymi

523 2237 556 2277 e
589 2221 682 2276 lib.
725 2239 741 2278 ι
784 2225 840 2278 in
881 2225 1054 2296 Epist.
1109 2227 1176 2281 ad
1228 2225 1358 2295 Tit.,
1416 2244 1520 2283 non
1573 2229 1728 2301 longe
1771 2231 1840 2286 ab
1893 2233 2091 2290 initio:

523 2331 544 2366 ε
591 2312 697 2370 Sex
725 2315 892 2370 millia
926 2319 1157 2371 necdum
1203 2317 1374 2374 nostri
1422 2319 1571 2374 orbis
1619 2320 1912 2390 implentur
1940 2324 2090 2389 anni,

519 2417 574 2463 et
620 2417 851 2479 quantas
905 2410 1056 2479 prius
1107 2411 1480 2476 aaternitates,
1544 2423 1741 2482 quanta
1810 2423 2091 2484 tempora,

517 2511 754 2569 quantas
825 2503 1148 2558 saeculorum
1199 2503 1436 2574 origines
1493 2505 1659 2561 fuisse
1717 2505 2091 2562 arbitrandum

515 2601 621 2660 est,
669 2593 724 2650 in
757 2595 954 2663 quibus
998 2593 1199 2664 angeli,
1236 2595 1435 2658 throni,
1474 2597 1889 2664 dominationes,
1929 2608 2093 2653 caete-

518 2698 698 2753 raeque
726 2685 958 2741 virtutes
990 2686 1280 2740 servierint
1308 2687 1435 2750 Deo,
1462 2695 1516 2740 et
1538 2686 1744 2757 absque
1782 2695 2090 2756 temporum

514 2776 747 2840 vicibus,
796 2775 1001 2846 absque
1055 2777 1346 2841 mensuris,
1385 2775 1494 2832 Deo
1534 2775 1779 2845 jubente,
1833 2777 2093 2834 substite-

514 2870 644 2925 rint.
687 2889 706 2923 ι
738 2869 1014 2926 Materiam
1048 2880 1226 2925 autem
1250 2886 1280 2926 a
1313 2870 1424 2926 Deo
1469 2879 1596 2926 ante
1648 2871 1909 2927 mundum
1937 2885 2091 2927 crea-

516 2972 625 3017 tam
655 2973 953 3032 posuerunt
975 2962 1146 3027 Philo,
1176 2961 1456 3028 Tatianus,
1485 2962 1826 3030 Lactantius,
1875 2972 1930 3018 et
1975 2961 2086 3029 alii,

512 3069 576 3109 ex
610 3069 718 3123 qua
747 3055 1004 3108 mundum
1031 3062 1217 3125 postea
1261 3051 1628 3107 fabricaverit.

583 3142 695 3199 VII.
719 3143 1012 3199 Multorum
1040 3143 1498 3212 disputationibus
1523 3142 1595 3196 ita
1618 3141 1888 3198 celebrata
1915 3150 1998 3197 est
2024 3156 2086 3197 ea
2115 3171 2159 3231 ο

512 3233 761 3304 Origenis
781 3237 983 3306 opinio,
1026 3250 1145 3304 quae
1180 3233 1414 3305 paradisi
1446 3235 1805 3290 consitionem
1859 3235 1928 3288 ad
1961 3233 2087 3288 alle-

511 3329 749 3398 goricam
782 3327 1172 3396 expositionem
1222 3327 1528 3395 detorquet,
1570 3335 1632 3380 ut
1677 3333 1922 3380 nostrum
1951 3341 2085 3395 quo-

510 3434 616 3489 que
641 3421 914 3489 postulare
955 3420 1204 3474 videatur
1228 3435 1482 3475 examen.
1515 3421 1826 3474 Arbitratus
1877 3417 1967 3472 ille
1999 3425 2084 3472 est

507 3510 818 3580 paradisum
861 3512 1006 3566 hunc
1057 3511 1148 3579 qui
1181 3512 1457 3566 terrestris
1501 3512 1663 3582 vulgo
1691 3510 1908 3574 dicitur,
1941 3508 2084 3579 posi-

512 3609 622 3654 tum
679 3599 735 3654 in
782 3603 941 3657 tertio
983 3599 1343 3667 cmlol‘uisse;
1395 3601 1618 3657 arbores
1665 3614 1819 3664 vero,
1869 3599 2082 3669 aliaque

507 3688 704 3758 quibus
749 3689 895 3744 velut
924 3691 1225 3753 _terrestris
1256 3689 1476 3759 quidam
1532 3699 1756 3745 notatur
1813 3690 1985 3757 locus,
2017 3705 2082 3745 ac

509 3778 714 3848 reliqua
745 3779 976 3848 denique
1006 3780 1186 3835 omnia
1232 3780 1524 3850 allegorice
1555 3781 1848 3850 explicavit
1890 3797 1904 3833 :
1953 3794 2078 3833 nam

505 3872 716 3926 animas
738 3871 791 3926 in
815 3871 954 3926 cmlo
979 3873 1259 3942 degentes,
1291 3887 1387 3942 per
1410 3871 1677 3925 Adamum
1725 3880 1781 3925 et
1826 3870 1993 3924 Evam
2026 3871 2079 3924 in

506 3964 760 4034 paradiso
799 3973 1014 4019 creatos
1052 3965 1255 4034 signari
1283 3965 1536 4034 opinatus
1563 3974 1676 4029 est;
1705 3965 1934 4020 crimina
1959 3980 2079 4035 qua:

506 4057 616 4112 illic
649 4057 844 4112 animae
873 4057 1186 4121 admittunt,
1229 4072 1325 4127 per
1358 4057 1511 4112 vetiti
1560 4057 1686 4112 mali
1728 4072 1920 4124 esum;
1963 4058 2080 4114 ani-

504 4163 718 4203 marum
769 4147 1021 4204 exsilium
1053 4158 1274 4216 propter
1305 4147 1522 4213 delicta,
1556 4163 1653 4218 per
1701 4149 2077 4217 expulsionem

504 4241 799 4310 primorum
849 4249 1132 4310 parentum
1181 4255 1214 4296 e
1243 4240 1532 4310 paradiso;
1581 4249 1851 4296 terrenum
1885 4255 2079 4310 corpus

509 4340 562 4388 et
597 4333 824 4388 mortale
850 4334 1135 4390 animabus
1182 4335 1517 4404 impositum,
1565 4350 1661 4404 per
1699 4347 1942 4394 scorteas
1995 4342 2080 4388 tu-

507 4424 682 4490 nicas,
717 4426 912 4494 quibus
942 4427 1208 4481 Adamum
1233 4436 1289 4482 et
1317 4427 1483 4481 Evam
1519 4427 1658 4482 Deus
1687 4427 1878 4481 induit.

2200 1947 2379 2015 Atque
2407 1947 2456 2001 id
2493 1944 2683 1999 Juanni
2710 1943 3158 2018 Jerosolymitano
3203 1950 3497 2020 objectum,
3545 1953 3764 2007 minime

2202 2035 2272 2089 ab
2308 2036 2424 2106 ipso
2452 2043 2734 2107 purgatum
2772 2037 2938 2093 fuisse
2966 2039 3043 2092 ait
3073 2037 3432 2111 llierouymus
3482 2042 3640 2110 epist.
3673 2043 3764 2107 6|,

2198 2130 2263 2183 ad
2294 2129 2604 2186 Pammaclt.
2653 2145 2771 2197 cap.
2813 2131 2868 2196 '5,
2907 2131 2997 2200 qui
3039 2141 3094 2186 et
3136 2131 3187 2185 in
3236 2143 3394 2200 caput
3436 2150 3466 2187 ι
3508 2135 3768 2201 Danielis,

2203 2235 2224 2270 ι
2276 2217 2517 2284 Eorum,
2568 2219 2769 2288 inquit,
2827 2221 3177 2275 deliramenta
3230 2223 3632 2290 conticescant,
3673 2227 3772 2295 qui.

2204 2311 2422 2366 umbras
2448 2319 2504 2364 et
2536 2310 2800 2380 imagines
2842 2311 2893 2364 in
2940 2312 3172 2367 veritate
3219 2326 3545 2383 quaerentes,
3593 2317 3764 2388 ipsam

2203 2410 2472 2454 conantur
2503 2408 2746 2456 evertere
2772 2401 3091 2464 veritatem;
3117 2412 3176 2456 ut
3204 2402 3420 2458 ﬂumina
3454 2417 3509 2460 et
3543 2409 3765 2464 arbores

2193 2503 2249 2546 et
2291 2493 2600 2561 paradisum
2649 2501 2839 2560 putent
2885 2493 3161 2563 allegoriae
3213 2495 3419 2564 legibus
3466 2513 3525 2554 se
3565 2500 3763 2557 debere

2195 2584 2477 2636 subruere.
2514 2600 2532 2634 ›
2565 2579 2902 2650 Sophronius
2935 2598 3150 2651 quoque
3177 2583 3229 2637 in
3257 2586 3486 2653 epistola
3521 2588 3587 2642 ad
3635 2589 3761 2645 Ser-

2199 2675 2365 2744 gium,
2399 2683 2453 2728 et
2478 2673 2802 2728 Anastasius
2859 2672 3066 2728 Sinaita
3115 2674 3211 2732 lib.
3257 2691 3332 2731 vn
3376 2679 3611 2750 Anagog.
3652 2699 3770 2736 con-

2196 2764 2455 2834 templat.,
2489 2775 2544 2820 et
2571 2763 2804 2820 Joannes
2833 2763 3201 2822 Damascenus
3231 2768 3281 2821 in
3306 2768 3445 2824 libro
3485 2771 3560 2825 De
3601 2773 3767 2828 [κωνε-

2191 2857 2390 2923 sib.,et
2427 2855 2724 2922 Cedrenus,
2767 2855 3004 2926 paradisi
3038 2855 3428 2925 plantationem
3464 2863 3529 2914 ab
3561 2861 3758 2933 Orige-

2191 2948 2351 3004 nistis
2377 2947 2668 3012 sublatam,
2700 2960 2895 3015 corpus
2920 2946 3126 3000 Adamo
3175 2957 3230 3002 et
3281 2948 3407 3003 Eva:
3438 2949 3764 3021 detractum.

2194 3051 2250 3096 et
2310 3040 2578 3108 serpentis
2629 3037 2952 3107 colloquium
3019 3037 3302 3092 refutatam
3377 3041 3760 3099 criminantur.

2194 3131 2300 3188 Sed
2346 3132 2626 3186 audiamus
2665 3130 2838 3200 ipsum
2886 3129 3170 3200 Origenem
3224 3145 3237 3183 :
3289 3131 3386 3195 Τίς
3404 3131 3557 3200 γοῦν,
3592 3134 3766 3202 inquit

2191 3225 2284 3281 lib.
2313 3240 2364 3278 tv
2397 3223 2472 3277 De
2504 3223 2756 3292 princip.,
2807 3237 2958 3276 num.
3013 3220 3108 3289 16,
3151 3221 3277 3276 νοῦν
3334 3223 3472 3292 ἔχων
3519 3225 3770 3294 οἰήσεται,

2193 3317 2440 3390 πρώτην,
2478 3316 2573 3368 καὶ
2612 3313 2868 3384 δευτέραν
2903 3313 2996 3366 καὶ
3032 3313 3221 3386 τρίτην
3260 3315 3490 3384 ἡμέραν,
3525 3314 3771 3383 ἑσπέραν.

2189 3428 2248 3464 τε
2283 3409 2378 3463 mi.
2413 3408 2619 3480 πρωϊαν
2645 3406 2814 3477 χωρὶς
2849 3405 2998 3476 ἡλίου
3030 3404 3333 3474 γεγονέναι,
3379 3405 3473 3458 καὶ
3513 3403 3763 3476 σελήνης,

2192 3502 2286 3556 καὶ
2311 3501 2559 3572 ἄστρων;
2600 3499 2697 3570 τὴν
2726 3497 2782 3552 δὲ
2811 3497 2973 3550 οἱονεὶ
3005 3497 3228 3568 πρώτην
3275 3497 3369 3549 καὶ
3408 3498 3575 3569 χωρὶς
3600 3497 3764 3571 ούρα-

2189 3593 2281 3649 νοῦ
2305 3611 2320 3662 ;
2355 3593 2439 3657 τίς
2469 3591 2512 3645 δ’
2545 3591 2717 3655 οὕτως
2739 3590 2943 3661 ὴλίοιος
2966 3590 3041 3654 ὡς
3070 3589 3322 3661 οἰηθῆναι
3346 3591 3542 3660 τρόπον
3565 3590 3772 3662 ἀνθρὼ-

2131 3686 2135 3689 ’
2190 3704 2292 3740 που
2328 3682 2571 3759 γεωργοῦ
2619 3685 2710 3737 τὸν
2741 3682 2872 3736 Θεὸν
2903 3682 3300 3751 πεφυτευκέναι
3345 3682 3669 3753 παράδεισον
3708 3681 3780 3734 ἐν.

2200 3779 2361 3849 Ἐδὲμ
2389 3778 2528 3831 κατὰ
2574 3773 2856 3840 ἀνατολὰς,
2885 3774 2980 3827 καὶ
3025 3773 3177 3839 ξύλον
3227 3771 3370 3844 ζωῆς
3399 3775 3456 3826 ἐν
3489 3772 3638 3843 αὐτῷ
3671 3790 3767 3825 πε-

2189 3871 2473 3942 ποιηκέναι
2500 3870 2693 3941 ὁρατὸν
2725 3869 2819 3922 καὶ
2838 3867 3120 3939 αἰσθητὸν,
3152 3866 3290 3920 ὥστε
3319 3866 3406 3920 διὰ
3432 3867 3539 3920 τῶν
3571 3884 3760 3938 σωμα-

2185 3963 2353 4019 τικῶν
2374 3965 2599 4018 ὀδόντων
2627 3962 2962 4033 γευσάμενον
3001 3960 3096 4014 τοῦ
3140 3960 3377 4032 καρποῦ,
3405 3961 3467 4014 τὸ
3505 3959 3604 4032 ζῇν
3637 3961 3781 4013 ἁνα’-

2185 4058 2500 4130 λαμϐάνειν·
2549 4057 2643 4110 καὶ
2681 4057 2840 4110 πάλιν
2881 4052 3043 4108 καλοῦ
3087 4054 3182 4106 καὶ
3232 4051 3468 4124 πονηροῦ
3519 4051 3766 4123 μετέχειν

2185 4152 2306 4206 τινὰ
2349 4151 2499 4222 παρὰ
2543 4150 2605 4203 τὸ
2639 4146 2992 4219 μεμασῆσθαι
3041 4146 3102 4199 τὸ
3141 4143 3248 4198 ἀπὸ
3279 4144 3432 4198 τοῦδε
3477 4143 3570 4197 τοῦ
3607 4141 3764 4209 ξύλου

2187 4244 2598 4315 λαμϐανόμενον
2624 4256 2656 4307 ;'
2676 4242 2769 4294 ἐὰν
2801 4241 2858 4294 δὲ
2891 4240 2988 4294 καὶ
3011 4241 3038 4292 ὁ
3068 4237 3198 4303 Θεὸς
3242 4237 3304 4290 τό
3343 4237 3568 4291 δειλινὸν
3601 4239 3658 4292 έν
3687 4237 3765 4307 τῷ

2190 4334 2500 4406 παραδείσῳ
2529 4335 2850 4405 περιπατεῖν
2892 4332 3136 4402 λέγηται,
3165 4331 3259 4383 καὶ
3284 4330 3311 4382 ὁ
3352 4329 3522 4402 Ἀδὰμ
3569 4329 3673 4383 ὑπὸ
3703 4330 3765 4382 τὸ

2192 4428 2347 4494 ξύλον
2386 4427 2742 4500 κρύπτεσθαι·
2798 4425 2910 4479 Οὐκ
2951 4419 3104 4494 οἶμαι
3149 4420 3417 4486 διστάζειν
3463 4420 3585 4476 τινὰ
3637 4423 3772 4492 περὶ

580 4515 695 4588 (55)
720 4516 778 4572 ld
805 4517 907 4587 ipsi
929 4516 1196 4588 objiciunt
1217 4517 1522 4574 Methodius
1538 4519 1681 4588 apud
1711 4518 2071 4588 Epiphanium

2194 4522 2272 4577 ιοῦ
2315 4522 2453 4574 αὐτὰ
2490 4517 2763 4592 τροπικῶς
2810 4515 2898 4570 διὰ
2931 4515 3193 4586 δοκούσης
3239 4514 3502 4584 ἱστορίας,
3553 4513 3648 4566 καὶ
3695 4511 3770 4563 οὐ,

504 4607 636 4663 hzer.
672 4607 762 4677 64,
793 4623 912 4677 cap.
939 4609 1032 4673 47,
1061 4618 1118 4664 et
1154 4608 1426 4676 Pbotium,
1459 4611 1577 4665 cod.
1606 4610 1736 4676 9.54,
1769 4609 2084 4665 Eustathius

504 4699 582 4755 De
611 4701 1064 4771 Engastrimytho,
1107 4702 1222 4771 ipse
1262 4697 1619 4770 Epiphanius,
1667 4703 1832 4771 capit.
1861 4702 1894 4755 4
1935 4702 2083 4772 ejus-

505 4791 625 4846 dem
663 4791 955 4857 haereseos,
985 4803 1042 4847 et
1073 4792 1128 4846 in
1161 4791 1446 4854 Ancorato,
1469 4807 1588 4860 cap.
1608 4793 1698 4856 54,
1723 4791 1917 4862 quibus
1947 4792 2076 4846 locis

502 4884 795 4939 oswndunt
827 4884 1140 4954 opinionem
1171 4899 1324 4939 suam
1363 4884 1608 4940 ﬁrmasse
1654 4885 1939 4955 Origenem
1974 4885 2076 4938 hoc

505 4963 659 5032 Pauli
703 4977 1035 5045 testimonio,
1068 4977 1113 5033 ll
1145 4978 1271 5033 Cor.
1307 4994 1404 5046 xu,
1448 4978 1570 5045 2-4,
1630 4978 1718 5034 ubi
1767 4989 1980 5050 raptum
2020 4992 2080 5034 se

574 5183 693 5255 (55)
727 5183 792 5238 Id
830 5185 932 5254 ipsi
958 5185 1206 5255 objiciunt
1237 5183 1562 5248 Methodius,
1593 5197 1699 5240 etc.
1733 5184 1878 5255 Idem
1897 5183 2091 5255 objicit

503 5266 558 5309 ct
589 5254 1026 5325 Cbrysostomus
1059 5256 1244 5310 homil.
1277 5257 1344 5310 15
1365 5256 1419 5307 in
1453 5255 1665 5316 ϐακε..
1697 5264 1823 5308 tom.
1847 5254 1911 5309 IV
1938 5271 2088 5310 novae

503 5325 783 5397 editionis,
817 5342 940 5397 pag.
971 5326 1075 5385 102
1095 5335 1148 5397 et
1171 5326 1294 5388 105,
1328 5326 1415 5380 ubi
1451 5326 1560 5379 ait:
1586 5345 1603 5377 ι
1637 5325 1877 5397 llucloco
1921 5325 2069 5390 illud,

509 5395 909 5464 plantavit,’sic
956 5396 1385 5465 intelligendum,
1441 5397 1644 5450 scilicet
1695 5395 1866 5463 ipsum
1915 5397 2082 5464 impe-

504 5481 678 5532 rasse,
733 5477 791 5518 ut
844 5468 1127 5535 paradisus
1167 5467 1394 5520 interra
1454 5467 1696 5520 fieret....
1747 5465 1870 5520 ldeo
1913 5469 2077 5520 etiam

428 5537 432 5542 ’
503 5535 607 5590 ioci
632 5551 832 5606 nomen
867 5535 1026 5591 aﬂert
1047 5537 1257 5606 Moyses
1304 5537 1355 5589 in
1383 5535 1703 5604 Scripturis,
1744 5543 1800 5588 ut
1836 5551 1909 5589 ne
1944 5537 2078 5590 lice-

507 5616 592 5660 ret
624 5605 824 5660 frustra
853 5606 1041 5674 nugari
1081 5607 1388 5660 volentibus
1425 5606 1814 5676 simpliciorum
1857 5606 2080 5660 auribus

507 5677 811 5743 imponere,
845 5677 1138 5744 dicereque
1171 5691 1275 5728 non
1303 5691 1423 5730 esse
1467 5676 1519 5730 in
1553 5687 1702 5729 terra
1744 5676 2076 5744 paradisum,

520 5749 614 5799 sed
649 5745 704 5797 in
739 5746 894 5806 cudo,
929 5756 982 5798 et
1010 5743 1220 5797 fabulas
1278 5747 1581 5813 hujusmodi
1618 5743 1911 5799 somniare.
1946 5745 2076 5798 Nam

518 5815 560 5867 si
599 5830 720 5868 cum
760 5815 936 5867 divina
975 5814 1254 5881 Scriptura
1284 5824 1430 5869 tanta
1463 5830 1556 5870 usa
1591 5817 2081 5887 SilVCl‘bOl‘UlnﬁC-

2190 4613 2515 4685 σωματικῶς
2601 4609 3008 4681 γεγενημένης,
3090 4606 3310 4680 μηνύειν
3372 4603 3496 4658 τινὰ
3557 4605 3764 4675 μυστή-

2187 4723 2300 4778 ρια.
2345 4705 2496 4772 Quod
2533 4704 2610 4759 sic
2637 4703 2801 4758 vertit
2847 4701 3071 4756 Rufinus
3116 4719 3131 4755 :
3184 4719 3203 4751 ι
3249 4697 3500 4765 Cuinam,
3555 4712 3759 4766 quaeso,

2187 4813 2406 4852 sensum
2481 4795 2703 4852 habenti
2764 4803 3160 4864 consequenter
3205 4791 3478 4848 videbitur
3525 4787 3752 4852 dictum,

2184 4889 2324 4955 quod
2353 4886 2468 4941 dies
2501 4887 2694 4956 prima,
2729 4893 2784 4939 et
2820 4885 3084 4950 secunda,
3127 4893 3183 4941 et
3225 4885 3406 4951 tertia,
3460 4883 3516 4938 in
3565 4881 3766 4951 quibus

2183 4987 2238 5034 et
2268 4993 2492 5048 vespera
2513 4979 2844 5034 'nomiuatur
2873 4987 2929 5034 et
2960 4993 3142 5044 mane,
3182 4977 3384 5034 fuerint
3411 4977 3526 5032 sine
3547 4975 3682 5044 sole,
3705 4986 3764 5029 et

2190 5188 2494 5251 curatione,
2545 5202 2652 5242 non
2704 5186 3019 5241 dubitarunt
3069 5194 3251 5240 tamen
3303 5183 3521 5254 quidam
3567 5181 3639 5254 de
3684 5180 3763 5236 fa-

2190 5260 2386 5312 cundia
2418 5274 2539 5325 sua,
2575 5273 2786 5312 necnon
2828 5258 2895 5311 de
2930 5256 3273 5326 phil050pbia
3324 5252 3541 5326 exotica
3593 5252 3760 5307 altum

2188 5330 2478 5398 sapientes,
2515 5324 2739 5382 adversa
2772 5324 3066 5396 Scripturis
3105 5324 3246 5398 loqui
3298 5324 3578 5398 et__dicere
3606 5337 3762 5388 para-

2191 5394 2366 5452 disum
2400 5398 2452 5450 in
2484 5408 2625 5451 terra
2669 5412 2774 5451 non
2811 5394 2956 5458 esse,
3014 5394 3290 5464 multaque
3325 5394 3428 5447 alia
3468 5402 3668 5460 praeter
3695 5408 3758 5447 ea

2188 5484 2308 5534 qua:
2329 5469 2470 5522 dicta
2509 5477 2635 5522 sunt
2663 5468 3004 5535 adoptantes.
3038 5478 3230 5521 contra
3260 5465 3598 5532 Scripturam
3633 5477 3756 5516 sen-

2185 5540 2306 5601 tire,
2342 5547 2410 5612 e_t_
2436 5539 2743 5612 adversam
2777 5546 2962 5612 tenere
3012 5537 3177 5612 viam,
3215 5545 3378 5603 atque
3405 5549 3480 5612 ea_
3521 5547 3646 5612 quae
3693 5537 3760 5612 de

2185 5617 2329 5661 terra
2361 5609 2501 5662 dicta
2541 5619 2690 5675 sunt,
2716 5611 2781 5662 de
2812 5608 2966 5662 caalis
3001 5607 3143 5662 dicta
3187 5618 3395 5675 putare,
3430 5603 3758 5675 nisi_l_numili

2185 5679 2274 5731 illa
2305 5688 2361 5732 et
2391 5672 2744 5747 attemperata
2769 5679 3058 5747 verborum
3114 5672 3325 5730 ratione
3368 5689 3500 5729 usus
3548 5672 3759 5743 Moyses

2183 5758 2349 5812 esset,
2398 5746 2602 5817 Spiritu
2650 5757 2838 5802 sancto
2889 5746 3129 5817 linguam
3170 5747 3287 5817 ejus
3344 5754 3617 5810 movente,
3651 5756 3760 5816 quo

2185 5835 2289 5877 non
2328 5821 2561 5877 devoluti
2596 5818 2811 5877 essent?
2838 5838 2856 5869 ι
2942 5881 2946 5883 ,
