4170 6404
468 404 490 458 1
504 401 607 460 037

1315 403 1888 461 οιιιςΕΝιΑΝυιιιγΜ
1931 402 2060 456 LIB.
2102 401 2166 468 ﬂ,
2203 402 2354 460 CAP.
2397 402 2461 470 ll,
2504 403 2776 470 QUEST.
2821 404 2934 461 ΧΠ.

3595 415 3736 473 i858

466 524 584 575 sine
624 519 768 582 luna,
813 527 866 572 et
909 520 1027 574 sine
1081 520 1291 585 stellis;
1335 522 1506 588 prima
1555 528 1732 574 autem
1784 520 1897 572 dies
1933 521 2050 572 sine
2078 522 2123 577 Α
2157 532 2296 580 rum,
2345 519 2541 586 quibus
2601 519 2868 572 Adamum
2915 528 3034 588 post
3081 537 3276 577 noxam
3335 525 3476 582 Deus
3533 530 3730 597 induit,

463 612 638 667 caelo?
665 613 795 678 Quis
821 626 947 665 vero
972 612 1040 665 ita
1076 613 1268 665 idiotas
1299 612 1622 672 invenietur,
1661 619 1719 662 ut
1755 620 1907 678 putet
1937 609 2050 664 vel-

465 713 524 761 ut
556 705 827 758 hominem
871 705 1158 772 quemdam
1205 703 1498 772 agricolam
1551 701 1717 757 Deum
1772 702 2050 772 plantasse

464 797 692 850 arbores
737 797 788 850 in
843 796 1118 863 paradiso,
1149 797 1200 849 in
1242 796 1388 850 Eden
1429 806 1616 850 contra
1663 796 1950 860 orientem,
1994 803 2049 850 et

463 890 710 944 arborem
741 890 865 943 vitae
899 890 1172 959 plantasse
1212 889 1264 943 in
1303 904 1389 956 eo,
1438 889 1490 943 id
1529 898 1612 943 est
1664 889 1870 957 lignum
1912 888 2045 941 visi-

462 980 569 1035 bile
625 989 680 1034 et
728 981 1023 1050 palpabile,
1081 982 1153 1034 ita
1235 989 1293 1034 ut
1361 980 1734 1050 corporalibus
1793 981 2045 1034 dentibus

463 1072 798 1126 inanducans
840 1074 962 1143 quis
998 1089 1063 1127 ex
1095 1089 1156 1127 ea
1201 1074 1418 1135 arbore,
1455 1073 1620 1126 vitam
1667 1073 1954 1142 percipiat,
1989 1081 2045 1126 et

463 1178 650 1218 rursus
682 1179 747 1218 ex
795 1164 900 1218 alia
954 1165 1291 1218 manducans
1343 1165 1561 1229 arbore,
1627 1165 1751 1217 boni
1810 1175 1866 1216 et
1918 1163 2042 1217 mali

461 1255 744 1309 scientiam
773 1257 992 1325 capiat?
1028 1257 1132 1310 Sed
1166 1265 1219 1309 et
1263 1255 1388 1308 illud
1418 1256 1559 1324 quod
1607 1255 1751 1309 Deus
1783 1263 1904 1324 post
1933 1269 2046 1308 me-

462 1347 652 1400 ridiem
689 1347 1034 1402 deambulare
1090 1348 1294 1401 dicitur
1337 1348 1389 1400 in
1447 1348 1724 1415 paradiso,
1767 1357 1821 1400 et
1867 1346 2040 1398 Adam

459 1437 626 1493 latere
644 1439 742 1493 sub
771 1439 987 1504 arbore,
1013 1439 1263 1507 equidem
1293 1439 1501 1492 nullum
1529 1437 1768 1491 arbitror
1794 1437 2040 1492 dubitare

457 1527 597 1596 quod
639 1527 846 1598 figurati
900 1539 1055 1598 tropo
1101 1529 1218 1583 lucc
1255 1543 1285 1582 a
1329 1528 1615 1598 Scriptura
1667 1527 2038 1596 proferantur,

456 1635 563 1689 quo
601 1635 698 1688 per
739 1621 852 1674 haec
895 1621 1139 1689 quaedam
1185 1621 1416 1692 mystica
1460 1619 1788 1673 iudicentur.
1846 1638 1864 1671 ι
1906 1621 2040 1675 Vide

457 1711 582 1764 item
614 1711 853 1766 bomil.!
907 1714 960 1765 in
993 1711 1204 1778 (ἕρπει,
1249 1726 1398 1766 num.
1448 1711 1500 1775 1,
1537 1719 1591 1766 et
1625 1709 1718 1766 lib.
1765 1726 1816 1764 tv
1859 1724 2039 1766 contra

454 1800 614 1866 (Ic/3.,
653 1818 800 1855 num.
831 1801 925 1855 '59.

523 1893 580 1959 ln
606 1911 723 1948 eam
747 1894 1070 1947 sententiam
1107 1893 1271 1947 traxit
1300 1895 1587 1963 Origenem
1611 1892 1769 1948 Philo
1804 1893 1870 1946 ad
1903 1892 2034 1947 alle-

453 1987 660 2055 goriam
719 1987 834 2040 huic.
875 1986 986 2056 ipsa
1033 1987 1218 2041 itidem
1264 1985 1488 2041 ﬂectens
1533 1988 1730 2040 inﬂue
1784 1985 1902 2040 libri
1957 1985 2034 2040 De

453 2078 660 2146 api/icio
689 2094 778 2131 sea:
805 2078 1029 2143 dierum,
1053 2091 1104 2131 et
1139 2079 1190 2131 in
1224 2079 1316 2134 lib.
1353 2095 1366 2132 ι
1391 2080 1620 2148 Allegor.
1644 2079 1818 2150 Legis.
1843 2080 2034 2134 Traxit

450 2181 505 2224 et
546 2171 757 2238 Papias,
813 2179 869 2224 et
912 2169 1176 2232 Irenants,
1222 2181 1276 2225 et
1325 2172 1632 2235 Pantaenus,
1681 2181 1738 2226 et
1785 2171 2033 2227 Clemens

449 2262 864 2328 Alexandrinus,
894 2277 1030 2330 quos
1056 2263 1294 2332 paradisi
1324 2264 1748 2334 descriptionem
1775 2267 1842 2318 ad
1906 2281 2027 2335 my-

459 2354 652 2409 sticam
708 2355 1101 2423 expositionem
1134 2353 1420 2409 deﬂexisse
1477 2364 1664 2409 narrat
1713 2357 2032 2412 Anastasius

450 2442 657 2498 Sinaita
695 2444 790 2501 lib.
827 2461 900 2498 vn
933 2445 1169 2514 Anagog.
1192 2445 1528 2513 contemplat.
1552 2461 1850 2516 eormnque
1878 2447 2034 2500 dein-

446 2538 512 2591 de
553 2537 798 2607 exemplo
849 2536 1168 2606 Gregorium
1210 2545 1521 2602 utrumque.
1567 2535 1853 2606 Origenem
1900 2552 2028 2592 vero

445 2640 662 2682 secutus
683 2632 782 2682 ’est
810 2628 1146 2694 Ambrosius,
1177 2637 1232 2682 et
1271 2628 1580 2698 paradisum
1634 2640 1943 2682 terrestrem
1975 2630 2027 2684 in

444 2719 583 2774 cmlo
619 2720 774 2774 tertio
814 2720 1124 2790 collocavit,
1167 2721 1358 2776 eodem
1404 2720 1626 2773 innixus
1685 2719 1838 2774 Pauli
1887 2720 2025 2785 loco,

443 2829 509 2866 ex
535 2829 645 2883 quo
673 2814 912 2883 opinioni
942 2829 1055 2869 suae
1087 2816 1253 2869 robur
1281 2814 1524 2868 additum
1555 2814 1822 2886 Origenes
1845 2817 2029 2870 existi-

446 2906 631 2960 mavit.
661 2906 785 2960 llaec
816 2906 902 2961 ille
927 2907 1144 2975 quidem
1181 2907 1231 2960 in
1268 2907 1408 2961 libro
1438 2907 1513 2961 De
1536 2909 1786 2976 paradiso
1813 2923 1934 2978 cap.
1968 2909 2022 2974 5,

443 2996 689 3062 quamvis
707 2995 832 3048 alibi
857 2997 908 3048 in
946 2994 972 3048 Ι
999 2994 1125 3049 Cor.
1161 3011 1236 3059 νι,
1275 2997 1587 3065 paradisum
1616 3006 1928 3051 terrestrem
1958 2999 2026 3052 ab

443 3100 507 3138 eo
543 3087 856 3154 distinguat,
891 3086 942 3141 in
982 3103 1139 3157 quem
1167 3088 1412 3144 sublatus
1444 3090 1544 3142 fuit
1576 3089 1797 3144 Paulus.
1854 3091 1924 3144 At
1969 3092 2020 3144 in

441 3176 599 3242 epist.
630 3177 694 3229 ad
723 3175 982 3255 Sabinum
1034 3179 1218 3232 omnia
1255 3179 1368 3234 lucc
1418 3181 1485 3233 ad
1530 3181 1847 3251 allegoriam
1887 3198 2020 3235 con-
2049 3215 2091 3266 ο

443 3268 622 3321 vertit.
660 3268 1023 3340 Hieronymus
1063 3281 1243 3324 autem
1275 3281 1398 3327 ante
1423 3273 1608 3326 mundi
1655 3274 1814 3342 bujus
1842 3273 1984 3329 fabri

442 3374 560 3412 eam
595 3360 872 3413 conditum
910 3363 1224 3428 paradisum
1255 3361 1490 3417 aﬂirmat
1527 3366 1576 3415 in
1622 3363 2019 3419 Traditionibus

447 3449 720 3504 Hebraicis
763 3453 819 3504 in
861 3450 1046 3505 Cenes.
1091 3453 1242 3519 Quod
1277 3454 1320 3507 si
1370 3455 1646 3507 conditum
1703 3455 1850 3508 hunc
1895 3466 2020 3509 ante

442 3543 696 3594 nmndum
726 3544 980 3610 opinatus
1011 3554 1114 3607 est,
1141 3543 1330 3612 utique
1366 3555 1517 3598 extra
1556 3548 1817 3599 mumlum
1853 3546 2020 3602 fuisse

451 3633 684 3687 censuit.
715 3633 889 3688 Moses
912 3634 1006 3687 bar
1029 3635 1208 3702 Cepba
1257 3635 1349 3689 lib.
1378 3652 1392 3689 ι
1420 3636 1497 3689 De
1524 3639 1796 3705 paradiso,
1821 3656 1939 3708 cap.
1961 3641 2016 3706 8,

441 3723 671 3776 medimn
711 3724 882 3792 ipsum
921 3731 1092 3777 terras
1135 3724 1277 3778 inter
1304 3735 1361 3778 et
1390 3725 1793 3781 firmamentum
1842 3729 2015 3794 locat;

439 3815 737 3882 lucumque
774 3815 1049 3868 dimissam
1071 3825 1222 3884 putat
1245 3815 1318 3884 pii
1345 3815 1570 3871 latronis
1592 3820 1849 3884 animam,
1876 3825 2016 3890 quod

437 3907 578 3961 etde
603 3907 830 3960 aliorum
858 3917 1168 3962 sanctorum
1216 3907 1496 3962 animabus
1541 3909 1810 3965 aﬂirmant
1847 3913 2015 3968 Seve-

440 4000 646 4061 rianus,
676 4009 814 4053 orat.
842 3998 876 4052 5
911 3997 985 4051 De
1010 4014 1264 4068 casmOp.,
1318 4008 1373 4053 et
1401 4000 1653 4068 Eulogius
1670 4002 1806 4070 apud
1831 4002 2014 4070 Pbot.,

435 4096 558 4149 cod.
595 4104 788 4150 chxx.
811 4093 948 4161 Quin
977 4093 1136 4146 etiam
1160 4108 1398 4146 errorem
1425 4093 1672 4160 Origenis
1705 4095 1864 4162 paulo
1889 4107 2016 4152 ante

434 4203 584 4240 suam
612 4198 820 4240 aetatem
853 4203 880 4240 a
924 4184 1216 4240 Francisco
1257 4185 1489 4255 Georgio
1525 4199 1838 4242 renovatum
1877 4190 2010 4244 scri-

435 4279 512 4332 bit
542 4280 726 4333 Sixtus
759 4279 1017 4336 Senensis
1044 4280 1137 4332 lib.
1169 4293 1202 4329 v
1246 4277 1534 4342 Bibliotlt.,
1569 4281 1758 4334 aduot.
1804 4281 1896 4346 '54,
1933 4292 2014 4337 to-

437 4377 652 4436 tamque
677 4369 791 4438 ejus
821 4368 920 4423 loci
956 4371 1310 4441 quaestionem
1353 4369 1612 4441 proximis
1646 4373 2012 4427 adnotationi-

431 4458 532 4515 bus
552 4461 824 4516 exhaurit.

2155 617 2366 661 textura
2398 623 2594 677 corpus
2633 609 2809 679 ipsum
2865 617 3138 667 terrenum
3181 625 3236 670 et
3281 619 3509 674 mortale
3563 621 3732 692 signi-

2151 700 2302 755 ﬂcari
2359 701 2670 766 somniavit,
2723 717 2830 772 quo
2887 705 3080 759 Adami
3141 708 3322 763 anima
3375 710 3576 780 illigata
3622 724 3727 778 est,

2149 805 2269 844 cum
2300 801 2457 846 antea
2485 793 2814 848 immortalis
2838 807 2983 851 esset
3016 807 3069 851 et
3095 797 3486 868 incorporalis;
3521 804 3724 870 alioqui

2150 883 2432 936 ridiculum
2463 883 2578 938 fore
2621 884 2786 940 Deum
2835 904 3101 954 asserere,
3139 891 3217 945 sic
3253 901 3508 961 tanquam
3555 897 3724 951 coria-

2148 975 2289 1026 rium
2322 985 2378 1028 et
2408 984 2669 1042 sutorem,
2714 977 3020 1034 animantes
3063 980 3319 1048 glubisse,
3361 993 3417 1038 et
3454 987 3722 1042 detractas

2147 1066 2313 1135 pelles
2341 1067 2646 1123 censuisse.
2706 1068 2860 1124 Hunc
2893 1070 3148 1126 refellunt
3185 1088 3428 1130 errorem
3467 1076 3722 1143 lrenaeus,

2146 1156 2239 1211 lib.
2279 1173 2328 1223 ι,
2362 1172 2482 1226 cap.
2539 1160 2594 1226 1,
2653 1169 2706 1214 et
2764 1160 3125 1218 Tertullianus
3170 1167 3374 1221 advers.
3435 1167 3722 1234 Valentin.,

2145 1265 2265 1318 cap.
2301 1251 2370 1304 24
2401 1261 2454 1305 et
2481 1252 2574 1306 lib.
2630 1251 2707 1305 De
2760 1263 3040 1308 resurrect.
3105 1273 3280 1323 carn.,
3330 1273 3451 1328 cap.
3497 1260 3527 1312 7
3560 1262 3715 1330 ;.jam

2144 1345 2287 1396 enim
2346 1351 2469 1396 ante
2517 1342 2770 1412 Origenis
2834 1353 3046 1400 :etatem
3116 1349 3440 1404 inoleverat.
3505 1351 3721 1406 Refellit

2143 1449 2379 1503 quoque,
2427 1444 2482 1488 et
2524 1436 2578 1488 in
2625 1436 2887 1492 Cassiano
2920 1439 3156 1508 quodam
3204 1441 3427 1495 damnat
3471 1442 3720 1498 Clemens

2141 1525 2537 1580 Alexandrinus
2563 1526 2763 1582 Strom.
2795 1529 2891 1584 lib.
2927 1546 3013 1595 ιιι,
3059 1541 3117 1584 ut
3155 1533 3363 1586 monuit
3405 1547 3490 1587 me
3521 1534 3720 1590 Paulus

2141 1615 2490 1682 Pellissonus,
2526 1618 2579 1671 in
2617 1633 2724 1686 quo
2767 1620 2958 1688 plusne
2991 1621 3194 1690 ingenii
3236 1623 3612 1678 ammuitatem
3644 1641 3712 1679 an

2142 1707 2506 1774 praestantiam
2540 1708 2804 1762 doctrinae
2831 1709 3042 1764 laudem
3082 1713 3291 1767 nescio.
3348 1713 3624 1768 Refellunt
3663 1724 3716 1769 et

2141 1797 2410 1862 Justinus,
2453 1814 2547 1854 seu
2585 1800 2830 1869 quisquis
2884 1813 3078 1858 auctor
3109 1814 3193 1860 est
3233 1808 3599 1870 Qawstionum
3647 1811 3716 1862 ad

2136 1890 2473 1955 ortlaodoxos,
2513 1903 2705 1960 qmest.
2763 1893 2855 1958 49,
2900 1905 2956 1949 et.
3005 1907 3196 1951 auctor
3253 1900 3596 1971 Dialogorum
3624 1905 3716 1974 qui

2137 1979 2394 2048 Caesarie,
2455 1981 2698 2050 Gregorii
2754 1983 3077 2040 Nazianzeni
3122 1988 3327 2056 fratri,
3382 1993 3714 2059 tribuuntur,

2135 2070 2261 2125 dial.
2289 2087 2386 2134 Ill,
2429 2072 2617 2127 interr.
2655 2074 2787 2139 M9;
2831 2085 2886 2130 et
2927 2076 3223 2150 Gregorius
3245 2081 3520 2153 Nysscnus
3561 2086 3712 2141 Orat.

2133 2172 2263 2230 cat.,
2310 2177 2430 2232 cap.
2481 2165 2546 2230 8,
2594 2174 2650 2220 et
2685 2166 3104 2237 Chrysostomus
3181 2173 3369 2230 bomil.
3412 2175 3498 2241 18,
3559 2177 3612 2231 in
3655 2192 3716 2233 nl

2135 2255 2306 2324 Gem,
2360 2266 2412 2312 et
2463 2259 2784 2316 Anastasius
2850 2262 3061 2318 Sina-ita
3135 2265 3426 2336 Contempl.
3486 2287 3710 2342 anagog.

2132 2349 2228 2404 lib.
2279 2366 2357 2414 xl,
2410 2359 2466 2405 et
2526 2351 2799 2420 Rupertus
2845 2354 2938 2410 lib.
2994 2373 3081 2424 ιιι,
3131 2374 3247 2428 cap.
3290 2361 3326 2413 2
3367 2362 3418 2415 in
3456 2378 3514 2417 ut
3578 2363 3711 2420 Gen.

2131 2440 2390 2494 Eumdem
2416 2442 2745 2510 exprobrant
2769 2443 2988 2512 Origeni
3015 2446 3318 2503 Methodius
3346 2451 3485 2518 apud
3515 2451 3706 2520 Epiph.

2132 2533 2262 2588 liazr.
2290 2548 2436 2598 thv,
2459 2542 2514 2587 et
2547 2535 2686 2604 apud
2718 2535 2874 2592 Pbot.
2912 2538 3031 2592 cod.
3077 2554 3344 2604 ccxxxlv;
3377 2541 3710 2610 Epiphanius

2131 2624 2325 2678 lizeres.
2360 2640 2508 2688 thv,
2539 2626 2672 2679 etin
2695 2627 2853 2695 epist.
2899 2629 2966 2682 ad
3001 2627 3154 2683 Joan.
3189 2629 3442 2697 .Ierosol.,
3477 2649 3597 2703 cap.
3627 2637 3661 2690 ’5
3693 2653 3707 2701 ;

2132 2714 2488 2786 llieronymus
2533 2717 2692 2786 epist.
2725 2719 2816 2784 61,
2846 2721 2914 2774 ad
2947 2721 3287 2790 Pammach.,
3329 2741 3452 2795 cap.
3495 2728 3561 2793 3;
3613 2728 3712 2784 So-

2129 2806 2389 2872 pbronius
2410 2808 2461 2861 in
2491 2811 2647 2878 epist.
2671 2810 2737 2863 ad
2761 2808 2940 2880 Serg.;
2975 2811 3284 2882 Stephanus
3307 2815 3554 2873 Gobarus
3584 2818 3709 2874 Tri-

2131 2898 2294 2952 theita
2313 2901 2453 2967 apud
2473 2898 2652 2964 Pbot.,
2671 2901 2798 2955 cod.
2815 2916 3036 2958 ccxxx"
3059 2903 3327 2969 ;Joannes
3348 2908 3710 2966 Damascenus

2128 2987 2204 3043 De
2231 2989 2453 3054 haeres;
2490 2991 2708 3062 Glycas,
2737 3003 2879 3062 part.
2917 3011 2932 3049 ι
2972 3004 3028 3050 et
3062 3011 3115 3051 tv
3143 2998 3338 3054 Anual.
3358 3015 3377 3063 ,'
3399 3000 3706 3071 Cedrenus,

2125 3093 2178 3137 et
2202 3083 2416 3138 Nicetas
2447 3084 2602 3140 Thes.
2633 3087 2842 3142 orthod.
2865 3087 2964 3155 ﬁd.
2993 3088 3086 3146 lib.
3121 3105 3192 3158 Iv,
3219 3092 3411 3148 haeres.
3446 3110 3598 3150 xm.

2195 3174 2252 3228 ln
2281 3177 2462 3230 varios
2491 3176 2732 3245 profecto
2761 3193 2956 3234 sensus
2983 3190 3188 3237 tractus
3214 3193 3300 3238 est
3322 3183 3425 3238 iste
3458 3185 3707 3256 Scriptu-

2127 3282 2199 3321 rae
2226 3267 2376 3322 locus
2414 3285 2429 3322 :
2466 3268 2767 3326 Methodius
2806 3282 2984 3328 vestes
3031 3283 3296 3342 scorteas,
3335 3291 3440 3330 non
3485 3278 3703 3346 quidem

2122 3361 2349 3414 mortale
2375 3377 2571 3430 corpus
2600 3377 2722 3418 esse
2752 3364 2910 3432 dixit,
2954 3366 3051 3419 sed
3091 3367 3342 3437 corporis
3393 3379 3551 3424 antea
3597 3372 3703 3425 im-

2123 3450 2386 3514 mortalis,
2421 3450 2615 3506 deiude
2644 3467 2775 3507 vero
2811 3454 3056 3508 mortalis
3085 3454 3260 3509 eﬂ'ecti
3289 3456 3700 3514 dissolutionem

2119 3542 2447 3612 significare.
2499 3542 2795 3611 Gregorius
2844 3544 3226 3600 Nazianzenus
3263 3548 3509 3615 corporis
3540 3550 3702 3604 nudi-

2123 3645 2232 3688 tate
2280 3636 2508 3704 exprimi
2562 3637 2676 3690 vult
2734 3638 3041 3693 immortale
3098 3640 3248 3708 prius
3281 3648 3335 3694 et
3396 3639 3556 3696 nullis
3603 3643 3702 3696 ob-

2120 3731 2336 3782 noxium
2369 3730 2572 3784 morbis
2596 3730 2784 3782 Adami
2816 3744 3042 3799 corpus;
3070 3733 3308 3787 vestibus
3346 3747 3496 3797 vero,
3551 3748 3700 3788 mor-

2122 3820 2409 3884 talitatem,
2453 3821 2794 3888 gravitatem,
2828 3835 2893 3875 ac
2928 3821 3316 3889 infirmitatem,
3350 3839 3471 3891 qua:
3502 3839 3700 3894 corpus

2120 3913 2248 3967 illud
2319 3913 2651 3968 invaserunt.
2723 3910 2977 3966 Nannnlli
3051 3927 3202 3978 vero,
3275 3928 3416 3981 quos
3498 3916 3698 3973 refellit

2118 4001 2490 4057 Tbeodoretus
2532 4010 2729 4069 qurest.
2764 4001 2834 4055 59
2871 4002 2926 4054 in
2957 3999 3243 4067 Genesim.,
3279 4012 3520 4058 scorteas
3555 4008 3697 4060 tuni-

2115 4107 2210 4147 cas
2232 4107 2352 4146 esse
2372 4091 2628 4145 dixerunt
2659 4091 2916 4145 arborum
2946 4091 3202 4156 cortices,
3237 4106 3358 4160 quae
3381 4103 3506 4146 sunt
3545 4094 3694 4150 velut

2115 4183 2369 4238 arborum
2399 4183 2565 4252 pelles
2597 4193 2654 4237 et
2683 4183 3017 4237 indumenta.

2186 4277 2282 4333 His
2315 4275 2763 4346 suﬂ‘ragatoribus
2789 4291 3030 4331 errorem
3058 4289 3214 4330 suum
3241 4286 3530 4332 excusaret
3561 4277 3687 4334 Ori-

2114 4383 2303 4440 genes,
2345 4370 2388 4423 si
2439 4367 2556 4437 ejus
2603 4376 2750 4423 esset
2798 4366 3137 4422 manifestus.
3171 4367 3244 4422 At
3291 4377 3492 4436 quanta
3527 4368 3692 4426 fuerit

2116 4463 2284 4533 ipsius
2315 4463 2368 4516 in
2396 4461 2498 4515 hac
2522 4459 2820 4530 quaestione
2859 4457 3138 4514 ﬂuctuatio
3167 4473 3235 4514 ex
3280 4462 3534 4528 sequenti
3571 4460 3692 4517 loco

499 4552 639 4607 Alibi
674 4563 849 4608 tamen
889 4553 1145 4625 Origenes
1174 4555 1480 4624 paradisum
1532 4555 1702 4621 Eden,
1755 4570 1850 4612 seu
1901 4566 2011 4612 ter-
2041 4550 2342 4624 Dpatebit,
2375 4566 2535 4620 quem
2590 4559 2798 4606 catena:
2855 4565 2960 4606 uno
3015 4566 3284 4606 consensu
3325 4551 3545 4622 Origeni
3596 4553 3694 4608 tri-

430 4652 658 4698 restrem
687 4647 936 4702 eumdem
987 4662 1107 4702 esse
1141 4649 1332 4703 scribit
1371 4664 1436 4703 ac
1486 4649 1796 4719 paradisum
1832 4649 2005 4716 illum,

429 4740 482 4793 in
514 4727 673 4810 quem
711 4743 922 4810 piorum
953 4745 1147 4797 animae
1191 4753 1315 4814 post
1367 4744 1574 4798 obitum
1624 4745 2004 4808 dimittuntur;

431 4847 590 4898 quem
628 4849 748 4887 cum
777 4834 828 4887 i'n
875 4833 1030 4888 terris
1073 4833 1437 4896 collocaverit,
1479 4845 1535 4889 ut
1581 4851 1740 4905 supra
1773 4837 1903 4898 dixi,
1945 4837 2008 4889 il-

433 4922 537 4975 lum
565 4939 777 4994 quoque
814 4925 865 4978 in
909 4926 1064 4980 terris
1107 4941 1228 4981 esse
1274 4942 1494 4982 necesse
1533 4937 1636 4982 est.
1689 4945 1708 4978 ι
1761 4927 1861 4994 Qui
1909 4944 2006 4981 au-

431 5025 557 5076 tem,
597 5035 614 5068 ι
653 5017 827 5086 inquit
877 5017 970 5073 lib.
1006 5035 1022 5072 ι
1057 5020 1109 5073 in
1152 5019 1383 5079 Cantica.
1437 5035 1562 5088 pag.
1616 5019 1722 5086 42,
1758 5039 1777 5072 ε
1812 5021 2004 5091 dignus

429 5108 589 5163 fuerit
616 5110 792 5165 redire
818 5121 873 5165 et
901 5125 1023 5166 esse
1061 5129 1182 5167 cum
1216 5115 1452 5179 Gbristo,
1499 5114 1701 5182 quique
1743 5113 1794 5166 in
1836 5127 2003 5182 parvo

429 5199 599 5252 ﬁdelis
641 5201 893 5254 inventus
927 5203 1286 5257 constituetur
1325 5219 1490 5272 super
1531 5204 1722 5266 multa,
1760 5203 1848 5257 ille
1901 5221 2000 5275 gu-

425 5291 592 5344 stabit
619 5301 674 5344 et
718 5293 893 5361 capiet
937 5295 1266 5361 voluptatem
1311 5297 1546 5362 Domini,
1606 5297 1894 5366 perductus
1936 5297 2000 5350 ad

422 5379 600 5434 locum
625 5383 911 5450 quemdam
949 5385 1039 5452 qui
1071 5401 1168 5453 pro
1204 5387 1510 5455 hujusmodi
1556 5389 1798 5443 ciborum
1831 5388 2001 5456 copiis

421 5482 478 5528 et
499 5473 872 5538 varietatibus,
895 5475 1206 5530 deliciarum
1239 5484 1550 5534 nominatur
1578 5480 1748 5533 locus.
1774 5479 2001 5550 Propter

421 5569 564 5638 quod
593 5575 645 5622 et
678 5567 730 5621 in
779 5567 926 5622 Eden
955 5570 1160 5639 positus
1211 5571 1430 5639 dicitdr,
1480 5572 1621 5642 quod
1663 5572 1882 5628 delicias
1913 5573 1999 5626 in-

421 5663 583 5722 dicat.
621 5688 640 5721 ι

491 5761 618 5816 Vlll.
647 5762 717 5817 Ut
749 5760 984 5832 paradisi
1017 5759 1352 5829 plantatione
1393 5759 1683 5832 mysticum
1733 5757 1861 5826 quid
1903 5771 1998 5811 no-

421 5855 520 5908 tari
555 5855 706 5928 ﬂuxit
738 5857 836 5912 sibi
871 5853 1248 5921 Adamantius,
1300 5855 1369 5908 ita
1406 5863 1738 5910 scortcarum
1785 5851 1993 5906 tunica-

2114 4645 2306 4700 buunt.
2335 4643 2386 4698 Is
2409 4657 2537 4712 ergo
2575 4642 2630 4695 in
2659 4639 2848 4695 Cenes.
2879 4656 2960 4707 ιιι,
2992 4640 3084 4708 21,
3130 4652 3414 4712 postquam
3447 4643 3687 4711 ineptum

2113 4751 2234 4792 esse
2265 4736 2400 4790 dixit
2435 4735 2600 4789 Deum
2637 4732 2839 4799 ﬁngere
2873 4735 3145 4787 detractas
3174 4734 3486 4788 animalium
3521 4733 3686 4803 pelles

2113 4838 2485 4892 consuentem,
2529 4825 2710 4880 subdit
2753 4824 2968 4880 εΠάλιν
3013 4843 3074 4878 τε
3114 4826 3354 4895 φυγόντα
3407 4825 3468 4878 τὸ
3515 4825 3688 4889 οὕτως

2112 4923 2332 4985 ἄτοπον,
2371 4919 2546 4988 λέγειν
2575 4917 2700 4981 τοὺς
2727 4918 3084 4990 δερματίνους
3113 4919 3344 4989 χιτῶνας
3371 4919 3472 4972 οὐκ
3499 4918 3690 4982 ἄλλους

2111 5010 2274 5080 εἶναι,
2306 5015 2341 5086 ἢ
2368 5013 2438 5066 τὰ
2465 5012 2712 5083 σώματα,
2747 5011 2970 5066 πιθανὸν
3019 5011 3137 5082 μὲν,
3170 5011 3263 5065 καὶ
3312 5012 3392 5074 εἰς
3426 5010 3690 5079 συγκατά-

2111 5107 2257 5161 θεσιν
2297 5105 2703 5160 ἐπισπάσασθαι
2752 5103 3065 5175 δυνάμενον·
3115 5104 3176 5156 οὐ
3223 5100 3331 5174 μὴν
3377 5102 3564 5170 σαφὲς,
3611 5101 3688 5164 ὡς

2109 5200 2326 5272 ἀληθές.
2366 5202 2426 5253 EE
2467 5199 2577 5272 γὰρ
2620 5201 2670 5253 οἱ
2709 5199 3022 5270 δερμάτινοι
3064 5197 3289 5268 χιτῶνες
3343 5195 3545 5266 σάρκες
3592 5195 3687 5248 καὶ

2106 5293 2270 5346 ὀστέα
2311 5291 2584 5366 εἰσὶκπῶς
2613 5290 2720 5361 πρὸ
2749 5289 2953 5342 τούτων
3003 5287 3170 5357 φησὶν
3197 5289 3225 5339 ὁ
3267 5285 3437 5353 Ἀδάμ
3456 5301 3471 5316 ·
3503 5285 3686 5338 Τοῦτο

2106 5385 2224 5439 νῦν
2255 5384 2482 5439 ὀστοῦν
2516 5383 2585 5436 ἐκ
2625 5380 2746 5435 τῶν
2774 5379 2972 5436 ὀστῶν
2995 5399 3137 5450 μου,
3174 5378 3272 5434 καὶ
3306 5378 3461 5449 σὰρξ
3482 5380 3547 5432 ἐκ
3575 5377 3686 5446 τῆς

2105 5480 2338 5548 σαρκός
2357 5493 2514 5546 μου;
2565 5493 2584 5526 ε
2638 5473 2872 5528 Rursum
2931 5487 3058 5527 vero
3113 5472 3156 5528 si
3205 5471 3328 5542 quis
3379 5485 3491 5524 rem
3549 5471 3686 5525 adeo

2106 5570 2399 5627 absurdam
2430 5569 2647 5640 fugiens
2671 5567 2866 5622 dixerit
2900 5575 3142 5620 scorteas
3169 5563 3384 5618 tunicas
3407 5579 3513 5618 non
3543 5562 3682 5617 alias

2103 5678 2223 5720 esse
2245 5677 2405 5733 quam
2439 5675 2692 5729 corpora,
2723 5657 3003 5729 probabile
3041 5656 3148 5711 erit
3188 5655 3239 5720 id
3262 5655 3502 5725 quidem,
3535 5665 3590 5709 et
3613 5654 3680 5708 ad

2106 5760 2386 5811 assensum
2453 5753 2669 5807 trahere
2734 5749 2960 5816 valens;
3015 5763 3120 5802 non
3191 5747 3396 5801 clarum
3481 5754 3678 5804 tamen.

2105 5848 2265 5920 quale
2305 5863 2428 5904 esse
2466 5847 2626 5902 debet
2660 5844 2801 5915 quod
2838 5858 3024 5899 verum
3082 5850 3184 5898 est.
3220 5837 3353 5894 Nam
3390 5838 3434 5894 si
3485 5835 3679 5892 tunica:
