4170 6404
484 390 507 443 1
519 388 624 443 059

1785 376 1847 432 Ρ.
1890 375 2205 432 DANIELIS
2239 374 2472 432 llUETll

3598 378 3740 437 l060

483 514 711 559 scorteae
738 515 929 557 carnes
958 507 1012 555 et
1043 513 1167 553 ossa
1202 504 1351 562 sunt,
1401 496 1673 566 quomodo
1727 507 1883 551 antea
1926 497 2059 553 dicit
2085 505 2133 558 Α
2161 498 2420 567 unigeniti
2485 498 2657 552 factos
2696 510 2818 552 esse
2855 494 3079 562 scribit,
3122 497 3266 566 quod
3315 496 3592 568 impietate
3629 516 3736 556 non

483 593 655 649 Adam
683 611 696 645 :
723 592 837 645 Hoc
853 607 995 645 nunc
1034 607 1089 644 os
1102 606 1168 644 ea:
1191 589 1393 641 ossibus
1423 589 1573 654 meis,
1602 597 1649 641 et
1688 604 1811 641 caro
1829 589 1892 641 de
1907 592 2093 641 carne'

484 702 601 739 mea
620 684 707 737 "'t
738 702 756 733 ι
791 682 950 737 Addit
975 691 1232 749 pratterea
1266 680 1657 734 nonnullos‘his
1676 680 2065 749 circumseptos

484 776 748 843 angustiis
763 774 1100 828 existimasse
1126 782 1370 827 scorteas
1400 773 1616 826 tunicas
1645 785 1766 827 esse
1792 773 2059 826 moriendi

486 868 870 923 necessitatem
902 864 1110 917 Adamo
1136 876 1190 919 ct
1225 864 1348 918 Evse
1375 874 1495 933 post
1525 874 1808 933 peccatum
1837 865 2059 932 imposi-

486 968 595 1014 tam
642 978 656 1013 :
698 960 839 1027 quod
877 958 1053 1027 ipsum
1108 956 1427 1011 ditlicultate
1470 973 1573 1010 non
1628 973 1817 1012 carere
1855 967 2060 1011 censet.

484 1050 702 1106 Clarius
733 1051 784 1103 in
822 1050 1185 1103 orthodoxam
1237 1049 1449 1103 videtur
1503 1050 1802 1104 concedere
1849 1056 2064 1103 senten-

485 1142 617 1196 tiam
672 1142 858 1196 homil.
908 1141 965 1203 6,
1019 1143 1074 1195 in
1127 1139 1371 1203 Levitic.,
1425 1156 1574 1197 num.
1628 1142 1689 1205 2,
1744 1156 1864 1195 cum
1920 1142 1999 1195 ait
2048 1158 2060 1194 :

2168 598 2337 644 caret.
2367 608 2385 639 ι

2236 683 2397 736 Certe
2445 682 2489 736 si
2540 681 2676 735 satis
2729 687 3007 735 constaret
3048 681 3252 735 dixisse
3298 681 3587 751 Origenem
3646 698 3742 752 per

2165 783 2443 844 peccatum
2480 774 2770 843 imaginem
2820 772 2913 827 Dei
2961 773 3226 827 Adamum
3264 774 3535 837 amisisse,
3561 774 3744 843 Augu-

2165 866 2365 920 stinum
2418 874 2596 918 tamen
2629 864 2730 917 sibi
2785 863 3173 934 suﬂ‘ragantem
3216 865 3468 931 haberet,
3508 866 3597 934 qui
3644 865 3739 920 lib.

2164 973 2214 1010 vi
2248 959 2320 1011 De
2342 956 2529 1010 Genesi
2555 958 2624 1009 ad
2648 958 2836 1022 litter.,
2862 971 2982 1027 cap.
3011 956 3102 1019 27,
3131 957 3204 1011 ita
3231 957 3509 1026 loquitur:
3538 975 3558 1009 ι
3591 956 3742 1013 Hanc

2166 1047 2455 1114 imaginem
2504 1047 2554 1098 in
2608 1046 2805 1114 Spiritu
2867 1047 3065 1101 mentis
3116 1046 3435 1117 impressam
3507 1048 3745 1117 perdidit

2165 1138 2334 1191 Adam
2368 1153 2462 1207 per
2492 1148 2796 1204 peccatum,
2828 1153 2988 1207 quam
3040 1140 3343 1206 recepimus
3376 1153 3471 1208 per
3515 1140 3743 1208 gratiam

492 1252 512 1285 ι
552 1231 727 1287 Velim
773 1231 1024 1287 conferre
1091 1230 1179 1284 illa
1210 1230 1442 1285 infelicia
1484 1231 1818 1296 indumenta,
1870 1231 2064 1300 quibus
2160 1228 2404 1298 iustitiae.
2440 1246 2459 1280 ι
2502 1228 2557 1280 Id
2595 1228 2947 1281 nihilominus
2979 1227 3185 1281 emollit
3220 1227 3314 1282 lib.
3346 1243 3383 1281 ιι
3428 1227 3741 1292 Retractat.,

485 1329 697 1396 primus
734 1325 915 1390 homo,
944 1340 1065 1377 cum
1097 1332 1401 1392 peccasset,
1430 1323 1649 1391 indutus
1681 1333 1785 1386 est,
1822 1339 1942 1377 cum
1977 1324 2062 1377 his

484 1418 688 1471 sanctis
715 1428 769 1470 et
805 1416 1052 1471 fidelibus
1076 1417 1427 1472 indumentis.
1463 1416 1529 1469 Et
1559 1416 1775 1484 quidem
1820 1416 1906 1469 illa
1933 1416 2068 1468 dicio

489 1521 576 1563 tur
607 1509 747 1562 Deus
783 1508 973 1563 fecisse
1022 1526 1036 1561 :
1094 1506 1244 1561 Fecit
1286 1511 1446 1570 enim,
1493 1507 1694 1577 inquit,
1744 1507 1881 1561 Deus
1924 1507 2067 1560 tuni-

486 1616 575 1653 cas
602 1599 869 1668 pelliceas,
911 1611 956 1653 et
982 1601 1151 1653 induit
1176 1602 1349 1653 Adam
1385 1609 1433 1655 et
1461 1600 1725 1654 mulierem
1742 1600 1855 1668 ejus
1873 1599 1935 1651 “.
1959 1596 2067 1652 llla‘.

484 1705 615 1757 ergo
656 1690 850 1743 tunicae
878 1690 942 1743 de
974 1689 1205 1759 pellibus
1272 1699 1522 1743 erantex
1565 1689 1887 1743 animalibus
1921 1704 2067 1741 sum-

486 1788 591 1848 ptae
639 1795 654 1833 :
709 1778 905 1833 talibus
956 1778 1100 1832 enim
1139 1780 1422 1847 oportebat
1469 1778 1616 1833 indui
1672 1788 2044 1848 peccatorem,

2166 1333 2285 1385 cap.
2313 1317 2420 1381 24,
2469 1332 2573 1370 nun
2625 1332 2838 1371 erasam
2891 1330 2955 1369 ex
3016 1317 3234 1370 homine
3279 1319 3420 1372 hanc
3457 1318 3743 1388 imaginem

2166 1409 2371 1471 dicens,
2410 1410 2504 1462 sed
2546 1409 2617 1461 ita
2655 1408 3035 1471 deformatam,
3067 1416 3127 1460 ut
3171 1407 3340 1462 fuerit
3376 1406 3742 1464 reformanda.

2164 1500 2233 1553 At
2260 1499 2304 1555 si
2337 1500 2582 1553 doctrina
2609 1498 2881 1566 Origenis,
2913 1513 3016 1551 nou
3055 1512 3122 1551 ex
3156 1498 3591 1553 adversariorum
3625 1514 3750 1554 con-

2166 1592 2577 1663 questionibus,
2627 1591 2721 1645 sed
2762 1606 2827 1645 ex
2873 1590 2990 1659 ejus
3042 1600 3315 1660 spectetur
3348 1590 3544 1654 verbis,
3589 1599 3748 1660 prout

2168 1701 2195 1738 a
2227 1684 2443 1747 Ruﬁno,
2492 1685 2596 1739 levi
2647 1698 2870 1753 prorsus
2923 1684 3241 1753 interprete,
3270 1697 3533 1737 conversa
3582 1691 3745 1747 sunt,

2168 1780 2285 1834 sine
2339 1792 2499 1833 causa
2548 1778 2641 1831 hic
2693 1777 2867 1846 ipsum
2919 1775 3177 1843 vapulare
3230 1773 3545 1828 fatebimur.
3611 1772 3746 1827 Nam

485 1869 748 1939 pellieeis,
785 1870 1025 1941 inquam,
1068 1872 1281 1934 tunicis,
1336 1885 1459 1939 quae
1496 1880 1677 1926 essent
1704 1870 2065 1936 mortalitatis,
2103 1850 2147 1905 Β
2174 1871 2354 1924 animo
2386 1869 2639 1932 hominis,
2671 1883 2776 1922 non
2807 1866 3043 1937 corpori,
3076 1866 3364 1935 imaginem
3396 1864 3486 1919 Dei
3521 1866 3748 1932 impres-

485 1977 647 2031 quam
694 1977 793 2030 pro
847 1970 1071 2031 peccato
1125 1973 1432 2032 acceperat,
1475 1972 1533 2017 et
1569 1961 1874 2033 fragilitatis
1926 1962 2064 2031 ejus,

485 2068 607 2121 qua!
646 2068 711 2108 ex
771 2055 953 2109 carnis
1000 2057 1347 2125 corruptione
1394 2055 1664 2119 veniebat,
1722 2056 1998 2110 indicium.
2037 2075 2055 2107 ο

487 2145 673 2214 Itaque
708 2154 900 2202 auctor
951 2145 1161 2219 Dialogi
1209 2149 1274 2202 de
1316 2148 1611 2202 orthodoxa
1653 2148 1778 2216 ﬁde,
1817 2149 1908 2217 qui
1940 2146 2067 2205 Ori-

486 2234 610 2305 geni
674 2236 832 2304 vulgo
896 2238 1188 2300 tribuitur,
1252 2240 1428 2308 ipsum
1514 2239 1719 2293 inducit
1798 2248 1931 2294 sect.
1994 2239 2062 2306 5,

486 2340 611 2396 pag.
640 2325 764 2392 862,
795 2343 979 2381 veram
1007 2337 1061 2382 et
1094 2330 1145 2383 in
1173 2329 1416 2384 Ecclesia
1451 2339 1721 2399 receptam
1753 2331 2063 2397 Opinionem

488 2418 559 2471 de
591 2417 792 2472 tunicis
818 2418 924 2473 illis
952 2421 1201 2485 scorteis,
1240 2420 1502 2476 adversus
1547 2420 1811 2475 Marinum
1854 2419 2052 2476 Barde-

487 2508 771 2564 sianistam
803 2521 1255 2580 propugnantem.

559 2598 652 2654 IX.
691 2598 836 2654 Inter
864 2601 1273 2655 criminationes
1306 2615 1443 2670 quas
1482 2603 1742 2657 adversus
1771 2601 2063 2673 Origenem

487 2690 703 2759 collegit
734 2691 1066 2760 Epiphanius
1086 2691 1214 2745 haer.
1242 2707 1389 2757 uiv,
1427 2708 1545 2763 cap.
1569 2695 1631 2757 4,
1652 2704 1705 2748 ει
1740 2696 1792 2748 in
1844 2697 2065 2764 epistola

488 2780 557 2833 ad
584 2778 845 2834 Joannem
874 2778 1219 2851 Jerosolym.,
1251 2797 1373 2852 cap.
1398 2783 1455 2849 4,
1486 2799 1594 2838 una
1628 2785 1742 2839 haec
1776 2794 1859 2839 est
1890 2804 1903 2839 :
1941 2804 1959 2838 ι
1985 2787 2068 2840 Ιη-

491 2879 578 2926 ter
613 2870 780 2925 multa
827 2873 993 2926 etiam
1031 2872 1160 2929 illud
1205 2888 1370 2929 ausus
1400 2886 1485 2930 est
1524 2876 1727 2941 dicere,
1768 2880 2069 2946 perdidisse

488 2963 783 3032 imaginem
817 2963 911 3019 Dei
938 2964 1110 3019 Adam
1136 2981 1152 3021 :
1181 2984 1199 3018 ι
1234 2966 1377 3035 quod
1403 2978 1459 3021 et
1489 2960 1849 3039 Hieronymus
1875 2971 2071 3041 repetit

486 3045 541 3101 lu
572 3048 732 3116 epist.
776 3049 867 3113 61,
920 3053 985 3104 ad
1015 3050 1347 3117 Pammach.,
1384 3067 1504 3123 cap.
1533 3055 1586 3109 5.
1615 3055 1776 3122 Quasi
1804 3058 2068 3113 Adamum

488 3138 720 3193 voluerit
750 3141 802 3194 in
834 3155 1049 3211 poenam
1076 3145 1307 3212 peccati,
1333 3159 1439 3199 non
1466 3147 1613 3215 gravi
1650 3149 1915 3205 duntaxat
1949 3166 2070 3205 cor—

487 3241 643 3296 pore,
662 3230 739 3284 sic
761 3208 1012 3299 tanquam
1032 3208 1381 3303 compedibus
1405 3208 1571 3291 fuisse
1590 3240 1964 3307 constrictum,
1980 3242 2072 3296 sed
2100 3208 2145 3268 α

491 3320 729 3391 imagine
759 3325 919 3376 etiam
961 3324 1077 3389 Dei,
1110 3327 1174 3380 ad
1216 3341 1375 3395 quam
1415 3330 1665 3384 conditus
1700 3330 1898 3396 fuerat,
1926 3334 2074 3387 exci-

492 3412 655 3467 disse.
686 3414 757 3467 At
782 3414 943 3482 paulo
976 3414 1202 3472 inferius
1233 3418 1392 3472 docet
1422 3418 1759 3488 Epiphanius
1789 3438 1893 3477 non
1933 3425 2071 3479 idem

499 3519 662 3573 super
705 3506 808 3561 hac
845 3508 1141 3575 quaestione
1185 3509 1421 3565 sensisse
1467 3509 1804 3579 Origenistas
1837 3529 2071 3573 omnes:

496 3615 518 3648 ι
544 3595 771 3663 Quidam
804 3599 947 3652 enim
990 3613 1204 3665 eorum,
1248 3601 1456 3671 inquit,
1489 3604 1675 3658 dicunt
1707 3607 1849 3674 quod
1893 3608 2073 3679 imago

493 3688 613 3752 Dei,
637 3703 801 3757 quam
834 3691 985 3758 prius
1012 3692 1219 3760 accepit
1242 3692 1436 3757 Adam,
1483 3694 1575 3749 illo
1605 3705 1867 3763 peccante
1898 3701 2073 3767 perie-

494 3779 605 3835 rit-:
644 3780 733 3835 alii
766 3783 1110 3851 suspicantur
1146 3800 1362 3855 corpus,
1409 3788 1552 3856 quod
1582 3788 1750 3843 Filius
1789 3790 1877 3845 Dei
1916 3793 2070 3847 habi-

492 3882 644 3927 turus
684 3883 832 3927 esset
859 3888 925 3928 ex
975 3874 1175 3942 Maria,
1206 3877 1377 3947 ipsam
1423 3896 1543 3934 esse
1593 3881 1925 3951 imaginem;
1981 3885 2071 3939 alii

489 3977 740 4031 sensum;
775 3965 865 4019 alii
898 3966 1184 4034 virtutem;
1218 3969 1305 4023 isti
1335 3972 1630 4040 baptisma;
1662 3974 1713 4027 hi
1736 3976 1877 4043 quod
1910 3977 2069 4030 homo

492 4056 560 4109 ad
617 4056 906 4126 imaginem
970 4058 1063 4112 Dei
1124 4059 1431 4116 dominetur
1491 4065 1760 4119 omnibus.
1793 4085 1811 4117 ›
1856 4066 2072 4124 Nicetas

490 4147 685 4202 veroin
723 4147 990 4202 Thesauro
1024 4152 1329 4206 orthodoxw
1361 4153 1507 4220 ﬁdei,
1540 4155 1632 4210 lib.
1663 4157 1885 4219 tv,haer.
1917 4174 2067 4223 xxxi,

491 4240 691 4294 dixisse
721 4240 797 4293 ait
834 4240 1122 4312 Origenem
1152 4242 1441 4308 Adamum,
1472 4255 1761 4315 antequam
1794 4263 2067 4318 peccaret,

490 4330 721 4401 efﬁgiem
765 4333 1056 4387 humanam
1106 4337 1387 4405 corporeis
1416 4337 1712 4394 involucris
1744 4342 2066 4410 immunem,

489 4430 544 4477 et
583 4422 697 4477 sola
735 4424 969 4478 humana
1008 4428 1180 4480 forma
1218 4430 1498 4496 praeditam
1541 4445 1935 4498 conservasse;
1969 4436 2070 4487 ad-

2172 1976 2288 2016 sam
2321 1974 2440 2015 esse
2470 1960 2649 2024 docet,
2686 1974 2809 2013 cum
2840 1973 2869 2011 a
2908 1958 3017 2023 Deo
3051 1958 3303 2013 conditus
3330 1967 3452 2011 est:
3487 1956 3581 2011 Dei
3620 1970 3748 2010 vero

2172 2056 2578 2112 similitudinem
2634 2065 2763 2111 tunc
2812 2054 3069 2125 adipisci,
3116 2068 3237 2108 cum
3287 2054 3522 2108 animum
3572 2054 3747 2107 virtu-

2173 2150 2319 2205 tibus
2361 2158 2610 2203 exornat.
2650 2168 2669 2200 ‹
2710 2148 2863 2203 llunc
2899 2162 3030 2201 sane
3072 2146 3381 2211 hominem,
3429 2146 3604 2215 inquit
3649 2147 3749 2200 ho-

2171 2240 2287 2298 mil.
2315 2242 2340 2294 1
2377 2240 2432 2292 in
2470 2238 2684 2303 (ἔθνεα,
2717 2254 2869 2294 num.
2898 2239 2986 2302 l5,
3028 2255 3047 2287 ι
3078 2250 3235 2306 quem
3279 2234 3410 2290 dicit
3446 2235 3513 2288 ad
3562 2234 3749 2304 imagi-

2173 2347 2296 2386 nem
2330 2331 2423 2385 Dei
2454 2330 2683 2393 factum,
2713 2344 2819 2383 non
2858 2328 3206 2395 intelligimus
3234 2324 3590 2394 corporalem.
3632 2323 3747 2377 Non

2171 2426 2316 2479 enim
2353 2423 2595 2492 corporis
2635 2423 2945 2492 figmentum
3000 2420 3092 2473 Dei
3148 2418 3433 2486 imaginem
3474 2418 3748 2480 continet,

2172 2529 2348 2584 neque
2394 2514 2572 2569 factus
2627 2527 2749 2568 esse
2816 2511 3111 2582 corporalis
3170 2511 3331 2563 homo
3377 2509 3599 2572 dicitur,
3654 2509 3749 2563 sed

2173 2608 2489 2679 plasmatus,
2541 2607 2683 2659 sicut
2724 2604 2778 2658 in
2825 2602 3281 2670 consequentibus
3330 2600 3595 2668 scriptum
3645 2608 3746 2654 est.

2171 2702 2263 2755 Ait
2292 2700 2434 2754 enim
2462 2716 2475 2751 :
2507 2696 2791 2751 Plasmavit
2828 2697 2964 2751 Deus
2994 2698 3256 2750 hominem
3279 2695 3346 2757 ⁸³,
3376 2694 3429 2747 id
3460 2703 3565 2757 est,
3596 2694 3752 2747 ﬂuxit

2174 2791 2239 2843 de
2268 2799 2425 2843 terra:
2471 2788 2619 2841 limo.
2649 2787 2696 2841 Is
2732 2796 2915 2841 autem
2952 2788 3045 2855 qui
3089 2787 3155 2839 ad
3203 2784 3494 2855 imaginem
3530 2783 3625 2838 Dei
3668 2783 3749 2837 fa-

2174 2888 2290 2933 ctus
2314 2888 2418 2940 est,
2448 2887 2503 2931 et
2530 2878 2596 2932 ad
2625 2878 3057 2939 similitudinem,
3089 2877 3317 2930 interior
3347 2877 3509 2929 homo
3539 2884 3749 2937 noster,

2174 2979 2257 3023 est
2289 2967 2572 3022 invisibilis
2602 2978 2657 3022 et
2686 2966 3066 3037 incorporalis,
3107 2975 3161 3020 et
3208 2967 3554 3034 incorruptus
3586 2972 3747 3032 atque

2176 3058 2519 3114 immortalis.
2548 3056 2604 3111 In
2644 3057 2726 3111 bis
2762 3056 2904 3111 enim
2958 3057 3152 3112 talibus
3194 3056 3287 3111 Dei
3336 3056 3514 3125 imago
3551 3055 3753 3108 rectius

2177 3149 2511 3219 intelligitur.
2563 3147 2619 3203 Si
2661 3148 2754 3217 qui
2814 3162 2943 3203 vero
2990 3150 3137 3202 hunc
3189 3162 3508 3217 corporeum
3562 3154 3756 3215 putent

2177 3255 2329 3304 esse,
2358 3241 2449 3308 qui
2490 3240 2555 3294 ad
2589 3240 2878 3309 imaginem
2922 3240 3401 3295 etsimilitudinem
3445 3239 3537 3293 Dei
3580 3238 3753 3293 factus

2173 3342 2290 3395 est,
2331 3329 2498 3385 Deum
2549 3330 2724 3399 ipsum
2777 3346 3131 3400 corporeum,
3178 3339 3233 3384 et
3282 3330 3529 3383 humanae
3563 3328 3753 3383 formte

2173 3422 2423 3476 videntur
2456 3421 2730 3484 inducere,
2760 3423 2903 3490 quod
2933 3422 3140 3476 sentire
3178 3421 3247 3475 de
3280 3418 3391 3474 Deo
3421 3418 3753 3474 manifestis-

2173 3516 2311 3570 sime
2348 3513 2571 3581 impium
2606 3524 2707 3568 est.
2736 3532 2754 3564 ι
2805 3512 2926 3567 Mox
2976 3512 3265 3580 imaginem
3308 3511 3436 3577 Dei,
3478 3513 3544 3566 ad
3590 3526 3751 3580 quam

2173 3607 2439 3662 formatus
2468 3614 2553 3659 est
2603 3606 2788 3670 homo,
2823 3607 2996 3676 ipsum
3034 3621 3157 3661 esse
3199 3605 3396 3660 asserit
3442 3605 3750 3666 Christum,

2172 3712 2441 3771 quatenus
2488 3703 2659 3772 figura
2704 3708 2786 3754 est
2832 3700 3149 3753 substantia:
3182 3698 3308 3764 Dei,
3353 3712 3456 3751 non
3486 3704 3753 3765 quatenus

2173 3808 2401 3862 corpore
2437 3809 2467 3847 a
2506 3792 2673 3847 Maria
2718 3801 2935 3858 sumpto
2965 3790 3204 3844 indutus.
3247 3805 3266 3839 ι
3296 3788 3376 3841 Ad
3406 3787 3570 3857 hujus
3598 3800 3752 3855 ergo,

2173 3885 2380 3956 inquit,
2428 3884 2679 3953 imaginis
2734 3882 3149 3937 similitudinem
3204 3882 3366 3934 homo
3413 3879 3587 3933 factus
3637 3886 3751 3943 est,

2171 3986 2226 4031 et
2264 3986 2547 4047 pr0pterea
2594 3974 2847 4029 Salvator
2883 3983 3083 4037 noster,
3116 3973 3207 4041 qui
3259 3979 3343 4025 est
3391 3970 3571 4038 imago
3616 3968 3751 4033 Dei‘,

2172 4067 2542 4123 misericordia
2575 4074 2752 4119 motus
2787 4079 2885 4134 pro
2921 4064 3159 4123 homine,
3191 4062 3283 4130 qui
3316 4060 3381 4113 ad
3415 4060 3548 4125 ,ejus
3594 4059 3749 4112 simi-~

2171 4161 2451 4216 litudinem
2496 4158 2672 4213 factus
2725 4158 2925 4216 fuerat,
2973 4152 3161 4208 videns
3194 4166 3316 4205 eum
3366 4150 3605 4218 deposita
3656 4162 3751 4202 sua

2174 4252 2405 4320 imagine
2454 4247 2671 4317 maligni
2726 4244 3018 4312 imaginem
3072 4242 3369 4306 induxisse,
3416 4241 3531 4307 ipse
3578 4248 3753 4292 motus

2172 4339 2566 4402 misericordia,
2608 4338 2845 4404 imagine
2893 4334 3129 4389 hominis
3170 4338 3467 4397 assumpta,
3505 4330 3647 4381 venit
3684 4327 3753 4380 ad

2170 4448 2350 4486 eum.)
2389 4428 2639 4484 Ostendit
2663 4429 2919 4497 deinceps
2949 4423 3221 4495 peccando
3253 4422 3457 4478 similes
3490 4435 3587 4474 nos
3615 4419 3750 4471 elIici

490 4512 656 4566 misso
692 4522 870 4568 autem
910 4526 1129 4585 peccato
1174 4516 1403 4572 formam
1442 4518 1587 4574 illam
1631 4520 1904 4583 amisisse,
1942 4537 2063 4577 cum
2098 4548 2141 4602 ι)
2172 4523 2417 4587 diabolo;
2453 4530 2596 4575 recte
2641 4521 2874 4589 agendo,
2910 4518 3129 4573 Christo
3171 4535 3184 4569 :
3226 4534 3244 4566 ι
3281 4514 3387 4569 Sed
3435 4528 3617 4575 nemo,
3665 4512 3752 4564 in-

490 4624 689 4677 corpus
732 4610 833 4663 hoc
868 4611 1047 4665 anima
1078 4613 1266 4667 subiit.
1310 4612 1445 4667 Tum
1488 4613 1687 4669 deinde
1722 4618 1790 4670 de
1833 4616 2066 4684 Origene

491 4699 605 4753 haec
640 4700 894 4754 disserit:
935 4719 953 4752 ι
983 4702 1142 4756 Aliud
1176 4702 1322 4757 enim
1354 4703 1542 4770 Deum,
1570 4705 1713 4759 aliud
1748 4707 1797 4760 id
1826 4709 1965 4774 quod
1997 4709 2063 4762 ad

493 4792 783 4861 imaginem
822 4793 1165 4848 eﬂ‘ormatum
1203 4804 1321 4861 est;
1373 4795 1517 4851 aliud
1571 4798 1697 4850 item
1759 4799 2066 4853 similitudi-

492 4898 637 4948 nem,
674 4884 817 4939 aliud
858 4886 909 4939 id
940 4888 1083 4955 quod
1111 4886 1179 4940 ad
1223 4886 1631 4941 similitudinem
1667 4887 1915 4943 effectum
1945 4903 2061 4955 est,

490 4988 614 5030 esse
652 4979 941 5033 statuebat.
987 4980 1165 5049 Atque
1208 4981 1410 5050 primas
1454 4982 1671 5050 quidem
1707 4984 1967 5053 imagines
2010 4996 2065 5039 et

490 5068 873 5124 similitudines
901 5070 993 5125 Dei
1029 5072 1270 5141 angelos,
1308 5072 1549 5142 aliasque
1575 5074 1803 5129 virtutes
1827 5089 1947 5129 esse
1983 5076 2065 5128 di-

492 5160 649 5214 cebat
674 5177 689 5214 :
715 5176 814 5215 nos
843 5171 1020 5217 autem
1048 5163 1312 5218 secundos
1339 5164 1407 5218 ab
1438 5163 1563 5227 illis,
1590 5173 1648 5218 ut
1680 5164 1914 5218 minores
1939 5164 2061 5229 illis,

492 5253 582 5320 qui
614 5253 679 5307 ad
717 5253 928 5308 illorum
985 5253 1191 5309 scilicet
1242 5254 1528 5323 imaginem
1578 5253 1838 5307 elfnruiati
1873 5255 2063 5309 simus.

494 5346 700 5402 Deinde
724 5348 788 5400 ad
815 5345 1087 5400 deteriora
1114 5341 1427 5409 deﬂectens,
1456 5344 1746 5412 imaginem
1778 5343 2062 5399 invisibilis

494 5436 587 5490 Dei
622 5434 962 5506 Unigenitum
992 5433 1185 5489 Filium
1222 5443 1412 5501 vocat,
1452 5434 1749 5503 apostolica
1786 5449 1912 5489 voce
1941 5450 2063 5489 cor-

494 5534 673 5593 rupta,
702 5540 799 5579 nec
826 5540 891 5580 eo
917 5525 1149 5594 adjecto,
1182 5524 1325 5593 quod
1354 5523 1406 5577 in
1446 5524 1536 5578 illo
1566 5525 1847 5578 mutationi
1890 5526 2061 5579 obno-

492 5616 641 5671 xium
693 5632 797 5672 non
826 5627 940 5683 est;
978 5631 1185 5686 nosque
1218 5617 1286 5671 ad
1316 5616 1604 5686 imaginem
1638 5616 1765 5684 Dei,
1813 5630 1908 5671 seu
1938 5615 2059 5671 Filii

566 5793 610 5826 “
647 5792 842 5849 Cenes.
866 5811 934 5860 ιι,
962 5794 1051 5849 25.
1149 5793 1205 5826 ⁸⁸
1232 5794 1427 5852 Cenes.
1459 5810 1514 5851 ιιι
1539 5836 1552 5861 ,
1595 5794 1683 5850 ﬁt.

2171 4615 2321 4686 quit,
2365 4616 2615 4682 desperet
2661 4614 2849 4668 videns
2900 4610 3323 4677 similitudinem
3374 4622 3527 4661 suam
3577 4604 3750 4671 magis

2172 4723 2294 4762 esse
2320 4723 2442 4763 cum
2480 4706 2714 4771 diabolo,
2746 4721 2909 4774 quam
2941 4720 3061 4757 cum
3096 4702 3226 4767 Deo,
3258 4713 3415 4769 posse
3460 4712 3519 4752 se
3558 4697 3749 4750 iterum

2171 4814 2491 4869 recuperare
2537 4799 2763 4853 formam
2816 4797 3069 4865 imaginis
3113 4792 3241 4855 Dei,
3286 4790 3413 4859 quia
3456 4802 3561 4842 non
3604 4786 3751 4839 venit

2173 4887 2424 4943 Salvator
2450 4903 2644 4943 vocare
2667 4888 2863 4957 juslos,
2911 4885 3002 4939 sed
3032 4891 3350 4953 peccatores
3384 4878 3434 4932 in
3481 4876 3749 4947 poeniten-

2173 4980 2300 5034 tiam
2336 4980 2402 5032 “.
2450 4997 2469 5030 ι
2523 4977 2692 5031 Tomo
2742 4991 2955 5045 quoque
3004 4990 3073 5027 xx
3120 4976 3173 5025 in
3221 4970 3407 5031 Joan.,
3462 4984 3614 5022 num.
3653 4966 3743 5023 20,

2171 5084 2293 5140 pag.
2323 5070 2451 5133 555,
2486 5070 2576 5123 Dei
2613 5084 2711 5122 nos
2737 5067 3146 5121 similitudinem
3175 5078 3451 5119 assumere
3482 5063 3581 5121 ait,
3623 5073 3744 5112 cum

2172 5160 2439 5215 mandatis
2482 5161 2651 5229 ipsius
2676 5158 3057 5227 obsequimur;
3093 5157 3314 5219 diaboli,
3356 5171 3479 5209 cum
3514 5152 3578 5205 ad
3616 5150 3745 5201 vitia

2175 5254 2493 5309 inclinamur
2533 5273 2546 5309 :
2589 5265 2697 5307 tum
2740 5254 2955 5320 subjicit
2996 5270 3008 5305 :
3045 5252 3153 5303 Καὶ
3196 5249 3351 5321 ἡμῶν
3394 5248 3448 5298 δὲ
3495 5247 3526 5314 ἡ
3573 5259 3744 5313 “H.001:-

2168 5348 2404 5418 γουμένη
2463 5348 2760 5410 ὑπόστασίς
2821 5351 2969 5400 ἐστιν
3020 5348 3077 5397 ὲν
3123 5343 3202 5413 τῷ
3250 5341 3369 5393 κατ’
3410 5340 3593 5391 εἰκόνα.
3649 5336 3742 5389 τοῦ

2167 5440 2469 5504 κτίσαντος*
2501 5443 2533 5512 ή
2562 5442 2618 5493 δὲ
2648 5440 2707 5505 ἐξ
2733 5442 2909 5503 αἰτίας
2936 5440 3080 5509 ἐντῷ
3111 5437 3364 5508 ληφθέντι
3393 5435 3499 5487 ἀπὸ
3525 5432 3617 5486 τοῦ
3647 5429 3740 5502 χοῦ

2168 5526 2267 5595 τῆς
2300 5528 2401 5597 γῆς
2437 5528 2748 5598 πλάσματι·
2787 5529 2880 5581 καὶ
2924 5530 2971 5581 εἰ
3010 5529 3106 5597 μὲν
3135 5528 3321 5596 ὥσπερ
3366 5522 3742 5592 ἐπιλαθόμενοι

2168 5618 2267 5689 τῆς
2291 5620 2349 5672 ἐν
2381 5621 2511 5689 ἡμῖν
2545 5619 2847 5690 κρείττονος
2875 5621 3085 5688 οὐσίας,
3114 5615 3468 5687 ὑποτὰξωμεν
3518 5615 3741 5677 ἑαυτοὺς

1780 5796 1822 5829 ⁸⁵
1863 5796 2053 5853 Gencs.
2096 5812 2153 5864 ll,
2182 5796 2231 5851 7.
2308 5798 2350 5829 “
2388 5794 2516 5851 Luc.
2550 5814 2597 5861 ι’,
2630 5797 2717 5852 39..
