4170 6426
402 407 536 462 lOb‘l

1249 406 1828 464 ORIGENIANORUM
1867 407 1997 464 LIB.
2041 407 2104 463 ll.
2149 405 2306 462 CAP.
2345 404 2390 461 II
2453 405 2737 472 QUAEST.
2775 405 2894 463 XII.

3527 410 3668 467 1062

396 524 474 596 τῷ
495 522 605 576 ἀπὺ
627 521 723 577 τοῦ
752 520 850 593 χοῦ
874 521 1172 592 πλάσματι,
1205 521 1300 575 καὶ
1323 523 1384 574 τὸ
1411 523 1656 593 κρεῖττον
1676 520 1775 592 τὴν
1794 519 1976 574 εἰκόνα

2082 519 2272 573 faciem
2303 519 2472 588 ipsius
2505 518 2735 588 spiravit
2783 520 2945 586 Deus,
2989 518 3254 589 Spiritum
3300 535 3547 580 sanctum
3575 541 3671 582 ac-

395 615 491 671 τόῦ
521 615 704 687 χοϊκοῦ
743 614 992 686 λήψεται,
1021 615 1069 666 εἰ
1101 613 1157 666 δὲ
1193 613 1442 677 συνέντες
1487 613 1548 666 τὸ
1588 613 1812 684 ποιηθὲν
1854 612 1974 665 κατ’

395 709 600 771 εἰκόνα,
623 709 718 761 καὶ
743 707 802 760 τὸ
825 707 1025 776 ληφθὲν
1041 705 1149 758 ἀπὸ
1172 704 1265 758 τοῦ
1289 704 1384 776 χοῦ
1405 705 1504 775 τῆς
1519 705 1643 776 γῆς,
1667 704 1777 759 ὅλοι
1810 719 1978 775 προσ-

395 801 622 871 νεύομεν
656 799 792 870 πρὸς
818 798 1020 861 τοῦτον,
1048 793 1110 853 οὗ
1136 800 1255 851 κατ’
1285 797 1466 850 εἰκόνα
1491 797 1816 868 γεγόναμεν,
1853 797 1976 850 ἐσό-

399 890 538 964 μεθα
575 892 668 945 καί⁸
701 890 822 944 καθ’
847 890 1104 960 ὁμοίωσιν
1140 887 1298 954 Θεοῦ,
1339 890 1518 942 πᾶσαν
1541 889 1640 960 τὴν
1682 889 1820 960 πρὸς
1845 887 1976 957 ὓλην

394 987 488 1039 καὶ
509 983 736 1054 σώματα
761 981 1157 1054 προσπάθειαν,
1188 982 1282 1034 καὶ
1303 981 1402 1051 τὴν
1424 981 1563 1052 πρός
1581 997 1702 1034 τινα
1721 979 1830 1033 τῶν
1852 978 1973 1032 καθ’

394 1077 654 1148 ὁμοίωσιν
687 1075 1077 1144 ἁπολείψαντες
1096 1092 1109 1104 ·
1135 1085 1190 1129 et
1219 1090 1369 1128 num.
1388 1074 1478 1137 2i,
1503 1090 1623 1144 pag.
1648 1072 1755 1128 543
1782 1073 1976 1128 :"Oeov

399 1169 498 1240 μὲν
541 1163 634 1221 οὖν
675 1167 742 1238 ζῇ
783 1168 812 1220 ὁ
849 1167 1164 1239 ἄνθρωπος,
1207 1167 1269 1219 οὐ
1307 1168 1462 1237 φορεῖ
1502 1164 1602 1236 τὴν
1651 1162 1747 1217 τοῦ
1789 1163 1974 1234 χοϊκοῦ

396 1261 612 1313 εἰκόναο
647 1257 1008 1329 ἀποθνήσκων
1046 1257 1133 1320 δὲ,
1178 1257 1271 1309 καὶ
1301 1255 1692 1327 ἀναιρούμενος
1739 1256 1843 1308 ὑπὸ
1879 1254 1974 1309 τοῦ

395 1350 863 1424 ἁνθρωποκτόνου,
889 1349 1003 1420 ἅμα
1029 1367 1086 1402 τε
1113 1350 1324 1418 συνέχει
1349 1348 1445 1420 τὴν
1476 1348 1567 1400 τοῦ
1603 1348 1738 1400 Θεοῦ
1770 1348 1974 1412 εἰκόνα,

397 1443 491 1498 καὶ
509 1441 879 1512 ἀναλαμϐάνει
897 1441 991 1511 τὴν
1007 1441 1101 1494 τοῦ
1120 1441 1305 1510 χοϊκοῦ
1323 1442 1416 1493 καὶ
1430 1439 1644 1511 νεκροῦ⁹
1663 1442 1854 1512 νεκρὸς
1869 1442 1977 1514 γὰρ

395 1535 426 1588 ὁ
452 1534 652 1606 χοϊκὸς,
677 1533 866 1604 ὥσπερ
889 1531 996 1596 ζῶν
1030 1539 1058 1586 ό
1087 1532 1428 1604 ἐπουράνιος.
1453 1531 1788 1587 Manifestius
1814 1534 1975 1586 etiam

399 1625 526 1680 Illud
552 1642 582 1680 e
611 1625 704 1680 lib.
733 1640 791 1679 ιιι
814 1623 956 1692 Περὶ
983 1622 1206 1692 ἀρχῶν,
1235 1639 1354 1694 cap.
1384 1624 1440 1688 6,
1477 1639 1623 1676 uutn.
1654 1625 1674 1677 l
1712 1641 1725 1677 :
1762 1642 1781 1675 ι
1815 1625 1980 1692 Igitur

398 1732 667 1772 summum
690 1715 890 1770 bonum
910 1715 974 1768 ad
994 1715 1139 1784 quod
1163 1723 1350 1770 natura
1374 1714 1707 1769 rationabilis
1730 1714 1979 1770 universa

398 1810 640 1874 festinat,
669 1807 814 1877 quod
849 1808 1010 1862 etiam
1049 1807 1169 1862 linis
1207 1806 1446 1861 omnium
1477 1805 1694 1869 dicitur,
1724 1820 1754 1859 a
1787 1819 1977 1874 quam-

400 1902 652 1973 plurimis
684 1900 850 1956 etiam
899 1899 1340 1970 philosophorum
1377 1899 1479 1952 hoc
1517 1899 1676 1952 modo
1717 1897 1977 1952 termina-

403 2003 512 2058 tur,
550 1993 676 2062 quia
706 2007 977 2047 summum
1007 1993 1204 2046 bonum
1251 1992 1340 2057 sit,
1380 1998 1536 2060 prout
1581 1989 1838 2058 possibile
1870 1998 1976 2055 est,

401 2085 630 2142 similem
661 2083 777 2139 fieri
807 2083 938 2138 Deo.
967 2082 1073 2138 Sed
1109 2084 1211 2138 hoc
1238 2098 1345 2138 non
1381 2093 1488 2135 tam
1520 2082 1755 2149 ipsorum
1789 2081 1976 2134 inven-

398 2186 532 2244 tum,
564 2191 724 2247 quam
755 2189 822 2230 ex
851 2174 1048 2230 divinis
1090 2175 1244 2230 libris
1286 2176 1356 2229 ab
1387 2175 1468 2230 eis
1499 2182 1771 2242 sumptum
1819 2185 1970 2243 puto.

398 2268 511 2324 Hoc
541 2282 773 2337 namque
802 2267 1003 2322 indicat
1032 2267 1243 2338 Moyses
1285 2277 1413 2322 ante
1452 2281 1660 2334 omnes,
1706 2282 1830 2322 cum
1867 2270 1977 2336 pri-

397 2377 538 2416 mam
569 2360 934 2416 conditionem
965 2361 1198 2416 hominis
1228 2369 1452 2416 euarrat
1482 2360 1670 2414 dicens
1695 2377 1710 2414 :
1745 2359 1811 2414 Et
1840 2361 1978 2415 dixit

399 2453 538 2508 Deus
565 2471 580 2508 :
608 2451 896 2507 Faciamus
929 2451 1191 2507 hominem
1217 2453 1286 2506 ad
1321 2453 1601 2522 imaginem
1639 2461 1686 2506 et
1725 2452 1977 2506 similitu-

395 2545 569 2599 dinem
603 2553 856 2599 nostram.
901 2543 1052 2600 Tunc
1097 2545 1292 2600 deinde
1334 2544 1481 2598 addit
1516 2562 1530 2598 :
1563 2543 1631 2598 Et
1672 2545 1798 2612 fecit
1836 2545 1975 2599 Deus

395 2638 678 2704 hominem,
715 2635 783 2690 ad
819 2635 917 2691 Dei
948 2637 1228 2706 imaginem
1270 2636 1390 2704 fecit
1429 2653 1569 2699 eum,
1599 2636 1890 2691 masculum
1926 2647 1975 2690 et

396 2731 646 2798 feminam
673 2729 789 2798 fecit
826 2745 932 2797 eos,
959 2739 1008 2782 et
1038 2729 1303 2782 benedixit
1333 2729 1409 2782 eis
1432 2728 1498 2782 ⁸⁷.
1534 2725 1646 2782 lloc
1674 2743 1804 2798 ergo
1833 2727 1974 2796 quod

394 2821 560 2887 dixit,
623 2821 708 2874 Ad
748 2821 1030 2890 imaginem
1062 2819 1155 2873 Dei
1203 2819 1330 2887 fecit
1373 2835 1511 2884 eum,
1565 2827 1619 2874 et
1667 2819 1733 2873 de
1785 2817 1976 2873 simili-

397 2910 583 2964 tudine
609 2909 778 2975 siluit,
805 2925 910 2964 non
943 2908 1089 2964 aliud
1135 2909 1357 2973 indicat,
1388 2908 1493 2962 nisi
1539 2907 1682 2977 quod
1725 2908 1974 2974 imaginis

393 3001 712 3070 dignitatem
753 3002 808 3056 in
842 3001 1019 3071 prima
1063 3001 1373 3056 conditione
1404 3001 1678 3070 percepit;
1715 2999 1975 3054 similitu-

392 3092 538 3148 dinis
564 3106 692 3147 vero
724 3091 990 3162 perfectio
1018 3093 1070 3147 in
1103 3091 1577 3146 consummatione
1608 3100 1822 3146 servata
1854 3099 1969 3146 est:

392 3184 602 3241 scilicet
633 3193 692 3238 ιιι
720 3185 838 3254 ipse
855 3184 958 3239 sibi
981 3197 1101 3239 eam
1138 3185 1372 3252 propria:
1393 3182 1673 3238 industriae
1693 3180 1884 3236 studiis
1905 3196 1969 3235 ex

391 3274 490 3330 Dei
533 3275 836 3331 imitatione
870 3276 1264 3337 conscisceret,
1301 3289 1426 3329 cum
1475 3273 1836 3342 possibilitate
1865 3273 1968 3327 sibi

393 3368 742 3439 perfectionis
773 3369 1032 3423 divinitus
1061 3370 1184 3422 data
1215 3381 1315 3436 per
1344 3365 1970 3436 imaginis-digniuitem,

393 3460 448 3514 in
470 3461 574 3514 line
591 3461 808 3514 demum
827 3473 923 3529 per
935 3473 1160 3528 operum
1177 3457 1536 3524 expletionem
1558 3456 1853 3526 perfectam
1869 3459 1972 3513 sibi

391 3552 509 3624 ipse
525 3551 932 3608 similitudinem
963 3559 1408 3606 consummaret:
1439 3570 1457 3602 ι
1491 3561 1547 3605 et
1575 3551 1707 3605 illud
1737 3565 1768 3605 e
1794 3552 1889 3607 lib.
1918 3565 1972 3605 tv

392 3647 448 3700 in
482 3644 653 3714 Epist.
684 3646 754 3698 ad
793 3643 970 3707 Rom.,
1009 3657 1157 3701 nutu.
1211 3644 1268 3711 5,
1302 3659 1427 3716 pag.
1457 3645 1604 3701 550:
1653 3663 1673 3698 ι
1701 3646 1759 3700 In
1799 3647 1968 3704 initiis

395 3738 577 3802 homo,
605 3752 728 3792 cum
763 3738 1096 3807 propositum
1150 3736 1339 3792 fuisset
1381 3747 1439 3793 ut
1467 3739 1536 3793 ad
1580 3739 1870 3810 imaginem
1911 3750 1964 3795 et

392 3831 800 3886 similitudinem
827 3833 916 3886 Dei
943 3830 1115 3898 fieret,
1142 3831 1209 3886 ad
1234 3831 1518 3902 imaginem
1545 3833 1764 3903 quidem
1791 3833 1966 3890 factus

392 3935 512 3991 est,
551 3923 847 3979 similitudo
888 3931 1066 3977 autem
1107 3921 1270 3976 dilata
1319 3931 1426 3988 est,
1468 3924 1538 3978 ob
1568 3925 1674 3978 hoc
1717 3934 1775 3978 ut
1819 3926 1968 3994 prius

391 4014 690 4071 confideret
733 4013 787 4066 in
823 4012 1013 4074 Deum,
1043 4019 1098 4064 et
1131 4010 1203 4064 ita
1248 4009 1402 4065 fieret
1447 4012 1640 4067 similis
1666 4013 1738 4077 ei,
1768 4023 1823 4066 et
1854 4015 1967 4082 ipse

393 4106 605 4162 audiret
646 4105 772 4176 quia
823 4102 1012 4158 similis
1045 4102 1096 4156 ei
1145 4103 1238 4155 fiet
1285 4103 1464 4158 omnis
1497 4104 1587 4171 qui
1641 4103 1866 4158 conlidit
1915 4107 1966 4159 iu

391 4211 535 4253 eum.
561 4215 582 4248 ι
620 4196 771 4251 Hanc
799 4194 1048 4264 imaginis
1076 4202 1131 4247 et
1159 4193 1529 4248 similitudinis
1559 4193 1965 4249 distinctionem

391 4287 607 4343 videtur
650 4284 1036 4354 perstrinxisse
1089 4282 1422 4345 Methodius,
1485 4298 1606 4337 cum
1657 4285 1878 4354 scripsit
1913 4285 1966 4339 in

391 4376 532 4431 libro
571 4373 646 4428 De
673 4372 1072 4434 resurrectione,
1101 4370 1283 4424 datum
1325 4368 1494 4424 fuisse
1533 4373 1734 4426 homini
1765 4390 1793 4426 a
1836 4374 1962 4440 Deo,

388 4467 452 4522 τὸ
480 4465 727 4532 θεοειδὲς,
757 4468 850 4518 καὶ
879 4461 1195 4525 θεοείκελον,
1229 4463 1324 4516 καὶ
1363 4463 1542 4517 πάντα
1579 4465 1713 4535 πρὸς
1753 4466 1967 4539 ἐκείνην

2078 611 2240 680 cepit.
2273 608 2469 665 Verum
2512 620 2820 679 postremus
2855 611 2943 666 ille
2967 611 3217 682 Origeuis
3252 613 3402 672 locus
3427 631 3494 672 ex
3540 633 3668 689 pro-

2078 704 2224 758 xime
2266 703 2588 774 praecedenti
2637 703 2988 772 explicandus
3035 714 3158 760 est:
3197 706 3343 762 unde
3382 709 3667 778 apparebit

2077 792 2241 846 vitam
2305 793 2480 862 ipsum
2532 792 2815 846 mortalem
2880 807 3002 846 cum
3062 792 3237 849 futura
3309 810 3664 867 comparasse

2075 885 2223 951 vita,
2269 894 2324 939 et
2372 885 2714 939 existimasse
2762 898 2860 937 nos
2896 884 2947 937 in
3004 884 3150 940 illam
3198 888 3551 956 prodeuntes,
3595 892 3664 946 ab

2075 986 2198 1031 ortu
2235 976 2487 1046 prtefcrre
2534 976 2822 1046 imaginem
2859 976 2978 1040 Dei,
3021 977 3124 1032 hoc
3162 988 3266 1044 est,
3302 988 3361 1034 ut
3409 980 3485 1036 ait
3526 982 3662 1052 ipse,

2083 1086 2102 1120 ι
2130 1069 2543 1138 possibilitatem
2580 1066 2933 1137 perfectionis
2952 1069 3215 1126 divinitus
3245 1071 3450 1138 datam,
3481 1091 3500 1124 ι
3550 1082 3661 1129 ιιιιιι

2077 1173 2199 1214 cum
2265 1168 2544 1214 crearetur
2614 1157 2888 1226 Adamus;
2953 1160 3330 1217 adumbratam
3385 1179 3518 1221 vero
3566 1180 3666 1237 per

2078 1261 2226 1305 recte
2275 1250 2419 1306 facta
2476 1251 2910 1317 similitudinem,
2956 1253 3008 1307 in
3072 1255 3320 1324 sequenti
3368 1272 3504 1324 aevo,
3549 1260 3665 1314 sive

2085 1363 2106 1395 ι
2137 1343 2190 1397 itt
2225 1343 2760 1412 consummati0tte,t
2812 1347 3065 1401 omnibus
3109 1349 3349 1404 numeris
3387 1349 3453 1404 iri
3504 1352 3664 1408 abso-

2077 1437 2268 1491 lutum.
2300 1437 2451 1504 Quod
2491 1437 2534 1493 si
2581 1437 2868 1507 imaginem
2922 1437 3014 1492 Dei
3061 1439 3195 1493 nihil
3231 1439 3374 1495 aliud
3409 1457 3530 1498 esse
3562 1459 3661 1500 v0-

2079 1530 2177 1584 luit
2227 1529 2518 1597 Origenes,
2563 1544 2725 1598 quam
2785 1549 2804 1581 ι
2848 1529 3264 1598 possibilitatem
3310 1534 3660 1602 perfectionis

2079 1623 2333 1677 divinitus
2369 1622 2614 1684 datam,»
2654 1631 2712 1675 ut
2747 1637 2858 1690 prae
2899 1636 2958 1678 se
3003 1622 3108 1678 fert
3155 1624 3443 1682 lluliniana
3489 1628 3662 1684 inter-

2078 1715 2340 1784 pretatio,
2381 1713 2626 1783 sequitur
2671 1713 2846 1781 ipsum
2897 1715 3214 1784 neutiquam
3270 1719 3550 1776 censuisse
3591 1735 3658 1777 ea

2080 1807 2344 1862 Adamum
2380 1805 2674 1868 excidisse,
2707 1805 2907 1876 quippe
2943 1823 3106 1876 quem
3149 1807 3306 1878 plena
3347 1827 3656 1880 nunquam-

2080 1915 2184 1955 non
2233 1899 2487 1954 libertate
2535 1897 2828 1952 fruiturum
2865 1913 2987 1953 esse
3019 1901 3328 1956 sexcenties
3377 1919 3660 1960 assevera-

2080 1993 2168 2046 rit.
2199 1991 2456 2047 Eamdem
2486 2006 2647 2062 porro
2693 1991 2944 2059 imaginis
2966 2003 3021 2046 et
3057 1992 3431 2051 similitudinis
3460 1995 3659 2051 distiu-

2077 2083 2312 2137 ctionem
2375 2082 2717 2136 retinuerunt
2795 2082 3110 2138 Victorinus
3179 2084 3274 2140 lib.
3326 2102 3341 2139 t
3405 2089 3658 2143 adversus

2076 2174 2286 2240 Arium,
2317 2183 2372 2229 et
2394 2173 2696 2230 Eucherius
2724 2174 3099 2246 Lugdunensis
3129 2177 3223 2233 lib.
3254 2193 3270 2231 ι
3301 2178 3355 2230 in
3387 2177 3653 2244 Genesim,

2076 2275 2132 2320 et
2175 2264 2391 2322 Nicetas
2446 2266 2501 2321 in
2563 2265 2830 2321 Thesauro
2858 2267 3186 2339 .ortltodoxie
3242 2270 3407 2340 ﬁdei,
3456 2271 3551 2326 lib.
3579 2287 3656 2339 tv,

2077 2357 2209 2412 batr.
2236 2373 2386 2413 xxxt.

2147 2445 2215 2503 X.
2257 2447 2335 2501 Ex
2392 2448 2761 2516 superioribus
2810 2449 2902 2504 lux
2951 2451 3276 2508 conciliatur
3314 2453 3550 2510 obscuro
3589 2469 3658 2510 ac

2077 2538 2278 2592 dillicili
2313 2539 2565 2608 Origcnis
2591 2540 2708 2595 loco
2746 2551 2878 2597 tom.
2914 2557 3004 2596 xw
3045 2544 3098 2596 in
3138 2542 3354 2610 Matth.,
3389 2560 3538 2599 num.
3565 2545 3655 2609 I6,

2076 2646 2196 2702 pag.
2224 2630 2348 2696 6'58,
2379 2632 2469 2686 ubi
2505 2633 2574 2688 ab
2604 2634 2914 2690 hominibus
2940 2636 3032 2706 qui
3063 2636 3226 2691 humo
3253 2636 3469 2694 formati
3505 2649 3654 2703 sunt,

2075 2737 2168 2777 eos
2195 2722 2494 2790 distinguit,
2524 2725 2614 2793 qui
2655 2726 2721 2778 ad
2760 2727 2853 2780 Dei
2885 2727 3291 2783 similitudinem
3337 2727 3488 2784 fuere
3526 2744 3653 2799 pro.

2075 2813 2281 2868 creati:
2317 2814 2581 2886 ’Ὕστερον
2625 2816 2734 2887 γάρ
2768 2835 2897 2870 ποτε
2933 2819 3178 2882 ἐκείνων,
3222 2820 3418 2889 inquit,
3451 2821 3654 2875 ἔπλασε

2074 2905 2279 2976 Κύριος
2312 2908 2342 2960 ὁ
2368 2908 2510 2977 ,Θεὸς
2547 2908 2637 2961 τὸν
2681 2909 2986 2980 ἄνθρωπον,
3019 2910 3146 2980 χοῦν
3181 2910 3360 2964 λαϐὼν
3394 2912 3505 2966 ἀπὸ
3554 2914 3653 2985 τῆς

2073 3002 2198 3069 γῆς,
2225 3001 2317 3052 καὶ
2345 3000 2452 3053 ἀπὸ
2473 3001 2572 3072 τῆς
2603 3001 2845 3073 πλευρᾶς
2876 3003 3040 3056 αὑτοῦ
3075 3003 3173 3075 τὴν
3213 3003 3425 3075 βοηθόν.
3458 3004 3498 3059 F
3503 3017 3656 3060 actos

2074 3091 2270 3160 quippe
2310 3092 2377 3146 ad
2417 3093 2704 3162 imaginem
2753 3095 2846 3149 Dei
2897 3095 3180 3160 homines,
3227 3097 3512 3151 interiores
3556 3098 3657 3152 ho-

2077 3182 2249 3238 mines
2281 3193 2336 3239 et
2386 3185 2661 3255 spiritales
2698 3185 2970 3256 intelligit,
3017 3186 3295 3240 sensilium
3346 3201 3409 3242 ac
3459 3203 3654 3257 corpo-

2078 3275 2267 3330 ralium
2315 3292 2495 3332 rerum
2551 3282 2877 3348 contagioae
2928 3279 3218 3332 immunes.
3269 3277 3425 3333 Unde
3464 3280 3651 3334 statim

2072 3368 2257 3434 adjicit
2282 3387 2296 3423 ε
2330 3368 2601 3423 Οὐδέποτε
2631 3371 2740 3442 γὰρ
2767 3372 2902 3442 γυνὴ
2938 3372 3056 3423 κατ’
3084 3370 3290 3434 εἰκόνα,
3321 3370 3440 3423 οὐδὲ
3471 3372 3612 3444 ἀνήρ
3633 3388 3650 3403 ο

2071 3461 2184 3515 ἀλλ’
2229 3462 2279 3514 οἱ
2328 3461 2426 3534 μὲν
2474 3463 2857 3534 διαφέροντες,
2903 3462 3101 3534 ἄρρεν·
3160 3463 3210 3514 οἰ
3262 3461 3319 3515 δὲ
3372 3461 3651 3532 δεύτεροι,

2072 3550 2226 3622 Θῆλυ.
2264 3553 2365 3619 Qui
2395 3553 2545 3607 carni
2573 3563 2753 3608 autem
2786 3554 2949 3607 dediti
2993 3563 3140 3618 sunt,
3165 3562 3222 3608 et
3253 3551 3412 3607 fluxis
3445 3569 3511 3607 ac
3535 3569 3655 3610 sor-

2070 3644 2212 3698 didis
2243 3645 2405 3698 rebus
2445 3642 2805 3708 delectantur,
2845 3658 2942 3698 eos
2988 3659 3111 3699 esse
3148 3645 3341 3699 statuit
3388 3644 3563 3698 virum
3599 3653 3655 3698 et

2069 3749 2316 3800 uxorem,
2362 3736 2500 3790 duos
2533 3751 2724 3804 nempe
2753 3735 2806 3788 in
2839 3749 2941 3788 una
2973 3750 3157 3790 carne.
3199 3734 3460 3789 Similiter
3499 3734 3654 3788 Philo

2071 3827 2342 3881 hominem
2373 3842 2440 3882 ex
2471 3829 2636 3884 humo
2671 3830 2855 3884 fictum
2903 3829 2972 3883 ab
3002 3843 3067 3882 eo
3100 3827 3334 3896 seiungit
3361 3836 3416 3882 ct
3461 3843 3649 3882 secer-

2070 3919 2169 3982 nit,
2197 3919 2285 3986 qui
2311 3919 2378 3973 ad
2404 3919 2694 3989 imaginem
2717 3920 2810 3974 Dei
2837 3929 3056 3975 creatus
3079 3927 3191 3982 est;
3218 3919 3310 3973 sed
3347 3933 3460 3971 rem
3488 3918 3651 3973 aliter

2069 4011 2333 4079 explicat;
2367 4011 2510 4064 hunc
2537 4013 2736 4080 quippe
2769 4011 3044 4064 hominem
3082 4024 3202 4063 esse
3242 4008 3356 4062 vult
3395 4018 3446 4062 et
3484 4008 3650 4079 ἀρχέ-

2068 4118 2236 4155 τυπον
2259 4110 2313 4156 et
2334 4101 2542 4171 νοητὸν,
2561 4102 2673 4157 sive
2702 4103 2935 4157 hominis
2964 4103 3161 4166 ideam,
3191 4115 3309 4168 qua:
3338 4101 3428 4154 Dei
3476 4101 3644 4154 menti

2070 4194 2231 4259 inest,
2268 4193 2418 4248 illutn
2474 4207 2602 4247 vero
2639 4193 2873 4247 hominis
2926 4207 3049 4246 esse
3099 4191 3380 4244 mortalem
3424 4205 3489 4244 ac
3534 4203 3645 4245 ter-

2068 4300 2292 4351 renum,
2331 4284 2397 4338 ad
2439 4283 2599 4353 hujus
2643 4283 2871 4338 formam
2917 4297 3256 4354 expressum.
3300 4283 3484 4350 Inique
3518 4297 3647 4352 ergo

2069 4377 2444 4432 consuleretur
2487 4377 2543 4430 in
2576 4376 2899 4446 Origenem,
2943 4377 2987 4431 si
3024 4390 3088 4430 ex
3124 4388 3190 4429 eo
3237 4377 3356 4430 loco
3397 4373 3647 4430 Praeada-

2069 4472 2229 4525 mitas
2287 4469 2556 4525 invexisse
2621 4469 2870 4524 homines
2927 4478 3286 4539 argueretur,
3319 4482 3441 4522 cum
3509 4467 3644 4522 alias

389 4556 855 4629 ἀπηκρισωμένην
890 4554 989 4626 τὴν
1043 4554 1392 4626 πρωτότυπον
1436 4554 1531 4608 τοῦ
1586 4557 1832 4628 Πατρὸς,
1877 4559 1969 4612 καὶ

2073 4577 2214 4631 saepe
2240 4562 2507 4617 Adamum
2545 4562 2612 4617 ab
2650 4560 2806 4615 initio
2841 4575 3023 4615 rerum
3065 4577 3097 4614 a
3137 4563 3246 4616 Deo
3275 4569 3517 4615 creatum
3557 4575 3645 4615 as-

389 4648 731 4720 Μονογενοῦς
785 4647 988 4702 εἰκόνα.
1043 4648 1384 4716 «Imaginem
1451 4662 1514 4702 ac
1558 4649 1962 4704 similitudinem

389 4742 486 4797 Dei
519 4741 796 4811 praeferre,
837 4749 892 4797 et
923 4738 1105 4794 omnia
1137 4740 1204 4793 ad
1251 4737 1544 4808 perlectam
1596 4739 1736 4795 hanc
1787 4739 1965 4796 Patris

385 4848 456 4888 ac
505 4832 776 4902 Unigeniti
835 4831 1205 4902 primigeniam
1254 4830 1552 4900 eiligiemn
1593 4831 1962 4902 Reprehendit

387 4929 444 4984 id
480 4942 693 4998 quoque
735 4927 1022 4983 Jansenius
1064 4935 1196 4981 tom.
1225 4925 1278 4992 Ι,
1313 4926 1407 4980 lib.
1437 4941 1508 4990 ιι,
1548 4941 1670 4996 cap.
1700 4927 1755 4994 7,
1801 4928 1962 4997 quasi

389 5035 484 5090 per
515 5020 802 5090 imaginem
829 5017 924 5074 Dei
952 5019 1156 5075 Adamo
1189 5017 1529 5087 impressam,
1557 5023 1751 5075 animae
1785 5020 1957 5075 solum

385 5112 796 5185 iuspiratiouem
825 5109 1002 5164 notari
1046 5111 1314 5179 putaverit
1345 5107 1640 5181 Origenes;
1672 5125 1770 5182 per
1807 5110 1960 5167 simi-

385 5207 664 5261 litudinem
690 5217 838 5270 vero,
865 5203 1152 5259 habitualis
1178 5205 1366 5275 gratia:
1389 5205 1712 5261 inlusionem
1737 5205 1958 5276 (schola:

382 5297 550 5354 verba
608 5295 991 5364 usurpamus);
1048 5309 1112 5349 ac
1163 5296 1391 5365 proinde
1441 5295 1762 5367 Origeuem,
1811 5297 1956 5352 nulla

382 5389 570 5461 gratia:
611 5386 769 5456 hujus
815 5386 1107 5442 habitualis
1146 5388 1272 5442 dote
1317 5387 1642 5443 instructum
1697 5390 1750 5444 in
1797 5405 1955 5444 crea-

384 5484 529 5538 tione
566 5480 860 5535 credidisse
906 5479 1212 5544 Adatnutn,
1259 5489 1420 5548 atque
1471 5495 1590 5535 eam
1631 5480 1701 5534 ab
1748 5481 1956 5538 actibus

382 5582 548 5629 totam
593 5571 972 5642 suspendisse;
1022 5586 1195 5640 eoque
1228 5572 1456 5626 multum
1506 5574 1573 5629 de
1620 5582 1828 5628 natura:
1871 5575 1956 5627 iu-

381 5675 544 5738 tegrte
569 5663 830 5734 dignitate
862 5663 1177 5736 derogasse,
1216 5664 1269 5720 in
1309 5678 1414 5736 qua
1441 5663 1702 5734 Adamus,
1731 5681 1854 5722 cum
1897 5665 1952 5721 in

446 5840 490 5873 ⁶”
529 5839 726 5897 Cenes.
753 5856 791 5907 t,
819 5837 1000 5894 26-28.

2065 4662 2232 4720 serat,
2263 4669 2326 4709 ac
2356 4654 2589 4724 primum
2621 4653 2896 4708 hominem
2924 4651 3178 4722 appellet.
3213 4651 3453 4720 lniquius
3477 4654 3642 4706 etiam

2064 4744 2440 4801 consuleretur
2467 4744 2522 4799 in
2554 4744 2729 4813 ipsum
2749 4783 2767 4810 ,
2813 4743 2858 4798 si
2887 4756 2955 4796 ex
2991 4745 3096 4797 hoc
3124 4741 3318 4805 altero,
3349 4757 3508 4811 quem
3546 4757 3645 4796 ex-

2062 4837 2213 4891 hibet
2229 4835 2530 4890 Methodius
2547 4836 2684 4906 apud
2730 4834 3005 4895 Photium,
3024 4833 3146 4888 cod.
3175 4847 3405 4894 ccxxxv.
3433 4834 3638 4887 erroris

2061 4931 2301 4999 ejusdem
2351 4929 2765 4984 insimularetur
2803 4949 2814 4984 :
2853 4925 2991 4981 Οὔτε
3030 4921 3125 4979 οὖν
3171 4925 3278 4980 ἀπὸ
3323 4923 3526 4994 Ἀδὰμ,
3563 4921 3640 4986 ὥς

2061 5020 2190 5089 φασί
2219 5036 2386 5086 τινες,
2416 5019 2682 5091 πρότερον
2710 5019 2813 5072 οὐκ
2841 5017 2918 5074 ὢν
2948 5021 2977 5072 ὁ
3005 5009 3313 5088 ἄνθρωπος,
3337 5014 3456 5067 τότε
3490 5013 3639 5084 πρῶ-

2058 5131 2149 5177 τος
2179 5112 2440 5178 πλασθεὶς
2471 5115 2552 5177 εἰς
2583 5112 2785 5183 κόσμον
2825 5109 3134 5184 παρῆλθεν·
3170 5107 3293 5162 οὒτε
3333 5102 3399 5160 αὖ
3435 5105 3637 5176 κόσμος

2058 5203 2164 5275 πρὸ
2187 5202 2247 5267 ἐξ
2288 5203 2510 5274 ἡμερῶν
2538 5201 2640 5274 τῆς
2671 5202 2767 5254 τοῦ
2812 5202 2983 5272 ’Δδὰμ
3018 5199 3285 5269 γενέσεως
3318 5195 3519 5266 ἦρξατο
3543 5193 3638 5265 δη-

2060 5294 2458 5366 μιουργείσθαιο
2519 5313 2539 5347 ι
2571 5293 2757 5363 Neque
2813 5307 2944 5364 ergo
2991 5291 3060 5346 ab
3099 5292 3329 5354 Adamn,
3380 5296 3438 5340 ut
3484 5286 3636 5339 aiunt

2059 5389 2296 5457 quidam,
2340 5389 2500 5445 homo
2539 5387 2630 5457 qui
2670 5397 2832 5441 antea
2876 5399 2982 5441 non
3022 5394 3173 5449 erat,
3225 5391 3352 5436 tunc
3400 5379 3633 5449 primum

2064 5481 2328 5536 formatus
2355 5481 2408 5534 in
2435 5480 2692 5534 mundum
2722 5478 2868 5533 venit
2893 5496 2907 5531 :
2941 5489 3116 5546 neque
3142 5487 3358 5529 rursum
3401 5469 3636 5525 mundus

2060 5583 2188 5628 ante
2216 5585 2310 5628 sex
2343 5572 2458 5626 dies
2481 5585 2642 5642 quam
2676 5570 2829 5626 fieret
2850 5570 3046 5633 Adam,
3073 5567 3230 5624 condi
3261 5573 3471 5636 cceptus
3493 5573 3628 5618 est.»

2059 5664 2176 5722 Non
2211 5663 2302 5722 hic
2332 5663 2550 5736 quidem
2585 5661 2993 5727 Pratadamitas,
3040 5670 3099 5717 ut
3135 5659 3338 5718 dictum
3377 5665 3494 5722 est,
3539 5654 3633 5710 sed
