4170 6398
527 357 664 415 1065

1803 352 1863 408 P.
1905 350 2222 406 DANIELIS
2251 349 2497 405 HUETII

3648 351 3786 410 10οι

521 477 677 550 pejus
715 477 840 548 quid
873 477 1060 548 lingit;
1092 491 1286 547 nempe
1317 484 1444 531 ante
1480 477 1627 532 hunc
1656 479 1917 532 mundum
1949 493 2106 532 mun-
2135 482 2178 539 Α
2209 475 2328 544 βά.,
2361 475 2452 529 lib.
2481 491 2556 542 tv,
2577 475 2882 538 haer.xxxt,
2910 482 2965 529 et
3003 473 3088 530 his
3108 474 3361 530 omnibus
3389 475 3663 542 antiquior
3681 477 3787 530 Eu-

521 571 620 624 dos
647 567 782 622 alios
810 569 1104 623 exstitisse.
1134 566 1224 620 Ait
1254 568 1453 636 quippe
1483 567 1788 623 Methodius
1816 567 1888 621 ibi
1921 567 2104 637 ipsum

522 659 590 714 de
611 658 844 714 universi
878 658 1183 713 a:ternitate
1220 657 1510 712 disserere.

1067 815 1395 882 QUAESTIO
1437 815 1573 870 XIII.

525 905 637 973 (56)
691 922 757 960 DE
818 921 1147 962 ALLEGORICA
1205 924 1514 962 scalprum:
1574 923 2094 963 INTEBPRETATIONE.

521 998 562 1054 Ι.
595 1001 871 1069 Allegoriis
915 1003 1069 1054 nimis
1123 1002 1405 1054 indulsisse
1451 999 1728 1069 Origcnem
1770 1000 1952 1054 Patres
1991 1004 2101 1053 cla-

593 1081 760 1122 mant.
800 1071 859 1124 II.
898 1071 1058 1124 Varia
1090 1071 1386 1138 n/feruntur
1415 1071 1528 1122 loca
1563 1072 1616 1122 in
1649 1072 1834 1138 quibus
1869 1071 2099 1124 litteram

589 1143 730 1194 visus
754 1154 828 1194 est
857 1141 1290 1209 pessumdedisse.
1319 1140 1402 1194 III.
1430 1142 1467 1190 Α
1503 1141 1689 1208 quibus
1714 1157 1910 1193 morem
1963 1143 2099 1194 lmuc

593 1212 1003 1277 interpr-claudio
1071 1210 1366 1276 Scriptura:
1424 1211 1712 1275 acceperit,
1775 1212 2096 1279 esquiritur.

593 1281 680 1334 IV.
715 1281 860 1333 Idem
895 1282 1180 1347 aliquando
1230 1297 1378 1333 suam
1426 1281 1613 1332 littera:
1647 1281 1954 1345 dignitatem
1986 1297 2098 1332 ser-

590 1362 697 1405 vat.
734 1352 792 1404 ν.
827 1351 1157 1418 Ilefelluumr
1194 1348 1462 1402 Eustathii
1498 1348 1807 1403 Antioclteui
1847 1350 2098 1404 adversus

595 1421 844 1490 Origeuis
875 1422 1162 1490 allegorias
1191 1419 1439 1490 querela).

593 1583 634 1638 l.
681 1581 1126 1652 Quandoquidem
1195 1580 1480 1653 theologia:
1554 1581 1966 1637 fundamentum
2017 1591 2102 1638 est

525 1675 806 1744 Scriptura
846 1689 1034 1738 sacra,
1079 1681 1142 1729 et
1179 1689 1243 1728 ex
1296 1675 1570 1743 perversis
1623 1673 1738 1730 fere
1785 1684 2096 1729 sanctorum

523 1765 786 1820 librorum
817 1763 1360 1834 interpretationibus
1390 1764 1626 1819 hmreses
1660 1763 1917 1833 profecta:
1949 1771 2097 1830 sunt,

2203 569 2435 623 stathius
2478 567 2854 622 Antiochenus
2903 567 2955 620 in
3009 566 3146 621 libro
3206 565 3282 619 De
3327 567 3784 636 engostrimgtho,

2199 662 2352 732 cujus
2382 661 2723 716 incursiones
2755 660 2806 714 in
2837 659 3126 732 Origenem
3156 668 3214 715 et
3244 659 3481 715 assultus
3510 658 3652 714 infra
3693 676 3786 716 re-

2204 756 2513 809 tundemus.

2273 847 2333 900 ll.
2367 846 2570 902 Jurene
2613 861 2680 900 an
2718 843 2910 913 injuria
2961 844 3026 900 lis
3079 860 3142 900 ea
3194 845 3456 900 adversus
3494 843 3786 914 Origenem

2203 951 2344 994 mota
2381 943 2489 1003 sit,
2531 940 2834 994 videamus.
2871 938 3024 1010 Saepe
3067 940 3284 1010 quidem
3313 941 3632 996 historicum
3657 957 3788 996 sen-

2201 1046 2320 1085 sum
2355 1032 2787 1100 proculcandum
2835 1046 2900 1085 ac
2934 1031 3390 1087 contemnendum
3423 1048 3544 1088 esse
3574 1034 3734 1088 docet
3770 1049 3785 1086 :

2201 1123 2342 1176 velut
2374 1123 2467 1176 lib.
2525 1139 2576 1176 vt
2633 1133 2820 1177 contra
2870 1123 3035 1189 Cels.,
3086 1139 3236 1182 num.
3294 1123 3384 1186 70,
3444 1125 3514 1178 Τὸ
3555 1124 3789 1196 norimus

2197 1215 2560 1278 ἀποκτείνει,
2588 1214 2656 1267 τὸ
2685 1213 2757 1268 δὲ
2786 1214 3024 1285 πνεῦμα
3051 1214 3356 1285 ίζωοποιεῖ·
3406 1217 3642 1288 γράμμα
3693 1220 3788 1288 μὲν

2197 1306 2296 1377 τὴν
2327 1305 2588 1376 αἰσθητὴν
2611 1306 2892 1376 ὠνόμασεν
2931 1307 3157 1377 ἐκδοχὴν
3187 1306 3294 1360 τῶν
3320 1305 3478 1361 Οείων
3521 1307 3783 1380 γραμμά-

2199 1415 2328 1461 των,
2365 1398 2580 1468 πνεῦμα
2612 1397 2668 1450 δὲ
2695 1398 2792 1470 τὴν
2825 1400 3043 1470 νοητήν.
3084 1399 3306 1464 Ibidem,
3335 1414 3487 1452 num.
3518 1401 3586 1453 60
3613 1411 3670 1453 et
3693 1400 3779 1464 6i,

2201 1491 2495 1560 imperitia:
2530 1506 2624 1545 eos
2655 1492 2836 1560 arguit
2865 1493 2959 1560 qui
2987 1492 3148 1546 rebus
3174 1491 3527 1562 procreandis
3571 1506 3665 1545 sex
3696 1505 3787 1546 ve-

2203 1597 2292 1636 ros
2341 1581 2457 1636 dies
2508 1583 2678 1637 Deum
2735 1583 3090 1653 insumpsisse
3151 1592 3347 1652 putant
3393 1598 3406 1634 :
3457 1593 3512 1637 et
3559 1583 3654 1637 lib.
3688 1598 3788 1649 vtt,

2203 1689 2351 1728 num.
2381 1674 2472 1736 20,
2499 1673 2755 1728 refellens
2801 1673 3042 1739 Celsum,
3095 1673 3186 1742 qui
3246 1673 3492 1728 instituta
3535 1678 3786 1744 quantam

2202 1762 2400 1817 Christi
2429 1763 2676 1818 Mosaicae
2713 1763 2817 1834 legi
2839 1765 3110 1820 contraria
3153 1778 3275 1820 esse
3326 1765 3650 1835 pugnabat,
3685 1767 3788 1820 du-

522 1857 813 1928 plurimum
867 1857 1174 1927 reipublicae
1235 1855 1560 1912 Chrisdana:
1613 1857 1874 1922 interest,
1923 1857 2104 1912 salvos
2134 1848 2174 1904 Β
2205 1855 2402 1925 plicem
2454 1870 2574 1910 esse
2611 1854 2784 1924 legem
2825 1855 3147 1924 respondet,
3185 1855 3414 1910 alteram
3453 1854 3606 1922 juxta
3638 1856 3788 1910 litte-

522 1967 712 2006 eorum
746 1959 1029 2019 sartosque
1069 1963 1292 2004 servare
1326 1965 1540 2014 sensus,
1581 1960 1637 2005 et
1668 1949 1895 2004 nimium
1938 1948 1993 2003 in
2038 1963 2102 2003 ea

523 2043 844 2113 explicanda
899 2042 1116 2111 ingenio
1175 2056 1272 2096 suo
1335 2043 1762 2111 permittentium
1824 2042 2102 2096 hominum

523 2135 880 2201 quorumdam
959 2134 1232 2189 licentiam
1299 2149 1574 2188 coercere.
1638 2131 1982 2200 Propositum
2052 2131 2105 2184 id

523 2226 683 2279 unice
721 2225 821 2279 fuit
863 2225 1091 2281 vetustis
1133 2225 1394 2280 Ecclesia:
1430 2223 1706 2287 Patribus,
1754 2232 1814 2277 ut
1861 2237 1928 2277 ex
1977 2236 2103 2292 per-

491 2317 702 2389 _petuis
734 2315 946 2369 illorum
981 2311 1241 2371 adversus
1276 2315 1576 2384 Scriptura:
1623 2323 1968 2383 corruptores
2013 2327 2108 2367 ve-

526 2407 865 2462 litationibus
914 2407 1296 2476 intelligimus;
1329 2405 1467 2460 adeo
1512 2413 1570 2458 ut
1615 2403 1905 2475 Origenes,
1962 2403 2105 2473 quod

526 2501 580 2553 in
631 2498 828 2552 divinis
885 2497 1250 2552 voluminibus
1318 2494 1688 2550 cdisserendis
1759 2494 2108 2562 pessumdato

526 2605 934 2659 nonnunquam,
969 2589 1051 2644 vel
1091 2588 1336 2658 neglecto
1380 2587 1638 2642 historico
1675 2601 1859 2650 sensu,
1901 2585 2103 2655 allego-

527 2679 658 2736 ricis
698 2678 1124 2750 expositionibus
1152 2678 1227 2732 rei
1257 2678 1542 2732 veritatem
1593 2675 1930 2737 oblimasset,
1967 2674 2102 2729 mul-

527 2783 707 2828 torum
744 2772 1177 2827 iusimulationes
1206 2771 1359 2826 vivus
1387 2771 1683 2838 vidensque
1722 2776 1975 2838 expertus
2009 2768 2104 2828 sit,

527 2867 586 2911 ut
625 2857 740 2926 ipse
767 2858 1014 2926 queritur
1059 2855 1247 2911 homil.
1273 2855 1340 2910 15
1370 2857 1422 2908 iu
1466 2853 1678 2916 Cenem,
1713 2869 1861 2909 num.
1886 2851 1957 2904 ’ὗε
1999 2869 2016 2901 ι
2047 2849 2105 2905 Si

524 2965 656 3020 ergo
698 2949 956 3018 incipiam
985 2955 1040 3002 et
1069 2961 1189 3018 ego,
1221 2946 1431 3016 inquit,
1464 2957 1708 3000 veterum
1740 2945 1884 2998 dicta
1916 2943 2102 2998 discn—

529 3053 663 3111 tere,
695 3053 748 3096 et
774 3058 990 3098 sensum
1043 3043 1096 3097 in
1134 3041 1214 3097 eis
1259 3056 1506 3112 quzerere
1550 3039 1888 3110 spiritalem;
1935 3039 1979 3093 si
2016 3053 2111 3093 co-

529 3144 688 3189 natus
734 3133 888 3190 fuero
920 3133 1162 3188 velamen
1221 3132 1354 3202 legis
1397 3146 1670 3198 amovere,
1717 3140 1771 3186 et
1821 3131 2109 3185 ostendere

531 3224 822 3295 allegorica
851 3239 972 3280 esse
1006 3239 1125 3294 qua:
1158 3225 1359 3293 scripta
1387 3205 1550 3290 sunt,
1582 3222 1728 3278 fodio
1757 3223 1973 3291 quidem
2006 3238 2106 3292 pu-

530 3327 676 3382 teos;
713 3315 806 3370 sed
849 3316 1030 3368 statim
1065 3316 1196 3369 mihi
1244 3314 1539 3370 movebunt
1583 3315 1893 3370 calumnias
1948 3315 2108 3368 amici

531 3407 746 3470 litterae,
773 3413 829 3461 et
861 3406 1258 3461 insidiabuntur
1291 3405 1447 3468 mihi,
1481 3404 1802 3458 inimicitias
1831 3405 2107 3470 continuo,

529 3506 586 3552 et
608 3497 1014 3568 persecutiones
1044 3497 1329 3567 parabunt,
1360 3498 1646 3549 veritatem
1678 3506 1938 3565 negantes
1966 3506 2112 3550 stare

529 3603 688 3659 posse
721 3588 824 3642 nisi
861 3603 1028 3658 super
1054 3598 1309 3643 terram.»
1333 3587 1399 3642 Et
1427 3589 1682 3657 quoniam
1719 3587 1926 3657 perlate
1966 3595 2114 3655 patet

531 3680 634 3734 iste
677 3693 849 3744 error,
885 3679 1288 3748 multorumque
1328 3696 1576 3735 errorum
1613 3679 1779 3734 veluti
1816 3695 1968 3747 seges
2004 3688 2110 3744 est,

530 3771 734 3826 idcirco
778 3785 808 3826 e
873 3786 1065 3826 novem
1133 3772 1602 3827 criminationibus
1655 3787 1686 3826 a
1735 3771 2010 3839 Pamphilo
2055 3769 2111 3824 in

531 3863 789 3934 Apologia
821 3865 1082 3932 collectis,
1124 3874 1316 3934 quarta
1345 3875 1400 3920 et
1427 3876 1576 3920 sexta
1608 3879 1672 3920 eo
1712 3865 1987 3933 pertinere
2023 3877 2114 3916 re-

532 3960 831 4027 periuntur.
883 3956 1218 4028 Theophilus
1263 3971 1501 4027 quoque,
1549 3953 1889 4010 Paschal.“
1931 3974 1948 4006 ‹
1983 3954 2113 4021 Quae

532 4049 678 4103 enim
715 4049 861 4103 illum
904 4048 1067 4114 ratio,
1113 4049 1310 4118 inquit,
1348 4049 1470 4117 quis
1509 4049 1930 4118 disputationum
1979 4047 2112 4099 ordo

537 4140 806 4208 perduxit,
852 4150 912 4195 ut
949 4141 1218 4210 allegoriae
1253 4141 1459 4194 umbris
1489 4147 1545 4194 et
1584 4139 1754 4194 cassis
1786 4138 2112 4207 imaginibus

539 4229 938 4299 Scripturarum
965 4230 1178 4286 tolleret
1194 4228 1517 4285 veritatem?
1542 4246 1635 4277 ›-
1655 4247 1673 4279 ι
1687 4226 1977 4279 Veritatem
1999 4227 2081 4279 his
2099 4254 2113 4266 -

541 4321 716 4386 toria,
741 4340 760 4372 ι
798 4321 1247 4392 aitEpiphanius,
1272 4322 1430 4390 epist.
1448 4322 1516 4373 ad
1544 4319 1706 4373 Jozzn.
1729 4315 1965 4380 λετ-οισι,
1990 4333 2112 4384 cap.

539 4411 611 4480 2,
647 4432 667 4466 ι
697 4413 966 4483 allegoriae
1019 4414 1324 4482 depravatis
1355 4412 1634 4466 mendacio
1655 4451 1669 4476 ,
1701 4410 1905 4464 inﬁnita
1953 4407 2114 4462 verba

2209 1962 2362 2011 ram,
2412 1946 2638 1999 alteram
2693 1947 2850 2016 juxta
2896 1945 3264 2013 intellectum;
3314 1947 3488 2015 legem
3536 1962 3657 2016 qua:
3703 1957 3788 2002 est

2205 2038 2341 2110 πρὸς
2359 2038 2420 2091 τὸ
2438 2037 2599 2109 ῥητὸν
2620 2076 2634 2102 ,
2660 2039 2727 2091 ab
2763 2037 3046 2093 Ezechiele
3069 2039 3114 2070 ⁸⁸
3157 2037 3414 2106 appellari
3445 2038 3787 2109 δικαιώματα

2204 2134 2264 2185 οὐ
2300 2131 2460 2193 καλὰ,
2491 2133 2584 2185 καὶ
2615 2131 3014 2202 προστάγματα
3045 2130 3105 2184 οὐ
3134 2131 3307 2184 ςίαλάο
3364 2141 3418 2186 at
3448 2133 3617 2200 legem
3665 2147 3786 2206 quae

2205 2234 2289 2278 est
2316 2223 2453 2294 πρὸς
2480 2222 2753 2285 διάνοιαν,
2799 2223 2866 2276 ab
2912 2221 3098 2275 eodem
3149 2222 3402 2291 propheta
3444 2222 3789 2294 δικαιώματα.

2205 2315 2348 2368 καλά
2374 2354 2389 2379 ,
2422 2323 2478 2368 et
2530 2314 2930 2384 προστάγματα
2977 2311 3116 2365 καλά
3144 2313 3461 2382 nuncupari.
3506 2314 3648 2368 Idem
3694 2316 3790 2368 ho-

2208 2410 2320 2464 mil.
2374 2408 2408 2463 6
2455 2409 2509 2461 in
2540 2406 2753 2470 ϐοτηε..
2813 2423 2965 2462 num.
3015 2409 3068 2462 5.
3117 2427 3135 2460 r
3181 2406 3310 2473 Qua:
3367 2407 3544 2472 nobis,
3585 2409 3784 2476 inquit,

2205 2499 2492 2554 :edilicatio
2515 2500 2619 2552 erit
2645 2498 2955 2568 legentibus
2985 2499 3261 2553 Abraham
3300 2507 3510 2551 tantum
3559 2499 3792 2565 patriar-

2207 2592 2384 2655 cham,
2433 2606 2537 2644 non
2593 2592 2766 2646 solum
2821 2591 3106 2645 mentitum
3152 2605 3272 2644 esse
3324 2590 3598 2643 Ahimelec
3651 2590 3790 2659 regi,

2207 2683 2301 2737 sed
2331 2693 2387 2737 et
2409 2683 2720 2752 pudicitiam
2749 2683 2990 2752 conjugis
3015 2682 3319 2751 prodidisse
3339 2682 3362 2722 ‘?
3383 2681 3519 2748 Quid
3546 2697 3642 2736 nos
3661 2681 3791 2736 tedi-

2208 2774 2333 2830 Ilcat
2363 2775 2492 2828 tanti
2528 2775 2856 2844 patriarcha:
2881 2790 3032 2838 uxor,
3062 2775 3106 2829 si
3133 2782 3350 2843 putetur
3375 2774 3792 2828 contaminatio—

2209 2870 2369 2923 nilms
2397 2869 2643 2938 exposita
2687 2883 2785 2937 per
2836 2866 3238 2921 conniventiam
3281 2865 3627 2919 maritalem?
3666 2863 3793 2919 Hice

2206 2958 2374 3013 Judmi
2401 2969 2609 3029 putent,
2635 2970 2687 3015 et
2721 2961 2764 3015 si
2803 2959 2893 3028 qui
2922 2973 3044 3012 cum
3076 2957 3158 3012 eis
3203 2967 3331 3011 sunt
3364 2956 3572 3011 'littera:
3606 2956 3788 3019 amici,

2208 3068 2313 3105 non
2365 3053 2606 3119 spiritus.
2648 3072 2668 3105 ι
2726 3052 2793 3106 Ει
2839 3050 3031 3106 homil.
3091 3050 3158 3104 10
3197 3049 3483 3118 sequenti,
3529 3064 3678 3105 num.
3708 3048 3789 3112 4:

2217 3161 2234 3194 ι
2273 3144 2426 3212 Stepe
2453 3144 2566 3211 jam
2602 3143 2710 3196 dixi
2745 3143 2886 3212 quod
2915 3143 2967 3198 in
3019 3141 3104 3196 his
3138 3155 3244 3194 non
3281 3138 3524 3194 historiae
3568 3152 3793 3191 narran-

2215 3245 2322 3296 tur,
2370 3236 2463 3288 sed
2516 3234 2773 3304 mysteria
2823 3241 3208 3289 contexuntur.
3247 3249 3265 3282 ι
3313 3230 3547 3284 Homilia
3599 3244 3727 3282 vero
3756 3229 3793 3283 2

2212 3328 2267 3380 iu
2288 3325 2488 3390 E10d.,
2522 3342 2670 3380 num.
2698 3325 2720 3378 l
2757 3344 2770 3378 :
2806 3343 2824 3376 t
2855 3324 2912 3378 Si
2933 3324 3228 3380 secundum
3255 3322 3496 3378 historia:
3529 3322 3794 3375 narratio-

2213 3433 2336 3472 nem
2374 3416 2720 3485 suscipienda
2748 3424 2936 3471 essent
2961 3429 3080 3484 qua:
3129 3414 3334 3482 scripta
3373 3422 3532 3476 sunt,
3578 3413 3794 3465 videtur

2213 3507 2313 3561 hoc
2339 3507 2482 3576 quod
2518 3507 2650 3560 dicit
2679 3505 2960 3574 Scriptura
2986 3544 3002 3569 ,
3034 3505 3160 3574 quia
3207 3521 3310 3558 non
3349 3503 3584 3572 fecerunt
3634 3503 3795 3555 obste-

2214 3600 2367 3652 trices
2414 3598 2699 3652 secundum
2733 3597 2873 3666 quod
2912 3604 3229 3666 prwceperat
3267 3595 3315 3648 ei
3357 3608 3448 3646 rea:
3469 3592 3687 3662 zEgypti
3723 3591 3792 3656 ",

2212 3701 2359 3744 stare
2385 3704 2492 3742 non
2522 3703 2718 3757 posse;
2756 3706 2775 3738 ι
2811 3695 2866 3741 et
2914 3686 3074 3757 paulo
3122 3694 3249 3756 post
3292 3703 3308 3740 :
3345 3702 3365 3736 ι
3400 3683 3525 3738 Περ
3575 3681 3793 3736 interim

2212 3791 2432 3850 propter
2458 3795 2552 3835 eos
2580 3781 2673 3849 qui
2702 3779 2863 3833 amici
2887 3789 3012 3834 sunt
3040 3778 3249 3842 littcrte,
3276 3785 3333 3831 et
3359 3790 3465 3830 non
3491 3781 3684 3844 putant
3719 3771 3797 3827 lo-

2213 3889 2332 3941 gem
2361 3871 2668 3942 spiritalem
2717 3886 2867 3938 esse,
2916 3879 2971 3924 et
3007 3868 3328 3939 spiritaliter
3366 3865 3790 3934 intelligendam.

2172 3993 2182 4004 -
2215 3961 2321 4017 Sed
2355 3977 2452 4015 nos
2475 3961 2567 4030 qui
2593 3961 2776 4015 omnia
2807 3976 2926 4030 qua:
2946 3961 3148 4030 scripta
3181 3967 3346 4022 sunt,
3398 3971 3503 4010 non
3537 3971 3634 4026 pro
3665 3971 3795 4010 nar-

2216 4054 2524 4109 rationibus
2549 4053 2960 4122 antiquitatum,
2995 4053 3088 4107 sed
3122 4065 3222 4122 pro
3252 4048 3540 4118 disciplina
3564 4059 3620 4103 et
3647 4047 3797 4103 utili-

2215 4152 2327 4198 tate
2372 4153 2560 4198 nostra
2605 4143 2894 4198 didicimus
2939 4144 3178 4213 scripta,
3231 4161 3250 4194 ι
3287 4152 3435 4207 ete.;
3479 4152 3536 4197 et
3577 4141 3794 4204 deinde,

2217 4252 2366 4290 num.
2393 4237 2463 4290 2:
2491 4234 2666 4299 (Quia
2697 4237 2946 4290 timebant
2977 4237 3276 4290 obstetrices
3321 4233 3489 4288 Deum
3511 4275 3526 4298 ,
3559 4233 3796 4302 fecerunt

2217 4327 2312 4380 sibi
2369 4327 2632 4380 domos".
2683 4325 2837 4393 Quod
2867 4327 3068 4381 dictum
3123 4325 3322 4380 nullam
3360 4323 3795 4393 consequentiam

2217 4405 2514 4473 secundum
2581 4417 2818 4472 litteram
2874 4417 3077 4472 habere
3135 4425 3355 4486 potest;
3405 4433 3429 4492 sq
3481 4425 3536 4470 et
3586 4424 3796 4482 postea,

541 4505 948 4574 multiplicans
981 4506 1121 4575 quod
1146 4505 1328 4560 eidem
1350 4503 1538 4596 objicit
1569 4503 1698 4557 luer.
1731 4518 1879 4596 exiv,
1911 4515 2028 4570 cap.
2056 4500 2110 4596 il,
2146 4542 2189 4596 υ
2222 4527 2372 4564 "um,
2403 4510 2437 4564 3
2515 4527 2532 4561 ι
2566 4509 2741 4566 Nolite
2771 4520 2990 4580 putare,
3029 4520 3088 4563 ιιι
3115 4524 3260 4578 sape
3293 4509 3405 4578 jam
3435 4507 3799 4570 diximus,ve-

541 4597 834 4666 adjicitque
862 4598 928 4651 ad
960 4596 1219 4652 falsarum
1249 4595 1560 4665 Opinionum
1604 4593 1915 4663 prtesidium
1961 4592 2114 4645 testi-

541 4691 721 4745 monia
759 4690 1118 4760 scriptoribus
1171 4689 1344 4744 sacris
1395 4701 1680 4756 perperam
1733 4685 1906 4738 allicta
1941 4684 2008 4738 ab
2056 4697 2121 4736 eo

541 4780 744 4836 afferri.
792 4781 989 4836 Eadem
1033 4781 1100 4836 de
1141 4795 1305 4835 causa
1353 4779 1498 4834 hunc
1536 4779 1720 4847 culpat.
1762 4775 2121 4848 Hieronymus

539 4873 595 4928 in
641 4873 799 4942 epist.
829 4872 935 4939 61,
978 4872 1048 4925 ad
1084 4871 1425 4936 Pammach.,
1476 4885 1596 4940 cap.
1642 4869 1696 4923 5.
1728 4871 1797 4923 At
1844 4870 1897 4922 in
1943 4882 2120 4937 cap.x

541 4963 802 5027 Dauielis,
851 4963 1051 5018 nomini
1086 4962 1339 5031 O'rigenis
1373 4962 1632 5030 pepercit,
1662 4975 1775 5014 rem
1819 4958 1988 5027 ipsum
2025 4973 2119 5013 co-

539 5055 736 5125 arguit.
784 5054 1100 5124 Coarguunt
1139 5063 1194 5108 et
1234 5052 1464 5107 Basilius
1493 5053 1642 5106 hom.
1669 5051 1701 5106 9
1747 5051 1805 5104 in
1836 5049 2118 5114 llexuem.,

537 5157 595 5201 et
625 5145 1048 5217 Chrysostomus
1088 5144 1278 5199 homil.
1309 5143 1452 5199 13in
1480 5141 1689 5210 Genes.,
1711 5152 1761 5196 et
1786 5140 2118 5209 Augustinus

540 5237 635 5294 lib.
662 5254 758 5292 xm
795 5237 869 5290 De
897 5239 1039 5292 civit.
1071 5237 1187 5303 Dei,
1220 5251 1340 5306 cap.
1361 5235 1450 5298 2|,
1477 5245 1531 5289 et
1562 5235 1656 5289 lib.
1688 5250 1782 5288 vui
1821 5233 1894 5286 De
1925 5229 2140 5284 Cenes.’

540 5328 612 5383 ad
653 5330 838 5395 litter.,
886 5345 1005 5400 cap.
1051 5331 1118 5395 1,
1166 5338 1221 5384 et
1271 5329 1594 5383 Anastasius
1647 5326 1853 5380 Sinaita
1906 5325 1999 5379 lib.
2042 5337 2111 5376 vn

540 5421 776 5490 Anagog.
829 5420 1208 5491 contemplat.,
1273 5431 1329 5474 et
1376 5419 1607 5473 Michael
1670 5417 1866 5489 Glycas
1915 5415 2111 5472 Annal.

541 5519 681 5576 part.
711 5526 784 5576 tv,
829 5521 883 5565 et
913 5510 1130 5567 Ncetas
1161 5509 1458 5564 Chouiatcs
1503 5511 1553 5563 in
1589 5509 1856 5563 Thesauro
1903 5507 2110 5560 orthod.

616 5603 662 5634 ⁸⁸
697 5604 892 5662 Ezech.
926 5617 1019 5675 Kx,
1043 5607 1136 5663 25.
1212 5608 1256 5638 ⁶¹⁹
1286 5607 1455 5662 Exod.
1495 5623 1531 5672 ι,
1566 5606 1652 5660 Π.
1731 5606 1776 5636 ⁷⁰
1808 5604 1942 5660 ibid.
1976 5604 2067 5660 2|.

2221 4611 2395 4655 terum
2433 4601 2590 4657 vobis
2646 4599 2858 4656 fabulas
2911 4600 3154 4665 recitari,
3207 4600 3303 4655 sed
3349 4598 3533 4653 doceri
3578 4612 3674 4650 vos
3702 4611 3798 4664 per

2220 4691 2355 4757 haec,
2407 4700 2466 4745 ut
2505 4691 2819 4761 agnoscatis
2861 4691 3106 4746 ordinem
3151 4689 3297 4744 vitae.
3353 4707 3373 4741 ι
3427 4686 3659 4742 Homilia
3711 4701 3801 4740 se-

2218 4783 2426 4851 quenti,
2459 4799 2608 4838 num.
2657 4784 2714 4850 2,
2755 4786 2868 4840 lucc
2917 4783 3109 4839 scribit
3155 4799 3170 4836 :
3227 4801 3246 4834 ‹
3285 4781 3352 4836 Ει
3405 4790 3458 4836 tu
3508 4795 3636 4850 ergo
3691 4778 3795 4833 nisi

2218 4877 2533 4931 ascenderis
2563 4877 2630 4932 ad
2670 4888 2907 4932 montem
2933 4877 3049 4941 Dei,
3085 4885 3139 4931 et
3165 4876 3239 4931 ibi
3261 4873 3568 4929 occurreris
3603 4869 3795 4942 Moysi,

2225 4967 2278 5022 id
2307 4979 2410 5032 est,
2440 4969 2545 5024 nisi
2576 4969 2853 5024 excelsum
2895 4969 3028 5040 legis
3053 4966 3372 5023 ascenderis
3404 4979 3623 5020 sensum
3643 5001 3659 5027 ,
3695 4961 3795 5015 nisi

2222 5057 2288 5110 ad
2339 5058 2602 5125 spiritalis
2645 5059 3017 5129 intelligentia:
3063 5075 3327 5115 cacumen
3369 5058 3644 5118 evaseris,
3691 5069 3796 5108 non

2219 5160 2304 5202 est
2336 5165 2400 5204 os
2434 5161 2584 5204 tuum
2625 5161 2872 5220 apertum
2915 5165 2945 5204 a
2988 5151 3238 5208 Domino.
3271 5151 3326 5204 Si
3375 5151 3428 5204 in
3456 5149 3644 5202 humili
3681 5145 3798 5200 loco

2220 5239 2421 5295 litterae
2449 5243 2693 5308 steteris,
2725 5252 2781 5296 et
2803 5242 3045 5298 historite
3077 5252 3282 5298 textum
3319 5239 3559 5295 Judaicis
3604 5255 3795 5293 narra-

2223 5331 2461 5386 tionibus
2497 5334 2762 5399 inuectas,
2796 5348 2902 5387 non
2933 5333 3224 5388 occurristi
3269 5331 3436 5403 Moysi
3470 5333 3520 5384 iu
3561 5338 3794 5383 mentem

2224 5420 2338 5482 Dei,
2364 5434 2462 5474 nec
2492 5437 2554 5476 os
2582 5431 2730 5475 tuum
2767 5423 2983 5490 aperuit
3008 5423 3170 5487 Deus,
3226 5439 3403 5489 neque
3447 5420 3705 5476 instruxit
3747 5426 3798 5471 te

2218 5523 2338 5578 qua:
2359 5521 2612 5580 oporteat
2639 5521 2690 5566 te
2714 5512 2884 5583 loqui.
2920 5532 2939 5565 ι
2976 5512 3208 5568 Homilia
3245 5512 3306 5566 ll
3341 5513 3392 5566 in
3427 5511 3621 5566 librum
3645 5523 3797 5564 eum-

617 5717 729 5786 (56)
775 5719 846 5772 De
879 5720 1138 5793 methodo
1182 5736 1343 5788 quam
1377 5721 1442 5774 ad
1483 5720 1915 5793 interpretandas
1961 5716 2274 5787 Scripturas
2305 5719 2404 5774 sibi
2441 5722 2714 5790 propriam
2770 5720 2897 5778 fecit
2944 5719 3222 5793 Origenes,
3270 5723 3388 5777 vide
3417 5722 3797 5778 Puch-dicae!!!

543 5800 780 5842 nostram
817 5801 959 5843 torno
986 5790 1234 5858 Origcuis
1261 5794 1492 5845 secundo
1537 5798 1597 5858 (l.
1623 5791 1738 5858 ΧΗ)
1772 5793 2063 5860 ιιιίιῚὶιςιιη.
