4170 6400
440 382 584 444 10σὲ

1280 385 1850 445 ORIGENIANORUM
1893 388 2017 444 LIB.
2057 375 2120 456 n,
2159 391 2307 448 CAP.
2351 391 2415 457 ιι,
2459 392 2904 462 (111.4357.qu

3543 406 3682 462 1066

431 510 576 575 dem,
608 524 757 564 num.
789 509 847 573 2,
881 509 1009 564 talia
1040 522 1252 580 quoque
1276 509 1520 569 offendas
1552 527 1567 564 :
1606 531 1624 563 ι
1656 511 1713 566 Si
1750 512 1871 580 quis
1900 521 2002 577 est,
2036 525 2082 578 Α
2110 512 2376 569 humanas
2407 519 2774 584 supereminet
2802 519 2986 590 leges',
3018 531 3073 576 et
3108 535 3234 578 vere
3275 522 3374 578 Dei
3420 523 3504 578 lex
3557 539 3681 580 esse

428 602 522 671 qui
572 601 754 672 legens
807 600 1045 672 Moysem
1091 613 1395 657 murmurat
1436 604 1698 659 adversus
1747 618 1904 669 eum,
1948 613 2002 657 et

430 689 675 760 displicet
705 692 751 747 ei
790 692 872 745 lex
903 707 1023 759 quae
1058 694 1354 747 secundum
1396 693 1630 749 litteram
1666 694 1864 763 scripta
1893 703 1998 762 est,

428 781 568 850 quod
596 782 648 835 in
683 782 866 836 multis
889 799 995 836 non
1030 784 1248 838 videtur
1272 801 1496 840 servare
1531 789 1997 856 consequentiam,

426 874 664 927 ostendit
694 874 744 928 ei
791 873 1004 946 Moyses
1070 885 1302 944 petram,
1332 893 1451 946 qua:
1487 890 1569 933 est
1609 879 1888 944 Christus,
1945 891 1998 936 et

427 962 784 1019 adduciteum
803 966 868 1018 ad
895 966 1087 1034 ipsam,
1117 979 1172 1020 ut
1198 967 1320 1022 inde
1356 969 1502 1023 bibat
1544 981 1596 1024 et
1624 973 1828 1027 reﬁciat
1851 974 1994 1028 sitim

428 1065 599 1106 Suam.
624 1071 641 1103 ›
669 1053 897 1109 llomilia
924 1056 955 1106 5
975 1058 1028 1110 in
1047 1056 1288 1122 Levitic.,
1313 1075 1459 1114 num.
1483 1060 1536 1124 5,
1567 1059 1782 1117 Iudaeos
1813 1063 1996 1132 inepte

422 1152 475 1197 et
503 1143 768 1200 inutiliter
812 1161 1060 1202 servasse
1101 1149 1176 1202 ait
1210 1161 1537 1219 prmceplum
1562 1192 1578 1214 ,
1617 1167 1724 1220 quo
1757 1152 1997 1206 immun—

422 1236 611 1290 dorum
649 1245 704 1291 et
734 1237 1054 1292 cadaverum
1086 1248 1368 1294 contactus
1394 1242 1733 1310 prohibetur,
1756 1252 1915 1312 atque
1942 1245 1993 1298 id

425 1325 712 1397 allegorice
743 1329 1145 1400 intelligendum
1184 1344 1307 1386 esse
1339 1333 1534 1396 tradit,
1569 1335 1708 1402 quod
1734 1343 1787 1388 et
1814 1337 1865 1390 in
1900 1335 1996 1389 ho-

421 1418 585 1472 tnil.7
611 1417 923 1485 inLevitic.,
974 1436 1122 1478 num.
1150 1421 1186 1476 4
1229 1433 1286 1478 et
1331 1438 1470 1494 seq.,
1518 1425 1701 1479 multis
1737 1425 1990 1480 inculcat.

418 1508 684 1566 Praeterea
707 1510 927 1566 hom‘ilia
952 1511 1142 1565 eadem
1175 1512 1228 1578 5,
1269 1529 1418 1568 num.
1453 1513 1507 1581 8,
1535 1524 1860 1585 praeceptum
1892 1515 1995 1570 Le-

416 1602 562 1657 vitici
608 1617 884 1672 exponens
912 1644 928 1670 ,
960 1604 1103 1673 quod
1137 1619 1236 1672 pro
1292 1615 1516 1673 peccato
1546 1617 1652 1661 non
1694 1617 1992 1675 spontaneo

416 1696 639 1748 arietem
679 1687 1085 1748 immaculatum
1134 1694 1271 1750 siclo
1301 1705 1493 1750 sancto
1525 1707 1768 1768 emptum
1807 1696 1990 1754 oll'erri

410 1785 599 1853 jubet,
654 1783 953 1840 secundum
1008 1785 1245 1840 litteram
1286 1787 1583 1843 absurdum
1638 1789 1690 1844 id
1721 1805 1844 1845 esse
1896 1792 1992 1846 de-

2108 606 2372 660 creditur.
2410 625 2428 657 l
2477 607 2707 662 llomilia
2763 610 2794 664 6
2841 611 2896 664 in
2949 609 3169 680 Isaiam,
3225 629 3374 669 num.
3411 614 3466 681 4,
3495 613 3674 686 aliqua

2108 697 2306 751 asserit
2350 699 2541 752 haberi
2586 700 2640 753 iu
2693 701 3034 770 Evangeliis,
3077 718 3202 772 qum
3241 704 3392 772 juxta
3439 705 3674 760 litteram

2105 787 2239 842 falsa
2267 788 2376 842 sint
2405 798 2462 843 et
2496 792 2806 858 mendacia;
2841 795 2998 863 quale
3030 796 3156 851 illud
3194 795 3500 853 Servatoris
3552 813 3677 854 esse

2106 881 2236 935 dicit
2270 897 2284 934 :
2314 879 2373 936 Si
2401 883 2751 947 credideritis.
2791 904 2894 940 non
2917 888 3085 942 solum
3110 906 3226 958 qua:
3262 907 3354 960 ego
3380 890 3518 960 facio
3541 930 3555 957 ,
3584 893 3672 960 fa-

2105 965 2287 1030 cietis,
2338 968 2426 1020 sed
2474 979 2521 1022 et
2568 971 2771 1040 majora
2818 973 3005 1028 horum
3055 975 3256 1044 facietis
3281 978 3326 1008 '”
3370 995 3382 1030 :
3428 987 3484 1031 at
3515 977 3672 1047 juxta

2107 1055 2406 1122 Spiritalem
2441 1072 2683 1128 sensum,
2722 1061 2922 1130 majora
2967 1063 3168 1120 Christi
3217 1067 3471 1135 operibus
3508 1083 3670 1137 opera

2102 1147 2377 1214 apostolOs
2405 1149 2673 1217 edidisse;
2705 1153 2978 1208 Christum
3003 1155 3203 1226 quippe
3229 1157 3473 1212 homines
3508 1161 3529 1210 ὁ
3550 1173 3673 1212 cor-

2102 1238 2381 1308 poraiiter,
2418 1259 2438 1294 ι
2491 1243 2644 1326 hos‘r
2683 1245 3030 1311 spiritualiter
3065 1267 3084 1300 ι
3127 1263 3378 1304 sanasse.
3431 1251 3602 1307 Tomo
3633 1268 3670 1309 x

2099 1333 2156 1385 in
2177 1331 2358 1398 Joan.,
2388 1351 2534 1390 num.
2561 1337 2616 1401 2,
2653 1339 2941 1394 veritatem
2975 1341 3386 1411 Evangeliorum
3433 1346 3666 1411 servari,

2099 1439 2393 1494 eorumque
2423 1427 2816 1486 dissonantium
2847 1432 2980 1487 solvi
3015 1435 3228 1488 nonnisi
3266 1451 3361 1504 per
3387 1452 3669 1508 anagngen

2099 1529 2261 1585 posse
2296 1519 2515 1584 scribit;
2544 1530 2597 1575 et
2627 1520 2681 1575 in
2709 1507 2874 1579 Joun.
2914 1540 2978 1588 ll,
3011 1524 3076 1584 15
3118 1535 3173 1579 et
3201 1541 3342 1595 seq.,
3380 1507 3533 1582 num.
3580 1527 3666 1595 16,

2100 1600 2330 1667 dubitat,
2372 1618 2628 1658 reverane
2660 1611 3049 1668 nummularius
3082 1623 3136 1668 et
3179 1615 3430 1684 propolas
3467 1617 3668 1687 templo

2097 1698 2400 1751 exturbarit
2431 1697 2704 1766 Christus,
2738 1703 2811 1756 uti
2843 1703 3131 1775 Evangelia
3178 1717 3403 1762 narrant
3437 1725 3450 1762 :
3481 1725 3668 1779 quem-

2102 1788 2389 1841 admodum
2441 1791 2720 1847 columbas
2764 1805 2818 1849 et
2853 1805 3091 1852 turtures
3121 1813 3219 1868 pro
3248 1799 3468 1855 Christo
3511 1801 3666 1856 obla-

413 1877 610 1939 cernit,
651 1884 705 1929 et
738 1874 805 1928 ad
853 1875 1194 1943 spiritualem
1232 1876 1630 1946 expositionem
1659 1882 1850 1938 trahit,
1880 1880 1992 1938 H0-
2021 1882 2065 1939 Β
2097 1885 2201 1942 tos,
2233 1877 2377 1934 aliud
2405 1879 2609 1952 aliquid
2635 1899 2795 1953 quam
2820 1887 3086 1955 volucres,
3137 1909 3154 1942 ε
3185 1891 3425 1946 divinum
3455 1894 3666 1948 scilicet

413 1967 560 2020 milia
593 1967 626 2020 4
658 1967 724 2021 ad
759 1968 1072 2021 mandatum
1111 1969 1176 2022 de
1211 1970 1416 2041 azymis
1437 2011 1452 2035 ,
1485 1987 1602 2040 quae
1629 1974 1876 2043 quisquis
1907 1985 1990 2029 te-

413 2057 620 2128 tigerit,
652 2058 1052 2113 sanctiﬁcatum
1084 2059 1148 2112 iri
1187 2058 1272 2114 lex
1303 2061 1498 2126 sancit,
1531 2062 1610 2118 sic
1649 2064 1728 2118 ait
1752 2080 1900 2122 num.
1935 2063 1987 2120 7.

417 2167 437 2200 ‹
476 2149 764 2202 Enimvero
803 2147 953 2204 nullo
993 2147 1154 2203 modo
1185 2149 1270 2204 vel
1296 2151 1372 2204 rei
1409 2158 1626 2219 natura,
1666 2153 1750 2208 vel
1788 2155 1991 2210 veritas

413 2240 696 2311 religionis
724 2241 826 2296 hoc
851 2241 1083 2311 recipit;
1117 2252 1172 2296 et
1205 2241 1326 2297 ideo
1354 2242 1688 2298 redeundum
1724 2246 1880 2302 nobis
1906 2257 1990 2304 est

411 2334 478 2386 ad
510 2334 884 2402 expositiones
925 2333 1271 2402 evangelicas
1313 2344 1479 2404 atque
1534 2337 1900 2405 apostolicas,
1932 2349 1990 2394 ut

410 2423 496 2477 lex
524 2425 698 2492 possit
746 2425 994 2494 intelligi.
1043 2425 1156 2480 Nisi
1214 2426 1358 2480 enim
1402 2425 1646 2482 velamen
1700 2427 1990 2485 abstulerit

409 2516 756 2587 Evangelium
777 2518 842 2571 de
873 2515 1012 2572 facie
1043 2515 1235 2587 Moysi,
1267 2532 1370 2571 non
1409 2527 1583 2587 potest
1609 2518 1778 2574 videri
1813 2521 1988 2575 vultus

408 2608 664 2675 ejus,nec
698 2623 892 2663 sensus
919 2609 1034 2679 ejus
1060 2609 1306 2676 intelligi.
1339 2608 1464 2663 Vide
1483 2623 1613 2679 ergo
1645 2611 1985 2681 quomodoin

409 2701 649 2757 Ecclesia
703 2702 1071 2771 apostolorum
1133 2703 1383 2771 discipuli
1456 2703 1655 2758 adsunt
1714 2702 1799 2759 his
1862 2719 1985 2773 qua

405 2792 897 2864 Moyses-scripsit,
954 2801 1010 2848 et
1050 2792 1346 2848 defendunt
1378 2808 1464 2859 ea,
1501 2793 1645 2863 quod
1685 2805 1740 2849 et
1771 2796 1984 2865 impleri

405 2895 628 2955 queant,
665 2894 719 2940 et
762 2885 1162 2939 rationabiliter
1209 2885 1412 2953 scripta
1465 2895 1592 2941 sunt
1626 2902 1642 2941 :
1671 2885 1985 2942 Iudaeorum

404 2992 535 3033 vero
568 2977 820 3032 doctores
849 3017 864 3042 ,
897 2986 951 3032 et
984 2978 1343 3046 impossibilia
1377 2980 1490 3032 hac
1514 3018 1528 3043 ,
1561 2986 1616 3034 et
1647 2979 1986 3035 irrationabi-

403 3069 497 3135 lia,
522 3077 813 3139 sequentes
845 3069 1082 3124 litteram
1127 3069 1328 3124 faciant
1365 3087 1378 3123 :
1407 3088 1426 3122 ι
1461 3071 1660 3140 quibus
1683 3071 1985 3127 consimilia

403 3163 674 3218 habentur
715 3162 902 3217 homil.
931 3161 964 3218 9
1002 3163 1054 3215 in
1085 3161 1269 3229 Iosue,
1317 3178 1468 3216 num.
1501 3163 1556 3217 4.
1594 3163 1718 3217 Haec
1762 3163 1984 3232 insuper

402 3263 805 3310 commentatur
835 3255 1020 3308 homil.
1059 3254 1092 3308 5
1119 3256 1172 3308 in
1197 3253 1434 3319 Levitic.,
1465 3269 1619 3308 num.
1647 3255 1699 3320 1,
1729 3254 1795 3308 ad
1831 3253 1979 3326 Moy-

400 3349 476 3400 sis
515 3357 845 3417 praeceptum
871 3347 937 3402 de
970 3348 1144 3404 hostia
1195 3363 1294 3416 pro
1329 3357 1588 3416 peccato,
1621 3347 1765 3415 quod
1801 3354 1978 3402 exstat

398 3435 627 3493 Levitic.
656 3446 730 3505 vr,
761 3437 834 3494 25
854 3448 911 3495 et
926 3454 1043 3507 seq.
1070 3457 1085 3493 :
1113 3455 1136 3490 ‹
1170 3438 1294 3492 Haec
1325 3439 1506 3493 omnia
1539 3439 1642 3494 nisi
1676 3437 1782 3494 alio
1814 3454 1976 3495 sensu

398 3531 754 3600 accipiamus,
812 3545 975 3600 quam
1034 3531 1231 3585 littera:
1282 3540 1462 3584 textus
1511 3533 1786 3598 ostendit,
1835 3533 1978 3588 sicut

398 3635 542 3690 saepe
564 3620 677 3689 jam
709 3622 972 3686 diximus,
1000 3636 1126 3676 cum
1163 3621 1214 3676 in
1250 3620 1495 3677 Ecclesia
1529 3623 1857 3688 recitantur,
1885 3623 1977 3679 ob-

401 3711 674 3766 staculum
725 3713 901 3782 magis
939 3722 994 3766 et
1041 3711 1451 3766 subversionem
1481 3710 1808 3767 Christianae
1850 3713 1977 3768 reli-

399 3802 569 3870 gioui,
596 3817 756 3872 quam
784 3803 1147 3858 hortationem
1203 3802 1727 3872 aediﬁcationemque
1751 3813 1977 3874 praesta-

401 3896 550 3950 bunt.
591 3915 610 3948 ι
654 3896 813 3950 Addit
843 3895 1184 3963 postmodum
1210 3894 1550 3964 Scripturam
1577 3907 1830 3951 constare
1856 3911 1976 3951 cor-

399 4001 554 4056 pore,
585 3987 765 4041 anima
819 3997 875 4043 et
903 3987 1133 4056 spiritu;
1173 3987 1360 4042 littera
1388 3985 1644 4040 nimirum
1685 4000 1846 4042 sensu
1880 3988 1972 4058 qui

397 4080 540 4133 intra
579 4079 754 4147 ipsam‘
785 4079 1233 4149 deprehenditur,
1263 4086 1320 4132 et
1367 4079 1556 4131 umbra
1609 4079 1844 4148 quadam
1889 4095 1974 4135 re-

396 4184 516 4223 rum
561 4169 900 4235 caelestium;
954 4183 1151 4237 corpus
1201 4167 1320 4221 usui
1374 4167 1544 4222 fuisse
1600 4167 1669 4222 iis
1725 4168 1815 4239 qui
1874 4184 1973 4225 nos

393 4272 825 4332 praecesserunt,
863 4261 1018 4315 nobis
1049 4261 1309 4326 animam,
1341 4261 1596 4330 spiritum
1640 4260 1704 4314 iis
1731 4260 1820 4331 qui
1853 4275 1968 4317 cce-

391 4352 583 4409 lestem
626 4354 997 4407 hzereditatem
1037 4361 1441 4422 consequentur
1487 4367 1501 4402 :
1548 4353 1730 4406 multis
1777 4352 1971 4407 deinde

395 4446 694 4515 iuterjectis
753 4445 849 4512 ait,
907 4444 1166 4502 uuam-5:
1222 4463 1241 4494 ί
1281 4439 1572 4512 Triplicem
1622 4460 1854 4515 namque
1906 4435 1967 4499 in

393 4538 692 4609 Scripturis
716 4537 912 4593 divinis
936 4535 1310 4605 intelligentia:
1359 4534 1592 4589 inveniri
1633 4551 1776 4604 sa‘pe
1825 4535 1967 4590 dixi-

2093 1967 2384 2036 quiddam,
2420 1983 2474 2032 et
2522 1973 2756 2030 humana
2810 1980 3270 2050 contemplatione
3316 1984 3596 2054 augustius
3637 2001 3664 2038 ι’

2091 2057 2258 2114 fuisse
2281 2061 2766 2130 conjectathomil.
2804 2068 2871 2122 14
2903 2069 2960 2122 in
3006 2068 3138 2124 Luc.
3185 2071 3478 2136 Quemdam
3524 2089 3664 2144 prae-

2095 2159 2239 2206 terea
2268 2151 2383 2222 ejus
2418 2154 2592 2210 locum
2623 2158 2679 2211 in
2708 2155 2895 2215 Cenes.
2932 2176 3014 2225 Ill,
3045 2163 3134 2229 21,
3173 2173 3377 2220 catenae
3409 2165 3665 2230 alierum,-

2093 2243 2146 2296 in
2188 2258 2295 2312 quo
2326 2254 2608 2316 postquam
2642 2251 2827 2306 multis
2856 2252 3112 2308 disseruit
3149 2256 3214 2312 de
3266 2259 3498 2314 scorteis
3529 2259 3664 2314 Iunii

2090 2335 2191 2400 cis,
2230 2337 2302 2390 ita
2332 2337 2550 2394 demum
2601 2342 2872 2399 concludit
2917 2361 2934 2399 :
2966 2347 3198 2402 Λεκτέον
3224 2351 3304 2404 ὅτι
3353 2348 3414 2404 οὐ
3456 2337 3540 2404 δεῖ
3564 2367 3662 2405 πει-

2091 2427 2366 2510 ριὲχεσθαι
2393 2432 2485 2485 τοῦ
2514 2432 2840 2504 γράμματος
2869 2437 2967 2508 τῆς
3008 2438 3247 2512 Γραφῆς,
3287 2441 3362 2506 ὡς
3393 2441 3624 2514 ἀληθοῦς
3641 2461 3657 2476 ’

2089 2508 2178 2572 τὸν
2208 2519 2266 2574 δὲ
2295 2523 2676 2594 κεκρυμμένον
2721 2525 2991 2601 Θησαυρὸν
3027 2508 3084 2585 ὲν
3241 2508 3529 2605 γράμμασι
3567 2534 3661 2606 ζηο

2087 2611 2220 2665 τετν.
2284 2631 2303 2664 ι
2350 2613 2646 2669 Dicendum
2698 2632 2802 2672 non
2860 2622 3240 2678 adhzereudum
3297 2640 3416 2680 esse
3466 2618 3660 2683 litterae

2089 2699 2403 2771 Scriptum,
2453 2707 2605 2774 quasi
2636 2721 2762 2762 vera
2816 2710 2906 2776 sit,
2937 2713 3032 2767 sed
3080 2715 3351 2769 occultum
3382 2716 3435 2770 in
3476 2715 3657 2772 littera

2091 2794 2399 2850 thesaurum
2429 2812 2549 2852 esse
2574 2798 3025 2872 investigandum.
3065 2825 3082 2860 ›
3120 2806 3359 2879 Denique
3395 2810 3655 2866 Socrates

2086 2889 2492 2953 quantumlibet
2519 2891 2834 2964 Origeniani
2873 2899 3106 2954 nominis
3140 2903 3434 2969 studiosus,
3470 2905 3547 2959 sic
3580 2914 3658 2959 ta-

2086 2980 2432 3068 menﬂscribit
2461 2982 2552 3038 lib.
2586 3001 2636 3049 v,
2683 3002 2800 3056 cap.
2829 2989 2901 3042 "21
2939 3006 2952 3042 :
2994 2991 3178 3057 Ὅστις
3215 2977 3546 3068 (Ὼριγένης)
3577 3013 3657 3050 σο-

2087 3063 2185 3136 φὸς
2206 3063 2273 3139 ἦν
2305 3067 2639 3141 διδάσκαλος,
2671 3078 2767 3132 καί
2801 3081 3031 3135 κατιδὼν
3063 3084 3145 3137 ὅτι
3175 3063 3235 3138 τὸ
3261 3063 3537 3141 (Ξιέύηιὲσιτον⁷
3561 3089 3657 3143 τοῦ

2085 3156 2249 3251 νομου
2278 3161 2412 3215 Μωῡ
2423 3165 2558 3228 σέως
2573 3165 2789 3222 ἀσθενεῖ
2803 3169 2946 3242 ,πρὸς
2967 3172 3027 3225 τὸ
3048 3175 3280 3245 γράμμα
3308 3178 3655 3251 ἀποδοθῆναι,

2007 3239 2048 3296 C
2081 3249 2173 3302 τὸν
2211 3253 2339 3324 περὶ
2375 3253 2470 3306 τοῦ
2499 3256 2692 3328 Πάσχα
2715 3239 2870 3328 λόγον
2895 3263 2974 3326 εἰς
2998 3239 3229 3336 saeptas
3263 3239 3558 3339 ἀνήγαγεν,
3599 3239 3660 3325 ἓν

2084 3346 2276 3417 Πάσχα
2323 3347 2480 3418 μόνον
2519 3350 2770 3424 ἀληθινὸν
2817 3357 3140 3428 γεγενῆσθαι
3199 3359 3405 3430 λέγων,
3453 3365 3588 3438 ὅπερ
3628 3367 3656 3419 ὁ

2085 3439 2271 3511 Σωτὴρ
2313 3442 2630 3498 ἐπετέλεσεν
2669 3448 2968 3520 ἐνεργήσας
3011 3452 3153 3505 κατὰ
3202 3453 3311 3506 τῶν
3350 3457 3654 3530 ἀντικειμέ-

2083 3545 2188 3581 νων
2238 3530 2520 3604 δυνάμεων
2570 3534 2657 3590 διὰ
2697 3536 2793 3590 τοῦ
2837 3541 3238 3613 προσομιλῆσαι
3291 3544 3368 3618 τῷ
3416 3549 3655 3620 σταυρῷ,

2079 3620 2326 3693 τροπαίῳ
2356 3624 2531 3697 τούτῳ
2554 3627 2693 3682 κατὰ
2714 3627 2807 3682 τοῦ
2847 3629 3092 3684 διαϐόλου
3127 3629 3486 3707 χρησάμενος.
3527 3640 3656 3706 Qum

2085 3711 2165 3765 sic
2206 3712 2598 3783 interpretatur
2641 3716 2982 3787 Epiphanius
3030 3723 3390 3782 scholasticus
3439 3746 3461 3783 ε·
3496 3736 3524 3781 ι’
3553 3729 3654 3797 Qui

2080 3816 2202 3857 cum
2233 3805 2450 3873 sapiens
2480 3815 2626 3862 esset
2661 3811 2920 3878 magister
2943 3853 2958 3878 ,
2994 3823 3050 3868 et
3079 3815 3460 3874 consideraret
3507 3823 3656 3891 quod

2080 3892 2488 3963 impossibilitas
2535 3897 2783 3956 Mosaicae
2819 3901 2952 3974 legis
3001 3905 3069 3958 ad
3112 3905 3344 3965 litteram
3392 3921 3536 3978 esset
3569 3912 3653 3976 in-

2023 4015 2032 4030 .
2080 3979 2256 4048 ﬂ‘rma,
2289 3986 2556 4043 rationem
2581 3988 2802 4047 Pascha:
2825 3994 2890 4048 ad
2934 3996 3149 4050 modum
3177 4001 3659 4071 contemplationis‘

2077 4075 2280 4141 evexit,
2305 4092 2470 4132 unum
2498 4079 2700 4136 Pascha
2726 4083 3062 4142 solummodo
3082 4094 3267 4144 Verum
3303 4092 3415 4146 ﬁeri
3440 4093 3655 4164 dicens,-

2081 4167 2225 4235 quod
2269 4167 2524 4225 Salvator
2567 4174 2865 4229 celebravit
2908 4176 3164 4236 adversus
3207 4187 3512 4241 contrarias
3555 4201 3651 4257 po-

2079 4265 2322 4326 testates,
2371 4261 2496 4315 dum
2551 4267 2765 4318 crucem
2799 4268 3139 4335 susciperet,
3189 4279 3246 4325 et
3303 4274 3404 4329 hoc
3449 4281 3657 4346 tropaeo

2075 4359 2323 4405 uteretur
2355 4362 2543 4406 contra
2567 4354 2867 4410 diabolum.
2904 4375 2923 4409 ι
2964 4356 3068 4412 S‘ed
3103 4362 3355 4428 quoniam
3389 4365 3516 4422 huic
3557 4352 3649 4424 ar.-

2075 4454 2332 4513 gumento
2358 4454 2526 4500 totum
2559 4445 2671 4502 fere
2698 4447 2894 4503 librum
2929 4466 2979 4503 tv
3001 4452 3142 4521 Περὶ
3162 4454 3364 4524 ἀρχῶν
3385 4473 3415 4512 a
3442 4475 3592 4516 num.
3613 4462 3649 4518 8

2073 4547 2247 4605 usque
2277 4536 2341 4589 ad
2378 4553 2527 4594 num.
2575 4539 2668 4601 28.
2730 4546 3093 4610 consecravit,
3140 4561 3405 4604 summam
3449 4555 3650 4622 capitis

389 4601 780 4697 mus'modum,
818 4601 1172 4693 historicum,
1209 4626 1468 4682 moralem
1513 4637 1569 4682 et
1624 4629 1912 4700 mysticum
1947 4645 1962 4682 ε
1999 4601 2042 4656 D
2074 4626 2255 4696 hujus,
2286 4629 2426 4696 quod
2461 4630 2514 4683 in
2549 4629 2844 4693 Philocqlia
2874 4633 3062 4691 Graece
3096 4642 3356 4708 scripturn
3389 4601 3638 4714 habetur,

390 4721 535 4775 unde
561 4730 616 4775 et
652 4735 848 4792 corpus
885 4720 1063 4775 inesse
1085 4719 1130 4773 ei
1153 4757 1168 4780 ,
1204 4726 1259 4772 et
1303 4717 1538 4772 animam
1566 4757 1580 4783 ,
1615 4734 1680 4773 ac
1711 4720 1963 4788 spiritum

391 4796 786 4868 intelleximus.
847 4831 866 4864 ι
921 4812 1340 4880 Apertissimum
1398 4824 1528 4864 vero
1570 4811 1716 4880 quod
1765 4812 1966 4881 legitur

395 4903 586 4957 homil.
651 4904 682 4958 7
729 4905 788 4958 in
838 4903 1082 4970 Levitic.,
1134 4920 1282 4958 num.
1351 4903 1385 4957 5
1417 4917 1432 4955 :
1463 4920 1482 4954 ι
1528 4901 1584 4956 Si
1629 4904 1966 4958 assideamus

390 4993 618 5058 litterae,
651 5003 706 5049 et
739 4997 1032 5049 secundum
1078 4996 1180 5050 hoc
1217 4993 1297 5049 vel
1343 4995 1484 5064 quod
1529 4991 1762 5059 Iudaeis,
1794 4994 1880 5048 vel
1911 4995 1962 5048 id

389 5087 531 5155 quod
563 5085 722 5154 vulgo
749 5085 982 5151 videtur,
1015 5087 1348 5156 accipiamus
1377 5100 1497 5154 qum
1526 5085 1577 5138 iu
1612 5085 1731 5155 lege
1759 5086 1960 5163 scripta

389 5184 538 5240 sunt,
563 5177 825 5230 erubesco
855 5177 1035 5230 dicere
1074 5185 1129 5230 et
1159 5177 1406 5232 conﬁteri
1427 5217 1442 5242 ,
1470 5177 1596 5245 quia
1638 5177 1775 5231 tales
1815 5175 1964 5246 leges

393 5268 600 5322 dederit
646 5267 807 5322 Deus.
861 5265 1202 5321 Videbantur
1262 5267 1407 5320 enim
1465 5267 1637 5334 magis
1683 5265 1962 5335 elegantes

390 5366 446 5411 et
488 5359 834 5414 rationabiles
893 5357 1170 5411 hominum
1203 5357 1380 5427 leges,
1411 5357 1559 5411 verbi
1614 5357 1824 5426 gratia,
1878 5357 1961 5410 vel

389 5447 777 5516 Romanorum,
813 5449 896 5504 vel
926 5448 1342 5503 Atheniensium
1361 5473 1384 5514 ,-
1406 5449 1491 5502 vel
1525 5447 1961 5504 Lacedaemonio—

389 5557 529 5597 rum.
572 5541 631 5596 Si
665 5554 793 5595 vero
823 5540 1118 5596 secundum
1147 5540 1291 5595 hanc
1325 5540 1763 5610 intelligentiam,
1800 5555 1960 5610 quam

389 5633 547 5689 docet
571 5631 833 5696 Ecclesia,
856 5631 1154 5700 accipiatur
1175 5629 1272 5686 Dei
1299 5630 1408 5698 lex,
1437 5640 1561 5686 tunc
1583 5630 1747 5702 plane
1773 5643 1962 5689 omnes

564 5829 720 5887 Joan.
755 5843 873 5890 xiv,
917 5826 1004 5881 12.

731 5905 1021 5986 ῬΑτι-ιιοι.
1067 5923 1179 5985 Gs.
1229 5909 1425 5985 Χ-νιιῖ.

2075 4717 2180 4771 huc
2214 4717 2416 4772 referre
2441 4734 2619 4790 operae
2647 4724 2880 4792 pretium
2920 4739 3042 4783 esse
3079 4728 3244 4783 duco.
3279 4729 3515 4788 Primum
3545 4736 3644 4808 igi-

2074 4817 2162 4863 tur
2187 4811 2253 4864 ad
2285 4811 2627 4876 allegoricam
2675 4816 2968 4886 Scriptura:
3008 4820 3508 4891 interpretationem
3558 4833 3646 4884 ad-

2072 4902 2414 4967 struendam,
2442 4901 2751 4960 Iudaeorum
2789 4908 3113 4980 imperitiam
3147 4917 3410 4987 castigat,
3443 4920 3645 4990 qtiibus

2071 4993 2359 5061 quominus
2384 4994 2655 5052 Christum
2681 5001 3044 5070 susciperent,
3075 5005 3462 5077 impedimento
3493 5012 3643 5069 fuere

2071 5085 2288 5140 diversa
2311 5086 2608 5158 Scriptura;
2637 5094 2918 5159 vaticinia,
2944 5111 3062 5166 quae
3081 5100 3327 5168 quamvis
3353 5103 3642 5175 allegorice

2073 5175 2139 5228 ad
2171 5177 2447 5233 Christum
2486 5182 2844 5253 pertinerent,
2878 5189 3072 5242 eadem
3104 5197 3280 5244 tamen
3305 5191 3460 5260 juxta
3494 5194 3642 5252 litte-

2071 5280 2186 5318 ram
2214 5267 2560 5337 accipientes,
2595 5272 2646 5326 in
2692 5271 2818 5328 Jesu
2864 5275 3082 5332 minime
3115 5281 3378 5350 completa
3418 5295 3641 5352 putave-

2071 5369 2216 5411 runt.
2248 5360 2411 5444 Addit
2436 5364 2682 5417 eumdem
2718 5365 3014 5436 Scriptura:
3057 5369 3479 5439 interpretanda:
3520 5383 3640 5431 mo;-

2072 5450 2196 5503 dum
2229 5449 2657 5522 Valentinianos,
2687 5455 3098 5527 Marcionistas,
3138 5461 3383 5532 aliosque
3402 5464 3649 5522 -h:ereti-"

2069 5553 2163 5594 cos
2205 5541 2538 5610 compulisse
2591 5554 2651 5600 ut
2709 5549 2990 5618 geminum
3040 5551 3389 5611 admitterent
3444 5557 3651 5623 Deum;

2063 5631 2533 5708 justumgalterum
2583 5639 2769 5696 mundi
2810 5639 3056 5713 Opiﬁccm
3088 5683 3104 5712 ,
3154 5645 3354 5708 bonum
3410 5647 3652 5706 alterum‘

3363 5944 3417 5972 9!

3360 5979 3417 6002 Ut
