4170 6408
510 425 643 482 1067

1783 412 1842 471 Ρ.
1884 410 2203 471 ΒᾹΝΙΕΙΛΞ
2240 405 2474 467 llUETll

3648 406 3783 464 {068

508 543 708 602 Christi
740 541 987 609 Patrem;
1021 552 1231 595 necnon
1255 544 1312 594 et
1338 552 1405 592 ex
1435 536 1760 592 orthodoxis
1793 536 2081 607 quosdam,
2102 518 2165 597 Ἀ
2194 533 2317 588 inde
2346 533 2396 588 ei
2429 538 2761 588 monstraret
2802 544 2814 583 :
2868 536 2925 586 et
2957 526 3102 600 quod
3140 526 3387 602 praecipit
3419 527 3633 602 Moyses
3682 542 3782 582 ex.
3810 532 3814 539 '

509 650 567 693 ut
600 637 742 693 male
768 638 836 692 de
872 634 1137 690 Creatore
1178 631 1469 688 sentirem.
1512 629 1815 686 Fatendum
1868 628 2092 699 insuper

508 729 584 783 ait
625 726 792 781 multa
828 725 1047 795 quidem
1094 722 1364 793 mystica,
1419 730 1475 775 et
1530 720 1716 791 ﬁguris
1765 720 2006 775 involuta
2036 718 2090 772 in

507 821 807 889 Scripturis
834 816 1143 881 contineri;
1173 831 1296 885 quae
1326 822 1505 869 tamen
1538 814 1660 877 illa,
1691 821 1748 868 et
1783 811 2091 879 cuiusmodi

507 912 617 966 si'nt
652 910 928 978 ignorari;
967 916 1080 963 tum
1111 907 1371 963 nonnulla
1416 913 1688 973 recenset,
1730 919 1852 974 quae
1891 913 2098 975 myste-

506 1001 601 1055 riis
625 1009 835 1055 scatere
866 999 938 1053 ita
966 999 1293 1063 contendit,
1317 1006 1376 1052 ut
1412 997 1608 1053 littera:
1652 1011 1874 1053 sensum
1927 994 2098 1051 neuti-

510 1107 673 1162 quam
710 1090 995 1160 repudiare
1028 1090 1335 1144 videantur.
1390 1086 1507 1143 Non
1550 1088 1937 1158 prophetarum
1994 1102 2098 1140 au-

509 1184 619 1231 tem
649 1176 830 1242 libris,
867 1177 961 1231 sed
993 1174 1129 1232 Novi
1155 1179 1319 1232 etiam
1345 1174 1699 1231 Instrumenti
1724 1175 2095 1230 voluminibus

504 1269 750 1325 occultos
775 1278 829 1325 et
854 1269 1165 1325 reconditos
1189 1284 1381 1325 sensus
1432 1270 1612 1325 inesse
1643 1269 1798 1324 dicit.
1832 1267 1965 1324 Cum
2002 1269 2099 1324 lio-

509 1366 656 1419 mine
684 1365 1049 1432 postmodum,
1101 1364 1193 1433 qui
1248 1377 1498 1432 corpore,
1548 1362 1731 1417 anima
1794 1371 1849 1417 et
1901 1361 2097 1433 spiritu

510 1467 745 1519 constat,
781 1454 1121 1525 Scripturam
1173 1454 1403 1522 confert,
1456 1469 1687 1526 corpore
1734 1455 1949 1521 itidem,
1995 1455 2099 1509 hoc

506 1557 591 1604 est
618 1549 892 1603 communi
922 1556 977 1602 et
1010 1548 1272 1603 historico
1301 1562 1465 1603 sensu
1496 1556 1878 1613 constantem;
1910 1546 2093 1601 anima

507 1638 1083 1710 quoque,sublimiori
1130 1654 1325 1710 nempe
1364 1655 1570 1707 sensu;
1616 1654 1680 1695 ac
1725 1640 1943 1694 demum
1989 1639 2099 1708 Spi—

510 1730 643 1794 ritu,
674 1729 1100 1799 profundissimo
1126 1729 1335 1784 scilicet
1355 1744 1518 1784 sensu
1543 1736 1600 1784 et
1625 1729 2091 1784 reconditissimo.

509 1820 651 1876 Tum
681 1820 962 1891 subjungit
1007 1820 1329 1875 historicum
1380 1819 1671 1889 aliquando
1718 1834 1938 1875 sensum
1983 1835 2094 1874 non

2204 627 2481 682 terminari
2506 640 2669 682 omne
2694 624 3057 681 masculinum
3077 666 3093 691 ,
3124 624 3269 695 quod
3314 633 3509 680 octavo
3536 620 3623 677 die
3671 635 3780 674 non

2200 720 2365 776 fuerit
2393 719 2777 775 circumcisum
2814 736 2829 773 :
2860 728 2916 774 et
2964 717 3340 789 tragelaphum
3394 717 3537 771 inter
3580 712 3780 767 munda

2200 812 2477 875 animalia,
2528 810 2794 882 gryphum
2854 810 2997 867 inter
3044 808 3327 864 immunda
3394 806 3617 871 haberi;
3655 820 3781 858 eum

2200 906 2288 961 hic
2318 907 2386 961 ab
2410 906 2633 960 homine
2658 919 2765 960 non
2791 904 2966 975 possit
2988 904 3135 973 capi,
3167 903 3257 958 ille
3276 917 3344 957 ne
3360 916 3483 957 esse
3513 899 3737 970 quidem
3766 913 3781 951 :

2200 998 2326 1053 licet
2365 998 2604 1069 gryphes
2631 1006 2687 1051 et
2720 996 3069 1065 tragelaphos
3111 1005 3168 1051 et
3201 1009 3323 1051 esse
3350 1004 3406 1049 et
3448 990 3569 1061 capi
3604 990 3787 1061 prodi-

2203 1101 2313 1146 tum
2343 1091 2468 1145 sita
2502 1089 2773 1145 veteribus
2811 1105 2825 1142 :
2868 1088 3114 1143 Sabbato
3167 1086 3298 1141 item
3352 1086 3472 1139 loco
3525 1098 3625 1138 suo
3673 1094 3778 1136 non

2199 1184 2409 1238 moveri
2434 1184 2502 1247 ⁷⁸,
2536 1198 2638 1237 nec
2662 1195 2801 1236 onus
2822 1176 3108 1244 levare";
3139 1185 3189 1231 et
3215 1175 3358 1247 quod
3380 1175 3579 1255 habent
3601 1169 3784 1229 Evan-

2200 1276 2337 1346 gelia
2363 1297 2375 1331 :
2398 1293 2416 1327 ‹
2440 1273 2719 1330 Neminem
2750 1272 2803 1327 in
2834 1271 2918 1325 via
2946 1263 3413 1333 salutaveritis“;
3454 1282 3474 1318 ι
3500 1265 3635 1320 duas
3651 1278 3783 1318 neu-

2201 1369 2407 1437 tiquam
2476 1366 2757 1421 habendas
2826 1360 3043 1418 tunicas
3093 1366 3212 1427 inec
3280 1360 3647 1414 calceamenta
3696 1350 3778 1420 ";

2200 1462 2479 1516 dexteram
2509 1456 2837 1528 percutienti
2862 1450 3163 1520 maxillam,
3197 1453 3478 1509 sinistram
3502 1465 3623 1506 esse
3647 1464 3769 1521 pra:-

2198 1550 2432 1606 bendatn
2461 1548 2529 1613 ⁷⁸,
2568 1566 2590 1600 ι
2619 1564 2742 1603 cum
2776 1548 2972 1611 omnis,
2998 1546 3193 1615 inquit,
3215 1544 3306 1614 qui
3330 1542 3568 1614 percutit
3591 1542 3785 1597 dextra

2201 1658 2363 1697 manu
2400 1641 2678 1697 sinistram
2710 1640 2983 1711 percutiat
3017 1636 3333 1701 maxillam;
3371 1654 3391 1687 ι
3427 1634 3667 1699 oculum,
3689 1649 3780 1704 qut

2200 1737 2271 1791 sit
2293 1734 2658 1790 oﬂensioniet
2697 1732 2994 1797 seandalo,
3019 1722 3319 1787 eruendum
3341 1730 3427 1795 "‘7;
3462 1744 3568 1783 non
3621 1726 3783 1781 addu-

2201 1831 2430 1887 cendum
2458 1836 2795 1898 amputatum
2824 1824 3214 1898 pratputium"
3238 1840 3254 1890 ;
3279 1837 3401 1892 quae
3432 1822 3615 1877 omnia
3647 1838 3677 1874 a
3722 1834 3788 1875 se

509 1916 763 1987 reperiri,
797 1915 889 1970 sed
922 1914 1158 1968 animam
1210 1912 1384 1967 solum
1424 1887 1486 1967 et
1531 1913 1781 1982 spiritum
1804 1954 1821 1979 ,
1852 1913 1904 1968 id
1950 1913 2091 1982 quod

2204 1923 2358 1980 allata
2385 1937 2507 1978 esse
2538 1920 2751 1986 scribit,
2770 1930 2831 1975 ut
2863 1919 3224 1989 intelligamus
3249 1930 3337 1972 res
3359 1929 3464 1970 non
3487 1914 3661 1969 solum
3692 1926 3750 1966 ra
3773 1942 3779 1953 -

508 2007 679 2061 variis
712 2006 955 2076 Apostoli
994 2005 1127 2060 locis
1158 2002 1458 2074 approbat;
1504 2018 1567 2059 ac
1614 2018 1682 2058 ne
1713 2002 1828 2060 haec
1870 2004 2090 2074 quidem

509 2100 761 2154 omnibus
787 2099 944 2154 obvia
985 2111 1129 2161 esse,
1160 2097 1253 2151 sed
1288 2096 1355 2150 iis
1384 2096 1677 2161 duntaxat,
1708 2096 1800 2166 qui
1849 2096 1901 2151 in
1942 2095 2093 2152 Scri-

512 2201 684 2262 ptura:
717 2188 1073 2245 meditatione
1101 2187 1311 2243 subacti
1338 2188 1595 2244 diuturno
1635 2189 1815 2245 studio
1868 2187 2092 2243 fuerint.

509 2284 602 2338 Ait
631 2284 823 2339 deinde
869 2284 1128 2353 mysteria
1177 2280 1495 2337 hominibus
1549 2282 1765 2335 tradere
1816 2281 2093 2336 volentem

514 2374 778 2446 Spiritum
800 2388 1046 2432 sanctum
1069 2417 1084 2443 ,
1114 2389 1175 2430 ea
1218 2373 1464 2429 historici
1492 2386 1686 2429 sensus
1711 2373 2098 2446 integumentis

514 2469 878 2541 implicuisse,
922 2469 1011 2538 qui
1043 2469 1424 2525 reconditioris
1458 2467 1719 2523 doctrinae
1775 2480 1949 2536 penus
1981 2475 2099 2519 tan-

515 2574 631 2619 tum
661 2571 716 2619 et
735 2562 1175 2634 promptuarium
1206 2569 1289 2616 est
1329 2581 1340 2615 :
1382 2575 1541 2629 quem
1573 2573 1641 2613 ne
1674 2558 1797 2629 quis
1820 2557 2098 2612 interioris

512 2670 568 2712 et
593 2655 821 2711 occultae
845 2653 1109 2709 doctrina:
1141 2652 1428 2722 praeceptis
1456 2663 1650 2705 vacare
1676 2660 1915 2721 putaret,
1942 2666 1962 2700 ι
1992 2649 2098 2704 ista

512 2750 580 2804 de
601 2762 766 2803 causa
816 2759 1145 2817 procurasse
1199 2745 1437 2798 divinant
1492 2741 1816 2811 sapientiam
1866 2740 2096 2795 aliendi-

510 2839 634 2897 cula
665 2840 938 2909 quaedam,
967 2838 1049 2893 vel
1094 2836 1527 2907 intercapediues
1573 2834 1944 2905 intelligentia:
1983 2831 2099 2887 ﬁeri

514 2933 856 3000 historians;
914 2932 1265 3001 impossibilia
1321 2930 1567 3000 quaedam
1606 2937 1662 2983 et
1714 2927 2101 2984 inconvenien—

515 3029 646 3083 tiam
688 3041 784 3098 per
831 3027 1069 3082 medium
1120 3023 1444 3086 inserendo,
1489 3031 1550 3077 ut
1602 3021 1932 3090 interruptio
1983 3020 2100 3091 ipsa

516 3120 845 3175 narrationis
871 3117 1287 3175 velutobicibus
1323 3116 1649 3186 quibusdam
1702 3114 1907 3184 legenti
1951 3112 2092 3167 resi-

516 3220 687 3266 steret
712 3209 961 3278 objectis,
999 3210 1195 3278 quibus
1231 3207 1607 3278 intelligentia:
1645 3209 1807 3276 hujus
1860 3205 2101 3270 vulgaris

520 3305 629 3358 iter
664 3318 726 3357 ac
761 3303 1050 3357 transitum
1089 3312 1333 3371 negaret,
1373 3320 1392 3353 ι
1430 3312 1483 3356 et
1512 3302 1586 3355 ita
1617 3299 1684 3353 ad
1712 3299 1875 3352 alium
1909 3297 2102 3351 trami-

516 3407 625 3452 tem
647 3397 931 3453 celsiorem
948 3409 1141 3464 nempe
1165 3404 1218 3448 et
1238 3393 1653 3448 eminentiorem
1678 3392 2100 3453 diverteremus;

520 3490 690 3543 multa
721 3489 884 3558 igitur
931 3485 1238 3556 hujusmodi
1278 3485 1467 3539 haberi
1520 3485 1573 3538 in
1619 3482 1932 3552 Scriptura,
1967 3499 1985 3531 ι
2022 3481 2104 3535 vel

518 3581 702 3633 minus
737 3588 915 3649 gesta,
947 3577 1033 3630 vel
1073 3590 1194 3645 qua:
1244 3574 1467 3629 omnino
1516 3574 1627 3643 geri
1683 3589 1791 3628 non
1844 3582 2104 3643 possent;

528 3670 803 3725 interdum
834 3668 998 3724 etiam
1029 3683 1148 3738 quae
1186 3676 1404 3737 possent
1446 3665 1663 3734 quidem
1693 3664 1843 3736 geri,
1888 3677 1985 3718 nec
2021 3672 2105 3718 ta-

521 3777 647 3816 men
673 3770 825 3831 gesta
853 3768 1011 3824 sunt;
1042 3779 1061 3813 ι
1096 3758 1364 3828 praecipue
1391 3773 1521 3813 vero
1552 3757 1605 3812 in
1640 3756 1908 3826 Iege,quae
1939 3754 2107 3809 multa

519 3854 710 3920 habet,
742 3872 760 3904 ι
784 3854 835 3908 in
860 3853 1057 3923 quibus
1076 3850 1223 3905 nulla
1250 3866 1475 3919 prorsus
1500 3848 1637 3903 ratio
1660 3848 1917 3903 utilitatis
1935 3857 2109 3902 osten-

519 3945 694 4011 ditur;
719 3945 992 4000 interdum
1019 3958 1148 3997 vero
1170 3952 1225 3996 et
1250 3941 1611 4009 impossibilia
1642 3944 2048 4003 decernuntur;
2084 3956 2102 3988 ι

520 4039 614 4093 sed
651 4048 708 4093 et
741 4038 793 4092 in
834 4046 949 4093 toto
992 4034 1177 4091 Veteri
1238 4048 1303 4087 ac
1331 4032 1482 4088 Novo
1531 4032 1695 4089 etiam
1732 4028 2106 4087 Testamento.

521 4128 661 4185 Hinc
698 4130 881 4185 varias
912 4128 1216 4198 Scriptura!
1261 4126 1436 4195 tangit
1468 4109 1752 4189 historias,
1803 4123 1857 4178 in
1906 4124 2108 4194 quibus

523 4221 772 4276 lilstorici
810 4236 1008 4276 sensus
1046 4220 1331 4275 veritatem
1364 4217 1563 4271 frustra
1600 4214 1802 4285 requiri
1837 4214 2104 4279 aﬂirmat;

520 4314 746 4379 frustra,
777 4313 1013 4383 exempli
1043 4328 1229 4379 causa,
1252 4310 1559 4367 existimari
1616 4317 1730 4364 tres
1778 4306 1993 4376 priores
2040 4306 2109 4361 ab

522 4406 655 4461 orbe
687 4405 914 4461 condito
954 4405 1071 4461 dies
1100 4403 1272 4459 fuisse
1304 4404 1424 4458 sine
1450 4400 1585 4466 sole,
1630 4398 1755 4454 luna
1795 4407 1851 4453 et
1900 4397 2112 4462 stellis;

523 4499 764 4568 priorem
801 4498 968 4554 etiam
997 4497 1116 4552 sine
1146 4495 1310 4563 caelo,
1340 4494 1485 4564 quod
1529 4504 1693 4562 supra
1713 4488 1826 4558 jam
1859 4488 2105 4545 excussi-

2199 2016 2329 2073 tioni
2352 2014 2676 2081 contrarias,
2695 2014 2791 2070 sed
2814 2013 2986 2068 etiam
3009 2026 3129 2082 quae
3159 2009 3274 2065 ﬁeri
3297 2007 3521 2063 minime
3545 2004 3780 2076 possint,

2198 2110 2251 2165 in
2273 2108 2456 2163 littera
2485 2106 2777 2163 contineri.
2812 2104 3097 2161 Subnectit
3117 2112 3309 2173 postea
3334 2114 3439 2156 non
3462 2113 3678 2155 onmem
3697 2097 3777 2151 id-

2199 2201 2348 2257 circo
2372 2199 2622 2256 historiae
2639 2214 2857 2255 sensum
2886 2196 3195 2270 aspernari,
3219 2210 3342 2250 cum
3379 2211 3399 2246 ι
3431 2192 3602 2248 multo
3628 2190 3787 2261 plura

2199 2296 2328 2361 sint,
2356 2309 2477 2365 qua:
2503 2294 2801 2350 secundum
2835 2291 3126 2347 historiam
3171 2297 3461 2353 constant,
3507 2300 3672 2357 quam
3717 2296 3787 2339 ea

2199 2401 2321 2456 qua:
2354 2387 2557 2442 nudum
2587 2400 2809 2441 sensum
2840 2385 3126 2441 continent
3160 2380 3497 2454 spiritalem;
3531 2399 3550 2433 ι
3596 2377 3752 2447 cujus

2201 2478 2345 2533 modi
2370 2478 2623 2534 nonnulla
2642 2488 3054 2543 commemorat,
3072 2487 3203 2547 puta
3222 2475 3473 2544 Decalogi
3493 2481 3784 2545 praecepta.

2202 2571 2405 2628 Deinde
2434 2587 2563 2628 vero
2592 2571 2818 2627 multam
2865 2571 3233 2627 adhibendam
3279 2570 3355 2625 ait
3383 2569 3697 2625 cautionem
3732 2572 3795 2622 et

2201 2665 2563 2734 diligentiam,
2614 2681 2725 2736 quo
2768 2666 3034 2737 mysticus
3068 2679 3263 2720 sensus
3309 2678 3341 2719 a
3384 2677 3549 2719 sensu
3592 2662 3793 2737 littere

2202 2760 2581 2825 discernatur;
2627 2769 2737 2813 tum
2789 2760 2975 2813 notaui
3025 2758 3166 2812 hanc
3214 2771 3279 2811 ae
3338 2755 3585 2826 regulam
3623 2754 3690 2809 ad
3718 2753 3789 2824 .id

2202 2851 2387 2906 utilem
2421 2854 2715 2928 proponit;
2745 2853 3180 2924 quotiescunque
3217 2848 3287 2903 de
3329 2847 3668 2911 Jerusalem,
3700 2845 3784 2899 vc‘

2201 2938 2411 3007 Iudaea,
2450 2944 2534 2999 vel
2563 2943 2797 3009 lsraclc,
2831 2942 2916 2998 vel
2948 2942 3122 2997 Jacob
3169 2939 3542 2994 vaticinantur
3582 2937 3787 3007 aliquid

2204 3034 2496 3103 propheta),
2550 3035 2652 3090 hoc
2708 3050 2775 3090 ex
2812 3034 2982 3104 ipsius
3021 3032 3173 3088 Pauli
3229 3030 3477 3087 instituto
3524 3029 3592 3084 ad
3622 3028 3786 3085 cccle-

2211 3125 2400 3181 lestem
2445 3124 2772 3193 Jerusalem,
2818 3126 2901 3182 vel
2947 3125 3210 3192 Judaram,
3268 3125 3353 3181 ve!
3398 3124 3671 3190 lsraelem,
3704 3123 3794 3179 vel

2129 3235 2172 3294 (ς
2206 3216 2375 3273 Jacob
2417 3219 2712 3290 anagogice
2770 3233 2893 3274 esse
2938 3218 3319 3282 referendum;
3364 3227 3413 3273 et
3459 3216 3574 3287 pari
3624 3215 3795 3270 etiam

2207 3308 2369 3363 modo
2388 3322 2725 3378 qumcunquc
2755 3310 2822 3364 de
2863 3308 3101 3379 Aﬁgypto
3124 3346 3139 3371 ,
3173 3307 3443 3379 Babylone
3464 3346 3480 3372 ,
3538 3307 3685 3378 'l'yro
3732 3317 3789 3362 et

2208 3398 2410 3455 Sidone
2457 3399 2721 3470 praedicta
2758 3409 2886 3455 sunt
2919 3415 2933 3453 :
2967 3415 3090 3455 cum
3124 3399 3176 3453 in
3210 3398 3352 3455 caelo
3393 3398 3493 3454 loci
3529 3398 3639 3453 sint
3678 3408 3791 3453 ter-

2208 3490 2354 3546 renis
2376 3491 2495 3547 istis
2521 3494 2900 3561 cegnomincs,
2934 3507 3000 3547 ac
3032 3491 3273 3546 locorum
3308 3474 3535 3545 isto'rum
3574 3489 3799 3549 incolae.

2208 3586 2403 3640 anima:
2447 3585 2717 3641 videlicet.
2776 3586 3018 3654 Denique
3072 3583 3255 3639 multis
3322 3583 3664 3655 interpositis
3712 3583 3792 3636 sic

2208 3676 2482 3731 concludit
2512 3692 2527 3730 :
2569 3693 2587 3726 ι
2623 3674 2761 3731 Sunt
2784 3675 3029 3745 quaedam
3058 3689 3291 3745 quorum
3322 3674 3797 3745 signiﬁcationem

2207 3761 2426 3833 proprie
2458 3761 2641 3816 nullus
2664 3763 2887 3818 omnino
2921 3773 3102 3832 potest
3139 3764 3388 3817 humana:
3437 3762 3633 3834 linguae
3678 3776 3797 3817 ser-

2209 3853 2465 3910 monibus
2495 3854 2791 3923 explicare,
2826 3855 2921 3909 sed
2946 3853 3278 3923 simpliciore
3300 3853 3472 3924 magis
3494 3852 3800 3916 intellecto,

2208 3961 2375 4017 quam
2423 3946 2550 4002 ullis
2605 3946 2898 4003 verborum
2950 3946 3377 4017 proprietatibus
3420 3946 3799 4002 declarantur.

2209 4038 2289 4091 Ad
2324 4052 2489 4107 quam
2526 4038 2766 4109 regulam
2804 4038 2971 4094 etiam
3005 4039 3317 4094 divinarum
3347 4038 3659 4093 litterarum
3707 4037 3795 4092 in-

2213 4130 2506 4201 telligentia
2537 4131 2823 4187 retinenda
2847 4141 2961 4198 est,
2983 4146 3099 4202 quo
3120 4132 3329 4188 scilicet
3366 4146 3428 4187 ea
3450 4145 3572 4201 qua:
3602 4131 3797 4186 dicun-

2211 4230 2320 4288 tur,
2364 4237 2472 4277 non
2509 4237 2608 4293 pro
2634 4222 2869 4276 utilitate
2903 4223 3207 4287 sermonis,
3241 4223 3336 4278 scd
3384 4237 3481 4292 pro
3511 4220 3803 4305 divinitate

2209 4313 2387 4369 sancti
2417 4313 2676 4384 Spiritus,
2725 4313 2816 4384 qui
2851 4327 2945 4370 eas
2993 4314 3267 4372 conscribi
3315 4312 3642 4385 inspiravit,
3670 4328 3805 4369 cent

2209 4414 2456 4461 seantur.
2489 4424 2509 4459 ι
3798 4442 3799 4445 η

2280 4496 2365 4551 Ill.
2401 4497 2615 4566 (57°57)
2641 4498 2853 4555 Primus
2880 4500 3022 4555 hunc
3050 4495 3470 4567 interpretanda:
3502 4496 3807 4565 Scriptura

522 4606 676 4647 mus:
702 4591 883 4661 inepte
905 4604 1120 4661 quoque
1136 4599 1190 4646 et
1211 4588 1413 4645 insulse
1429 4585 1575 4641 credi
1597 4584 1764 4638 Deum
1790 4582 1841 4637 in
1858 4581 2110 4652 paradiso
2142 4580 2187 4635 Β
2216 4602 2420 4645 morem
2477 4589 2741 4660 Origenes
2804 4608 2911 4647 non
2970 4590 3200 4646 invexit.
3277 4589 3479 4645 Scribit
3533 4586 3799 4644 Eusebius

524 4681 805 4751 plantasse
831 4681 1079 4747 arbores,
1107 4690 1298 4735 eteam
1326 4692 1449 4748 quae.
1478 4675 1603 4731 vitae
1637 4674 1871 4742 dicitur,
1905 4681 1959 4727 et
1988 4686 2107 4742 quae

522 4774 807 4830 scientiam
845 4772 975 4828 boni
1005 4782 1062 4828 et
1092 4771 1221 4825 mali
1261 4770 1588 4833 continere;
1622 4765 1795 4822 Deum
1827 4773 1952 4835 post
1993 4777 2109 4817 me-

520 4866 719 4921 ridiem
752 4864 1061 4920 ambulasse
1086 4863 1137 4918 in
1171 4864 1361 4927 horto,
1410 4870 1465 4915 ct
1493 4858 1728 4914 Cainum
1753 4872 1785 4911 a
1840 4855 1986 4911 facie
2010 4853 2107 4909 Dei

522 4957 781 5025 exivisse,
828 4971 951 5026 qua:
995 4970 1027 5009 a
1083 4953 1240 5009 nobis
1286 4951 1399 5007 fere
1443 4960 1678 5006 tractata
1732 4958 1861 5005 sunt
1894 4963 1907 4998 :
1939 4946 2107 5002 multa

522 5047 789 5118 ejusmodi
822 5062 979 5119 posse
1013 5043 1193 5115 colligi
1241 5059 1271 5099 c
1313 5042 1649 5114 Scripturis,
1700 5058 1719 5093 ι
1758 5055 1877 5111 qua:
1904 5040 2105 5111 scripta

522 5149 649 5197 sunt
708 5140 928 5211 quidem
981 5151 1239 5211 tanquam
1294 5136 1475 5201 facta,
1526 5152 1632 5192 non
1684 5144 1861 5189 tamen
1910 5148 2107 5189 secun-

522 5232 648 5286 dum
678 5232 966 5289 historiam
1020 5240 1394 5302 competenter
1436 5237 1493 5283 et
1543 5226 1942 5282 rationabiliter
1990 5224 2106 5280 ﬁcri

525 5325 769 5392 potuisse
796 5325 1068 5382 credenda
1094 5335 1222 5380 sunt
1250 5342 1264 5379 :
1299 5344 1317 5377 ι
1350 5322 1508 5391 hujus
1535 5322 1754 5394 generis
1782 5335 1929 5385 esse,
1961 5318 2106 5387 quod

524 5429 710 5479 narrat
740 5418 1115 5490 Evangelium,
1151 5417 1204 5472 in
1240 5415 1522 5473 excelsum
1554 5425 1795 5470 montem
1830 5427 1859 5465 a
1891 5411 2109 5466 diabolo

522 5516 705 5571 Jesum
734 5528 855 5569 esse
890 5512 1243 5577 subvectum,
1292 5518 1352 5562 ut
1406 5506 1657 5561 universa
1708 5503 1893 5559 mundi
1943 5516 2107 5573 regna

593 5653 641 5684 τι
675 5650 846 5705 Exod,
881 5647 1110 5710 ,εκ-μεθ.
1201 5648 1247 5681 ⁷³
1276 5646 1315 5703 ll
1349 5646 1506 5703 Esdr.
1540 5659 1661 5713 xm,
1691 5644 1779 5702 19.

527 5724 573 5755 ⁷⁸
600 5721 766 5779 lCor.
791 5736 891 5787 vit,
928 5721 1021 5775 18.

1856 5642 2061 5711 ".Luc.
2096 5657 2149 5710 ς,
2178 5641 2231 5696 4.
2308 5646 2363 5678 τι
2382 5644 2578 5705 Maior.
2624 5663 2681 5714 π,
2718 5646 2806 5703 10-.

2216 4677 2313 4733 lib.
2363 4693 2400 4732 tt
2448 4676 2592 4733 Hist.
2639 4679 2848 4746 erdem,
2899 4694 3024 4749 cap.
3055 4680 3143 4744 ΓΙ,
3175 4678 3344 4734 multa
3404 4676 3686 4734 Philonem
3733 4678 3801 4733 de

2216 4766 2575 4841 Thcrapeutis
2601 4772 2717 4842 (qui
2762 4782 2957 4828 ascetze
2991 4783 3148 4826 erant
3177 4769 3469 4825 Christiani
3504 4767 3803 4841 [Egyptum

2218 4862 2538 4933 incolentes)
2569 4877 3039 4924 conmmmorare;
3078 4862 3172 4917 sed
3205 4862 3335 4917 illud
3375 4861 3647 4932 praecipue
3667 4901 3683 4926 ,
3716 4873 3800 4917 to-

2218 4966 2301 5013 tos
2334 4957 2387 5012 in
2428 4957 2780 5012 meditatione
2812 4954 3172 5027 philosophia:
3209 4954 3327 5010 dies
3368 4954 3659 5010 traducere
3708 4970 3803 5010 so-

2220 5049 2372 5102 litum
2407 5047 2574 5103 fuisse
2617 5047 2771 5117 ipsis,
2820 5059 2877 5103 ct
2916 5047 2967 5101 in
3024 5051 3312 5117 praeceptis
3356 5046 3645 5116 sapientiae
3700 5047 3802 5102 sibi

2222 5139 2434 5195 traditis
2484 5138 2776 5208 allegorice
2820 5137 3200 5207 explicandis;
3236 5136 3439 5207 quippe
3492 5138 3584 5206 qui
3638 5137 3802 5191 verba

2218 5229 2597 5284 evistimarcnt
2623 5228 2778 5299 signa
2805 5244 2929 5285 esse
2962 5243 3143 5284 rerum
3168 5227 3500 5294 abditarum,
3524 5242 3647 5298 qua:
3673 5227 3803 5283 allev

2217 5321 2494 5389 goriarum
2525 5336 2629 5391 ope
2653 5322 2761 5378 sint
2784 5322 3037 5377 eruenda:
3066 5338 3081 5374 :
3114 5330 3279 5390 atque
3302 5322 3441 5377 hanc
3471 5335 3635 5389 porro
3667 5333 3802 5374 con-

2215 5410 2559 5465 suetudinem
2584 5412 2959 5480 'l‘herapeutas
2985 5411 3107 5466 illos
3131 5426 3159 5463 a
3187 5409 3483 5479 majoribus
3504 5407 3801 5479 accepisse,

2214 5502 2262 5555 οἳ
2291 5502 2385 5572 τῆς
2415 5503 2680 5575 αἱρέσεως
2712 5504 2915 5559 τούτων
2947 5504 3247 5577 ἀρχηγέται
3278 5504 3559 5573 γενόμενοι
3580 5539 3609 5564 ,.
3628 5500 3801 5555 πολλὰ

2885 5647 2933 5679 ’⁸
2975 5646 3167 5703 Matth.
3201 5661 3254 5712 v,
3290 5644 3383 5701 39.
3460 5641 3511 5675 "
3546 5641 3682 5699 ibid.
3710 5640 3803 5698 9.9.

593 5833 807 5902 (57.37)
849 5831 1063 5886 Primus
1093 5833 1228 5884 hunc
1254 5830 1665 5897 interpretame
1705 5827 2009 5902 Scriptum;
2044 5842 2239 5885 morem
2285 5826 2535 5900 Origcucs
2574 5844 2673 5885 non
2716 5828 2933 5883 invexit.
2979 5806 3527 5899 \‘idefraelationcut
3558 5822 3689 5881 torui
3721 5834 3806 5877 sc-

524 5903 711 5970 cundi,
741 5903 843 5959 sub
873 5903 1057 5970 linem,
1096 5903 1330 5956 articulo
1353 5902 1411 5955 ὃ.
