4170 6460
414 468 544 527 106(

1256 456 1832 530 GRlGENlANORUM
1875 469 2002 526 Lm.
2040 452 2108 536 it,
2150 465 2303 523 esp.
2346 466 2411 531 ιι,
2450 448 2728 533 Quaest.
2772 445 2913 521 itm.

3540 462 3679 520 l070

417 592 658 667 μνήμεῖα
690 596 789 667 τῆς
824 595 883 647 ὲν
930 597 1038 660 τοῖς
1086 596 1572 668 ἁλληγορουμένοις
1630 597 1770 661 ἰδέας
1816 596 1997 650 ἀπέλι-

2107 609 2124 643 ι
2164 591 2266 657 Qui
2298 601 2352 645 et
2396 590 2618 645 idoneos
2674 606 2774 646 nos
2824 589 2953 645 fecit
3010 587 3288 668 ministros
3312 583 3445 641 Novi
3476 561 3677 639 'l‘eSta-

415 706 538 741 πον.
567 706 585 739 e
609 687 710 755 Qui
735 690 1156 756 sectas-ipsorum
1184 700 1433 745 auctores
1458 690 1622 743 multa
1649 701 1992 744 monumenta

415 779 675 835 doctrinae
726 780 777 833 in
823 778 1099 849 allegoriis
1145 783 1338 850 positae
1393 781 1748 851 reliquerunt.
1800 801 1818 834 ι
1882 779 1995 836 lloc

414 870 590 938 ipsum
620 870 823 925 clarius
861 868 1142 925 Philonem
1166 871 1251 927 his
1288 873 1468 926 verbis
1499 882 1746 940 repetere
1786 873 1863 926 ait
1898 872 1997 925 ali-

414 962 612 1030 quibus
656 961 953 1031 interjectis
985 961 1249 1016 Eusebius
1286 978 1300 1014 :
1352 964 1416 1016 At
1449 962 1505 1014 δὲ
1557 962 1846 1034 ἐξηγήσεις
1886 962 1994 1017 τῶν

415 1050 575 1122 ἱερῶν
625 1052 971 1123 Γραμμάτων
1018 1064 1255 1121 γινονται
1302 1053 1487 1117 αὐτοῖς
1522 1054 1586 1107 δι’
1622 1052 1884 1107 ὑπονοιῶν
1935 1054 1994 1105 ὲν

414 1143 783 1215 ἀλληγορίαις.
836 1144 1058 1197 ’Ἅπασα
1108 1144 1219 1216 γὰρ
1262 1145 1295 1216 ἡ
1345 1143 1636 1215 νομοθεσία
1689 1145 1837 1198 δοκεῖ
1882 1146 1993 1208 τοῖς

412 1233 637 1305 ἀνδράσι
661 1234 871 1297 τούτοις
911 1235 1145 1288 ἐοικέναι
1193 1234 1344 1305 ζώῳ·
1378 1236 1474 1288 καὶ
1508 1235 1667 1306 σῶμα
1705 1236 1801 1307 μὲν
1845 1235 1989 1306 ἔχειν

410 1326 511 1389 τὰς
547 1326 716 1398 ῥητὰς
760 1325 954 1392 λέξεις,
1000 1328 1176 1399 ψυχὴν
1215 1328 1273 1381 δὲ
1302 1326 1390 1382 τὸν
1421 1329 1842 1399 ὲναποκείμενον
1872 1326 1993 1392 ταῖς

413 1418 623 1485 λέξεσιν
660 1419 892 1491 ἀόρατον
916 1419 1061 1473 νοῦν.
1098 1439 1116 1471 ι
1144 1422 1574 1489 lnterpretantur
1602 1432 1777 1475 autem
1808 1436 1994 1475 sacras

413 1513 722 1581 Scripturas
748 1513 973 1581 ﬁgurate
1014 1528 1113 1582 per
1149 1512 1463 1582 allegorias.
1498 1513 1763 1568 Universa
1790 1513 1992 1583 quippe

413 1604 500 1659 lex
531 1603 662 1659 viris
710 1602 816 1658 illis
854 1603 1072 1659 animali
1110 1602 1303 1658 similis
1329 1614 1450 1659 esse
1484 1603 1698 1658 videtur
1736 1610 1749 1659 ε
1790 1614 1846 1659 et
1878 1608 1996 1657 cor-

412 1711 512 1767 pus
538 1696 760 1766 quidem
814 1696 930 1765 ipsa
958 1710 1078 1751 esse
1130 1695 1317 1763 verba,
1365 1696 1604 1750 animam
1651 1704 1829 1750 autem
1871 1711 1992 1751 esse

410 1787 819 1844 delitescentem
860 1796 915 1841 et
961 1788 1232 1843 oceultum
1284 1802 1541 1853 sensum,
1586 1787 1679 1858 qui
1722 1786 1990 1857 aspectari

410 1893 518 1932 non
542 1888 736 1947 potest.
774 1897 793 1930 ι
830 1876 1000 1944 Quam
1029 1877 1442 1932 similitudinem
1478 1875 1746 1947 Origenes
1773 1894 1990 1952 quoque

410 1970 712 2039 usurpavit,
764 1978 825 2024 ut
864 1971 1121 2039 superius
1166 1971 1371 2025 dictum
1411 1978 1511 2025 est.
1548 1971 1736 2040 Itaque
1764 1971 1809 2030 si
1842 1985 1990 2031 stare
2020 1958 2065 2013 Β

408 2062 641 2116 velimus
665 2063 714 2116 id
738 2065 880 2132 quod
907 2063 1099 2118 scribit
1134 2064 1199 2117 de
1232 2062 1454 2118 Philone
1488 2062 1715 2123 PhOtius
1746 2068 1866 2123 cod.
1900 2084 1989 2133 cv,

424 2152 513 2217 Ἐξ
537 2147 618 2217 οὗ,
649 2150 800 2225 οἶμαι
818 2194 833 2217 ,
856 2154 950 2208 καὶ
980 2152 1088 2220 πᾶς
1115 2154 1143 2207 ὁ
1173 2150 1531 2233 summa;
1562 2160 1660 2232 τῆς
1681 2159 1903 2232 Γραιρῆς
1932 2162 1991 2215 ὲν

408 2248 475 2315 τῇ
520 2244 814 2317 Ἐκκλησία
836 2246 1002 2315 λόγος’
1022 2246 1180 2321 ἔσχεν
1209 2254 1383 2324 ἀρχὴν
1408 2254 1709 2323 εἰσρυῆναι.
1748 2270 1767 2303 e
1798 2241 1876 2307 Ex
1903 2267 1989 2316 eo,

410 2337 624 2407 opinor,
673 2339 855 2396 omnis
904 2337 1192 2412 allegorica
1230 2344 1525 2413 Scriptura:
1567 2343 1991 2413 interpretanda:

411 2430 551 2484 ratio
576 2430 629 2487 in
651 2431 949 2491 Ecclesi'am
976 2436 1211 2491 irruendi
1240 2437 1429 2491 habuit
1454 2437 1701 2501 initium;
1734 2456 1752 2490 ι
1778 2438 1992 2509 etquod

411 2519 489 2577 ait
514 2516 1243 2591 Bellarminns,Testamenti
1268 2522 1480 2583 Veteris
1519 2512 1830 2599 Scripturas
1867 2515 1995 2584 Phi-

415 2615 592 2672 lonem
618 2618 851 2687 primum
877 2621 1215 2689 exposuisse,
1244 2619 1317 2674 ita
1343 2619 1726 2688 accipiendam
1757 2629 1860 2686 est,
1884 2621 1995 2690 pri-

414 2726 561 2764 mum
593 2725 778 2765 eorum
803 2726 925 2767 esse
956 2700 1256 2776 Philonem,
1283 2727 1513 2783 quorum
1536 2713 1904 2782 expositiones
1937 2715 1991 2768 in

414 2799 822 2856 Testamentum
854 2802 1022 2859 Vetus
1068 2803 1133 2857 ad
1179 2803 1321 2857 hanc
1352 2805 1564 2857 aetatem
1609 2813 1995 2871 pervenerunt.

412 2894 546 2948 Cum
576 2898 788 2950 veteres
821 2896 1299 2965 ergotherapeuta:
1315 2895 1577 2965 majorum
1598 2912 1820 2951 suorum
1843 2898 1997 2951 insti-

415 2996 527 3041 tuta
542 2990 931 3058 persequentes
947 2982 1284 3059 Scripturam
1319 2989 1626 3061 allegoricis
1660 2977 1996 3060 explanatio-

416 3080 573 3134 nibus
593 3080 954 3148 illuStrarent,
980 3084 1121 3137 hanc
1144 3082 1212 3136 ab
1234 3068 1808 3143 illisconsuetudinem
1834 3095 1992 3137 acce-

414 3173 555 3239 pisse
582 3168 861 3229 Philonem
892 3174 1065 3243 ipsum
1092 3164 1381 3230 verisimile
1397 3185 1501 3241 est,
1529 3173 1682 3243 cujus
1708 3174 1995 3231 luculentas

2100 684 2416 745 menti,non
2442 682 2658 747 litteris,
2699 682 2793 737 sed
2828 674 3053 751 spiritus
3088 698 3102 734 :
3138 667 3318 735 littera
3366 677 3509 732 enim
3536 674 3681 729 occi-

2097 775 2193 839 dit,
2251 774 2475 843 spiritus
2525 785 2705 830 autem
2758 774 3038 828 viviﬁcal:
3082 792 3100 824 ›
3133 780 3189 826 et
3240 770 3450 840 reliquo
3502 767 3681 836 capite

2096 881 2161 921 ac
2213 868 2505 936 sequenti,
2559 882 2627 921 ex
2683 880 2791 935 quo
2828 864 2955 919 illud
3003 863 3274 933 praecipue
3321 859 3676 932 usurpabat:

2102 976 2121 1009 ι
2165 958 2441 1013 Habemus
2479 967 2658 1011 autem
2697 959 3013 1012 thesaurum
3045 958 3206 1010 istum
3238 955 3292 1009 in
3320 954 3465 1010 vasis
3494 954 3678 1009 fictili-

2095 1050 2198 1105 bus
2240 1050 2285 1083 "
2322 1067 2337 1104 :
2386 1068 2405 1101 ι
2449 1050 2632 1104 ethoc
2679 1054 2843 1104 etiam
2880 1048 3047 1103 eCol.
3075 1064 3138 1113 tt,
3174 1047 3257 1112 l6,
3293 1047 3403 1102 l7:
3447 1064 3466 1098 ι
3507 1046 3679 1102 Nemo

2094 1157 2224 1213 ergo
2268 1148 2365 1197 vos
2394 1141 2607 1211 judicet
2643 1142 2695 1194 in
2727 1142 2849 1197 cibo
2887 1150 2978 1195 aut
3016 1142 3067 1195 in
3101 1150 3252 1210 potu,
3301 1149 3393 1194 aut
3426 1141 3479 1194 in
3525 1148 3679 1209 parte

2094 1234 2197 1289 diei
2223 1276 2239 1299 ,
2288 1243 2381 1288 aut
2413 1234 2746 1300 neomeniae,
2785 1244 2879 1288 aut
2932 1233 3292 1289 Sabbatorum
3332 1248 3347 1286 :
3384 1247 3507 1301 quae
3554 1243 3679 1286 sunt

2094 1327 2286 1381 umbra
2314 1325 2644 1391 futurorum,
2673 1341 2873 1395 corpus
2913 1335 3094 1381 autem
3134 1325 3359 1389 Christi,
3392 1344 3410 1376 ι
3449 1323 3678 1394 aliisque

2092 1417 2298 1485 multis,
2325 1419 2446 1487 quae
2485 1418 2577 1472 lib.
2614 1434 2667 1473 tv
2724 1418 2799 1473 De
2852 1419 3103 1487 princip,
3144 1433 3260 1485 cap.
3297 1416 3352 1483 2,
3392 1417 3559 1470 etlib.
3624 1430 3679 1469 tv

2094 1517 2265 1563 contr.
2298 1507 2461 1575 Cels.,
2489 1526 2640 1564 num.
2672 1510 2765 1578 44,
2814 1510 3132 1565 recitantur.
3164 1508 3433 1565 Nonnulla
3459 1522 3677 1578 quoque

2092 1592 2356 1671 Ioannes,
2391 1600 2651 1659 nonnulla
2683 1605 2844 1660 etiam
2871 1600 3123 1660 Christus
3150 1604 3406 1659 Dominus
3427 1604 3490 1658 ad
3540 1603 3677 1658 alle-

2094 1710 2299 1765 gonam
2353 1692 2617 1750 trahenda
2671 1698 2898 1751 docuit:
2938 1683 3136 1767 quibus
3190 1681 3451 1765 exemplis
3500 1686 3672 1751 fretus

2093 1774 2355 1857 Origenes
2382 1789 2436 1846 in
2467 1786 2759 1861 allegorias
2781 1787 2993 1862 poterat
3026 1786 3347 1852 cacurrere.
3376 1787 3419 1846 si
3448 1787 3669 1844 matiam

2099 1881 2381 1939 tenuisset.
2429 1868 2499 1938 Ᾱι
2541 1870 2734 1939 Celsus
2775 1884 3042 1954 ejusmodi
3091 1876 3565 1954 interpretationes
3619 1880 3673 1937 in

2094 1976 2421 2033 calumniam
2461 1973 2733 2045 trahebat,
2760 1993 2882 2033 cum
2914 1961 3121 2034 diceret
3146 1961 3309 2031 multa
3339 1977 3388 2030 in
3421 1976 3670 2046 Scriptu-

2096 2070 2171 2124 ris
2220 2054 2409 2150 haberi
2439 2069 2713 2125 honestati
2759 2086 2969 2126 morum
3018 2085 3215 2151 parum
3258 2078 3674 2151 consentanea,

2094 2160 2271 2230 iisque
2317 2144 2695 2232 all'egoriarum
2744 2171 3064 2233 praetextum
3102 2177 3132 2216 a
3182 2144 3386 2217 Iudaeis
3429 2171 3485 2217 et
3515 2144 3678 2243 Chri-

2094 2250 2291 2307 stianis
2341 2238 2590 2306 consulto
2626 2238 2869 2316 obtendi,
2901 2269 3024 2309 cum
3074 2269 3288 2309 omnem
3346 2263 3525 2333 tamen
3555 2238 3680 2311 alle-

2096 2344 2301 2413 goriam
2334 2355 2674 2415 reSpuerent,
2701 2360 2764 2401 ac
2788 2361 2949 2401 merae
2977 2355 3160 2401 essent
3180 2334 3398 2402 fabulae.
3432 2346 3680 2418 Respon-

2098 2436 2188 2490 det
2221 2420 2485 2506 Origenes
2514 2437 2566 2492 in
2600 2452 2718 2492 eam
2751 2440 3102 2504 sententiam,
3123 2440 3383 2509 quasdam
3419 2440 3678 2497 historias

2097 2526 2415 2581 historicum
2443 2528 2729 2599 complecti
2765 2543 3007 2593 sensum,
3043 2531 3305 2599 quasdam
3343 2530 3523 2585 dedita
3544 2546 3679 2599 ope.

2097 2632 2158 2672 ra
2193 2620 2260 2673 ad
2290 2619 2342 2673 id
2367 2618 2772 2701 esse'scriptas',
2813 2629 2869 2674 ut
2897 2619 3678 2701 allegorice,interpretentur}

2098 2710 2183 2764 cui
2230 2710 2414 2766 multis
2462 2694 2757 2781 Scriptum
2798 2711 2931 2767 locis
2980 2712 3140 2767 tidem
3174 2698 3327 2768 facit.
3365 2694 3502 2768 Tum
3546 2698 3679 2785 quia

2098 2800 2378 2871 adjecerat
2409 2798 2608 2858 Celsus
2634 2804 2977 2873 censeriptas
3020 2788 3075 2858 in
3101 2805 3269 2861 libros
3322 2820 3509 2862 sacros
3538 2807 3673 2862 alle-

2096 2894 2279 2965 g’orias
2305 2902 2491 2966 turpes
2537 2910 2657 2950 esse
2682 2904 2737 2951 et
2772 2896 3057 2961 absurdas,
3090 2897 3194 2952 hoc
3219 2897 3270 2951 in
3302 2896 3550 2954 Philonis
3591 2893 3679 2954 vel

2094 2985 2389 3041 Aristobuli
2417 2990 2840 3044 commentarios
2865 2987 3074 3059 jactum
3119 2991 3431 3060 suspicatur
3474 2990 3671 3060 Orige-

2096 3092 2192 3134 nes
2212 3078 2281 3134 ab
2309 3079 2520 3149 impuro
2545 3080 2789 3150 50phista
2816 3120 2832 3147 ,
2862 3081 3115 3151 quamvis
3148 3088 3315 3136 multa
3344 3082 3469 3137 inde
3496 3082 3674 3140 Graeci

2095 3169 2399 3241 philOSOphi
2443 3185 2571 3227 suos
2616 3171 2669 3226 in
2716 3186 2848 3227 usus
2893 3173 3265 3243 excerpserint
3300 3192 3315 3229 :
3349 3172 3673 3231 Numenium

352 3286 357 3295 ί
414 3265 467 3318 in
493 3262 828 3353 Scripturam
853 3259 1119 3336 allegoriae
1148 3274 1459 3336 supersunt.
1481 3262 1824 3322 Aristobulus
1851 3279 1991 3336 quo-

2096 3274 2313 3329 quoque
2338 3260 2760 3333 Pythagoreum,
2782 3263 3050 3334 πο).λαχοῦ
3080 3263 3188 3318 τῶν
3222 3268 3675 3339 συγγραμμάτων

411 3369 519 3423 que
546 3347 762 3410 Iudaeus
796 3351 1021 3412 Philone
1048 3358 1310 3412 vetustior
1341 3359 1754 3414 commentariis
1794 3359 1908 3414 suis
1936 3359 1991 3415 in

414 3443 836 3499 Pentateuchum
864 3444 1084 3516 Moysis,
1113 3431 1737 3515 allegoriasinseruerat.
1762 3450 1831 3503 At
1860 3447 1992 3505 Por-

414 3535 639 3605 phyrius
685 3538 824 3604 apud
854 3539 1102 3591 eumdem
1172 3537 1463 3593 Eusebium
1514 3539 1608 3594 lib.
1655 3554 1705 3594 vt
1758 3539 1988 3608 Histor.,

411 3642 531 3695 cap.
569 3626 656 3695 19,
681 3628 849 3682 refert
872 3626 1162 3699 Origenem
1194 3645 1259 3684 ex
1286 3630 1501 3685 assidua
1532 3622 1793 3687 librorum
1828 3632 1991 3686 Chae-

412 3719 652 3774 remonis
686 3719 899 3785 Stoici,
949 3730 1005 3774 et
1048 3720 1273 3775 Cornuti
1319 3722 1681 3789 tractatione,
1734 3723 1989 3779 haustum

410 3808 557 3863 hunc
611 3810 992 3881 allegoriarum
1051 3812 1268 3866 modum
1303 3814 1368 3867 ad
1425 3811 1741 3883 Scripturas
1798 3828 1987 3870 sacras

415 3903 775 3957 transtulisse.
811 3903 919 3957 Cur
949 3918 1052 3958 non
1079 3914 1134 3957 et
1167 3917 1233 3957 eo
1266 3904 1553 3973 impulsum
1582 3906 1757 3960 dicam
1789 3905 1988 3961 Metro-

411 3993 528 4047 dori
584 3988 932 4065 Lampsaceni
968 3996 1254 4065 exemplo,
1284 4010 1442 4065 quem
1490 4006 1678 4051 narrat
1726 3996 1987 4053 Tatianus

414 4096 584 4140 totum
616 4085 905 4141 Homerum
931 4087 984 4141 in
1013 4086 1296 4154 aliegorias
1325 4090 1573 4154 traxisse,
1603 4099 1658 4145 et
1684 4088 1989 4145 Heraclidis

409 4177 625 4234 Pontici
645 4172 1055 4235 lioméricarum
1074 4179 1457 4250 allegoriarum
1477 4182 1798 4252 scriptoris?
1824 4180 1992 4250 Equi-

410 4272 533 4327 dem
585 4283 782 4342 prazter
834 4275 1113 4343 superiora
1160 4276 1388 4331 Paulum
1442 4276 1715 4344 praecipue
1767 4274 1987 4344 Origeni

410 4376 686 4421 auctorem
717 4365 881 4421 fuisse
904 4382 1121 4430 censeo,
1153 4381 1250 4423 cur
1275 4367 1597 4436 allegoricas
1621 4368 1989 4437 expositiones

411 4469 763 4514 sectaretur-:
803 4459 850 4515 is
896 4475 1130 4527 namque
1168 4460 1221 4514 in
1263 4460 1499 4529 Epistola
1543 4458 1608 4513 ad
1643 4458 1865 4514 Galatas
1892 4474 1991 4529 per

409 4549 731 4620 allegoriam
768 4540 909 4605 dicta
929 4550 1135 4616 sciscit,
1164 4566 1286 4621 qua:
1317 4553 1369 4606 in
1401 4548 1679 4622 Scriptura
1714 4553 1780 4606 de
1803 4550 1988 4606 lsaaco

2092 3353 2254 3407 αὐτοῦ
2291 3354 2634 3425 ὲκτιθὲμενον
2688 3356 2757 3409 τὰ
2785 3357 3060 3421 Μωῦσέως
3088 3357 3182 3411 καὶ
3204 3358 3313 3413 τῶν
3358 3359 3675 3432 προφητῶν,

2093 3446 2187 3500 καὶ
2212 3446 2311 3500 οὑκ
2342 3445 2620 3510 ἀπιθάνως
2643 3446 2784 3501 αὐτὰ
2827 3447 3281 3519 τροπολογοῦντα.
3338 3450 3515 3520 Atque
3561 3454 3678 3508 haec

2091 3538 2419 3593 Adamantio
2464 3539 2533 3594 ad
2591 3539 3056 3608 interpretandam
3102 3540 3393 3612 allegorice
3424 3542 3676 3615 Scripta.

2091 3645 2207 3683 ram
2241 3629 2499 3686 alluxisse
2530 3629 2703 3686 facem
2738 3632 2969 3702 reperio.
3003 3631 3120 3699 Quo
3169 3650 3291 3689 eum
3331 3636 3505 3690 etiam
3539 3643 3667 3707 per—

2092 3723 2229 3789 pulit
2258 3722 2485 3791 praabita
2516 3738 2546 3777 a
2580 3722 2857 3780 Marcione
2890 3726 3104 3781 occasio
3132 3765 3147 3790 ,
3193 3727 3454 3797 pestifero
3502 3729 3677 3785 [κει-οὲ

2094 3813 2222 3878 tico,
2245 3815 2463 3883 quicum
2481 3817 2758 3884 perpetuis
2790 3817 3194 3873 velitationibus
3222 3819 3673 3877 conflictabatur:

2094 3905 2140 3958 is
2172 3905 2316 3959 enim
2342 3920 2467 3960 eum
2509 3906 2796 3977 allegorias
2825 3922 2860 3961 a‘
2902 3906 3203 3977 Scripturas
3238 3911 3675 3979 expositionibus

2091 3996 2310 4065 penitus
2340 3997 2688 4063 excluderet,
2716 3998 2840 4066 ejus
2856 4000 3203 4069 oppugnandi
3240 4000 3422 4055 studio
3450 4012 3673 4056 contra--~

2093 4088 2171 4141 ria
2202 4088 2383 4142 omnia
2414 4098 2637 4143 secutus
2670 4100 2777 4153 est,
2808 4090 3189 4161 allegoriisque
3219 4094 3469 4147 consulto
3493 4093 3675 4149 indul-

2090 4178 2180 4232 sit.
2207 4179 2359 4246 Quod
2391 4188 2445 4234 et
2474 4180 2739 4237 adversus
2774 4181 2971 4237 litterae
3017 4192 3317 4239 sectatores
3340 4183 3551 4240 factum
3596 4188 3673 4241 ab

2091 4284 2158 4325 eo
2186 4270 2461 4340 conjicere
2490 4272 2615 4326 licet
2639 4288 2707 4327 ex
2739 4273 2805 4328 iis
2829 4288 2951 4343 qua
2990 4274 3213 4330 homilia
3252 4276 3340 4341 14,
3371 4276 3427 4332 in
3452 4276 3670 4337 Levitie‘.

2090 4363 2206 4433 ipse
2231 4364 2580 4432 conscripsit.

2161 4453 2250 4507 ιν.
2279 4455 2393 4525 (58)
2410 4454 2663 4509 Attamen
2688 4456 2999 4514 accuratius
3027 4457 3230 4529 scripta
3256 4460 3385 4530 ejus
3399 4461 3679 4519 evolventi

2091 4546 2260 4602 multa
2291 4556 2613 4610 occurrent,
2636 4549 2686 4602 in
2728 4548 2923 4617 quibus
2944 4565 3098 4605 suam
3125 4550 3321 4607 litterae
3349 4553 3673 4623 dignitatem

406 4650 462 4694 et
490 4641 734 4704 Ismaele,
778 4641 880 4695 hoc
908 4656 975 4695 ex
1001 4642 1194 4696 ancilla
1230 4646 1383 4709 nato,
1416 4642 1508 4696 illo
1545 4657 1575 4696 e
1604 4641 1798 4705 libera,
1831 4655 1982 4696 com-
2015 4642 2060 4697 D
2091 4644 2291 4701 servat,
2328 4647 2382 4692 et
2422 4639 2488 4693 de
2531 4655 2593 4693 ea
2619 4655 2773 4708 aequa
2806 4657 2866 4696 ac
2901 4651 3051 4697 recta
3084 4643 3317 4709 scribit;
3346 4645 3670 4703 historicum

410 4745 800 4789 memorantur.
822 4733 949 4790 lnde
965 4734 1225 4804 Origenes
1254 4735 1349 4790 lib.
1378 4750 1433 4789 ιν
1448 4745 1614 4789 contr.
1646 4732 1808 4798 Cels"
1833 4749 1983 4789 num.

405 4822 474 4876 44
525 4840 537 4875 :
579 4823 817 4895 Νύμφας
869 4842 926 4879 τε
970 4825 1065 4879 καὶ
1104 4824 1491 4896 θεραπαινίδας
1553 4825 1851 4894 ἀνάγεσθαι
1886 4827 1983 4879 ἐπὶ

406 4915 762 4983 τροπολογίαν
795 4916 894 4988 οὐχ
919 4921 1079 4989 ἡμεῖς
1104 4905 1448 4989 διδάσκομεν,
1496 4916 1609 4969 ἀλλ’
1639 4916 1845 4970 ἄνωθεν
1875 4917 1985 4970 ἀπὸ

409 5003 587 5071 σοφῶν
626 4992 1040 5077 παρειλήφαμεν
1061 5023 1073 5037 ·
1107 5000 1182 5061 ὧν
1215 5001 1294 5070 εἷς
1326 5024 1410 5071 τις
1454 5006 1661 5075 ἔφασκε
1706 5006 1986 5079 διεγείρων

405 5096 495 5149 τὸν
517 5097 793 5168 ἀκροάτην
809 5084 899 5151 ἐπὶ
922 5098 1276 5169 τροπολογίας
1294 5116 1308 5129 ·
1336 5098 1536 5167 Λέγετέ
1575 5115 1685 5169 μοι,
1713 5099 1763 5151 οἱ
1780 5096 1873 5151 τὸν
1902 5097 1987 5149 νό-

408 5205 506 5258 μον
540 5175 1021 5258 ἀναγινώσκοντες,
1073 5178 1167 5244 τδν
1198 5191 1361 5261 νόμον
1399 5191 1499 5244 οὐκ
1543 5189 1809 5254 amouere;
1862 5204 1983 5258 qua:

406 5281 569 5336 verba
606 5283 872 5337 habentur
889 5282 1009 5338 Gal.
1044 5296 1120 5347 tv,
1147 5281 1240 5337 2|.
1271 5282 1459 5351 Itaque
1486 5281 1767 5335 arcessitis
1789 5296 1820 5336 e
1844 5281 1983 5334 Pau—

410 5371 463 5428 lo
492 5375 815 5430 testimoniis
837 5373 1125 5445 allegorias
1156 5388 1281 5430 suas
1312 5375 1452 5429 tueri
1472 5382 1832 5429 consueverat
1860 5370 1983 5427 Ori-

403 5481 603 5538 genes;
653 5467 800 5522 velut
850 5468 942 5521 illo
993 5465 1148 5521 Pauli
1182 5479 1213 5521 e
1257 5464 1278 5518 l
1320 5465 1447 5519 Cor.
1475 5481 1534 5530 ι,
1561 5465 1637 5535 4ηι
1667 5483 1685 5517 σ
1717 5463 1983 5520 Bibebant

402 5568 586 5613 autem
638 5559 705 5613 de
752 5559 977 5628 spiritali
1014 5565 1384 5626 consequente
1437 5568 1531 5612 eos
1579 5567 1766 5626 petra;
1826 5566 1985 5625 petra

403 5660 584 5705 autem
618 5659 737 5704 erat
781 5650 1068 5706 Christus:
1114 5668 1133 5701 ι
1189 5658 1246 5706 et
1291 5648 1397 5703 isto
1444 5663 1502 5718 e_
1530 5649 1573 5702 ll
1612 5648 1743 5705 Cor.
1788 5664 1871 5715 ιιι,
1905 5650 1937 5703 6
1964 5665 1989 5701 :-

476 5765 521 5798 ’*
549 5765 593 5819 ll
623 5763 748 5821 Cor.
770 5780 843 5831 tv,
870 5765 957 5821 7.|

476 5879 589 5949 (38)
651 5884 894 5935 Attamen
950 5881 1250 5935 accuratius
1300 5879 1496 5948 scripta
1548 5878 1662 5947 ejus
1721 5876 1974 5932 evolventi

402 5958 567 6005 multa
598 5962 890 6027 occurrent,
915 5954 1191 6031 Esquiline
1218 5967 1388 6027 _ettam
1418 5952 1626 6028 'littera’
1658 5949 1964 6017 dignitatem

2093 4729 2147 4783 in
2177 4728 2444 4799 aliquibus
2473 4732 2761 4786 admittens
2784 4747 3003 4788 sensum
3029 4774 3043 4794 .
3069 4734 3414 4804 allegoricmn
3441 4738 3491 4791 in
3533 4739 3658 4807 plu-

2092 4821 2263 4887 ribus,
2300 4822 2353 4875 in
2387 4821 2569 4876 multis
2593 4832 2899 4894 utrumque.
2927 4824 3065 4892 Quid
3089 4828 3339 4881 usitatius
3362 4829 3437 4883 illi
3465 4830 3531 4883 ad
3560 4844 3664 4898 po-

2091 4912 2274 4982 pulum
2309 4914 2609 4983 peroranti,
2649 4930 2810 4985 quam
2855 4918 3096 4987 mystica:
3120 4920 3450 4987 expositioni
3502 4922 3672 4975 inter-

2092 5005 2447 5073 pretationem
2468 5007 2660 5061 litterae
2673 5008 2838 5061 veluti
2857 5007 3269 5074 fundamentum
3284 5011 3632 5068 substernere
3646 5015 3675 5067 '!

2096 5093 2326 5150 Humilia
2362 5097 2576 5165 quidem
2614 5100 2794 5168 priore
2822 5100 2877 5153 in
2906 5096 3167 5165 Genesim,
3197 5117 3347 5156 num.
3382 5103 3447 5156 14
3494 5113 3546 5158 et
3580 5104 3665 5171 15,

2092 5202 2310 5242 versum
2342 5188 2413 5242 2-7
2467 5199 2523 5244 et
2562 5189 2845 5259 28,,primi
2876 5192 3072 5262 capitis
3106 5193 3438 5259 edisserens,
3472 5196 3539 5250 ab
3571 5211 3673 5251 ex-

2090 5281 2406 5349 planatione
2434 5282 2626 5339 litterae
2656 5285 2969 5352 auspicatus
2993 5286 3062 5340 ad
3094 5285 3410 5356 allegoriam
3447 5289 3664 5344 transit.

2089 5371 2322 5426 Humilia
2350 5377 2595 5443 sequenti
2634 5392 2784 5429 num.
2822 5377 2876 5441 l,
2905 5378 3067 5432 verba
3098 5376 3341 5433 facturus
3365 5379 3431 5433 de
3461 5379 3667 5437 fabrica

2089 5455 2229 5519 arci:
2258 5463 2494 5522 Noetica:
2518 5505 2533 5531 ,
2580 5485 2600 5519 ι
2636 5466 2817 5523 Primo
2846 5470 3088 5524 omnium
3110 5510 3126 5535 ,
3163 5469 3356 5539 inquit,
3385 5470 3679 5527 videamus

2089 5572 2209 5625 qua:
2249 5559 2317 5613 de
2360 5572 2423 5613 ea
2453 5560 2751 5614 secundum
2800 5558 3037 5615 litteram
3065 5558 3398 5627 referuntur,
3425 5572 3480 5617 et
3512 5578 3661 5634 qua.»

2090 5648 2293 5705 stiones
2334 5658 2700 5721 proponentes
2737 5665 2860 5721 qua:
2901 5648 3061 5721 objici
3112 5665 3143 5704 a
3191 5649 3440 5721 pluribus
3466 5653 3679 5721 solent,-

2086 5888 2278 5955 servat,
2312 5887 2417 5955 etc.
2454 5878 2610 5955 Vide“
2631 5878 3012 5940 Praefationem
3043 5877 3184 5938 tomi
3215 5884 3388 5942 nostri
3412 5884 3660 5951 secundi,

2076 5949 2304 6033 articulo
2341 5950 2413 6021 8.⁴
