4170 6402
550 494 682 549 1071

1818 486 1878 540 Ρ.
1924 486 2236 543 υΑΝΗιιΙὸ
2276 489 2507 545 liUETH

3652 494 3789 549 {U72

544 616 707 669 etiam
737 612 1102 668 absolutiones
1125 626 1315 667 earum
1349 625 1416 666 ex
1444 610 1528 666 his
1557 626 1677 681 qua
1720 610 1875 665 nobis
1924 620 2050 665 sunt
2082 626 2110 662 a
2142 619 2188 672 Α
2219 620 2275 664 ιιι
2310 613 2607 681 Scriptura
2636 611 2705 667 de
2744 610 2811 666 iis
2840 611 3159 676 continent,
3186 611 3525 667 observanda
3569 622 3716 667 sunt.
3758 633 3778 665 ι

546 702 841 772 majoribus
861 702 1074 765 tradita,
1098 701 1477 771 requiramus;
1512 712 1568 757 ut
1595 718 1717 757 cum
1745 702 2114 772 hujuscemodi

545 793 895 847 fundamenta
916 794 1211 863 jecerimus
1234 832 1251 859 ,
1284 795 1353 848 ab
1387 794 1632 849 historia
1664 804 1814 848 textu
1843 795 2117 862 possimus

544 883 838 938 ascendere
861 884 926 938 ad
948 885 1208 954 spiritalis
1236 884 1605 955 intelligentia
1647 885 1937 955 mysticum
1960 894 2016 939 et
2039 884 2117 937 al-

544 973 838 1044 legoricum
872 990 1089 1032 sensum
1110 1016 1124 1041 ,
1154 985 1209 1030 et
1234 976 1279 1030 si
1305 978 1433 1045 quid
1463 977 1517 1031 in
1555 978 1634 1031 eis
1657 992 1919 1032 arcanum
1948 977 2117 1032 conti-

544 1076 725 1129 netur,
753 1069 991 1136 aperire.
1029 1086 1047 1119 ι
1080 1065 1314 1122 Humilia
1352 1067 1383 1119 7
1425 1068 1479 1121 in
1530 1066 1717 1122 Cenes.
1752 1066 1820 1121 de
1851 1067 2037 1122 lsaaco
2062 1076 2116 1122 et

546 1156 771 1211 lsmaele
803 1172 989 1228 agens,
1041 1157 1357 1227 Apustulum
1406 1167 1597 1212 narrat
1638 1157 1927 1228 allegorice
1956 1158 2116 1213 inter-

545 1248 858 1316 pretandam
887 1262 1072 1301 eorum
1095 1248 1368 1302 historiam
1390 1248 1701 1313 censuisse;
1734 1259 1845 1303 tum
1865 1250 1941 1303 ait
1963 1265 2111 1303 num.

542 1338 579 1391 2
611 1357 621 1391 :
661 1356 679 1389 ι
710 1338 846 1403 Quid
875 1353 1002 1405 ergo
1030 1338 1052 1392 ?
1097 1338 1245 1393 Isaac
1283 1354 1388 1393 non
1416 1348 1497 1393 est
1544 1340 1839 1394 secundum
1894 1354 2112 1395 carnem

545 1431 751 1483 natus?
791 1429 902 1483 Non
939 1446 1061 1484 eum
1100 1430 1310 1500 peperit
1342 1430 1523 1485 Sara?
1560 1430 1676 1486 Non
1711 1440 1793 1485 est
1827 1432 2114 1486 circumci-

546 1538 636 1577 sus
667 1523 689 1574 ?
732 1522 842 1575 lluc
883 1522 1054 1590 ipsum
1080 1522 1221 1591 quod
1250 1521 1465 1577 ludebat
1493 1536 1615 1576 cum
1646 1521 1894 1587 lsmaele,
1923 1538 2028 1577 non
2060 1523 2113 1576 in

546 1628 709 1666 carne
759 1612 1024 1667 ludebat?
1060 1612 1171 1667 Hoc
1196 1620 1279 1667 est
1306 1613 1449 1667 enim
1496 1613 1639 1682 quod
1670 1612 1914 1666 mirabile
1949 1622 2033 1667 est
2059 1612 2114 1665 in

544 1703 783 1773 Apustoli
814 1718 1001 1769 sensu,
1031 1705 1173 1774 quod
1202 1705 1267 1759 de
1300 1704 1502 1773 quibus
1537 1718 1644 1758 non
1674 1712 1852 1773 potest
1880 1703 2117 1759 dubitari

544 1795 671 1864 quin
706 1796 996 1849 secundum
1027 1810 1245 1850 carnem
1276 1804 1424 1861 gesta
1471 1796 1579 1849 sint
1608 1834 1623 1860 ,
1675 1795 1792 1849 hac
1834 1795 1923 1849 ille
1983 1795 2118 1849 dicit

544 1902 665 1942 esse
688 1886 973 1956 allegorica
1008 1904 1022 1941 :
1052 1894 1107 1940 ut
1147 1902 1243 1940 nos
1272 1886 1402 1955 quid
1445 1884 1750 1941 faciendum
1787 1886 1859 1939 sit
1908 1886 1959 1939 in
2007 1900 2113 1939 ca-

546 1978 677 2031 teris
706 1976 1035 2040 noverimus,
1059 1975 1191 2029 etin
1229 1975 1314 2029 his
1354 1975 1617 2039 maxime,
1656 1974 1707 2027 in
1744 1973 1943 2041 quibus
1977 1972 2111 2027 nihil
2144 1951 2188 2006 Β

544 2068 724 2122 divina
753 2068 868 2137 lege
894 2068 1113 2136 dignum
1144 2066 1401 2121 historica
1428 2066 1643 2119 videtur
1692 2064 1940 2119 indicare
1988 2079 2113 2117 nar-

544 2162 703 2215 ratio.
740 2177 760 2211 ›
794 2159 1026 2213 Humilia
1062 2158 1128 2211 M
1158 2159 1215 2211 in
1258 2157 1424 2211 Leuit.
1451 2170 1601 2211 num.
1634 2154 1670 2209 2
1698 2173 1712 2208 :
1738 2173 1757 2207 ι
1798 2154 1930 2209 Cum
1966 2152 2115 2208 Scri—

545 2261 735 2320 pturas
776 2250 897 2319 quis
934 2248 1087 2320 legit,
1120 2259 1175 2302 et
1203 2247 1433 2300 litteram
1469 2245 1686 2315 quidem
1727 2243 1993 2311 sequitur,
2028 2240 2115 2296 in—

545 2340 816 2395 tellectum
864 2347 1043 2394 autem
1080 2340 1326 2410 repudiat
1355 2334 1699 2407 spiritalem,
1742 2333 1833 2389 hic
1883 2343 2113 2387 matrem

545 2431 759 2498 quidem
790 2427 1087 2483 lsraelitam
1124 2428 1316 2490 habet,
1359 2427 1413 2480 id
1452 2432 1536 2480 est
1578 2423 1853 2487 litteram;
1894 2434 2113 2476 sensum

546 2536 693 2587 vero,
725 2520 847 2588 quia
881 2519 1179 2588 spiritalem
1210 2532 1315 2573 non
1358 2516 1605 2586 sequitur
1629 2554 1644 2581 ,
1676 2515 1771 2569 sed
1796 2512 2065 2568 carnalem
2094 2551 2111 2578 ,

546 2613 633 2665 isti
662 2623 745 2667 est
774 2610 1061 2682 Egyptius
1085 2621 1277 2680 pater:
1324 2627 1345 2662 ι
1382 2619 1436 2663 et
1466 2623 1590 2662 mox
1625 2627 1637 2662 :
1676 2624 1695 2657 ι
1731 2605 1839 2661 Nos
1875 2619 2003 2660 vero
2020 2603 2113 2675 qui

546 2720 609 2757 ex
648 2710 877 2772 utroque
921 2717 1120 2773 genere
1155 2701 1414 2755 Israelita
1441 2714 1651 2763 sumus,
1686 2707 1743 2753 et
1766 2698 2027 2762 litteram,
2059 2705 2114 2751 et

546 2795 795 2863 spiritum
823 2796 875 2847 in
905 2794 1205 2862 Scripturis
1236 2793 1437 2848 sanctis
1469 2790 1831 2846 defendimus.
1871 2808 1892 2841 ι
1924 2788 2114 2843 Tutam

546 2902 680 2942 veru
715 2886 767 2940 in
803 2887 921 2953 ejus
972 2887 1049 2941 rei
1109 2884 1432 2939 tractatione
1483 2882 1761 2937 humilium
1817 2880 2111 2943 contrivit,

545 2995 665 3049 qua
696 2979 981 3033 undecima
1000 2988 1082 3032 est
1108 2977 1161 3030 in
1190 2976 1349 3031 Num.
1381 2975 1471 3030 ubi
1504 2975 1569 3029 de
1592 2972 1953 3044 primitiarum
1974 2970 2115 3026 obla-

546 3071 693 3125 tione
725 3069 1005 3140 disputans
1038 3087 1051 3123 :
1086 3086 1109 3119 «η
1150 3068 1297 3123 lianc
1319 3082 1449 3136 ergo
1473 3066 1668 3137 legem,
1703 3082 1722 3117 ι
1753 3065 1925 3134 inquit
1960 3078 2110 3117 num.

546 3162 602 3224 1.
643 3180 662 3213 ι
706 3160 983 3217 observari
1021 3162 1182 3215 etiam
1233 3159 1530 3214 secundum
1562 3157 1838 3222 litteram,
1889 3156 2033 3211 sicut
2060 3163 2115 3209 et

545 3253 649 3305 alia
680 3252 931 3307 nonnulla
965 3291 978 3315 ,
1013 3249 1374 3305 necessarium
1401 3257 1550 3317 puto.
1593 3266 1611 3299 ι
1648 3246 1841 3302 Postea
1882 3246 1961 3300 sic
1994 3245 2111 3299 ait:

552 3362 571 3393 ι
606 3306 742 3399 Sunt
769 3340 859 3410 qui
902 3306 977 3395 ita
1004 3340 1217 3402 dicant,
1251 3338 1378 3407 quia
1402 3306 1477 3391 Isi
1530 3336 1733 3407 aliquid
1766 3333 1987 3391 omnino
2015 3334 2112 3388 ob-
2137 3306 2181 3366 θ

548 3434 871 3487 servandum
902 3440 983 3485 est
1016 3428 1312 3485 Secundum
1347 3428 1602 3494 litteram,
1637 3442 1735 3481 cur
1762 3440 1866 3480 non
1894 3433 1951 3480 et
1978 3440 2112 3479 cun-

546 3536 631 3581 cta
663 3523 987 3580 serventur?
1025 3522 1081 3577 Si
1110 3538 1236 3577 vero
1261 3522 1328 3575 ad
1359 3518 1653 3589 spiritalem
1680 3518 2108 3587 intelligentiam,

545 3633 664 3687 qua
690 3617 776 3671 lex
807 3616 1047 3671 continet
1069 3654 1085 3679 ,
1118 3613 1398 3668 referenda
1435 3622 1582 3676 sunt,
1611 3610 1745 3665 nihil
1779 3610 1997 3664 omnino
2026 3623 2111 3663 se-

545 3710 778 3764 cundum
810 3707 1045 3762 litteram
1074 3745 1091 3772 ,
1139 3705 1235 3759 sed
1271 3704 1591 3773 spiritaliter
1615 3702 1813 3757 debent
1856 3701 2115 3755 universa

544 3802 797 3857 discerni.
832 3800 942 3855 Nos
972 3808 1153 3853 autem
1192 3799 1473 3867 utriusque
1521 3794 1840 3850 assertionis
1873 3793 2107 3849 insolen-

545 3894 675 3946 tiam
730 3899 1088 3960 temperantes
1118 3929 1134 3955 ,
1183 3888 1358 3959 qualis
1401 3886 1585 3957 regula
1627 3885 1682 3941 in
1734 3884 2106 3955 hujuscemodi

543 3983 675 4053 legis
704 3982 1047 4036 sermonibus
1077 3981 1415 4036 observanda
1458 3979 1549 4044 sit,
1587 3992 1653 4034 ex
1682 3978 2004 4034 auctoritate
2027 3977 2110 4031 di-

543 4075 788 4127 vinarum
812 4070 1220 4141 Scripturarum
1252 4069 1497 4140 proferre
1532 4069 1877 4125 tentabimus.
1912 4085 1933 4119 ι
1970 4067 2106 4121 Tum

545 4160 731 4213 haberi
765 4158 897 4213 dicit
933 4158 984 4212 in
1015 4157 1292 4227 Scriptura
1326 4157 1507 4228 leges,
1540 4158 1817 4224 mandata,
1845 4156 2108 4227 iustiﬁca-

544 4252 740 4315 tiones,
766 4258 1055 4319 praeepta,
1087 4248 1397 4303 testimonia
1432 4259 1487 4303 et
1512 4246 1736 4317 judicia,
1776 4263 1808 4302 a
1855 4263 1913 4303 se
1965 4248 2109 4303 invi-

543 4358 658 4397 cem
683 4344 911 4396 discreta
937 4354 991 4395 et
1014 4342 1246 4404 diversa,
1281 4356 1399 4409 qua
1432 4340 1743 4411 neutiquam
1772 4341 2108 4411 permiscen-

543 4435 605 4489 da
635 4444 687 4486 et
716 4432 1089 4486 confundenda
1125 4431 1232 4483 sint
1258 4471 1274 4496 ,
1305 4430 1432 4485 licet
1476 4430 1589 4485 hac
1636 4430 1819 4484 omnia
1856 4445 2104 4485 nonnun-

543 4541 700 4596 quam
735 4527 896 4582 unicu
929 4525 1063 4596 legis
1090 4525 1307 4579 nomine
1353 4523 1725 4593 significentur
1763 4542 1777 4579 :
1812 4524 1985 4594 legem
2020 4539 2106 4579 er-

542 4633 605 4687 go
628 4657 644 4682 ,
673 4618 824 4689 juxta
854 4615 1166 4685 Apostolum
1192 4656 1206 4682 ,
1244 4613 1488 4669 umbram
1544 4615 1743 4669 habere
1796 4613 2102 4670 futurorum

541 4710 865 4765 honorum"o
915 4708 1123 4779 reliqua
1148 4721 1251 4762 non
1283 4708 1409 4762 item
1446 4722 1460 4761 :
1495 4724 1513 4758 ς
1550 4705 1673 4761 llac
1701 4720 1829 4777 ergo
1864 4707 2101 4775 singula,

541 4815 658 4871 quae
688 4814 1025 4870 nequaquam
1057 4799 1272 4867 penitus
1311 4797 1606 4852 secundum
1649 4796 1885 4851 litteram
1917 4799 2104 4852 obser-

541 4888 710 4942 vanda
736 4888 867 4942 dicit
897 4887 1204 4957 Apostolus,
1232 4885 1413 4939 omnia
1435 4884 1549 4940 fere
1574 4883 1713 4954 apud
1741 4884 1975 4955 Moysem
2002 4889 2101 4943 sub

540 4977 673 5049 legis
701 4978 856 5033 titulo
882 4977 1152 5046 designari
1182 4994 1195 5031 :
1227 4994 1245 5027 ι
1269 4991 1388 5045 qua
1412 4984 1586 5029 autem
1621 4975 1856 5028 mandati
1886 4978 2102 5031 nomine

541 5079 843 5135 censentur,
873 5083 999 5139 puta
1030 5069 1219 5122 isthae
1247 5085 1260 5121 :
1294 5086 1312 5117 ι
1340 5066 1456 5122 Non
1486 5068 1718 5132 occides,
1741 5084 1846 5123 nun
1892 5070 2101 5124 adulte-

540 5164 674 5217 rium
694 5162 876 5225 facies,
894 5176 999 5215 non
1032 5159 1293 5215 furaberis
1314 5160 1382 5225 δι,
1408 5178 1427 5212 ι
1462 5170 1515 5215 et
1546 5160 1746 5231 reliqua
1773 5161 2099 5231 hujusmodi,

540 5254 828 5307 secundum
858 5252 1091 5306 litteram
1131 5266 1249 5307 esse
1299 5251 1669 5318 observanda;
1726 5268 1849 5309 nam
1906 5272 1925 5305 ι
1965 5255 2103 5322 Quid

540 5360 668 5413 opus
698 5353 782 5401 est
812 5344 866 5399 in
898 5343 1209 5415 allegoriam
1237 5358 1497 5412 quaerere,
1525 5358 1647 5399 cum
1674 5344 1901 5400 adificet
1929 5346 2099 5399 etiam

540 5433 759 5490 littera?
790 5454 809 5489 ι
849 5434 972 5490 inde
1012 5434 1089 5487 sic
1130 5433 1404 5489 concludit
1462 5450 1478 5488 :
1533 5450 1551 5484 ι
1593 5434 1941 5490 Ostendimus
1971 5449 2102 5503 ergo

482 5552 483 5557 π
537 5542 657 5583 esse
676 5528 919 5599 quadam
949 5541 1066 5595 qua
1114 5525 1335 5581 omnino
1384 5540 1490 5579 non
1538 5534 1667 5578 sunt
1715 5526 1981 5579 servanda
2010 5540 2102 5580 se-

536 5621 771 5677 cundum
804 5619 1038 5674 litteram
1086 5618 1235 5687 legis,
1266 5626 1321 5671 et
1345 5631 1466 5671 esse
1492 5617 1875 5686 quadamqua
1900 5616 2102 5687 allego-

528 5714 633 5798 ‘ria
660 5711 870 5781 penitus
893 5710 1181 5765 immutare
1205 5722 1308 5763 non
1334 5708 1511 5774 debet,
1546 5708 1643 5763 sed
1669 5709 2000 5777 omnimode,
2025 5711 2097 5766 ita

609 5911 654 5943 “
686 5909 853 5966 Hebr.
890 5928 943 5979 x,
981 5913 1029 5965 l.

1122 5913 1163 5944 “
1196 5912 1349 5967 Rom.
1377 5929 1497 5978 xm,
1532 5914 1583 5968 9.
1662 5913 1705 5945 "
1733 5913 1929 5970 Cenes.
1956 5932 2019 5983 ιι,
2044 5916 2134 5971 24.

2218 701 2466 756 Ostendit
2489 701 2833 771 postmodum
2858 702 3036 771 aliqua
3082 704 3375 758 secundum
3408 703 3643 758 litteram
3671 718 3788 759 ser-

2217 793 2393 847 vanda
2427 806 2570 856 esse,
2619 802 2674 848 et
2716 792 3065 861 allegoricqu
3092 801 3271 849 tamen
3305 809 3521 850 sensum
3547 796 3786 866 comple-

2217 882 2312 948 cti,
2334 883 2480 939 velut
2519 884 2647 939 illud
2680 901 2694 938 :
2740 902 2759 936 ι
2792 883 3022 953 Propter
3056 886 3161 941 hoc
3208 886 3473 955 relinquet
3497 885 3662 942 homo
3692 902 3785 958 pa-

2218 986 2355 1030 trem
2383 986 2438 1030 et
2459 985 2711 1043 matrem,
2751 985 2805 1030 et
2846 977 3143 1032 adhaerebit
3187 978 3343 1032 uxori
3371 993 3515 1043 sua,
3545 990 3600 1033 et
3626 987 3787 1034 erunt

2216 1066 2324 1121 duo
2374 1067 2428 1121 in
2470 1081 2635 1122 carne
2683 1081 2788 1121 una
2811 1066 2880 1131 δ’,
2919 1085 2937 1119 ι
2978 1067 3124 1137 quod
3170 1068 3325 1137 juxta
3371 1066 3688 1138 Apostolum
3732 1079 3789 1124 et

2216 1157 2476 1227 mysteria
2514 1158 2777 1221 continet,
2812 1166 2867 1212 et
2893 1158 3187 1213 secundum
3217 1158 3454 1212 litteram
3489 1158 3786 1213 observan-

2216 1246 2345 1300 dum
2374 1256 2479 1301 est.
2515 1246 2572 1300 ln
2620 1247 2722 1301 hoc
2771 1249 2935 1301 etiam
2986 1263 3154 1302 censu
3200 1262 3261 1301 ea
3307 1248 3540 1303 collocat
3572 1264 3693 1317 qua
3720 1250 3786 1303 de

2216 1337 2439 1392 lsmaele
2463 1349 2517 1393 et
2535 1339 2719 1393 lsaaco
2747 1339 2798 1392 in
2822 1338 3117 1407 Scripturis
3146 1338 3342 1393 tradita
3372 1340 3441 1393 ad
3471 1339 3782 1408 allegoriam

2216 1426 2419 1483 Paulus
2446 1428 2653 1493 retulit,
2697 1437 2753 1483 et
2784 1442 2903 1497 qua
2941 1429 3008 1484 de
3051 1429 3306 1496 primitiis
3328 1427 3621 1484 oll'erendis
3657 1421 3784 1483 s'an—

2215 1522 2454 1577 ciuntur.
2532 1518 2818 1591 Subjungit
2869 1520 3099 1590 denique
3153 1535 3168 1573 :
3232 1538 3251 1572 ι
3320 1520 3667 1577 Ostendimus
3703 1522 3784 1591 (ut

2215 1612 2426 1681 opinor)
2455 1611 2781 1665 auctoritate
2812 1608 3109 1681 Scriptura
3139 1610 3356 1676 divina,
3391 1627 3458 1666 ex
3481 1611 3549 1666 iis
3578 1625 3701 1681 qua
3728 1610 3783 1663 in

2215 1702 2332 1773 lege
2356 1702 2555 1771 scripta
2588 1709 2738 1765 sunt,
2765 1700 2944 1771 aliqua
2970 1701 3186 1771 penitus
3216 1699 3529 1771 refugienda
3560 1717 3703 1767 esse,
3725 1712 3782 1759 et

2215 1790 2452 1845 cavenda
2492 1804 2560 1843 ne
2590 1790 2885 1845 secundum
2936 1791 3173 1846 litteram
3213 1792 3282 1848 ab
3322 1792 3596 1863 Evangelii
3627 1794 3787 1851 disci-

2216 1880 2357 1951 pulis
2412 1880 2819 1947 observentur;
2862 1882 3104 1950 quadam
3163 1897 3288 1937 vero
3339 1884 3644 1939 omnimode
3672 1926 3688 1953 ,
3724 1894 3784 1939 ut

2215 1973 2413 2042 scripta
2436 1981 2581 2038 sunt,
2603 1972 2892 2027 obtinenda
2916 1988 2931 2037 ;
2982 1972 3086 2026 alia
3117 1981 3297 2027 autem
3325 1973 3530 2029 habere
3563 1975 3781 2046 quidem

2213 2064 2506 2119 secundum
2537 2062 2783 2117 litteram
2815 2064 3101 2118 veritatem
3132 2063 3213 2117 sui
3242 2104 3259 2131 ,
3313 2063 3553 2134 recipere
3603 2075 3779 2121 tamen

2212 2152 2420 2209 utiliter
2461 2161 2515 2207 et
2548 2153 2863 2209 necessario
2895 2156 3059 2208 etiam
3094 2154 3447 2225 allegoricum
3479 2169 3721 2212 sensum.
3758 2177 3780 2210 ι

2212 2243 2389 2312 Atque
2418 2257 2605 2298 eorum
2660 2244 3047 2299 discretionem
3108 2246 3340 2314 sapienti
3374 2245 3780 2315 Scripturarum

2214 2335 2499 2403 interpreti
2533 2335 2819 2403 permittit.
2856 2334 3080 2389 Constat
3124 2347 3271 2391 certe
3325 2336 3598 2407 plerisque
3649 2339 3783 2394 locis

2213 2438 2434 2478 sensum
2467 2434 2759 2494 utrumque
2798 2424 3085 2479 admittere
3109 2424 3338 2480 Codices
3373 2441 3580 2492 sacros,
3617 2436 3675 2482 ut
3706 2438 3784 2482 te-

2221 2514 2319 2569 stis
2372 2522 2455 2568 est
2513 2513 2628 2583 ipse
2680 2511 2879 2566 Paulus
2924 2509 2945 2565 ἓ
2995 2511 3121 2567 Cur.
3152 2514 3365 2579 x,i,et
3400 2512 3788 2580 Galat.iv,24,

2214 2614 2424 2660 constat
2450 2615 2506 2659 et
2532 2604 2685 2670 illud,
2718 2603 2887 2659 solam
2916 2606 2967 2657 in
3010 2604 3285 2658 nonnullis
3328 2603 3637 2675 allegoriam
3664 2620 3783 2660 esse

2214 2696 2621 2767 requirendam;
2645 2696 2906 2766 quidquid
2931 2707 3118 2751 contra
3150 2698 3448 2752 obtendant
3474 2697 3781 2754 scholastici

2213 2796 2457 2862 quidam;
2490 2793 2635 2849 velut
2688 2797 2776 2849 ubi
2817 2794 2885 2848 de
2931 2803 3228 2864 spontanea
3263 2796 3348 2851 sui
3384 2796 3549 2864 ipsius
3580 2809 3784 2854 castra-

2216 2886 2360 2939 tione
2397 2886 2647 2940 Christus
2702 2885 2941 2956 loquitur
2978 2904 2991 2939 :
3032 2898 3196 2957 atque
3241 2889 3293 2942 in
3330 2888 3448 2944 istis
3480 2904 3667 2944 verum
3700 2901 3785 2945 est

2213 2977 2356 3045 quod
2388 2978 2464 3029 ait
2498 2976 2859 3047 Hieronymus
2892 2977 3114 3047 Apolog.
3161 2994 3175 3032 ι
3212 2981 3265 3032 in
3305 2978 3506 3048 Ruﬁn.,
3556 2995 3674 3050 cap.
3726 2981 3779 3037 6.

2219 3085 2239 3120 ι
2275 3068 2497 3136 Quando
2522 3070 2642 3124 dico
2674 3069 2937 3139 tropicam
2988 3070 3400 3139 intelligentiam
3429 3110 3446 3137 ,
3486 3075 3653 3129 doceo
3682 3088 3776 3130 ve-

2214 3176 2329 3216 rum
2363 3175 2468 3215 non
2508 3175 2629 3216 esse
2672 3163 2816 3231 quod
2851 3161 3071 3227 dicitur,
3127 3165 3220 3217 sed
3275 3163 3546 3235 allegoriae
3597 3164 3790 3220 nubilo

2214 3253 2525 3323 figuratum.
2567 3272 2586 3304 ι
2615 3252 2730 3307 Non
2778 3252 2942 3307 alium
2976 3267 3159 3308 autem
3199 3254 3322 3310 aliis
3351 3256 3530 3311 inesse
3559 3272 3788 3313 sensum

2216 3360 2374 3414 quam
2403 3345 2719 3400 historicum
2749 3358 2971 3401 censent
3000 3346 3186 3416 aliqui.
3209 3347 3279 3401 At
3310 3346 3569 3419 Origenes
3600 3350 3783 3403 etiam-

2214 3438 2258 3491 si
2293 3437 2434 3491 hunc
2457 3437 2795 3492 solummodo
2826 3436 2878 3491 in
2926 3436 3196 3507 aliquibus
3218 3440 3605 3508 requirendum
3661 3454 3782 3495 esse

2211 3544 2430 3585 sensum
2460 3537 2632 3598 putet,
2678 3544 2748 3584 ne
2777 3531 2892 3584 hac
2920 3530 3134 3599 quidem
3170 3539 3345 3586 tamen
3386 3532 3661 3603 mysteriis
3687 3548 3787 3586 va-

2211 3638 2333 3679 care
2360 3625 2671 3690 existimat;
2711 3624 2869 3695 hujus
2904 3627 3047 3679 enim
3095 3626 3225 3680 illud
3259 3627 3664 3695 pronuntiatum
3696 3634 3780 3680 est

2212 3717 2398 3771 homil.
2435 3718 2459 3771 1
2511 3717 2565 3770 in
2594 3714 2795 3784 Exod.,
2830 3734 2977 3772 num.
3017 3721 3073 3773 ι.
3112 3738 3130 3770 ι
3173 3718 3284 3789 Ego
3344 3720 3576 3774 credens
3604 3718 3791 3774 verbis

2212 3806 2423 3861 Domini
2454 3808 2559 3862 mei
2608 3805 2735 3863 Jesu
2768 3807 2993 3873 Christi,
3038 3809 3089 3863 in
3139 3809 3255 3879 lege
3284 3818 3339 3863 et
3368 3809 3645 3879 prophetis
3672 3811 3781 3864 iota

2208 3896 2427 3966 quidem
2463 3913 2669 3965 unum,
2714 3907 2809 3953 aut
2853 3914 3019 3952 unum
3071 3899 3277 3968 apicem
3329 3914 3437 3953 non
3502 3908 3633 3968 puto
3662 3914 3789 3955 esse

2208 3988 2481 4059 mysteriis
2508 4002 2753 4055 vacuum,
2788 4002 2887 4044 nec
2924 4000 3051 4059 puto
3087 3990 3290 4059 aliquid
3319 3991 3506 4045 horum
3541 3992 3779 4047 transire

2206 4094 2388 4151 posse,
2418 4078 2590 4135 donec
2612 4082 2791 4135 omnia
2818 4080 2967 4135 fiant.
3009 4099 3028 4133 ι
3062 4079 3215 4137 Unde
3246 4082 3341 4136 lib.
3401 4099 3454 4136 1v
3501 4082 3639 4152 Περὶ
3672 4082 3779 4153 ἀρ-

2207 4168 2352 4239 χῶν,
2407 4184 2554 4222 num.
2608 4168 2677 4224 26
2749 4178 2803 4224 et
2832 4168 2926 4237 27,
2978 4171 3240 4241 pleraque
3289 4169 3585 4241 Scriptura
3613 4188 3779 4228 sacra

2210 4261 2471 4331 mysteria
2498 4260 2806 4316 hominibus
2830 4260 3149 4330 ignorabilia
3168 4278 3286 4318 esse
3308 4264 3470 4318 fatur.
3503 4262 3786 4333 Pcrpauca-

2208 4352 2423 4420 quidem
2452 4390 2466 4415 ,
2502 4353 2599 4405 sed
2642 4354 2707 4406 ad
2740 4354 3075 4422 purgandum
3108 4354 3392 4425 Origenem
3429 4356 3562 4411 satis
3615 4372 3785 4427 appu-

2206 4440 2307 4495 sita
2360 4440 2581 4509 prOtulit
2628 4442 2893 4513 Apologia
2942 4456 3132 4497 auctor
3175 4460 3205 4499 e
3250 4445 3344 4503 lib.
3388 4462 3426 4502 ιι
3484 4449 3624 4517 Περὶ
3682 4448 3783 4516 dp-

2206 4528 2352 4599 χῶν,
2380 4546 2497 4601 cap.
2523 4530 2579 4594 2,
2620 4548 2811 4602 magna
2846 4548 2909 4587 ex
2938 4545 3095 4605 parte
3140 4541 3330 4604 petita,
3360 4537 3413 4591 in
3448 4538 3644 4607 quibus
3673 4538 3767 4594 Ve-

2210 4621 2342 4675 teris
2371 4620 2698 4676 Testamenti
2735 4624 3015 4691 historias,
3048 4642 3153 4681 non
3185 4628 3402 4683 lictitias
3423 4668 3438 4694 ,
3482 4631 3576 4684 sed
3620 4644 3778 4684 veras

2209 4726 2331 4768 esse
2354 4713 2635 4780 pradicat,
2666 4722 2721 4769 et
2748 4718 2815 4771 ab
2840 4717 2907 4772 iis
2937 4720 3248 4774 necessario
3278 4720 3660 4787 admittendas,
3683 4722 3775 4791 qui

2208 4804 2437 4859 salutem
2490 4804 2714 4875 adipisci
2768 4809 3014 4878 cupiunt.
3066 4810 3206 4877 Quid
3262 4812 3407 4879 quod
3459 4812 3779 4868 bistoricam

2207 4909 2368 4965 sape,
2398 4897 2775 4965 mysticam,et
2807 4899 3065 4954 moralem
3089 4903 3140 4955 in
3174 4899 3454 4971 Scriptura
3485 4904 3779 4973 expositio-

2207 5001 2330 5040 nem
2361 4987 2623 5051 rimatur;
2660 4988 2805 5042 velut
2840 4990 3028 5046 homil.
3062 4991 3127 5045 Π
3176 4993 3233 5045 in
3276 4990 3465 5047 Cenes.
3500 4993 3783 5050 disserens

2209 5078 2275 5132 de
2304 5078 2771 5134 benedictionibus
2811 5082 3283 5151 patriarcharum:
3321 5101 3339 5135 ι
3382 5082 3513 5150 Qua
3552 5099 3660 5150 res,
3687 5084 3773 5138 in-

2207 5171 2323 5239 quit
2347 5186 2492 5224 num.
2527 5172 2578 5238 1,
2612 5174 2768 5227 nobis
2796 5174 3120 5243 tripartitam
3159 5174 3243 5246 (ut
3271 5177 3324 5229 in
3368 5177 3490 5230 aliis
3519 5174 3781 5237 fecimus)

2208 5260 2598 5329 explanationis
2638 5264 2919 5318 materiam
2952 5267 3172 5335 subjicit
3195 5308 3211 5335 ,
3238 5268 3311 5321 ita
3346 5277 3402 5321 ut
3438 5267 3770 5322 benedictio-

2206 5368 2305 5408 nes
2334 5354 2578 5409 historiae
2626 5356 2801 5411 lucum
2847 5370 3082 5425 servent,
3109 5360 3399 5432 prophetia
3427 5375 3556 5416 vero
3585 5359 3775 5430 mysti-

2210 5460 2330 5501 cum
2378 5456 2542 5516 atque
2585 5448 2976 5517 dogmaticum,
3020 5468 3228 5508 morum
3276 5454 3545 5521 correptio
3580 5460 3638 5506 et
3679 5450 3775 5504 ob-

2202 5533 2440 5605 jurgatio
2470 5536 2726 5591 moralem
2755 5539 2951 5609 dirigat
2979 5540 3175 5612 stylum
3204 5560 3216 5595 :
3257 5562 3277 5593 s
3308 5550 3471 5610 atque
3505 5537 3781 5606 triplicem

2209 5623 2345 5678 hanc
2373 5624 2805 5693 explanationem
2837 5629 2891 5683 in
2926 5629 3129 5699 reliqua
3162 5630 3384 5685 humilia
3409 5627 3781 5700 persequitur.

2207 5712 2336 5781 Qua
2366 5715 2584 5785 quidem
2632 5717 2684 5772 in
2718 5717 2968 5786 Origenis
3016 5722 3244 5790 gratiam
3277 5721 3347 5777 ab
3388 5715 3785 5787 interpretibus
