2085 3212
223 176 292 204 1075

643 175 930 205 ORIGENIANOBUM
951 177 1015 204 LIB.
1036 178 1068 211 ll,
1089 179 1164 206 CAP.
1186 179 1218 212 ll,
1238 178 1378 212 QUIEST.
1394 177 1465 205 XIV.

1771 179 1840 208 1074

220 234 335 261 conllcta
354 237 381 259 et
396 232 556 267 interpolata
580 240 614 260 ne
641 241 753 261 causere
770 243 776 261 :
794 241 857 261 ecce
873 235 945 261 enim
960 234 1007 261 tibi
1022 236 1046 265 Α
1061 241 1116 262 rem
1132 235 1158 262 in
1174 235 1315 270 propatulo
1324 235 1487 271 positam,et
1496 235 1614 262 omnium
1627 235 1713 263 oculis
1722 236 1841 272 obviam,

223 280 297 307 illum
315 284 387 307 torno
395 287 429 306 xv
437 280 464 306 in
476 279 583 311 ΜαιιΙι..
599 288 673 307 num.
693 281 739 313 l5,
757 288 818 316 pag.
834 281 896 314 67‘2,
908 282 1008 309 dictum

222 325 274 353 hoc
288 325 388 352 Christi
406 334 412 352 :
433 333 442 350 ‹
463 323 491 351 Si
509 325 549 352 vis
566 324 702 359 perfectus
722 333 802 358 esse,
822 327 905 359 vade,
923 327 1010 354 vende

223 379 283 406 qum
306 370 402 402 habes,
423 375 451 398 et
467 371 500 398 da
515 370 678 405 pauperibus
698 370 732 403 ⁸³,
752 381 761 397 ι
784 371 817 398 ad
841 371 1007 406 allegoriam,

223 422 312 450 spreta
344 416 433 443 littera
469 415 589 443 converti
613 420 747 444 vetantem
761 417 775 450 ,‘
798 422 825 444 et
844 424 877 443 ne
899 417 960 451 quis
983 417 1009 443 id

224 466 355 489 attentare
384 461 496 496 audeat},
517 461 638 489 historiis
657 461 827 488 ethnicorum
849 461 1009 496 quibusdam

225 507 432 534 absterrentem.

259 550 291 578 V.
308 550 363 586 (39)
374 549 422 577 His
437 550 636 578 animadversis
652 549 742 578 facilis
754 554 796 577 est
809 550 865 585 jam
881 550 1012 585 dijudica-

223 596 272 627 tio,
289 603 402 630 aequane
418 603 533 624 censura
548 596 692 630 Origenem
702 596 842 623 vexaverit
852 595 1010 624 Eustathius

225 641 423 674 Antiochenus,
443 642 489 677 qui
504 642 637 670 acerrime
648 650 703 677 prae
718 641 829 676 reliquis
845 642 930 678 ipsius
946 643 1010 670 alle-

222 687 313 721 gorias
335 687 487 715 insectatus
512 692 553 715 est
577 689 603 715 iii
630 688 805 724 Diagnostico
823 689 856 716 de
870 689 1011 725 Engastri-

224 734 325 770 mytho.
343 734 383 762 Ac
398 736 515 770 primum
531 735 557 762 id
568 736 702 770 queritur,
713 743 774 763 eum
791 740 890 763 caetera
908 736 1012 771 allego-

223 780 271 807 riis
286 780 386 815 alioqui
408 785 565 816 pervertere
587 781 696 809 solitum
710 802 718 814 ,
732 782 797 810 deos
814 781 874 809 illos
891 788 960 816 quos
978 784 1011 810 de

222 830 295 852 terra
321 827 501 854 ascendentes
516 827 608 854 videre
635 834 665 855 se
690 827 765 855 Sauli
791 828 898 855 dicebat
916 827 1012 864 Pytho-

222 871 295 899 iilssa
319 871 330 898 l
361 871 434 907 Reg.
453 880 549 905 xxvm,
574 873 609 900 15
622 892 629 906 ,
647 873 680 901 ad
706 873 823 901 litteram
841 875 1008 909 exposuisse.

221 917 348 945 Profecto
370 918 405 945 de
432 917 477 945 illa
503 918 640 947 Samuelis
663 920 822 947 evocatione
840 920 910 947 idem
937 920 1009 955 quod

222 961 353 998 Origenes
366 964 473 998 plurimi
490 965 677 998 tradiderunt,
701 969 730 993 ut
744 966 866 994 dicemus
882 966 961 994 infra.
979 967 1007 994 lii

224 1015 257 1036 eo
268 1013 358 1036 autem
383 1011 454 1044 quod
472 1011 596 1046 angelum
620 1010 700 1039 simul
717 1019 779 1039 cum
793 1011 839 1039 illo
856 1013 1010 1040 ascendisse

221 1060 297 1083 ratus
313 1061 366 1088 est,
386 1057 533 1085 multorum
552 1065 657 1093 quoque
670 1057 782 1092 juvatur
801 1058 947 1095 sullragiis,
963 1059 1010 1094 qui

221 1101 330 1136 angelos
346 1102 544 1138 ψυχοπομποὺς
561 1104 708 1132 animabus
720 1104 869 1140 adiungunt
881 1125 888 1137 ,
916 1113 1010 1140 quem-

222 1148 366 1175 admodum
388 1150 514 1184 superius
539 1151 718 1180 ostendimus.
742 1151 849 1178 Nullam
876 1159 941 1186 ergo
967 1153 1009 1180 sui

222 1194 350 1229 carpendi
367 1202 460 1223 ansam
476 1196 521 1223 hic
534 1196 644 1224 obtulit.
657 1197 796 1225 Diﬂicilior
810 1197 868 1232 ejus
884 1197 953 1225 l'oret
967 1198 1011 1224 de-

223 1239 329 1274 fensio,
350 1241 372 1268 si
389 1241 414 1268 id
431 1241 592 1276 objecisset,
609 1243 681 1277 quod
694 1250 708 1270 a
725 1243 817 1270 multis
832 1243 915 1278 objici
930 1243 1009 1277 solet,

220 1286 312 1313 omnia
332 1294 394 1315 eum
418 1287 475 1316 fere
496 1288 522 1316 in
540 1290 716 1324 allogoricum
741 1290 856 1317 traxisse
879 1297 988 1318 sensum
1002 1310 1010 1323 ,

223 1336 403 1367 praeterquam
416 1333 482 1361 illud
495 1333 684 1371 Sospitatoris,
701 1343 755 1370 quo
771 1335 953 1363 voluntariam
969 1335 1011 1364 sui

224 1377 316 1412 ipsius,
336 1379 456 1407 caelestis
477 1381 553 1416 regni
570 1380 753 1416 consequendi
770 1388 863 1415 causa,
877 1382 1011 1410 exsectio-

222 1430 284 1450 nem
306 1425 497 1459 commendat,
521 1430 548 1454 et
569 1426 635 1454 illud
654 1434 707 1461 quo
722 1427 831 1454 unicam
849 1428 1010 1455 servandam

225 1471 358 1505 tunicam,
371 1471 521 1505 abjicienda
539 1472 733 1505 calceamenta,
751 1473 777 1500 iii
790 1473 939 1500 crastinum
951 1480 1013 1501 neii-

226 1515 330 1550 tiquam
354 1518 578 1553 prospiciendum
596 1525 655 1546 esse
674 1519 728 1551 ait;
750 1526 810 1554 quae
836 1519 1010 1554 allegoricam

224 1569 313 1591 tamen
330 1564 582 1599 interpretationem
607 1564 725 1592 maxime
749 1565 870 1592 omnlum
888 1565 1010 1600 postula-
1025 1575 1047 1606 ρ

222 1608 298 1636 bant.
310 1608 435 1637 Attamen
454 1610 615 1638 temerarius
628 1609 756 1645 juvenilis
769 1610 858 1637 aetatis
873 1609 949 1638 calor
965 1617 1012 1637 ex-

221 1655 356 1682 cusationi
381 1660 443 1688 est,
471 1663 525 1691 quo
552 1656 660 1691 vigente
687 1656 752 1684 talia
779 1657 942 1690 attentavit;
963 1657 1011 1684 sed

221 1701 419 1735 prodeuntibus
430 1703 510 1730 annis
525 1706 644 1730 mutasse
666 1703 809 1731 consilium
826 1703 853 1731 id
869 1703 934 1731 mihi
951 1711 1012 1738 per-

222 1745 329 1777 suadet,
343 1747 414 1779 quod
432 1751 610 1782 spontaneam
629 1748 827 1775 castrationem
841 1748 1013 1776 damnaverit

223 1794 289 1817 toni.
307 1798 342 1818 xv
353 1792 380 1818 in
398 1792 509 1824 Matt/1.,
522 1800 597 1819 num.
609 1792 636 1826 Ξ,
653 1801 715 1828 pag.
734 1793 797 1827 655,
813 1794 917 1821 utalibi
936 1802 950 1821 a
967 1802 1014 1822 no-

222 1834 264 1861 liis
276 1835 449 1863 observatum
464 1840 515 1864 est.
531 1835 654 1863 Alterum
678 1837 705 1864 id
731 1836 886 1872 expostulat
912 1837 1012 1864 Eusta-

222 1880 313 1913 thius,
336 1881 407 1916 quod
424 1881 581 1917 paradisum
598 1887 754 1910 terrestrem
769 1903 777 1916 ,
803 1887 831 1909 et
854 1882 1013 1910 fructiferas

222 1927 342 1961 paradisi
368 1929 482 1956 arbores
501 1929 648 1965 allegorica
665 1929 838 1964 expositione
850 1929 1011 1957 aboleverit.

223 1971 280 2000 lloc
296 1973 382 2007 ipsum
399 1974 456 2001 fere
479 1975 617 2002 criminati
634 1980 720 2009 sunt,
736 1979 871 2010 quotquot
884 1975 1013 2011 allegori-

222 2026 269 2046 cas
295 2019 381 2053 ipsius
405 2021 645 2055 interpretationes
674 2021 820 2049 damnasse
845 2022 1009 2051 notavimus.

222 2066 256 2092 At
276 2067 461 2100 patrocinatur
484 2067 561 2095 Pliilo
582 2067 701 2102 Iudaeus,
717 2075 733 2096 e
753 2066 830 2102 cujus
849 2068 926 2097 libris
942 2069 1014 2104 Περὶ

221 2112 429 2147 κοσμοποιίας,
444 2118 472 2140 et
484 2113 600 2149 Allegor.
620 2113 671 2149 leg.
688 2115 715 2146 Ι,
734 2122 811 2142 suam
829 2115 862 2142 de
885 2115 1013 2149 paradiso

220 2157 383 2185 sententiam
401 2164 541 2187 mutuatus
566 2164 617 2187 est.
643 2159 740 2187 Futilis
764 2164 805 2187 est
821 2168 938 2195 sequens
960 2161 1013 2188 Eii-

221 2203 316 2231 stathii
335 2195 470 2232 cavillatio
493 2205 520 2232 in
536 2205 668 2233 vocabulo
696 2204 792 2241 μῦθος,
818 2215 873 2242 quo
890 2207 1012 2242 paradisi

222 2250 365 2277 historiam
398 2249 530 2286 Origenes
559 2251 725 2286 appellavit,
753 2259 815 2279 cum
842 2253 1012 2287 grammatici
1029 2249 1051 2276 Ι)

222 2297 310 2324 sciant
324 2296 409 2331 μύθου
427 2298 537 2325 nomine
553 2305 597 2325 res
613 2305 721 2332 quoque
737 2306 802 2327 vere
821 2304 912 2334 gestas
926 2299 1012 2335 signi-

222 2340 308 2374 ﬁcari,
335 2343 564 2377 quemadmodum
579 2343 756 2372 historiarum
778 2345 888 2373 nomine
914 2345 1012 2374 fabula:

220 2394 330 2421 quoque
354 2395 550 2424 nonnunquam
567 2390 765 2426 intelliguntur.
782 2390 944 2425 Propertius
963 2392 1011 2419 lib.

221 2440 258 2466 iv,
273 2433 351 2464 Elea.
369 2435 381 2461 l
399 2444 406 2462 :
426 2434 563 2463 Hactenus
580 2436 714 2469 historiaz,
726 2444 788 2464 cum
805 2437 893 2472 Troja:
907 2437 1014 2466 fabulas

220 2477 318 2506 fuisset
328 2485 498 2514 persecutus.
511 2481 604 2516 Pergit
621 2483 753 2517 conqueri
765 2483 926 2511 Eustathius
939 2486 1012 2519 quod

220 2522 338 2552 etfossos
355 2524 389 2552 ab
402 2525 559 2555 Abrahamo
573 2533 667 2562 puteos
684 2529 711 2556 iii
727 2529 888 2565 allegoriam
903 2529 1012 2557 deriva~

221 2568 304 2601 verit,
323 2570 369 2604 qui
382 2577 431 2598 sua
452 2576 543 2599 tamen
558 2577 638 2600 atate
656 2579 830 2609 supererant,
852 2573 952 2601 Verum
970 2574 1012 2601 vel

223 2615 287 2641 illud
301 2620 467 2651 postremum
489 2617 613 2652 iniquam
632 2619 692 2654 ejus
706 2620 925 2647 criminationem
943 2620 1010 2648 satis

223 2660 337 2695 refellit,
364 2670 428 2689 nam
454 2662 565 2699 Origeni
580 2665 627 2699 qui
647 2670 686 2692 tot
711 2666 739 2693 in
763 2666 856 2693 Iudaea
882 2671 1013 2702 transegit.

222 2714 308 2734 annos
320 2728 327 2738 ,
344 2708 427 2742 ignoti
450 2717 511 2737 esse
534 2717 587 2737 non
604 2715 751 2745 potuerunt
766 2712 792 2739 hi
810 2713 901 2747 putei;
920 2717 1012 2740 tamne

222 2760 286 2780 vero
305 2754 418 2789 projecti
444 2755 532 2789 ipsum
558 2756 671 2791 pudoris
696 2757 781 2785 fuisse
807 2759 966 2790 credemus,
982 2764 1011 2785 ut

276 2813 299 2828 ⁵⁸
313 2813 407 2841 Matth.
422 2822 479 2847 xtx,
490 2815 535 2843 2|.

259 2860 315 2892 (59)
332 2860 382 2888 His
402 2863 591 2900 animadversis
610 2864 698 2898 facilis
717 2868 755 2891 est
766 2865 824 2900 jam
841 2865 1010 2900 dijudicalio,

223 2903 330 2930 mquaue
346 2904 456 2924 ceiisui'a
477 2898 615 2933 Origcnzm
639 2898 772 2927 enaverit
788 2898 940 2928 Eustathius
957 2902 1011 2927 An-

1058 281 1270 308 commentitiam
1284 288 1345 309 esse
1361 289 1393 309 ac
1415 281 1536 308 llctitiam
1552 281 1743 309 atlirmaverit'l
1756 283 1842 311 lsaaci

1057 331 1190 361 praetcrea
1202 332 1229 354 et
1244 327 1374 355 Rebeccm
1388 335 1431 355 res
1448 332 1536 362 gestas
1549 327 1707 355 immutasse
1719 336 1779 356 eum
1798 336 1842 356 re-

1058 371 1120 398 fert.
1136 372 1214 399 Certe
1228 372 1337 400 homilia
1350 372 1383 400 l0
1396 373 1421 399 in
1435 371 1629 408 Gener.,quam
1643 374 1687 402 liic
1701 375 1843 409 designas-

1060 424 1089 443 se
1103 417 1210 445 videtur
1230 418 1389 446 Eustathius
1400 438 1408 451 ,
1426 419 1450 446 id
1468 419 1550 446 habet
1563 420 1708 453 Origenes,
1725 428 1799 447 num.
1815 420 1843 447 4.

1061 472 1071 489 ‹
1089 462 1165 497 Saape
1178 464 1233 498 jam
1257 464 1311 491 dixi
1336 464 1406 499 quod
1423 465 1448 492 in
1465 465 1506 492 his
1521 472 1573 493 non
1591 465 1713 492 historiae
1730 473 1843 492 narran-

1061 514 1115 541 tur,
1127 510 1172 536 sed
1183 510 1312 545 mysteria
1328 514 1529 538 contexuntur:
1549 520 1559 536 ι
1578 511 1649 545 quod
1661 511 1695 537 ita
1715 511 1843 545 intelligo,

1061 555 1164 580 narrari
1180 554 1308 582 historias
1320 555 1429 590 quidem
1439 575 1447 588 ,
1459 556 1505 583 sed
1521 563 1574 582 non
1587 561 1640 582 tam
1655 556 1681 583 id
1695 557 1749 591 agi,
1763 564 1844 590 quam

1061 600 1191 635 mysteria
1213 600 1322 627 contexi
1341 608 1422 627 :cum
1444 605 1471 627 et
1493 600 1588 628 homil.
1607 600 1660 634 l5,
1687 608 1761 629 num.
1778 601 1804 632 l,
1818 601 1845 627 in

1060 644 1154 672 Cenes.
1175 644 1342 680 Scripturam
1362 650 1487 678 asserat,
1510 654 1562 674 non
1581 651 1685 673 tantum
1708 646 1846 673 historicis

1060 690 1164 717 servire
1188 690 1407 723 narrationibus,
1433 696 1563 725 quantum
1580 692 1661 718 rebus
1678 695 1705 718 ct
1721 691 1847 718 sensibus

1062 736 1195 771 mysticis.
1214 735 1260 763 Sin
1278 743 1357 763 secus
1373 737 1468 769 sensit,
1480 736 1614 763 Eustatliii
1628 735 1764 770 querelam
1785 743 1847 770 pro-

1060 780 1105 808 bo.
1125 780 1232 808 Dictum
1248 781 1311 809 illud
1327 789 1433 817 quoque
1450 783 1482 810 de
1502 782 1535 809 iis
1554 782 1645 814 velim,
1661 789 1721 817 qua:
1736 786 1847 816 peccata

1062 826 1095 853 ab
1107 833 1139 853 eo
1156 827 1228 853 circa
1247 825 1307 854 Jobi
1331 827 1471 854 historiam
1489 827 1559 854 idem
1584 827 1632 853 ait.
1647 826 1770 860 Iniquum
1783 834 1848 853 vero

1063 878 1173 906 prorsus
1189 877 1217 898 et
1229 872 1348 907 ineptum
1365 877 1408 900 est
1422 873 1493 908 quod
1516 872 1642 908 subjicit,
1659 879 1799 907 perperam
1814 871 1848 898 ab

1026 904 1047 934 Β
1061 904 1178 954 brigene
1194 904 1326 945 Lazarum
1337 938 1344 951 ,
1361 904 1440 953 quem
1454 904 1848 953 proptera'irtutem-Christus

1060 964 1206 1000 diligebat,
1226 965 1252 992 in
1270 964 1405 994 hominem
1421 965 1539 999 peccatis
1563 964 1730 991 laborantem
1748 970 1849 999 anago—

1061 1010 1119 1046 gica
1133 1011 1357 1045 interpretatione
1372 1010 1454 1038 fuisse
1468 1009 1750 1037 mutatiim.Consulat
1762 1009 1848 1036 lector

1062 1061 1165 1084 tomum
1191 1064 1297 1084 xxxviii
1311 1057 1337 1083 in
1348 1056 1441 1090 Joan.,
1456 1064 1530 1084 num.
1545 1056 1562 1083 6
1573 1076 1581 1089 ,
1605 1056 1746 1091 Origenem
1768 1055 1847 1090 culpa

1062 1104 1209 1131 immunem
1229 1103 1377 1138 comperiet
1393 1112 1400 1131 :
1418 1111 1479 1130 nani
1495 1110 1638 1138 postquam
1653 1102 1748 1129 Lazari
1765 1102 1849 1128 histo-

1062 1149 1140 1181 riam,
1155 1149 1233 1183 juxta
1250 1148 1383 1180 litteram,
1401 1147 1459 1174 fuse
1473 1147 1628 1181 explicavit,
1649 1147 1700 1173 hac
1716 1150 1849 1180 praeterea

1062 1192 1187 1219 homines
1210 1192 1312 1226 signari
1328 1191 1412 1224 addit,
1432 1191 1477 1226 qui
1492 1191 1614 1226 peccatis
1628 1190 1767 1223 admissis,
1781 1190 1849 1216 ami-

1061 1237 1125 1264 citia
1138 1245 1199 1265 cum
1213 1236 1277 1265 Jesu
1293 1238 1368 1272 prius
1380 1242 1532 1270 contracta,
1547 1237 1592 1271 qui
1611 1237 1707 1263 anima:
1721 1236 1776 1263 vita
1792 1241 1845 1268 est,

1061 1283 1207 1316 excidunt,
1226 1287 1253 1311 et
1267 1283 1344 1310 novis
1368 1290 1475 1310 rursum
1494 1283 1587 1318 gratiae
1610 1283 1718 1310 auxiliis
1739 1283 1849 1310 excitati

1061 1328 1184 1356 eamdem
1202 1333 1374 1364 recuperarit.
1390 1329 1469 1356 Aliud
1484 1333 1526 1356 est
1542 1334 1632 1356 autem
1647 1329 1772 1356 laborare
1787 1335 1850 1363 pec—

1062 1375 1141 1408 catis,
1159 1375 1230 1402 aliud
1256 1375 1375 1403 hominis
1398 1376 1517 1410 peccatis
1536 1375 1683 1403 laborantis
1701 1374 1849 1410 imaginem

1062 1431 1176 1459 gerere;
1194 1427 1361 1458 postremum
1385 1421 1437 1449 hoc
1454 1421 1560 1449 Lazaro
1578 1422 1673 1448 tribuit
1695 1421 1827 1456 Origenes
1840 1442 1848 1455 ,

1062 1469 1139 1504 prius
1148 1477 1213 1496 vero
1228 1469 1351 1496 minime.
1364 1468 1433 1501 Quid
1448 1469 1481 1495 ad
1494 1468 1632 1503 sequentia
1645 1474 1725 1502 porro
1742 1474 1850 1502 respon-

1064 1515 1142 1541 deam
1163 1521 1216 1540 iion
1231 1514 1338 1546 habeo,
1359 1514 1385 1540 in
1406 1514 1504 1548 quibus
1518 1513 1692 1541 insimulatur
1714 1513 1850 1540 Adaman-

1064 1560 1118 1587 tius
1132 1579 1140 1592 ,
1165 1560 1238 1594 quod
1263 1565 1358 1587 contra
1380 1559 1520 1594 Evangelii
1535 1559 1725 1586 auctoritatem
1743 1558 1850 1586 Iudaeos

1063 1608 1202 1642 negaverit
1220 1607 1322 1641 lapides
1340 1607 1364 1633 in
1385 1606 1521 1633 Christum
1541 1606 1679 1640 jaciendos
1695 1605 1850 1638 sustulisse,

1063 1660 1175 1687 remque
1192 1653 1224 1679 ad
1243 1652 1419 1687 ti-opologiam
1445 1652 1591 1679 deterserit
1606 1660 1613 1679 :
1629 1659 1691 1678 nam
1717 1655 1852 1679 vetustate

1063 1699 1213 1725 imminutis
1230 1697 1441 1725 Commentariis
1458 1698 1484 1724 iii
1503 1697 1645 1730 Joannem,
1659 1705 1723 1732 pars
1748 1697 1793 1724 illa
1809 1697 1851 1723 iii-

1064 1745 1182 1778 tercidit,
1199 1745 1225 1771 iii
1247 1752 1299 1779 qua
1316 1744 1372 1771 haec
1389 1744 1527 1779 Evangelii
1542 1744 1662 1771 narratio
1678 1743 1851 1779 explanatur.

1063 1791 1203 1824 Quomodo
1231 1798 1297 1825 ergo
1312 1791 1345 1817 ab
1363 1790 1479 1824 Origene
1501 1794 1611 1824 accepta
1635 1789 1691 1822 sit,
1718 1789 1852 1816 incertum

1063 1842 1113 1865 est.
1131 1838 1250 1873 Denique
1267 1845 1337 1871 aegre
1353 1838 1491 1864 Eiistatliio
1511 1841 1573 1868 est,
1591 1835 1661 1870 quod
1686 1835 1853 1870 argumentis

1063 1891 1096 1911 ex
1114 1885 1254 1911 nominum
1276 1883 1502 1916 interpretatione
1520 1881 1611 1916 petitis
1624 1901 1631 1914 ,
1656 1881 1682 1908 in
1709 1880 1854 1917 allegorias

1063 1928 1242 1956 Adamantius
1264 1935 1456 1963 nonnunquam
1481 1932 1631 1960 excurrat,
1656 1935 1717 1954 cum
1735 1927 1787 1955 duo
1802 1934 1853 1955 sae-

1063 1975 1175 2010 pissime
1196 1974 1319 2001 homines
1345 1974 1466 2001 moribus
1491 1978 1519 2001 et
1533 1975 1640 2000 ratione
1658 1973 1720 2002 vita:
1743 1973 1853 2008 penitus

1064 2020 1204 2047 discordes
1223 2021 1293 2047 idem
1315 2024 1405 2047 tamen
1431 2027 1528 2047 nomen
1550 2023 1653 2054 gerant.
1670 2018 1706 2045 At
1722 2026 1774 2044 non
1796 2023 1852 2044 tam

1064 2066 1127 2093 inde
1140 2066 1283 2100 allegorias
1294 2065 1437 2100 Origenem
1455 2071 1594 2092 arcessere
1605 2071 1698 2090 verum
1710 2067 1762 2094 est,
1770 2070 1852 2097 quam

1064 2113 1171 2140 aliunde
1186 2112 1286 2147 petitas
1305 2112 1356 2138 lioc
1381 2111 1491 2146 insuper
1507 2114 1668 2146 argumento
1684 2130 1690 2142 ,
1707 2114 1853 2144 quantum-

1064 2161 1105 2187 vis
1118 2159 1168 2187 levi
1183 2159 1355 2186 conﬁrmare.

1331 2214 1494 2251 QUASSTIO
1515 2213 1572 2242 XlV

1206 2268 1430 2292 QUESTlUNCULAS
1444 2268 1558 2292 ALIQUOT
1573 2267 1646 2291 QUASI
1663 2267 1712 2286 PER

1313 2304 1438 2323 SATURAH
1453 2303 1602 2323 COMI‘LEKA.

1064 2354 1086 2382 I.
1107 2354 1243 2386 Quaeritur
1256 2353 1378 2391 Origeiiis
1390 2353 1522 2391 sententia
1537 2353 1568 2378 de
1583 2350 1685 2391 ligandi
1698 2348 1852 2391 et‘rolveudi

1099 2385 1244 2424 potestate,
1264 2385 1445 2424 succrdalt'bus
1487 2385 1619 2424 concessa}
1633 2385 1679 2424 ⁸ΙΙ.
1705 2385 1852 2424 Excutitur

1102 2420 1217 2457 eiusdem
1228 2423 1259 2450 de
1271 2423 1440 2449 Eucliai‘iatia
1456 2423 1556 2457 opinio.
1572 2422 1613 2448 ΙΙΙ.
1627 2421 1754 2457 Qatedum
1768 2420 1852 2453 ipsius

1104 2455 1136 2485 de
1152 2459 1322 2494 matrimonio
1337 2459 1462 2492 dogmata
1472 2455 1612 2484 notantur.
1690 2455 1783 2494 Utrum
1796 2462 1853 2494 uta-

1102 2495 1168 2528 gicis
1184 2494 1286 2520 artibus
1308 2488 1401 2528 faverit
1414 2513 1421 2524 ,
1438 2494 1590 2528 exploratur
1606 2499 1615 2519 :
1640 2491 1713 2528 V.et
1739 2491 1771 2516 de
1797 2488 1853 2528 [ξιι-

1102 2526 1274 2563 gaslrimytho
1289 2526 1352 2563 quid
1372 2529 1511 2560 statuerit;
1526 2527 1569 2555 Vl.
1588 2526 1680 2562 ecquid
1696 2528 1727 2552 de
1743 2526 1852 2552 menda-

1101 2562 1141 2590 cio
1154 2584 1161 2597 ,
1182 2562 1237 2591 Vll.
1252 2568 1276 2590 et
1290 2565 1321 2590 de
1335 2562 1523 2597 jurejurando.

1101 2621 1122 2647 l.
1142 2620 1311 2648 Postremum
1325 2621 1395 2647 hanc
1409 2619 1584 2655 qumstionein
1599 2617 1701 2652 aperiet
1715 2615 1804 2643 brevis
1820 2615 1852 2642 de

1066 2667 1236 2694 sacerdotum
1253 2670 1387 2700 potestate
1400 2684 1408 2696 ,
1432 2665 1506 2698 juxta
1527 2663 1653 2697 Urigciiis
1678 2660 1850 2691 sententiain,

1065 2712 1220 2746 disputatio.
1244 2712 1266 2738 Is
1287 2716 1359 2738 tomo
1391 2717 1427 2736 xu
1446 2710 1473 2735 in
1498 2708 1607 2741 Matlli.,
1627 2716 1700 2734 num.
1726 2706 1770 2737 Η,
1791 2713 1851 2739 pag.

1067 2757 1130 2790 531,
1148 2758 1244 2785 scribit
1261 2761 1422 2792 potestatein
1441 2756 1558 2782 claviuiii
1582 2754 1682 2781 habere
1698 2752 1851 2788 episcopos,

1067 2864 1213 2893 iiacheiius,
1233 2867 1285 2888 etc.
1300 2861 1366 2889 Vide
1383 2860 1482 2888 iterum
1507 2857 1696 2887 Praefationem
1722 2854 1788 2884 toui'i
1811 2860 1848 2881 se-

1066 2899 1157 2932 cundi,
1171 2897 1284 2925 articulo
1298 2897 1325 2924 8.
