4170 6400
497 364 636 421 1075

1764 363 1821 426 Ρ.
1859 365 2169 422 DANIELIS
2207 364 2457 423 HUETii.

3614 368 3747 424 1076

496 494 553 541 et
584 500 704 554 quae
739 484 805 541 ab
835 483 964 554 ipsis
994 484 1078 543 vel
1111 484 1276 556 ligata
1313 486 1397 542 vel
1430 485 1603 542 soluta
1635 496 1763 541 sunt
1790 489 1844 541 In
1878 488 2062 552 terris.

2171 485 2499 554 Εὐαγγελίου
2526 482 2694 552 λέγει,
2728 482 2865 556 πρὸς
2896 482 3104 536 ἐκεῖνον
3125 482 3216 536 τὸν
3252 481 3455 553 Πέτρον
3474 498 3487 511 ’
3511 482 3586 546 ὡς
3610 482 3665 535 δὲ
3684 483 3748 537 τὺ

495 576 659 648 ligata
686 590 808 631 esse
840 586 897 630 et
932 575 1105 630 soluta
1135 578 1187 630 in
1217 577 1376 645 ctelo,
1401 578 1445 635 si
1475 579 1634 633 modo
1667 578 1810 633 Petri
1840 579 2068 634 virtutes

494 666 857 721 aetnulentur:
911 665 994 719 sin
1046 676 1389 734 peccatorum
1447 668 1678 723 vinculis
1734 668 1934 741 alligati
1984 679 2066 724 te-

496 769 753 821 neantur,
790 755 994 810 frustra
1025 769 1117 810 eos
1149 756 1317 827 ligare
1349 766 1406 813 et
1445 758 1674 813 solvere.
1703 758 1855 825 Quod
1880 759 1923 813 si
1956 774 2069 814 me-

492 850 614 902 ritis
648 848 769 902 licet
799 862 862 902 ac
902 848 1111 916 pietate
1158 849 1445 905 inferiores
1490 849 1666 915 Petro,
1715 850 2067 905 nihilominus

490 941 715 1011 ligatum
758 940 823 993 iri
872 948 1097 1009 sperent
1142 940 1195 993 in
1242 940 1407 1005 cmlo,
1458 952 1511 996 et
1561 940 1817 1008 solutum,
1862 955 1983 1009 quae
2012 941 2065 994 in

492 1032 655 1089 terris
702 1030 994 1109 llgaverint
1036 1039 1090 1085 et
1125 1031 1418 1097 solverint;
1456 1032 1752 1101 legitimum
1792 1047 1887 1088 eos
1916 1032 2067 1087 Scri-

491 1133 775 1193 ptnrarum
808 1124 1057 1193 ignorare
1089 1138 1330 1189 sensum,
1375 1133 1429 1178 et
1460 1125 1715 1194 superbia
1765 1132 2067 1179 excaecatos

491 1229 631 1271 esse.
670 1214 727 1268 In
764 1216 905 1268 hunc
948 1214 1124 1268 locum
1174 1224 1403 1269 annotat
1450 1214 1636 1271 Sixtus
1668 1216 1927 1282 Senensis
1967 1216 2061 1270 lib.

490 1321 542 1377 γι
576 1323 664 1364 an.
714 1306 804 1369 70,
836 1306 1075 1361 alludere
1104 1305 1389 1377 Origenem
1427 1309 1493 1361 ad
1534 1323 1777 1363 errorem
1818 1307 1886 1361 ab
1922 1307 2065 1362 llus-

494 1397 616 1452 sitis
669 1399 1009 1466 postmodum
1068 1408 1482 1468 prOpugnatum,
1525 1398 1619 1467 qui
1668 1412 1817 1467 papae
1855 1407 1910 1452 et
1946 1398 2063 1465 epi-

494 1504 782 1559 scoporum
806 1498 1130 1561 potestatem
1167 1504 1230 1543 ex
1266 1506 1474 1543 morum
1512 1490 1804 1545 sanctitate
1832 1492 2067 1560 pendere

489 1582 779 1650 volebant,
821 1591 879 1636 ut
911 1584 1343 1653 quotiescunque
1392 1582 1667 1651 peccando
1700 1582 1891 1636 ﬁerent
1918 1583 2063 1650 Petri

492 1672 804 1740 dissimiles,
833 1689 937 1739 una
969 1683 1291 1744 potestatem
1326 1674 1494 1743 ipsius
1523 1675 1838 1729 amitterent
1865 1694 1880 1741 ;
1914 1676 2065 1728 dam-

491 1773 789 1834 natumque
823 1766 962 1820 lnmc
989 1782 1107 1821 esse
1138 1781 1166 1820 a
1203 1766 1522 1820 Tridentina
1550 1769 1775 1839 synodo,
1804 1783 1941 1823 sess.
1971 1768 2057 1830 14.

2170 576 2394 647 Πνεῦμα
2423 575 2586 629 αὐτοῦ
2634 576 2896 637 διδάσκει,
2932 574 3068 643 πρὸς
3097 574 3277 637 πάντᾳ
3313 574 3405 627 τὸν
3454 576 3746 653 γενόμενον

2168 670 2348 733 ὁποῖος
2379 670 2408 722 ὁ
2434 667 2638 743 Πέτρος
2666 669 2889 732 ἐκεῖνος.
2924 666 3229 722 Ostendunt
3261 668 3398 722 idem
3428 677 3480 722 et
3518 683 3747 736 sequen-

2170 761 2264 824 tia,
2306 761 2360 813 in
2395 759 2593 828 quibus
2624 767 2809 828 portas
2855 756 3013 811 inferi
3052 772 3173 811 esse
3216 766 3473 835 peccata,
3510 757 3748 812 haereses

2166 864 2291 905 esse
2332 852 2623 917 daemones,
2672 864 2839 919 regna
2875 848 3140 909 ctelorum
3169 850 3400 906 virtutes
3435 864 3556 903 esse
3591 848 3744 904 dicit.

2166 939 2358 995 Priore
2390 949 2594 1006 autem,
2627 954 2790 1010 quem
2824 939 3185 1006 laudavimus,
3212 941 3347 1005 loco,
3386 939 3510 994 licet
3545 940 3747 1009 ligandi

2166 1040 2221 1085 et
2256 1030 2495 1087 solvendi
2538 1039 2857 1100 potestatem
2924 1031 3176 1086 omnibus
3221 1032 3452 1099 tribuat,
3511 1031 3747 1103 quicun-

2167 1137 2274 1193 que
2312 1130 2397 1176 ter
2450 1129 2742 1191 peccantes
2794 1121 3191 1190 corripuerint;
3249 1122 3511 1191 peculiari
3564 1133 3744 1178 tamen

2165 1214 2352 1279 modo,
2380 1222 2433 1268 et
2469 1213 2695 1283 pleniori
2739 1222 3036 1281 potestate,
3073 1227 3137 1266 ac
3180 1212 3378 1282 potiori
3422 1214 3545 1284 jure
3583 1213 3746 1275 Petro

2166 1306 2219 1360 id
2250 1320 2572 1361 concessum
2602 1304 2771 1359 fuisse
2791 1304 2925 1370 vult,
2951 1320 3075 1359 cum
3107 1306 3161 1358 in
3187 1320 3296 1360 uno
3315 1305 3577 1360 duntaxat
3603 1307 3745 1362 coelo

2166 1396 2382 1463 solvere
2416 1397 2539 1451 illos
2575 1405 2627 1450 et
2657 1396 2825 1466 ligare
2856 1411 3015 1466 posse
3046 1396 3297 1464 afﬁrmet,
3323 1396 3537 1454 Petrum
3564 1410 3745 1458 autem

2167 1487 2219 1551 in
2259 1487 2535 1541 omnibus.
2566 1486 2724 1540 Adde
2758 1488 2975 1540 easdem
3011 1488 3149 1555 apud
3192 1487 3381 1542 Patres
3410 1504 3551 1559 smpe
3590 1490 3745 1546 locu-

2164 1578 2341 1639 tiones
2380 1592 2699 1642 occurrere,
2738 1592 2856 1646 qua:
2884 1578 2949 1631 ad
2980 1589 3180 1632 rectam
3215 1578 3396 1633 itidem
3426 1581 3747 1650 interpreta-

2167 1670 2364 1724 tionem
2399 1671 2713 1723 revoeandae
2746 1679 2893 1733 sunt.
2942 1668 3174 1727 Irenteus
3232 1671 3326 1726 lib.
3392 1689 3465 1735 IV,
3498 1689 3621 1743 cap.
3652 1674 3745 1741 20,

2172 1783 2190 1814 ι
2234 1761 2436 1819 Omnes
2456 1764 2586 1833 justi
2613 1764 3007 1827 sacerdotalem
3036 1765 3236 1835 habent
3263 1769 3529 1821 ordinem.
3563 1788 3583 1820 ι
3615 1768 3751 1829 Ter-.-

490 1868 613 1909 can.
658 1854 748 1918 10,
781 1856 864 1909 his
893 1856 1106 1910 verbis:
1164 1874 1183 1907 ‹
1223 1856 1279 1910 Si
1317 1857 1437 1925 quis
1488 1857 1701 1911 dixerit
1750 1860 2061 1915 sacerdotes
2093 1839 2138 1894 Β
2170 1854 2423 1908 luliialms
2475 1855 2566 1910 lih-
2624 1854 2699 1908 οε
2775 1857 3140 1921 επιιοτιαίίυηε
3175 1859 3465 1923 castitatis,
3508 1876 3630 1929 cap.
3689 1863 3745 1925 7.

493 1947 583 2018 qui
623 1947 675 2001 in
722 1958 949 2017 peccato
984 1948 1197 2002 mortali
1237 1958 1386 2011 sunt,
1426 1959 1752 2019 potestatem
1782 1950 1982 2019 ligandi
2008 1962 2063 2006 et

489 2037 732 2093 solvendi
773 2055 875 2095 non
930 2040 1067 2093 habe
1084 2054 1163 2104 re,
1197 2040 1483 2101 anathema
1535 2052 1673 2096 esw.
1730 2044 2065 2105 pAssentior

491 2127 671 2195 Sixto,
717 2139 771 2186 et
800 2146 1029 2199 peccare
1057 2132 1147 2187 aio
1176 2131 1490 2205 Origenem,
1526 2145 1689 2204 atque
1719 2136 1857 2203 hanc
1890 2136 2059 2190 videri

489 2223 741 2292 amplecti
784 2225 1054 2291 haeresim,
1098 2226 1151 2280 in
1182 2240 1285 2297 qua
1329 2226 1522 2283 deinde
1554 2229 1751 2285 versati
1802 2238 1925 2284 sunt
1956 2229 2063 2283 Do-

491 2318 728 2386 natistae,
760 2330 881 2372 cum
914 2332 942 2370 a
972 2320 1314 2381 sacerdotum
1344 2321 1631 2376 sanctitate
1653 2319 1907 2387 Ecclesia:
1965 2334 2062 2390 po-

488 2414 741 2463 tesiatem
770 2413 1195 2481 suspenderunt.
1254 2412 1510 2467 Attamen
1561 2414 1900 2468 commodam
1947 2414 2062 2467 haec

486 2508 719 2574 possunt
769 2501 1276 2571 interpretationem
1323 2503 1635 2558 admittere.
1686 2502 1932 2569 Frustra,
1976 2504 2061 2565 in-

489 2590 632 2660 quit,
666 2591 863 2662 ligandi
908 2593 993 2647 vel
1034 2593 1277 2649 solvendi
1314 2603 1635 2664 potestatem
1666 2594 1769 2650 sibi
1803 2605 2060 2666 arrogant

488 2680 753 2751 episcopi,
789 2697 909 2751 quae
959 2681 1125 2737 Petro
1159 2684 1432 2753 praecipue
1486 2699 1744 2739 concessa
1797 2692 1902 2746 est,
1956 2685 2060 2739 nisi

487 2769 679 2825 eadem
711 2785 816 2839 qua
850 2771 1042 2825 Petrus
1092 2773 1379 2827 sanctitate
1418 2782 1472 2829 et
1500 2774 1758 2844 aequitate
1790 2772 2056 2828 ﬂoreant:

488 2861 593 2934 hoc
628 2869 733 2924 est,
777 2860 878 2915 nisi
912 2862 1154 2916 eamdem
1194 2877 1355 2931 quam
1403 2862 1595 2919 Petrus
1641 2866 1953 2934 aequitatem
2005 2865 2057 2919 in

489 2950 747 3024 solvendo
782 2961 835 3005 et
867 2951 1086 3019 ligando
1118 2952 1431 3008 adhibeant.
1464 2954 1598 3009 Cum
1628 2969 1760 3026 ergo
1790 2965 1898 3011 tam
1932 2971 2060 3011 san-

487 3051 575 3112 cte
609 3041 731 3111 jure
780 3058 878 3097 suo
926 3044 1120 3099 Petrus
1165 3054 1427 3110 uteretur,
1476 3054 1533 3099 ut
1568 3061 1661 3101 eos
1711 3054 1920 3115 tantum
1952 3047 2061 3101 ori-

490 3134 726 3188 minibus
754 3134 1010 3201 solveret,
1044 3134 1137 3205 qni
1187 3135 1239 3188 id
1286 3135 1603 3204 paenitentia
1640 3151 1738 3196 sua
1778 3145 1831 3191 et
1860 3137 2059 3207 pietate

490 3235 675 3297 essent
703 3226 1005 3297 promeriti,
1041 3226 1186 3284 solos
1230 3228 1427 3282 noxios
1459 3226 1693 3297 ligaret;
1729 3229 1773 3283 si
1807 3228 1933 3302 quis
1958 3231 2066 3310 epi-

488 3333 685 3389 scopus
712 3306 887 3383 Petro
914 3319 1198 3391 dissimilis
1248 3328 1521 3402 potestate
1571 3320 1800 3375 abutens
1831 3336 1926 3376 sua
1984 3306 2065 3376 in-

490 3418 675 3474 sontes
728 3406 998 3479 ligaverit,
1038 3408 1289 3479 indignos
1320 3408 1561 3477 solverit,
1614 3423 1721 3463 non
1756 3408 1982 3479 perinde
2011 3411 2063 3464 in

491 3498 634 3564 pado
688 3514 745 3553 se
800 3514 887 3552 res
941 3484 1183 3565 habebit.
1239 3499 1495 3561 Subsidio
1544 3506 1629 3555 est
1663 3500 1883 3571 Origeni
1921 3501 2064 3555 istud

492 3588 806 3663 Hieronymi
854 3592 947 3647 lib.
984 3608 1044 3645 ιιι
1108 3591 1164 3644 in
1202 3589 1396 3643 Matth.
1437 3606 1547 3657 χιιι,
1581 3594 1670 3649 19.
1713 3610 1733 3645 ι
1770 3592 1939 3647 Istum
1986 3592 2066 3647 lo-

491 3696 618 3751 cum
655 3684 891 3754 episcOpi
936 3694 991 3738 et
1020 3682 1323 3755 presbyteri
1370 3697 1477 3737 non
1532 3684 1917 3751 intelligentes,
1968 3685 2066 3741 ali-

493 3774 622 3854 quid
651 3774 754 3827 sibi
803 3774 869 3828 de
906 3762 1303 3828 Pharisaeorum
1334 3784 1618 3829 assumunt
1662 3778 1974 3845 supercilio,
2005 3788 2066 3834 ut

2177 1962 2195 1993 ι
2240 1943 2427 1998 Nonne
2461 1953 2515 1998 et
2550 1944 2671 1999 laici
2708 1946 3023 2000 sacerdotes
3051 1949 3277 2003 smnus?
3311 1948 3584 2020 Scriptum
3628 1963 3743 2019 est;

2173 2036 2411 2107 Regnum
2448 2054 2652 2107 quoque
2706 2055 2833 2103 nos,
2881 2049 2928 2092 et
2979 2042 3277 2095 sacerdoces
3323 2042 3459 2108 Deo,
3502 2054 3550 2097 et
3591 2042 3747 2098 Patri

2168 2144 2265 2181 suo
2296 2129 2435 2195 fecit.
2470 2148 2487 2179 ι
2518 2128 2814 2199 Gregorius
2873 2128 3147 2201 Nyssenus
3170 2131 3263 2189 lib.
3296 2132 3373 2187 De
3396 2135 3749 2203 perfectione;

2169 2218 2267 2272 Διὰ
2295 2219 2485 2274 τούτου
2525 2220 2619 2275 καὶ
2649 2222 2759 2275 τῶν
2795 2222 3055 2277 τοιούτων
3094 2224 3268 2297 πέτρα.
3304 2227 3399 2278 καὶ
3430 2229 3594 2297 ἡμεῖς
3627 2228 3749 2283 ἐσόπ-

2172 2310 2331 2381 μεθα,
2370 2311 2713 2383 μιμούμενοι,
2768 2313 2950 2379 καθώς
2996 2317 3108 2368 ἐστι
3139 2315 3381 2381 δυνατὸν,
3417 2320 3477 2371 ὲν
3516 2321 3583 2389 τῇ
3622 2337 3750 2393 cpe-

2170 2406 2277 2474 πτῇ
2303 2402 2461 2471 φύσει
2491 2403 2551 2456 τὸ
2585 2403 2853 2475 ἄτρεπτον
2894 2407 2989 2459 καὶ
3033 2408 3385 2478 ἀμετάθετον.
3416 2428 3435 2460 ι
3480 2409 3585 2463 Per
3636 2411 3753 2472 haec

2168 2503 2223 2547 et
2253 2484 2345 2547 his
2371 2495 2565 2548 similia
2600 2511 2697 2550 nos
2730 2512 2948 2567 quoque
2990 2510 3139 2568 petra
3191 2501 3417 2564 erimus,
3450 2501 3747 2563 imitantes.

2168 2586 2347 2654 quoad
2391 2583 2507 2652 ejus
2554 2586 2669 2640 ﬁeri
2716 2597 2914 2657 potest,
2958 2589 3014 2643 in
3064 2591 3311 2644 mutabili
3354 2600 3565 2658 natura,
3606 2594 3751 2662 quod

2167 2688 2424 2730 constans
2457 2686 2512 2731 et
2547 2678 2888 2733 immutabile
2920 2690 3026 2735 est.
3065 2700 3085 2733 ι
3108 2682 3429 2737 Ambrosius
3453 2683 3748 2740 Comment.

2166 2765 2220 2817 in
2256 2764 2385 2819 Luc.
2420 2781 2472 2819 ιιι
2510 2783 2525 2820 :
2558 2785 2577 2827 ι
2608 2766 2711 2834 Qui
2751 2782 2968 2823 carnem
3015 2772 3227 2836 vicerit,
3252 2771 3511 2827 Ecclesiae
3557 2772 3752 2828 funda-

2166 2868 2407 2913 mentum
2442 2868 2545 2921 est,
2579 2868 2634 2913 et
2663 2860 2711 2913 si
2742 2863 2947 2931 aequari
2976 2860 3140 2917 Petro
3170 2878 3277 2917 non
3312 2856 3513 2932 potest,
3549 2864 3748 2918 imitari

2167 2963 2371 3021 poteSt:
2396 2971 2415 3005 ι
2440 2952 2671 3011 deinde:
2710 2972 2727 3005 ι
2756 2953 2947 3023 Magna
2981 2964 3161 3008 autem
3196 2954 3400 3011 Christi
3426 2959 3625 3027 gratia,
3657 2959 3749 3028 qui

2165 3044 2343 3097 omnia
2394 3058 2561 3113 prope
2584 3044 2844 3099 vocabula
2880 3060 2975 3100 sua
3000 3047 3275 3116 discipulis
3305 3049 3433 3119 ipsis
3462 3051 3681 3105 donavit
3728 3069 3744 3107 :

2172 3135 2280 3206 Ego
2313 3152 2449 3202 sum,
2480 3136 2672 3205 inquit,
2694 3138 2788 3192 lux
2816 3141 2998 3192 mundi
3027 3140 3186 3207 “'3';
3219 3154 3275 3195 et
3316 3126 3367 3195 id
3399 3152 3603 3208 tamen,
3637 3159 3748 3214 quo

2170 3230 2284 3300 ipse
2334 3231 2631 3301 gloriatur,
2678 3232 2959 3299 discipulis
3005 3247 3203 3295 nomen
3242 3233 3483 3299 indulsit,
3524 3236 3746 3291 dicens:

2176 3319 2278 3375 Vos
2308 3323 2433 3375 estis
2462 3322 2556 3387 lux
2599 3322 2784 3389 mundi
2809 3322 2895 3388 νς
2934 3320 3046 3391 Ego
3086 3340 3202 3379 sum
3246 3325 3399 3393 panis
3453 3326 3601 3379 vivus
3639 3326 3683 3357 ⁸⁷
3715 3343 3731 3390 ;

2167 3424 2219 3467 et
2252 3429 2265 3465 :
2297 3412 2411 3467 Nos
2438 3430 2617 3469 omnes
2646 3431 2781 3467 unus
2814 3416 2965 3483 panis
3003 3432 3183 3475 sumus
3213 3417 3259 3448 ⁸⁸
3292 3435 3304 3469 :
3346 3415 3458 3487 Ego
3485 3434 3603 3471 sunt
3632 3419 3751 3473 vitis

2167 3520 2289 3558 vera
2314 3503 2381 3575 ξ’)
2410 3524 2421 3569 ;
2454 3513 2508 3557 et
2548 3503 2639 3558 tibi
2672 3504 2839 3559 dicit:
2876 3502 3120 3566 Plantavi
3152 3514 3200 3559 te
3231 3506 3381 3573 uitem
3423 3506 3750 3575 fructuosam

2167 3611 2368 3649 omnem
2403 3613 2579 3650 verant
2607 3596 2672 3650 ”.
2705 3596 2866 3650 Petra
2898 3605 2981 3650 est
3007 3595 3258 3651 Christus
3309 3596 3585 3667 (bibebant
3609 3598 3746 3655 enim

2167 3690 2232 3743 de
2264 3688 2493 3753 spiritali
2525 3699 2769 3758 sequente
2806 3699 2998 3757 petra;
3036 3697 3185 3756 petra
3223 3698 3399 3741 autem
3436 3698 3551 3743 erat
3591 3688 3748 3743 Chri-

2165 3789 2279 3831 stus
2308 3777 2415 3848 "):
2449 3777 2898 3847 etiam’discipulo
2927 3789 3026 3830 suo
3054 3773 3211 3841 hujus
3244 3773 3490 3829 vocabuli
3518 3775 3747 3842 gratiam

491 3866 578 3930 vel
607 3866 863 3921 damnent
893 3870 1231 3939 innocentes,
1275 3868 1359 3923 vel
1396 3868 1608 3923 solvere
1650 3882 1711 3924 se
1758 3871 1949 3937 noxios
1978 3884 2069 3934 ιιι-
2169 3886 2274 3923 ιιοιι
2310 3867 2551 3938 negavit,
2592 3878 2651 3923 ut
2687 3878 2742 3923 et
2791 3868 2908 3937 ipse
2948 3867 3018 3921 sit
3047 3864 3264 3932 Petrus,
3298 3866 3442 3935 quod
3481 3866 3547 3920 de
3597 3876 3749 3937 petra

440 3956 443 3961 ’
491 3955 783 4033 bitrentur,
813 3974 935 4014 cum
966 3960 1105 4029 apud
1140 3961 1308 4014 Deum
1363 3974 1467 4013 non
1501 3960 1771 4015 sententia
1805 3962 2063 4015 sacerdo-

492 4058 627 4123 tum,
676 4052 772 4115 sed
823 4066 1037 4105 reorum
1091 4051 1201 4121 vita
1248 4060 1546 4120 quaeratur.
1590 4071 1610 4105 ›
1659 4050 1862 4106 Noxios
1914 4053 2063 4114 dicit,

490 4141 581 4209 qni
614 4142 773 4213 noxis
801 4142 1070 4211 impliciti,
1108 4128 1552 4209 nulla‘scelerum
1585 4144 1920 4210 ptenitudine
1953 4154 2066 4197 tan-

489 4215 719 4299 guntur:
753 4230 949 4299 alioqui
985 4245 1142 4284 nemo
1173 4230 1309 4284 solvi
1343 4241 1519 4299 potest
1554 4234 1653 4286 nisi
1701 4234 1918 4288 noxius.

559 4322 770 4376 Asserit
808 4332 1065 4390 praeterea
1110 4320 1371 4389 Origenes
1413 4333 1560 4377 tomo
1617 4339 1715 4378 xm
1758 4324 1812 4378 in
1845 4322 2061 4389 Matth,

490 4430 640 4468 num.
688 4414 779 4477 31,
829 4429 955 4484 pag.
994 4416 1118 4479 615,
1167 4413 1369 4483 ligandi
1421 4424 1476 4469 et
1526 4416 1767 4471 solvendi
1819 4427 2064 4487 potesta-

2168 3963 2366 4015 habeat
2422 3961 2754 4016 soliditatem
2815 3958 3170 4022 constantiae,
3231 3958 3352 4013 ﬁdei
3407 3957 3749 4011 ﬁrmitatem.

2172 4055 2393 4109 Enitere
2424 4068 2554 4123 ergo
2590 4062 2649 4106 ut
2682 4062 2738 4107 et
2776 4063 2831 4106 tu
2859 4062 3010 4122 petra
3051 4053 3145 4107 sis.
3182 4072 3201 4104 ι
3240 4049 3601 4119 Augustinus,
3654 4050 3749 4120 lib.

2169 4162 2206 4200 ιι
2265 4144 2467 4210 ρηωδε.
2493 4161 2700 4212 evang.,
2748 4160 2872 4213 cap.
2901 4143 2994 4209 10,
3030 4163 3049 4196 ι
3094 4142 3466 4197 Sacerdotium
3499 4156 3629 4196 vero
3653 4138 3752 4200 las-,-

2166 4237 2405 4289 da-orum
2440 4249 2602 4288 nemo
2636 4232 2752 4289 fere
2798 4232 3038 4288 ﬁdelium
3077 4234 3290 4288 dubitat
3326 4232 3548 4301 ﬁgurant
3585 4229 3753 4285 fuisse

2166 4325 2456 4380 sacerdotii
2492 4324 2726 4395 regalis,
2774 4324 2917 4393 quod
2964 4332 3050 4378 est
3097 4325 3149 4377 in
3182 4322 3445 4385 Ecclesia,
3480 4336 3589 4390 quo
3623 4335 3756 4374 con-

2166 4427 2461 4473 secrantur
2516 4430 2707 4472 omnes
2761 4416 3102 4485 pertinentes
3151 4418 3217 4468 ad
3276 4428 3475 4482 corpus
3524 4411 3747 4479 Christi,

488 4513 598 4558 :em
628 4504 881 4559 omnibus
908 4521 936 4557 a
971 4506 1190 4559 Christo
1224 4506 1394 4563 fuisse
1444 4522 1783 4574 concessam,
1833 4508 2063 4578 quicun-
2094 4535 2138 4588 Ι)
2168 4509 2363 4563 sunnni
2398 4517 2454 4563 et
2482 4508 2593 4563 veri
2626 4507 2885 4588 principis
2920 4506 3289 4567 sacerdotum.
3330 4505 3465 4559 Nam
3510 4518 3656 4558 nunc
3697 4511 3753 4557 et

486 4610 593 4664 que
622 4597 810 4650 noxios
846 4606 927 4649 ter
976 4599 1447 4665 reprehenderint.
1478 4599 1553 4652 Ita
1605 4608 1750 4653 torno
1777 4615 1876 4663 ιιιι,
1908 4616 2055 4653 num.

488 4673 577 4759 1'0,
611 4700 733 4755 pag.
781 4686 907 4751 524,
954 4701 1169 4742 onmem
1221 4689 1421 4744 Christi
1478 4690 1798 4760 discipulum
1850 4701 2057 4759 petram

485 4793 607 4837 esse
646 4781 721 4832 ait
761 4795 923 4848 super
973 4796 1132 4849 quam
1186 4782 1427 4837 Ecclesia
1479 4784 1680 4839 Christi
1726 4784 2054 4850 aediﬁcatur;

485 4870 609 4925 caeli
638 4871 821 4932 claves
856 4872 1111 4942 perfectis
1135 4875 1440 4944 quibusque
1482 4875 1677 4945 tribui;
1705 4885 1759 4929 et
1798 4892 2055 4945 quaecun-

485 4978 592 5031 que
625 4963 841 5018 tandem
886 4964 1048 5020 Petro
1083 4968 1353 5036 pollicitus
1402 4976 1489 5020 est
1539 4966 1789 5021 Christus
1836 4971 2060 5037 adeptu-

486 5069 627 5120 rum,
664 5056 913 5126 quisquis
940 5056 1102 5111 Petro
1131 5058 1363 5123 similem
1406 5074 1464 5111 se
1492 5058 1823 5127 praestiterit.
1859 5059 2056 5112 Verum

485 5148 783 5215 posteriora
822 5148 936 5213 haec
968 5147 1261 5217 allegorice
1291 5148 1431 5201 dicta
1462 5165 1604 5213 esse,
1642 5165 1746 5203 non
1788 5150 2059 5221 dogmati-

483 5253 569 5300 ce,
621 5237 749 5293 illud
796 5238 1000 5293 evincit
1044 5240 1187 5306 quod
1235 5240 1419 5292 subest
1446 5257 1457 5292 :
1484 5238 1551 5291 Εἴ
1582 5256 1665 5302 τις
1705 5239 1854 5307 λέγει
1903 5238 2062 5292 τοῦτο

482 5331 580 5401 (Σὺ
614 5329 710 5386 εἷὸ
740 5332 971 5408 Χριστος
996 5337 1024 5388 ὁ
1051 5335 1181 5399 Υἱὸς
1214 5335 1308 5388 τοῦ
1338 5331 1476 5387 Θεοῦ
1522 5332 1618 5385 τοῦ
1654 5333 1893 5403 ζῶντος)
1923 5332 2062 5404 πρὸς

482 5423 643 5475 αὑτὸν
693 5423 1018 5499 (Χριστὸν),
1076 5426 1136 5479 οὐ
1164 5412 1381 5497 ’σαρκὸς
1432 5426 1527 5477 καὶ
1580 5425 1810 5495 αἵματος
1854 5426 2063 5480 ἀποκα-

480 5512 762 5583 λυψάντων
807 5516 977 5587 αὐτῷ,
1015 5517 1153 5571 ἀλλὰ
1185 5516 1279 5571 τοῦ
1304 5519 1361 5570 ἐν
1385 5520 1496 5580 τοῖς
1532 5517 1780 5589 οὐρανοῖς
1826 5519 2042 5589 Πατρὸς

480 5604 730 5672 τεύξεται
771 5606 880 5660 τῶν
930 5610 1257 5682 εἰρημένων,
1302 5609 1377 5674 ὡς
1436 5609 1535 5680 μὲν
1592 5609 1653 5661 τὸ
1690 5608 1921 5681 γράμμα
1969 5611 2065 5665 τοῦ

553 5722 674 5757 ⁸¹“⁸⁸
701 5724 856 5780 Joan.
892 5741 1009 5789 vm,
1044 5728 1127 5779 19..

486 5810 547 5861 tt,
574 5796 664 5849 21.
744 5798 786 5829 ⁹¹
817 5801 835 5848 l
868 5810 995 5849 bur.
1032 5815 1085 5860 χ,
1114 5798 1167 5848 4.
1245 5799 1289 5827 ⁵²
1328 5796 1343 5847 l
1391 5797 1537 5864 Patr.
1581 5813 1638 5863 ιι,
1687 5800 1741 5851 ‘J.

1205 5727 1283 5801 ιον
1309 5725 1496 5801 Matth.
1539 5742 1590 5795 ν,
1627 5725 1712 5801 14,
1790 5728 1833 5758 ⁸⁷
1865 5728 2019 5796 .lornt.
2058 5746 2128 5797 VI,
2173 5730 2265 5801 Ην

2167 4616 2359 4657 omnes
2400 4584 2722 4668 unguntur,
2777 4602 2923 4673 quod
2986 4613 3113 4657 tunc
3164 4600 3384 4668 regibus
3437 4607 3647 4651 tantum
3697 4604 3752 4647 et

2166 4694 2541 4749 sacerdotibus
2595 4696 2779 4749 liebat.
2838 4695 2902 4748 Et
2935 4694 3077 4762 quod
3130 4693 3204 4745 ait
3248 4690 3438 4743 Petrus
3476 4690 3543 4741 ad
3590 4685 3751 4740 Chri-

2166 4788 2404 4853 stianum
2455 4788 2713 4863 p0pnlum
2770 4784 3062 4841 scribens:
3112 4781 3303 4853 Regale
3356 4780 3751 4843 sacerdotium;

2171 4889 2469 4948 utrumque
2504 4895 2700 4933 nomen
2754 4878 2827 4931 illi
2864 4876 3061 4947 p0pulo
3101 4872 3396 4929 convenire
3433 4871 3749 4933 declaravit,

2165 4982 2273 5037 quo
2326 4968 2415 5023 illa
2455 4970 2641 5022 unctio
2686 4958 3017 5037 pertinebat.
3065 4983 3086 5018 ι
3149 4964 3376 5034 Ligandi
3426 4976 3646 5032 quoque
3696 4969 3752 5014 et

2167 5059 2413 5115 solvendi
2451 5069 2776 5130 potestatem
2815 5075 3005 5115 eorum
3036 5057 3300 5122 omnium,
3338 5054 3429 5125 qui
3460 5060 3750 5137 peccantes

2168 5152 2367 5208 fratres
2397 5138 2874 5222 objurgationibus
2909 5154 3206 5214 incessunt,
3253 5160 3600 5203 communem
3628 5159 3750 5200 esse

2168 5242 2355 5298 volunt
2409 5245 2748 5314 Augustinus
2794 5245 2860 5298 de
2905 5244 3075 5298 verbo
3126 5241 3363 5303 Domini,
3416 5237 3603 5292 bomil.
3658 5250 3747 5300 xv,

2170 5332 2609 5407 Theophylactus
2638 5339 2694 5389 in
2740 5335 2933 5392 Matth.
2982 5350 3140 5399 ινιιι,
3195 5332 3284 5397 18,
3324 5340 3377 5385 et
3424 5330 3749 5385 Anastasius

2169 5423 2408 5480 Nieenus
2439 5436 2633 5495 quaest.
2663 5426 2752 5481 61.

2243 5518 2305 5572 ll.
2342 5518 2550 5585 Magnis
2579 5535 2710 5574 vero
2738 5529 2792 5575 et
2824 5521 3070 5590 repetitis
3102 5516 3490 5574 controversiis
3522 5525 3750 5571 vexatus

2170 5622 2254 5666 est
2312 5611 2399 5665 ille
2450 5611 2701 5682 Origeuis
2747 5613 2815 5667 de
2851 5610 3192 5668 Eucharistia
3241 5609 3413 5674 locus,
3449 5621 3609 5675 quem
3660 5607 3737 5661 hit

2345 5731 2388 5762 ⁸⁸
2421 5730 2436 5785 Ι
2474 5731 2599 5797 Cur,
2656 5747 2707 5803 κ,
2758 5730 2817 5789 l7
2916 5730 2959 5762 “
2992 5728 3144 5793 Joan.
3172 5743 3257 5793 xv,
3299 5726 3347 5779 l.
3448 5722 3493 5755 ’°
3543 5719 3721 5787 Jeretn
