4170 6432
409 373 542 426 1077

1255 369 1832 428 ORIGENIANORUM
1870 369 2001 427 LIB.
2043 368 2105 437 ll,
2145 370 2296 425 CAP.
2339 368 2403 433 ll,
2444 366 2723 435 QU/EST.
2762 367 2903 423 XIV.

3532 368 3670 427 £078

409 506 554 551 tomo
584 511 640 551 ιρι
676 495 733 551 in
766 496 988 561 Melita,
1021 509 1172 551 num.
1206 494 1295 562 14,
1326 510 1451 566 pag.
1484 495 1618 563 £98,
1652 495 1993 550 exhibemus.
2024 496 2071 551 A
2098 492 2291 549 fuisset
2315 501 2606 559 nacturus,
2636 491 2682 547 si
2707 490 3046 560 sumpsisset.
3074 491 3307 545 Materia
3332 500 3510 545 autem
3543 506 3673 549 con-

411 591 633 645 Summa
664 590 811 647 illius
856 589 976 645 haec
1004 597 1124 643 est:
1168 587 1470 654 Quemdam
1516 587 1711 656 objicit
1762 585 1863 639 sibi
1906 585 1991 640 di-

408 693 644 748 centem,
681 698 803 737 cum
846 681 1003 749 juxta
1042 680 1241 736 Christi
1282 680 1716 750 pronuntiatum,
1753 678 1896 747 quod
1937 677 1990 731 in

408 790 473 831 os
511 775 708 841 intrat,
744 774 1023 829 hominem
1074 788 1181 829 non
1236 774 1506 843 inquinet,
1544 772 1621 827 ita
1648 772 1793 842 quod
1836 770 1890 826 in
1930 785 1992 826 os

413 866 616 934 intrat,
675 866 951 921 hominem
993 873 1244 920 sanctum
1277 879 1382 919 non
1412 863 1649 931 eﬂicere,
1679 864 1807 919 licet
1835 877 1993 918 secus

416 958 485 1013 de
524 973 665 1029 pane
706 957 907 1014 Christi
953 956 1317 1028 simpliciores
1368 960 1631 1012 sentiant.
1680 955 1992 1026 Respondet

414 1052 701 1122 Origenes,
723 1051 1183 1121 quemadmodum
1216 1065 1323 1105 non
1354 1048 1508 1104 cibus
1537 1049 1784 1104 edentem
1817 1047 1993 1117 inqui-

415 1151 529 1208 nat,
564 1146 659 1201 sed
684 1145 801 1216 ejus
829 1144 1162 1201 conscientia
1194 1145 1286 1213 qui
1315 1160 1437 1200 cum
1463 1143 1803 1199 dubitatione
1838 1154 1993 1195 com-

416 1238 565 1305 edit;
605 1247 663 1294 et
708 1239 1158 1308 quemadmodum
1206 1238 1423 1308 impuro
1466 1236 1675 1293 homini
1730 1231 1990 1288 mundum

412 1328 550 1384 nihil
586 1338 693 1396 est,
724 1346 831 1386 non
855 1345 922 1385 ex
950 1345 1033 1397 se,
1066 1332 1162 1387 sed
1204 1340 1425 1403 propter
1464 1328 1661 1400 impuri
1708 1325 1869 1397 hujus
1896 1326 1994 1378 ho-

417 1422 581 1479 minis
612 1424 1045 1492 immunditiam;
1089 1426 1163 1480 ita
1198 1426 1342 1495 quod
1378 1439 1474 1493 per
1501 1422 1727 1478 verbum
1775 1420 1891 1487 Dei,
1938 1426 1995 1473 et

412 1530 634 1587 precem
667 1527 1045 1574 consecratum
1096 1527 1201 1586 est,
1237 1533 1343 1573 non
1396 1531 1467 1572 ex
1514 1530 1575 1571 se
1618 1513 1992 1570 comedentem

417 1608 631 1665 ellicere
659 1620 929 1677 sanctum,
980 1610 1224 1677 alioquin
1265 1618 1321 1664 et
1362 1609 1412 1663 ei
1460 1607 1552 1677 qui
1600 1605 1839 1676 peccatis
1886 1601 1996 1672 pol-

417 1700 564 1757 lutus
596 1702 851 1769 comedit,
884 1702 1236 1758 sanctitatem
1270 1700 1597 1757 collaturum
1630 1717 1646 1766 ;
1699 1696 1794 1753 sed
1824 1711 1889 1750 ex
1928 1710 1994 1750 eo

415 1799 536 1847 tum
567 1792 989 1848 emolumentum
1034 1792 1175 1862 capi,
1221 1807 1343 1847 cum
1395 1806 1530 1861 pura
1566 1798 1745 1844 mente
1809 1796 1864 1843 et
1906 1786 1988 1840 in-

418 1888 571 1949 tegra
603 1881 936 1937 conscientia
986 1881 1290 1952 accipitur:
1344 1895 1521 1951 neque
1568 1878 1893 1933 abstinendo
1930 1877 1998 1931 ab

417 1968 524 2025 hoc
574 1985 715 2040 pane
756 1970 839 2025 vel
886 1971 1135 2026 eumdem
1177 1972 1536 2034 comedendo,
1580 1984 1647 2024 ex
1686 1970 1789 2024 hac
1832 1968 1999 2024 absti-

420 2063 606 2119 nentia
638 2063 725 2118 vel
766 2080 882 2131 esu,
932 2065 1077 2121 bono
1110 2065 1294 2134 aliquo
1343 2079 1444 2120 nos
1483 2064 1729 2118 fraudari
1777 2062 1860 2117 vel
1912 2077 2001 2117 au-

420 2155 559 2225 geri,
604 2156 699 2211 sed
739 2157 813 2211 ita
846 2158 1116 2213 duntaxat
1152 2158 1197 2212 si
1230 2157 1315 2212 vel
1345 2172 1575 2225 nequam
1613 2157 1693 2210 vel
1727 2154 1879 2224 probi
1927 2155 2000 2210 si-

418 2261 560 2313 mus,
602 2248 814 2304 dicente
859 2248 1027 2305 Paulo
1070 2250 1094 2303 Ι
1129 2248 1257 2305 Cor.
1284 2264 1404 2316 Vttt,
1440 2249 1474 2305 8
1507 2266 1522 2303 :
1558 2247 1744 2317 Neque
1786 2250 1925 2302 enim
1952 2248 1999 2301 si

416 2339 937 2406 manducaverimus,
968 2340 1399 2407 abundabimus;
1435 2357 1598 2411 neque
1626 2341 1673 2395 si
1705 2356 1808 2394 non
1848 2356 2000 2393 man-

417 2428 812 2496 ducaverimus,
837 2429 1160 2497 deﬁciamus.
1185 2429 1475 2503 Subjungit
1502 2440 1789 2500 praeterea,
1813 2444 2001 2499 quem~

419 2512 708 2576 admodum
738 2521 794 2576 in
824 2531 1074 2578 ventrem
1097 2521 1425 2590 demittitur,
1453 2523 1595 2591 quod
1630 2523 1800 2578 intrat
1831 2522 1884 2578 iu
1915 2537 1997 2588 os,

419 2626 486 2667 ac
519 2612 722 2668 deinde
764 2610 983 2681 ejicitur
1017 2613 1072 2668 in
1105 2626 1426 2678 secessum;
1472 2613 1545 2668 ita
1588 2629 1780 2683 panem
1817 2629 2001 2670 conse-

418 2712 653 2771 cratum,
686 2704 986 2761 secundum
1017 2705 1073 2761 id
1100 2706 1244 2775 quod
1277 2706 1503 2761 materia
1522 2714 1843 2762 concretum
1875 2706 2001 2763 huic

419 2795 597 2863 inest,
650 2796 702 2851 in
756 2805 1006 2852 ventrem
1051 2798 1290 2863 demitti,
1327 2807 1382 2854 et
1420 2797 1538 2868 ejici
1588 2799 1642 2852 in
1688 2814 1998 2864 secessum,

419 2886 515 2941 sed
550 2900 647 2957 per
677 2888 1046 2955 precationem
1077 2904 1197 2958 quae
1234 2889 1312 2943 illi
1364 2889 1615 2958 accessit,
1637 2890 1823 2944 utilem
1850 2905 2002 2944 com-

416 2978 600 3035 edenti
648 2977 789 3035 eﬂici
836 2994 935 3050 pro
1001 2979 1117 3049 ejus
1168 2980 1291 3035 fidei
1345 2981 1631 3050 portione;
1691 2997 1792 3038 nec
1845 2983 2001 3052 panis

418 3071 731 3140 materiam,
766 3072 862 3127 sed
893 3072 1160 3142 prolatum
1194 3088 1364 3143 super
1400 3089 1466 3128 eo
1500 3089 1830 3141 sermonem,
1874 3090 1999 3129 eum

2094 596 2247 642 stans
2274 586 2365 641 illa
2405 587 2564 655 panis
2593 600 2739 655 pars,
2779 600 2942 655 quam
2994 585 3049 638 in
3098 598 3373 639 secessum
3417 583 3538 652 ejici
3571 584 3670 651 ait,

2092 696 2157 736 ea
2215 688 2339 733 sunt
2388 678 2693 733 accidentia
2747 678 2991 732 materia:
3048 676 3204 746 panis
3245 677 3561 732 inlimrentia
3616 686 3675 732 et

2093 774 2207 842 ejus
2236 773 2482 843 propria,
2517 786 2638 842 quae
2668 780 2922 840 corrupta
2952 785 2982 824 a
3028 768 3327 834 stomacho,
3370 777 3425 823 et
3472 769 3526 823 in
3570 784 3671 823 no-

2092 881 2214 920 vam
2243 879 2509 921 conversa
2538 864 2924 927 substantiam,
2952 862 3032 917 vcl
3065 861 3118 914 in
3149 875 3423 916 secessum
3450 859 3670 924 abeunt,

2093 958 2179 1013 vel
2207 958 2432 1012 humani
2465 958 2712 1028 corporis
2744 956 2975 1012 formam
3009 953 3259 1009 induunt.
3290 953 3670 1007 Precationem

2094 1064 2224 1105 vero
2257 1050 2427 1118 illam,
2464 1065 2586 1120 quae
2636 1064 2830 1121 panem
2869 1046 3279 1105 comedentibus
3325 1046 3509 1100 utilem
3556 1044 3674 1098 etli~

2095 1144 2190 1211 cit,
2223 1152 2276 1200 et
2314 1156 2618 1200 sermonem
2655 1156 2818 1212 super
2847 1157 2986 1211 pane
3034 1138 3329 1210 prolatum,
3361 1138 3490 1207 quid
3524 1136 3672 1192 aliud

2093 1252 2215 1293 esse
2247 1236 2446 1302 dicam,
2481 1250 2647 1306 quam
2675 1234 2900 1305 mystica
2936 1232 3025 1287 illa
3060 1232 3247 1297 verba,
3294 1229 3493 1301 quibus
3517 1230 3674 1300 panis

2095 1335 2487 1393 consecratur,
2535 1336 2593 1381 et
2639 1340 2759 1396 qua:
2799 1325 2965 1397 εὐχήν
3018 1339 3084 1380 ac
3117 1323 3403 1394 mysticam
3452 1336 3674 1393 precem

2096 1420 2344 1475 nonnulli
2386 1419 2580 1475 Patres
2626 1418 2934 1489 appellant?
2988 1417 3114 1488 quia
3162 1416 3553 1487 precationem,
3607 1415 3675 1472 li-

2097 1522 2185 1569 cet
2236 1528 2345 1567 non
2394 1527 2738 1583 expressam,
2790 1512 3092 1576 involvunt,
3150 1526 3255 1581 qua
3312 1509 3478 1564 Deum
3524 1518 3677 1577 rogat

2096 1607 2352 1662 sacerdos
2382 1616 2444 1661 ut
2482 1605 2708 1677 prolatis
2754 1621 2784 1660 a
2817 1620 2875 1660 se
2906 1604 3151 1676 mysticis
3180 1603 3364 1657 verbis
3410 1602 3552 1656 idem
3596 1600 3676 1656 ef-

2097 1693 2265 1758 ﬁciat,
2319 1694 2462 1764 quod
2503 1693 2683 1749 eil‘ecit
2734 1693 2885 1758 olim,
2924 1708 3048 1748 cum
3102 1692 3293 1748 eadem
3324 1694 3440 1763 ipse
3467 1690 3677 1762 profer-

2099 1794 2205 1843 ret.
2240 1785 2419 1856 Atque
2470 1800 2565 1857 per
2611 1787 2730 1842 haec
2766 1801 2889 1841 cum
2935 1786 3093 1855 panis
3134 1785 3189 1840 in
3242 1800 3439 1855 corpus
3471 1784 3677 1840 Christi

2102 1878 2372 1933 eﬂiciatur
2430 1878 2736 1943 conversio,
2792 1877 3167 1933 comedentem
3228 1876 3527 1932 accidentia
3584 1876 3675 1931 illa

2102 1968 2325 2024 minime
2362 1968 2575 2039 juvant,
2622 1969 2718 2024 sed
2759 1984 2857 2040 per
2894 1970 3120 2040 mystica
3166 1968 3257 2023 illa
3297 1969 3463 2024 verba
3494 1969 3573 2034 lit,
3622 1978 3680 2023 ut

2100 2075 2196 2116 esu
2244 2061 2491 2130 corporis
2528 2060 2731 2117 Christi
2766 2061 3106 2131 adjuvemur.
3152 2058 3416 2131 ‘Iypicum
3448 2060 3680 2131 denique

2101 2164 2155 2211 et
2186 2155 2543 2227 symbolicum
2587 2172 2785 2227 corpus
2827 2155 3083 2224 appellat,
3116 2154 3202 2210 vel
3231 2156 3374 2226 quod
3422 2154 3523 2210 sub
3551 2168 3678 2224 spe-

2103 2245 2188 2301 cie
2219 2256 2274 2301 et
2320 2247 2679 2304 similitudine
2724 2248 2882 2318 panis
2914 2247 3245 2312 delitescat;
3287 2257 3343 2301 et
3381 2261 3513 2301 cum
3554 2260 3680 2303 cor-

2102 2356 2205 2410 pus
2243 2340 2443 2396 Christi
2477 2340 2651 2410 reipsa
2685 2340 2779 2406 sit,
2810 2352 2936 2411 typo
2984 2349 3040 2396 et
3083 2338 3331 2412 symbolo
3361 2338 3515 2408 panis
3560 2350 3683 2392 esse

2105 2431 2383 2488 videatur:
2436 2432 2582 2505 quod
2635 2432 2777 2488 idem
2826 2442 2910 2488 est
2962 2446 3027 2487 ac
3082 2432 3128 2487 si
3171 2428 3568 2487 sacramentale
3595 2428 3681 2483 di-

2102 2523 2297 2589 xisset,
2330 2524 2457 2594 quia
2504 2539 2612 2579 non
2664 2525 2866 2579 nudum
2919 2523 3125 2580 Christi
3171 2522 3538 2593 contingimus
3560 2535 3683 2576 cor-

2101 2632 2226 2687 pus,
2267 2617 2361 2671 sed
2396 2616 2496 2671 sub
2531 2616 2795 2687 symbolis
2828 2616 3156 2672 involutum.
3204 2615 3548 2684 Quapropter
3590 2613 3684 2669 ho-

2103 2710 2250 2765 milia
2295 2710 2326 2763 7
2360 2710 2414 2763 in
2452 2708 2642 2775 Levit.,
2678 2724 2827 2765 num.
2883 2709 2940 2773 5,
2998 2707 3077 2763 sic
3140 2706 3360 2762 disserit
3411 2705 3684 2762 Adaman-

2103 2803 2249 2858 tius:
2287 2821 2306 2854 ‹
2352 2802 2445 2857 Est
2473 2810 2525 2857 et
2554 2802 2608 2856 iu
2639 2801 2790 2857 Novo
2824 2799 3173 2856 Testamento
3204 2798 3554 2868 litteraquae
3591 2811 3687 2854 oc-

2102 2893 2247 2948 cidat
2281 2908 2431 2958 eum,
2463 2894 2554 2963 qui
2612 2907 2720 2947 non
2775 2891 3093 2961 spiritaliter
3137 2905 3258 2961 quae
3300 2890 3557 2946 dicuntur
3583 2890 3683 2943 ad-

2102 2988 2350 3042 verterit.
2389 2987 2445 3043 Si
2484 2987 2630 3041 enim
2671 2986 2970 3043 secundum
3024 2985 3261 3040 litteram
3292 2983 3543 3051 sequaris
3576 2982 3683 3037 hoc

2106 3081 2281 3151 ipsum
2310 3080 2452 3149 quod
2480 3079 2683 3134 dictum
2712 3086 2794 3135 est
2827 3079 2873 3110 ⁸³
2900 3094 2914 3129 :
2957 3076 3079 3131 Nisi
3095 3074 3538 3130 manducaveritis
3559 3088 3683 3126 car-

410 3162 630 3233 juvare,
665 3164 760 3234 qui
808 3178 915 3219 non
962 3164 1183 3236 indigne
1228 3164 1405 3235 ipsum
1455 3164 1714 3220 comedit.
1754 3165 2001 3236 Denique
2028 3185 2074 3247 ο
2106 3189 2224 3227 nem
2267 3189 2459 3239 meam,
2498 3182 2549 3226 et
2594 3172 2825 3226 biberitis
2868 3171 3177 3241 sanguinem
3223 3183 3396 3223 meum
3420 3184 3445 3234 ,1
3489 3167 3681 3221 occidit

418 3270 615 3327 panem
648 3255 823 3322 illum,
870 3256 1110 3327 typicum
1158 3265 1215 3311 et
1261 3255 1622 3326 symbolicum
1660 3272 1859 3327 corpus
1905 3272 1998 3327 ap-

419 3345 606 3413 pellat.
656 3344 883 3415 Reliqua
928 3345 998 3401 ad
1044 3362 1200 3403 esum
1250 3348 1497 3416 corporis
1531 3347 1737 3404 Christi
1778 3348 1999 3419 spirita-

419 3436 528 3491 lem
571 3436 878 3506 pertinent,
935 3452 1045 3492 non
1095 3440 1542 3494 sacramentalem
1584 3430 1645 3495 ut
1693 3442 1997 3510 superiora,

420 3536 611 3582 contra
662 3541 824 3596 quam
868 3527 1124 3597 opinatus
1167 3537 1250 3584 est
1290 3527 1611 3586 Vincentius
1653 3530 2002 3588 Bellovacen-

421 3617 520 3683 sis,
556 3616 769 3686 Specul.
808 3617 1122 3684 doctrinaL,
1174 3618 1272 3673 lib.
1317 3634 1474 3687 xvnt,
1523 3635 1640 3690 cap.
1678 3621 1769 3687 45,
1814 3620 2003 3693 Orige-

421 3723 546 3765 nem
580 3709 683 3764 hac
726 3710 794 3765 de
840 3724 1008 3765 causa
1049 3710 1327 3767 immerito
1358 3713 1653 3783 castigans.
1692 3712 1892 3769 Facilis
1920 3722 2004 3769 est

421 3799 527 3857 loci
558 3800 719 3870 hujus
739 3803 893 3871 juxta
918 3800 1173 3857 Ecclesiae
1204 3802 1507 3857 doctrinam
1534 3804 1838 3872 expositio:
1875 3820 2003 3859 nam

422 3902 485 3949 ut
514 3908 583 3949 ex
619 3893 869 3963 corporis
909 3892 1114 3949 Christi
1143 3908 1240 3948 esu
1270 3893 1643 3965 adjumentum
1671 3898 1796 3966 quis
1823 3898 2004 3966 capiat

423 4002 531 4044 non
558 4001 685 4042 esus
711 3988 828 4055 ipse
852 3984 1073 4051 sutlicit,
1106 3987 1201 4043 sed
1231 3987 1444 4055 integra
1472 3996 1733 4058 praeterea
1766 3998 1822 4046 et
1862 3991 2005 4047 inta-

426 4079 632 4134 minata
688 4093 844 4134 mens
910 4078 1246 4147 requiritur,
1292 4078 1532 4148 alioquin
1575 4078 1845 4149 judicium
1898 4082 2002 4137 sibi

425 4178 720 4233 manducet
772 4187 829 4232 et
876 4175 1040 4241 bibit,
1079 4176 1172 4246 qui
1228 4178 1385 4233 noxis
1428 4176 1664 4246 pollutus
1698 4178 1767 4234 ad
1815 4178 2005 4236 altaris

427 4275 829 4323 sacramentum
873 4265 1103 4320 accedit.
1164 4266 1350 4336 Itaque
1397 4281 1504 4320 non
1534 4282 1604 4321 ex
1649 4282 1708 4323 se
1739 4267 1914 4323 solum
1950 4277 2006 4324 et

426 4360 752 4430 simpliciter
779 4360 963 4415 edenti
1014 4359 1361 4416 sanctitatem
1395 4360 1630 4427 confert,
1678 4362 1774 4419 sed
1810 4364 1916 4432 ita,
1958 4367 2004 4421 si

428 4452 498 4507 ab
526 4451 723 4507 edente
754 4461 906 4506 certa
951 4450 1085 4507 ﬁdes
1131 4460 1186 4507 et
1221 4467 1390 4522 purus
1433 4454 1648 4510 animus
1703 4455 2001 4512 adhibean-

2106 3264 2219 3317 Iurc
2252 3262 2452 3317 littera.
2490 3281 2508 3315 ι
2544 3261 2875 3333 Spiritaiiter
2904 3262 3021 3315 haec
3063 3258 3293 3328 intelligi
3338 3258 3510 3326 jubet,
3557 3258 3685 3326 quia

2106 3351 2581 3408 sacramentaliter
2608 3365 2834 3407 carnem
2878 3364 3031 3404 suam
3086 3349 3406 3404 manducari
3456 3357 3513 3403 et
3558 3363 3687 3403 san-

2107 3444 2324 3513 guinem
2373 3457 2529 3497 suum
2558 3441 2672 3497 bibi
2702 3442 2878 3497 sancit
2921 3441 3196 3505 Christus,
3241 3454 3349 3493 non
3378 3453 3487 3508 quo
3525 3438 3686 3495 modo

2107 3546 2303 3587 carnes
2341 3531 2478 3588 alias
2523 3532 2776 3588 dentibus
2822 3531 3273 3587 comminuimus.
3310 3529 3421 3586 Nec
3454 3543 3686 3599 respon-

2108 3624 2279 3679 sionis
2339 3624 2498 3693 hujus
2562 3626 2728 3680 robur
2776 3624 3024 3697 infringit
3087 3622 3402 3678 Edmundus
3452 3620 3691 3683 Alberti-

2111 3730 2214 3771 nus
2264 3716 2404 3787 (40),
2450 3731 2572 3772 cum
2608 3717 2687 3771 ait
2735 3732 2937 3787 negare
2982 3716 3092 3772 illic
3143 3716 3431 3787 Origenem
3474 3713 3689 3770 comedi

2112 3822 2332 3862 carnem
2364 3807 2566 3864 Christi
2597 3810 2894 3865 secundum
2921 3810 3194 3876 litteram;
3223 3807 3470 3878 quisquis
3507 3815 3689 3863 autem

2111 3901 2350 3956 comedit
2381 3902 2583 3957 Christi
2625 3916 2846 3958 carnem
2866 3944 2882 3969 ,
2924 3901 3054 3958 licet
3086 3917 3191 3957 non
3224 3901 3279 3958 in
3318 3901 3536 3971 propria
3566 3913 3692 3968 spe-

2112 3995 2197 4047 cie
2226 4001 2282 4047 et
2330 3992 2502 4063 ﬁgura
2543 3995 2815 4058 comedat,
2863 3993 3065 4049 Christi
3120 4003 3300 4047 tamen
3345 4006 3564 4046 carnem
3603 4006 3692 4045 se-

2111 4084 2346 4140 cundum
2385 4085 2618 4140 litteram
2663 4085 2970 4140 comedere.
3019 4084 3235 4141 lnlicior
3276 4082 3418 4139 enim
3468 4096 3690 4137 carnem

2112 4177 2317 4234 Christi
2351 4190 2473 4231 eum
2512 4177 2801 4233 comedere
2852 4179 3149 4232 secundum
3188 4177 3462 4241 litteram,
3504 4175 3595 4245 qui
3627 4173 3691 4237 il-

2114 4269 2218 4323 lam
2252 4282 2359 4322 non
2401 4268 2454 4322 in
2486 4272 2705 4337 propria
2745 4268 2928 4337 specie
2960 4277 3014 4322 et
3047 4270 3218 4337 ligura
3251 4266 3488 4321 comedit
3512 4284 3525 4321 :
3548 4263 3689 4320 'nam

2112 4358 2397 4416 comedere
2442 4358 2741 4414 secundum
2774 4358 3013 4412 litteram
3035 4397 3051 4424 ,
3086 4356 3216 4413 illud
3254 4367 3361 4425 est,
3400 4357 3476 4411 ita
3506 4370 3691 4411 come~

2114 4455 2264 4519 dere,
2306 4452 2579 4523 quomodo
2621 4451 2897 4507 esculenta
2946 4452 3232 4507 comedere
3281 4450 3689 4516 consuevimus,

428 4550 535 4597 tur.
568 4540 832 4597 Similiter
857 4541 1020 4596 homo
1052 4541 1159 4597 hoc
1203 4541 1486 4597 abstinens
1531 4554 1896 4613 sacramento,
1923 4546 2008 4603 vel
2034 4544 2370 4609 Dnimirum
2415 4545 2497 4600 ori
2554 4544 2764 4602 inserta
2828 4545 3080 4600 dentibus
3122 4542 3458 4613 permolere,
3507 4542 3692 4612 lingua

424 4634 572 4705 quod
617 4633 854 4688 nondum
879 4631 982 4688 sibi
1012 4632 1088 4700 sit
1105 4633 1241 4689 satis
1264 4634 1545 4703 probatus,
1579 4636 1664 4691 vel
1693 4637 1835 4706 quod
1874 4653 2007 4693 non-

427 4726 554 4779 dum
570 4724 775 4796 justam
795 4724 1291 4795 attigeritaetatem,
1310 4726 1397 4781 vel
1427 4725 1531 4781 alia
1555 4728 1750 4797 quavis
1767 4729 2005 4800 legitima

427 4816 495 4870 de
510 4831 696 4882 causa,
720 4817 1108 4871 detrimentum
1137 4831 1204 4872 ex
1226 4818 1331 4873 hac
1362 4819 1686 4875 abstinentia
1700 4835 1804 4875 non
1821 4822 2002 4891 capit;

427 4907 538 4961 imo
588 4922 690 4963 nec
730 4907 874 4962 bono
921 4906 1104 4977 aliquo
1158 4909 1284 4966 inde
1326 4910 1531 4981 privari
1581 4913 1661 4967 ait
1706 4911 2003 4984 Origenes;

428 4998 573 5069 quod
613 4998 690 5054 ita
741 4998 1022 5071 intelligo:
1071 5016 1195 5057 cum
1232 5003 1395 5059 homo
1441 5003 1685 5059 nondum
1733 5005 1835 5060 sibi
1872 5006 2008 5063 satis

426 5091 711 5161 probatus,
741 5091 825 5146 vel
858 5091 1089 5163 alicujus
1117 5094 1367 5151 criminis
1408 5096 1513 5151 sibi
1556 5096 1833 5164 conscius,
1862 5098 1908 5151 si
1939 5098 2007 5153 ad

429 5185 617 5240 altaris
654 5196 1062 5242 sacramentum
1107 5188 1362 5255 accedat,
1406 5186 1671 5258 judicium
1716 5190 1819 5245 sibi
1855 5205 2008 5245 man—

428 5275 591 5331 ducet
632 5285 688 5333 et
729 5277 902 5344 bibat,
947 5288 1117 5349 atque
1151 5293 1222 5337 ex
1252 5279 1359 5336 hoc
1388 5295 1488 5336 esu
1520 5289 1577 5336 et
1604 5290 1735 5350 potu
1775 5291 2007 5338 mortem

429 5369 625 5424 anima:
676 5385 788 5425 sua:
844 5371 1188 5437 consciscat,
1236 5371 1435 5428 nedum
1482 5372 1720 5428 fructum
1768 5373 2004 5445 aliquem

410 5462 557 5519 'inde
604 5466 888 5537 percipiat,
916 5467 1167 5537 sequitur
1194 5476 1254 5521 ut
1295 5466 1341 5523 si
1368 5467 1485 5523 haec
1525 5467 1885 5526 reformidans
1921 5486 2010 5525 sa—

430 5566 714 5613 cramento
742 5559 1033 5625 abstineat,
1061 5559 1207 5614 bono
1232 5559 1418 5630 aliquo
1449 5574 1555 5616 non
1588 5562 1857 5631 privetur,
1884 5562 2010 5617 dum

432 5658 539 5700 non
586 5649 751 5704 sumit
804 5662 1003 5719 corpus
1049 5648 1292 5716 Christi;
1356 5665 1480 5706 cum
1540 5651 1740 5706 malum
1800 5661 2006 5708 tantum

500 5737 550 5772 ⁹³
584 5735 746 5795 Joan.
773 5755 850 5807 vr,
884 5740 975 5796 54.

2114 4652 2357 4703 versare,
2386 4637 2569 4707 palato
2596 4638 2911 4708 degustare,
2953 4636 3077 4708 gula
3107 4626 3367 4704 sorbere,‘
3389 4635 3444 4690 in
3488 4635 3694 4689 ventri-

2114 4728 2295 4783 culum
2316 4727 2557 4784 demissa
2580 4742 2947 4797 concoquere,
2984 4727 3254 4784 intestinis
3279 4733 3505 4797 excepta
3544 4740 3574 4780 a
3611 4723 3696 4780 iae-

2114 4822 2268 4878 cibus
2299 4837 2623 4889 secernere,
2668 4830 2721 4876 et
2761 4821 2816 4875 in
2859 4822 3107 4890 corporis
3145 4820 3462 4875 alimentum
3502 4818 3693 4872 distri~

2114 4915 2305 4971 buere.
2342 4914 2456 4971 Hac
2496 4917 2709 4971 ratione
2752 4931 2875 4970 cum
2904 4913 3110 4970 Christi
3157 4927 3288 4969 caro
3317 4911 3630 4982 neutiquam
3661 4926 3693 4965 a

2117 5006 2275 5061 nobis
2308 5007 2659 5073 comedatur,
2712 5020 2817 5061 non
2865 5006 3171 5062 comeditur
3214 5004 3457 5075 profecto
3501 5016 3697 5058 secun-

2116 5097 2244 5153 dum
2286 5098 2547 5166 litteram,
2577 5100 2671 5155 sed
2703 5097 3195 5154 sacramentaliter.
3224 5096 3325 5152 Vel
3363 5094 3696 5152 eucharisti-

2115 5206 2241 5248 cum
2285 5205 2478 5261 panem
2527 5201 2757 5247 eatenus
2803 5189 3038 5262 appellat
3074 5188 3340 5259 Origenes
3371 5201 3569 5256 corpus
3618 5194 3703 5256 ty-

2114 5284 2296 5355 picum
2332 5292 2387 5338 et
2416 5282 2795 5354 symbolicum,
2837 5297 2944 5338 non
2989 5288 3260 5351 quatenus
3293 5280 3537 5334 absentis
3577 5290 3699 5330 cor-

2116 5376 2263 5446 poris
2288 5375 2492 5431 Christi
2517 5384 2677 5446 typus
2703 5384 2788 5431 est
2810 5385 2865 5431 et
2895 5374 3225 5447 symbolum,
3258 5370 3404 5443 quod
3445 5368 3560 5423 vult
3588 5368 3699 5423 Ed-

2117 5470 2349 5525 mundus
2371 5468 2707 5536 Albertinus,
2739 5468 2943 5539 aliique
2964 5481 3089 5523 cum
3118 5480 3183 5521 eo
3214 5462 3566 5520 heterodoxi:
3600 5462 3709 5545 sed

2117 5574 2425 5634 quatenus,
2459 5578 2583 5618 cum
2627 5562 2806 5633 reipsa
2848 5562 2923 5619 sit
2966 5575 3163 5632 corpus
3207 5558 3431 5626 Christi,
3462 5556 3697 5612 aliarum

2122 5670 2301 5709 rerum
2336 5663 2496 5726 typus
2524 5665 2608 5711 est
2632 5665 2687 5711 et
2718 5656 3044 5727 symbolum,
3070 5663 3201 5726 puta
3228 5652 3311 5711 sui
3340 5650 3511 5722 ipsius
3539 5658 3698 5706 extra

505 5827 620 5905 (40)
653 5831 884 5906 Albert.,
920 5833 995 5892 De
1020 5851 1245 5893 sacram.
1276 5834 1516 5896 Euchar.
1550 5835 1737 5913 lib._u,
1761 5838 1813 5897 in
1836 5837 2024 5900 Exam.
2063 5835 2539 5915 testim.-0rigen.,
2571 5852 2690 5911 cap.
2728 5839 2752 5895 1
