4170 6418
474 372 606 430 [0’19

1731 368 1791 422 Ρ.
1830 367 2144 424 DANlEle‘
2180 369 2414 441 unum

3583 387 3712 451 ωδε

472 522 910 577 sacramentum,
943 521 1002 566 ut
1025 510 1128 566 fuit
1157 513 1286 567 olim
1319 514 1370 566 in
1409 527 1592 578 cruce,
1623 522 1763 570 etut
1791 524 2039 571 estnunc

2147 500 2287 567 quod
2329 500 2630 560 Jerusalem
2675 505 2918 574 inferior,
2953 517 3165 564 terrena
3204 511 3482 580 nimirum,
3524 523 3711 569 revera

471 603 524 658 in
557 603 730 669 caelo;
769 603 849 657 vel
873 604 1290 658 resurrectionis
1319 613 1537 672 nostrae,
1580 605 1734 673 juxta
1761 606 2035 663 Nictenum

471 695 793 758 concilium;
850 693 931 748 vel
969 711 988 750 ί
1030 693 1190 748 unius
1228 694 1370 748 illius
1421 697 1685 765 corporis,
1738 698 1891 766 cujus
1925 699 2040 768 ipse

469 783 798 853 (Salvator)
838 792 1002 853 caput
1047 784 1297 849 exsistit,
1352 786 1546 855 cuique
1595 801 1733 857 uos,
1783 797 2037 861 tanquam

469 877 731 939 membra,
763 876 1064 930 arctissima
1096 876 1240 938 fidei,
1273 879 1383 945 spei
1418 887 1473 933 et
1513 879 1797 937 charitatis
1838 897 2038 938 conne-

469 966 628 1020 xione
665 967 920 1021 astrictos
950 981 1070 1021 esse
1121 967 1312 1032 voluit,
1345 987 1365 1023 ›
1387 969 1542 1038 juxta
1567 971 1915 1029 Tridentinus
1939 974 2040 1028 Pa-

470 1068 615 1125 tres;
651 1056 732 1111 vel
783 1056 904 1112 ﬁdei
959 1067 1014 1112 et
1065 1061 1478 1128 promissionis,
1528 1061 1679 1130 juxta
1709 1063 2038 1122 Clementem

467 1145 916 1200 Alexandrinum.
981 1147 1208 1202 Penitus
1262 1151 1590 1204 contirmaut
1648 1152 2038 1220 expositionem

467 1236 626 1290 istam
681 1236 885 1292 similes
927 1238 1228 1293 locutiones
1264 1237 1550 1309 Origeuis,
1607 1241 1662 1296 in
1712 1243 1909 1311 quibus
1954 1257 2040 1299 res

466 1328 714 1398 quaedam
747 1327 1057 1398 symbolica:
1098 1331 1459 1400 appellantur,
1509 1331 1596 1388 vel
1635 1333 1930 1404 symbolice
1963 1344 2041 1390 tac-

467 1420 546 1475 lcs
606 1419 808 1482 talesve
843 1436 965 1475 esse
993 1421 1284 1487 dicuntur;
1334 1439 1438 1477 non
1469 1424 1612 1494 quod
1645 1438 1832 1479 revera
1863 1426 2001 1482 tales
2023 1466 2038 1492 ,

467 1512 670 1568 talesve
699 1527 803 1567 non
847 1513 990 1580 sint;
1041 1513 1132 1569 sed
1191 1515 1330 1581 quod
1367 1530 1486 1568 cum
1539 1515 1670 1569 tales
1715 1516 1913 1571 talesve
1956 1532 2042 1570 re-

466 1620 594 1664 vera
629 1605 756 1670 sint,
790 1605 1014 1660 aliarum
1051 1616 1226 1660 tamen
1272 1623 1452 1662 rerum
1487 1608 1730 1677 symbola
1767 1610 1895 1663 sint.
1951 1608 2042 1665 Sic

470 1707 618 1754 tomo
644 1714 794 1752 xxxu
848 1700 903 1753 in
937 1697 1124 1764 Joau.,
1166 1715 1313 1754 num.
1355 1699 1417 1755 l3
1439 1739 1454 1764 ,
1492 1699 1754 1756 Joannem
1789 1702 1863 1756 ait
1896 1717 2042 1773 sym-

468 1791 646 1845 bolice
695 1791 1009 1846 recubuisse
1047 1789 1102 1844 in
1151 1791 1271 1846 sinu
1313 1792 1559 1848 Christi:
1602 1808 1710 1848 non
1762 1794 1904 1863 quod
1951 1809 2041 1848 re-

2144 591 2449 650 Jerusalem
2493 613 2597 652 non
2644 609 2828 665 esset;
2875 601 2968 655 sed
3019 602 3160 670 quod
3217 604 3406 657 umbra
3463 614 3606 659 esset
3659 615 3709 660 et

2146 689 2448 756 symbolum
2503 705 2750 760 superna:
2779 691 3100 749 Jerusalem.
3149 696 3272 751 Pari
3337 699 3497 754 modo
3532 701 3712 770 igitur,

2146 791 2268 832 cum
2302 795 2498 850 corpus
2540 782 2741 838 Christi
2792 787 3030 855 appellat
3084 790 3435 858 sytnbolicum
3477 801 3530 846 et
3573 795 3713 862 typi-

2145 881 2288 934 cum,
2328 886 2436 926 non
2470 873 2582 928 illic
2629 890 2816 929 revera
2854 878 3043 931 adesse
3074 890 3236 950 negat
3263 881 3467 936 Christi
3494 893 3713 950 corpus,

2145 961 2240 1016 sed
2292 974 2534 1032 praesens
2569 964 2678 1020 illic
2711 967 2915 1022 Christi
2956 984 3151 1037 corpus
3205 971 3504 1041 symbolum
3540 982 3595 1027 et
3628 983 3712 1044 ty-

2146 1067 2274 1122 pum
2309 1066 2428 1108 esse
2458 1055 2571 1110 vult
2604 1072 2784 1112 rerum
2832 1059 3086 1124 aliarum,
3134 1075 3323 1116 earum
3361 1078 3551 1133 nempe
3583 1078 3714 1134 quas

2149 1149 2718 1213 commemoravimus,
2750 1159 2876 1218 puta
2909 1151 2989 1205 sui
3031 1151 3198 1219 ipsius
3225 1163 3378 1208 extra
3409 1167 3713 1209 sacramen-

2146 1242 2280 1301 tum.
2322 1235 2378 1289 ld
2411 1239 2554 1307 quod
2584 1241 2717 1294 satis
2760 1241 2960 1295 indicat
2997 1241 3278 1311 Origenes,
3311 1259 3432 1298 cum
3475 1245 3713 1314 proxime

2145 1326 2425 1397 subjungit
2465 1349 2479 1383 :
2517 1329 2697 1385 Πολλὰ
2725 1330 2768 1383 δ’
2798 1331 2864 1386 ἂν
2892 1332 2982 1386 καὶ
3013 1333 3142 1404 περὶ
3173 1335 3336 1387 αὐτοῦ
3375 1335 3584 1405 λέγοιτο
3619 1337 3714 1390 τοῦ

2144 1417 2337 1487 Λόγου,
2371 1419 2430 1483 ὃς
2453 1413 2641 1490 γέγονε
2666 1421 2802 1494 σὰρξ
2832 1423 2926 1477 καὶ
2957 1424 3182 1497 ἀληθινὴ
3223 1425 3422 1496 βρῶσις
3453 1444 3465 1456 ·
3503 1446 3521 1479 t
3555 1427 3714 1481 Multa

2147 1519 2329 1564 autem
2358 1513 2425 1566 de
2457 1513 2576 1580 ipso
2604 1513 2783 1568 Verbo
2813 1515 2916 1570 dici
2946 1518 3174 1586 possint,
3203 1519 3344 1587 quod
3373 1536 3496 1572 caro
3516 1520 3715 1588 factum

2145 1611 2244 1666 est,
2280 1619 2528 1672 uerusque
2559 1606 2703 1660 cibus
2731 1605 2797 1672 ³⁵,
2836 1625 2856 1659 ι
2891 1617 3022 1670 etc...
3070 1609 3123 1663 in
3153 1611 3349 1678 quibus
3389 1611 3607 1665 disserit
3650 1612 3716 1667 de

2145 1692 2348 1748 Christi
2408 1711 2636 1766 curpore
2680 1708 2833 1753 extra
2887 1710 3311 1757 sacramentum.
3371 1701 3525 1756 Nulla
3575 1704 3715 1768 hac,

2146 1799 2307 1854 quam
2339 1786 2549 1850 datuus,
2595 1791 2774 1857 aptior
2817 1790 2904 1845 vel
2947 1792 3167 1846 solidior
3200 1793 3494 1861 excogitari
3541 1802 3715 1861 patest

468 1895 600 1936 vera
631 1881 685 1937 in
712 1882 832 1937 sinu
868 1882 1068 1937 Christi
1109 1899 1214 1936 non
1250 1884 1585 1948 recubuerit,
1630 1886 1722 1942 sed
1766 1886 1909 1954 quod
1950 1899 2040 1940 re-
2073 1863 2115 1918 Β
2144 1876 2246 1931 loci
2294 1877 2450 1946 hujus
2505 1879 2738 1946 solutio,
2801 1892 2992 1951 utpote
3048 1898 3169 1957 quae
3221 1899 3289 1938 ex
3341 1883 3716 1939 consimilibus

465 1973 682 2037 cubitus
723 1973 816 2029 illc
866 1974 1170 2045 symbolum
1219 1984 1362 2031 esset
1403 1977 1661 2046 propensi
1717 1975 1941 2032 affectus
1987 1985 2043 2032 et

467 2077 656 2137 prome
682 2063 803 2118 fidei
838 2079 1000 2132 quam
1032 2079 1160 2135 erga
1199 2066 1475 2122 Christum
1516 2068 1737 2138 gerebat
1777 2066 2038 2122 Joannes.

467 2152 740 2222 Similiter
778 2166 924 2211 tomo
963 2159 1154 2214 eodem
1197 2176 1348 2214 num.
1386 2159 1475 2224 i6,
1509 2161 1586 2215 ait
1617 2161 1914 2232 symbolice
1947 2178 2044 2216 no-

465 2253 608 2309 ctem
651 2246 855 2316 fuisse,
901 2264 1023 2304 cum
1067 2249 1251 2307 Jesum
1300 2253 1614 2322 proditurus
1659 2249 1828 2316 Judas
1864 2255 2037 2323 exiit;

466 2353 574 2392 non
603 2340 742 2409 quod
774 2356 962 2398 revera
996 2358 1099 2399 nox
1129 2359 1235 2399 non
1265 2354 1430 2410 esset,
1459 2342 1697 2401 Joannes
1717 2347 1915 2416 quippe
1946 2363 2044 2402 no-

467 2439 613 2490 ctem
647 2432 816 2489 fuisse
848 2435 1060 2502 scribit,
1099 2453 1220 2507 cap.
1259 2453 1378 2500 xut,
1428 2451 1572 2494 vers.
1621 2439 1713 2506 '50,
1757 2439 1849 2494 sed
1897 2444 2039 2509 quod

465 2531 574 2577 n'ox
608 2522 695 2578 illa
730 2526 1032 2596 symbolum
1065 2539 1210 2583 esset
1248 2530 1426 2585 noctis
1471 2531 1697 2586 alterius
1741 2546 1858 2600 qua:
1891 2529 2042 2586 Judze

467 2615 650 2678 animo
693 2615 1004 2672 incubabat.
1032 2619 1171 2687 Quin
1205 2621 1370 2676 etiam
1429 2631 1560 2677 tom.
1591 2637 1683 2676 xtv
1729 2624 1784 2676 in
1823 2622 2038 2688 Matth.,

465 2721 618 2762 num.
649 2709 740 2775 22,
775 2725 898 2781 pag.
931 2711 1053 2776 646,
1086 2709 1308 2768 Paulum
1333 2714 1564 2782 jussisse
1598 2716 1702 2779 ait,
1747 2725 1804 2771 ut
1832 2716 2041 2785 episco-

462 2815 586 2870 pus,
621 2802 901 2872 presbyter
960 2813 1015 2858 et
1068 2805 1348 2872 diaconus,
1398 2822 1538 2874 quos
1585 2806 1825 2877 symbola
1875 2807 2041 2861 fuisse

461 2890 578 2948 vult
619 2905 872 2947 verarum
931 2908 1145 2962 rerum,
1189 2896 1486 2966 symbolice
1528 2896 1836 2966 monogami
1890 2897 2036 2963 sint;

463 2996 571 3048 non
603 2984 748 3052 quod
783 3000 975 3040 revera
1009 3001 1362 3058 monogamos
1396 3003 1504 3046 non
1541 3003 1666 3044 esse
1703 2987 1859 3052 velit,
1904 2989 2040 3043 tales

461 3073 608 3135 enim
636 3088 758 3129 esse
801 3074 1004 3131 debere
1035 3077 1167 3131 satis
1203 3078 1304 3131 hoc
1347 3078 1468 3133 loco
1510 3079 1705 3142 docet,
1754 3079 1848 3133 sed
1895 3079 2039 3150 quod

2144 1969 2426 2038 scriptoris
2453 1971 2696 2040 ejusdem
2728 1976 3054 2028 testimoniis
3079 1975 3246 2044 petita
3275 1976 3366 2040 sit,
3394 1985 3450 2029 et
3478 1985 3712 2031 mentem

2145 2061 2312 2131 ipsius
2341 2064 2634 2118 manifesto
2679 2065 2935 2120 declaret.
2985 2065 3207 2121 Frustra
3249 2067 3412 2136 igitur
3445 2081 3513 2123 ex
3556 2083 3713 2137 supe-

2145 2155 2378 2209 rioribus
2422 2155 2727 2210 Adamantii
2771 2157 2838 2212 de
2894 2157 3233 2212 Eucharistia
3291 2159 3471 2213 verbis
3520 2161 3712 2229 μηθείς

2143 2245 2290 2299 dium
2327 2262 2508 2301 causae
2541 2262 2651 2301 sua:
2686 2263 2964 2304 arcessere
3004 2251 3181 2304 conati
3223 2261 3351 2305 sunt
3391 2251 3542 2304 multi
3588 2260 3718 2305 tem-

2145 2352 2334 2405 porum
2371 2338 2600 2394 istorum
2639 2341 2977 2396 heterodoxi.
3014 2341 3238 2398 Fruatra
3282 2358 3498 2412 quoque
3536 2343 3714 2402 locum

2143 2431 2211 2485 ab
2238 2430 2512 2485 ltmreticis
2539 2433 2894 2501 depravatum
2936 2435 3242 2500 suspicatus
3279 2445 3362 2489 est
3405 2433 3588 2489 Sixtus
3617 2435 3718 2489 Se-

2142 2525 2322 2576 nensis
2342 2521 2594 2577 Biblioth.
2619 2524 2714 2579 lib.
2740 2533 2815 2588 vt,
2850 2535 3036 2578 aunot.
3055 2524 3143 2580 66.
3167 2524 3383 2581 Frustra
3405 2525 3470 2580 ab
3489 2526 3717 2581 Erasmo

2143 2613 2438 2682 interprete
2483 2625 2798 2685 corruptum
2832 2615 3124 2683 conjectati
3169 2627 3294 2671 sunt
3336 2617 3718 2673 Cenebrardus

2145 2716 2200 2761 et
2229 2705 2560 2772 Perrouius;
2595 2722 2716 2761 cum
2750 2709 3110 2777 integritatem
3154 2709 3252 2763 loci
3287 2725 3447 2762 manu
3486 2709 3719 2778 scripto-

2145 2814 2261 2852 rum
2296 2800 2540 2854 codicum
2586 2799 2906 2855 Craécorum
2945 2816 3241 2855 consensus
3272 2811 3459 2870 aperte
3503 2803 3714 2870 probet.

2212 2891 2418 2946 Prmter
2454 2893 2561 2947 duo
2602 2892 2691 2947 illa
2737 2891 2988 2964 Origenis
3036 2894 3348 2949 testimonia
3373 2936 3388 2958 ,
3431 2894 3626 2964 quibus
3652 2895 3719 2950 de

2143 2985 2505 3040 Eucharistia:
2556 2996 2902 3040 sacramento
2952 3000 3232 3055 perperam
3284 2987 3520 3041 sensisse
3567 2985 3718 3040 visus

2140 3086 2260 3140 est,
2323 3076 2424 3129 alia
2487 3086 2720 3146 quatuor
2772 3079 2987 3146 generis
3037 3079 3279 3144 ejusdem
3330 3077 3487 3132 affert
3527 3076 3718 3132 Petrus

467 3169 805 3238 monogamia
851 3168 940 3223 illa
990 3171 1296 3241 symbolum
1347 3171 1420 3228 sit
1471 3172 1755 3228 munditiei
1814 3173 2036 3240 animm,
2065 3201 2108 3257 ϐ
2144 3166 2345 3234 lllartyr
2381 3166 2432 3218 iu
2471 3165 2609 3219 libro
2647 3176 2826 3220 contra
2872 3166 3252 3232 Gardiuerum,
3311 3169 3452 3220 unde
3493 3183 3716 3222 causam

461 3271 623 3327 quam
655 3260 794 3315 tueri
835 3261 1056 3327 debent,
1101 3264 1191 3331 qui
1239 3278 1393 3318 sacra
1440 3263 1848 3320 administrant.
1890 3263 2036 3319 Idem

462 3355 723 3417 preterea
765 3359 894 3404 tom.
933 3367 1022 3406 xvr
1065 3353 1121 3407 in
1171 3349 1390 3418 Matth,
1434 3369 1585 3408 num.
1627 3355 1682 3418 ὅ,
1735 3368 1858 3424 pag.
1900 3355 1995 3409 7H
2021 3397 2036 3422 ,

461 3451 732 3494 Summum
773 3437 1082 3502 Judaaorum
1131 3445 1499 3508 sacerdotem,
1541 3445 1900 3511 symbolicum
1943 3462 2039 3516 ap-

461 3526 660 3598 peilat;
702 3541 809 3584 non
842 3531 985 3598 quod
1028 3535 1284 3588 sacerdos
1314 3545 1504 3589 revera
1547 3550 1653 3590 non
1692 3545 1875 3592 esset:
1915 3538 2038 3609 quis

461 3617 609 3677 enim
647 3617 752 3674 hoc
804 3622 1014 3690 neget?
1064 3627 1158 3677 sed
1199 3625 1340 3693 quod
1385 3625 1694 3696 symbolum
1739 3635 1881 3683 esset
1921 3629 2036 3683 veri

462 3710 766 3774 sacerdotis
808 3710 1032 3767 Christi.
1093 3710 1296 3768 Ibidem
1345 3715 1613 3770 sacrificia
1653 3715 1903 3772 Mosaicae
1960 3717 2039 3772 le-

461 3797 565 3867 gis,
599 3799 902 3870 symbolica
941 3801 1217 3870 appellat:
1267 3817 1372 3858 non
1411 3805 1557 3874 quod
1597 3820 1789 3860 revera
1829 3807 2033 3862 sacriﬁ-

462 3889 546 3957 cia
576 3906 680 3946 non
722 3902 904 3948 essent
929 3931 945 3958 ,
991 3894 1087 3949 sed
1136 3895 1278 3964 quod
1319 3897 1562 3968 symbola
1605 3907 1790 3954 essent
1834 3898 2040 3954 sacrifi-

462 3982 670 4037 ciorum
724 3997 845 4052 qua:
898 3984 1032 4039 ﬁunt
1087 4001 1186 4056 pro
1247 3989 1506 4058 peccatis.
1565 3989 1730 4044 Addit
1785 3990 2034 4056 denmm,

463 4088 585 4126 cum
630 4075 880 4143 subjugi,
924 4089 1156 4146 corpore
1205 4094 1399 4149 nempe
1448 4097 1568 4147 suo,
1603 4091 1816 4137 vectum
1850 4081 2035 4138 Jesum

463 4166 678 4237 excepit
726 4181 854 4221 vera
911 4166 1252 4235 Jerusalem,
1304 4187 1536 4240 superna
1600 4173 1848 4242 scilicet,
1909 4184 2039 4228 tunc

461 4254 780 4324 dissipatam
811 4255 981 4312 fuisse
1016 4257 1346 4324 Jerusalem,
1376 4275 1496 4329 quae
1532 4262 1722 4316 umbra
1769 4271 1892 4316 est:
1928 4279 2041 4316 um-

463 4343 623 4400 bram
655 4347 866 4414 dicens,
903 4364 1006 4418 pro
1049 4365 1116 4405 eo
1145 4352 1288 4421 quod
1329 4354 1627 4423 symbolum
1656 4354 1901 4414 dixerat:
1935 4369 2039 4409 non

571 4460 620 4494 “
649 4457 806 4516 Joan.
832 4479 874 4535 ι,
918 4463 1017 4530 M;
1051 4481 1128 4532 vt,
1157 4465 1246 4520 51.
1321 4465 1367 4497 ³⁸
1412 4465 1567 4521 Joau.
1609 4483 1682 4531 vi,
1723 4468 1811 4522 «ει.

2145 3271 2297 3312 suam
2349 3272 2458 3315 non
2524 3271 2712 3325 parum
2770 3256 3082 3320 confirmari
3134 3267 3308 3326 putat.
3361 3256 3518 3310 Prior
3568 3257 3719 3312 locus

2145 3353 2494 3419 deprompttts
2529 3359 2615 3404 est
2658 3365 2724 3405 ex
2775 3349 2963 3404 homil.
2997 3350 3066 3404 16
3105 3351 3160 3402 in
3209 3349 3397 3413 Num.,
3441 3365 3591 3407 num.
3629 3349 3663 3406 9
3697 3367 3713 3406 :

2151 3457 2170 3491 ι
2209 3439 2406 3494 Bibere
2454 3439 2691 3493 dicimur
2733 3439 3060 3508 sanguinem
3102 3437 3338 3503 Christi,
3394 3454 3501 3493 non
3542 3439 3716 3498 solum

2145 3540 2612 3586 sacramentorum
2654 3531 2783 3594 ritu,
2819 3530 2913 3584 sed
2938 3537 2992 3583 et
3022 3543 3145 3582 cum
3176 3542 3458 3582 sermones
3485 3529 3602 3599 ejus
3631 3544 3720 3584 re-

2142 3621 2394 3690 cipimus,
2433 3620 2485 3674 in
2517 3619 2717 3690 quibus
2760 3621 2871 3674 vita
2905 3619 3181 3683 consistit,
3213 3619 3354 3672 sicut
3397 3629 3450 3673 et
3485 3619 3600 3688 ipse
3634 3619 3720 3674 di-

2141 3710 2250 3766 cit:
2291 3710 2460 3766 Verba
2491 3726 2607 3781 qua
2629 3710 2833 3764 locutus
2865 3727 3003 3777 sum,
3038 3710 3254 3779 spiritus
3271 3719 3316 3764 et
3344 3711 3450 3764 vita
3478 3722 3553 3776 est
3576 3711 3643 3765 ’⁸.
3685 3729 3706 3765 ο

2141 3805 2213 3860 At
2247 3802 2535 3857 manifeste
2581 3801 2718 3860 facit
2758 3802 2890 3856 illud
2923 3815 3019 3869 pro
3048 3801 3318 3856 catholica
3352 3817 3537 3867 causa,
3587 3817 3712 3856 nam

2143 3893 2596 3950 sacramentalem
2627 3893 2908 3962 sanguinis
2934 3891 3138 3948 Christi
3167 3893 3494 3961 potationem
3521 3895 3589 3948 ab
3611 3893 3717 3949 alia

2143 3987 2400 4052 secernit,
2434 4001 2545 4056 qua
2590 3987 2815 4041 verbum
2864 3983 3064 4042 Christi
3127 3985 3352 4038 auribus
3407 3991 3460 4038 et
3497 3994 3716 4049 mente,

2143 4079 2370 4149 spiritali
2397 4079 2632 4148 quodam
2669 4077 2829 4131 modo
2860 4076 3080 4131 bibitur.
3134 4077 3247 4147 (M)
3277 4075 3386 4132 Nec
3422 4077 3542 4146 plus
3573 4077 3720 4132 valet

2144 4184 2242 4239 pro
2275 4169 2714 4224 adversariorum
2755 4170 3000 4237 partibus
3031 4169 3259 4222 alterum
3293 4167 3396 4221 hoc
3429 4183 3460 4222 e
3493 4177 3714 4232 tractat.

2146 4262 2217 4316 55
2245 4263 2300 4316 in
2335 4259 2546 4326 Matth.,
2574 4276 2724 4315 num.
2752 4261 2844 4324 85,
2870 4275 2992 4329 pag.
3023 4259 3145 4316 898.
3191 4277 3210 4310 ‹
3242 4260 3402 4314 Panis
3425 4260 3526 4314 iste
3558 4275 3718 4330 quem

2147 4351 2290 4407 Deus
2335 4351 2560 4409 verbum
2605 4367 2801 4421 corpus
2841 4367 2996 4406 suum
3054 4366 3175 4406 esse
3228 4350 3447 4416 fatetur,
3489 4351 3716 4406 verbum

537 4581 648 4656 (41)
699 4573 810 4636 Nec
855 4582 972 4650 plus
1010 4584 1174 4656 υαΙεξ-Δ
1198 4600 1291 4656 pro
1310 4584 1759 4656 _qdversar_iorum
1799 4584 2038 4652 partibus
2069 4587 2113 4641 D
2145 4581 2425 4656 cumait:
2457 4599 2475 4634 ι
2498 4579 2615 4636 Non
2641 4579 2810 4656 “enim
2843 4593 3030 4649 panem
3059 4577 3206 4632 illum
3251 4577 3518 4656 visibilem
3555 4592 3718 4656 quem

462 4652 800 4711 alterumhac
822 4669 849 4707 ε
873 4662 1082 4706 tractat.
1107 4652 1177 4707 '55
1225 4655 1278 4707 in
1309 4653 1502 4707 Matth.
1534 4653 1724 4706 «Panis
1750 4655 1853 4707 iste
1878 4669 2037 4721 quem

465 4723 608 4777 Deus
645 4721 899 4785 Verbum,
931 4743 949 4774 ι
993 4731 1099 4778 etc.
1131 4722 1245 4777 Non
1277 4725 1448 4791 magis
1481 4723 1661 4777 favent
1688 4725 2040 4778 heterodoxis

465 4808 586 4862 quae
650 4803 772 4861 post
830 4796 944 4854 haec
1008 4794 1172 4847 verba
1226 4795 1716 4862 manuscriptorum
1790 4795 2038 4848 codicum

467 4864 788 4925 auctoritate
841 4864 893 4915 in
942 4873 1145 4916 textum
1206 4863 1541 4918 restituimus
1591 4880 1604 4915 :
1654 4881 1672 4915 ι
1702 4863 1829 4917 ’Νοιι
1894 4864 2039 4916 enim

467 4948 659 5001 panem
709 4932 855 4986 illum
903 4931 1163 4986 visibilem
1215 4945 1373 5000 quem
1423 4933 1641 4988 tenebat
1693 4934 1745 4986 in
1789 4934 2039 4986 manibus

466 5018 663 5073 corpus
710 5017 865 5054 suum
903 5002 1115 5057 dicebat
1160 5001 1303 5056 Deus
1339 5002 1622 5073 Verbum,
1667 5003 1760 5057 sed
1805 5001 2038 5073 Verbum

468 5074 520 5128 in
547 5072 703 5140 cujus
734 5075 990 5140 mysterio
1017 5073 1192 5127 fuerat
1223 5072 1377 5142 panis
1414 5073 1503 5126 ille
1533 5073 1882 5142 frangendus.
1930 5072 2040 5127 Nec

502 5153 648 5197 otum
678 5142 825 5195 illum
852 5142 1116 5212 visibilem
1149 5143 1465 5212 sanguinem
1497 5159 1663 5212 suum
1685 5143 2039 5212 dicebat,_sed

502 5159 648 5197 Otum
678 5159 825 5195 tuum
852 5159 1116 5196 vusuutem
1149 5159 1465 5212 sanguinem
1497 5159 1650 5202 suum
1685 5159 1914 5203 arcebat,
1944 5159 2038 5197 seu

467 5159 704 5267 gerbum
732 5213 783 5282 in
820 5205 1264 5282 cujus‘myslerio
1310 5224 1465 5280 putus
1509 5213 1597 5266 ille
1645 5211 1820 5267 fuerat
1863 5209 2038 5266 effun~

468 5284 691 5355 dendus.
732 5281 865 5335 Nam
890 5281 1220 5355 corpusDei
1254 5281 1440 5355 Verbi,
1483 5292 1575 5337 aut
1619 5283 1839 5355 sanguis
1862 5323 1877 5347 ,
1909 5283 2040 5350 quid

469 5353 612 5407 aliud
645 5367 764 5407 esse
791 5361 990 5420 potest,
1020 5352 1123 5406 nisi
1154 5352 1377 5406 verbum
1411 5355 1553 5420 quod
1584 5353 1801 5420 nutrit,
1834 5362 1888 5405 et
1917 5367 2039 5406 ver-

467 5423 593 5479 bum
621 5422 766 5492 quod
791 5419 1027 5476 lmtilicat
1063 5421 1197 5475 cor?
1227 5441 1245 5474 ι
1297 5419 1440 5474 Tria
1464 5423 1605 5475 enim
1651 5423 1740 5476 hic
1779 5419 2040 5491 Origenes

469 5507 591 5546 cum
624 5491 896 5546 veteribus
916 5493 1236 5562 quibusdam
1268 5492 1320 5544 in
1349 5491 1686 5545 Eucharistia
1721 5493 2036 5560 distinguit:

470 5576 664 5629 nempe
685 5561 1236 5630 speciem'externam
1272 5561 1519 5615 sensibus
1554 5563 1851 5628 subjectum
1879 5579 1893 5626 ;
1920 5563 2042 5616 sub—

472 5633 726 5685 stantiam
787 5633 930 5685 intus
983 5631 1275 5694 latentem,
1335 5641 1391 5683 et
1456 5631 1570 5686 solo
1621 5632 1740 5686 lldei
1796 5633 2040 5685 contuitu

468 5701 886 5768 aspertabilem;
932 5711 1009 5770 et,
1045 5701 1326 5770 mysticam
1375 5701 1661 5767 quamdam
1720 5700 2044 5756 sacramenti

468 5770 945 5839 significationem.
989 5769 1070 5823 Ad
1104 5769 1314 5839 partem
1365 5779 1640 5822 externam
1677 5772 1850 5824 oculis
1878 5786 2043 5839 appa-

472 5837 674 5897 rentem
739 5848 793 5893 et
833 5837 1033 5894 Christi
1076 5838 1321 5891 manibus
1363 5847 1752 5893 contrectatam
1804 5837 2043 5914 respicit,

2145 4654 2364 4719 tenebat
2413 4651 2776 4716 inmanibus,
2844 4663 3041 4716 corpus
3099 4661 3254 4719 suum
3308 4649 3522 4702 dicebat
3580 4655 3721 4705 Deus

2149 4718 2403 4777 Verbum.
2428 4760 2443 4774 .
2469 4759 2486 4774 .
2504 4757 2520 4773 .
2547 4720 2658 4773 Nec
2689 4729 2870 4787 potum
2898 4720 3044 4772 illum
3072 4718 3359 4784 visibilem,
3397 4719 3716 4786 sanguinem

2145 4807 2303 4847 suum
2346 4791 2628 4854 dicebat.»
2686 4789 3054 4844 Substantiatn
3113 4789 3213 4841 sub
3268 4799 3491 4842 externa
3538 4792 3720 4856 sper-ie

2144 4863 2400 4916 latentem
2453 4873 2640 4930 aperte
2694 4859 2941 4928 designat
2995 4869 3105 4930 tum
3152 4857 3719 4930 bis__Dr_aecedeutihus

2144 4932 2368 4986 verbis:
2401 4950 2418 4982 ι
2450 4925 2609 4983 Panis
2657 4930 2761 4984 iste
2809 4925 2969 4998 quem
3031 4927 3172 4998 Deus
3234 4925 3466 4998 verbum
3520 4943 3718 4998 corpus

2147 5016 2302 5056 suum
2331 5015 2452 5055 esse
2478 4999 2769 5053 fatetur....
2803 4996 2857 5051 et
2884 5007 3040 5066 potus
3075 4997 3174 5051 iste
3213 5011 3372 5066 quem
3409 4997 3552 5051 Deus
3585 4996 3722 5052 Ver-

2141 5071 2269 5125 bum
2332 5071 2648 5140 sanguineut
2701 5084 2860 5140 suum
2905 5066 3200 5140 fateturat
3240 5078 3352 5140 tum
3403 5068 3488 5121 liis
3531 5069 3720 5140 subse-

2140 5141 2356 5210 quentis
2405 5134 2620 5193 articuli
2654 5157 2667 5191 :
2705 5157 2723 5188 ι
2751 5138 2815 5190 Ει
2843 5139 3079 5210 ostendit
3111 5134 3334 5210 (Jesus)
3366 5139 3584 5204 quando
3626 5154 3719 5194 eos

2167 5207 2479 5279 discipulos)
2509 5210 2609 5262 hoc
2629 5223 2766 5279 pane
2791 5209 2979 5271 nutrit,
3006 5207 3280 5279 proprium
3303 5221 3423 5279 esse
3451 5223 3716 5277 corpus...

2189 5277 2345 5334 einde
2372 5281 2602 5333 docebat
2636 5278 2930 5344 discipulos
2954 5315 2970 5338 ,
3017 5278 3203 5344 qui....
3252 5277 3722 5333 mauducaverant

2144 5365 2342 5419 corpus
2394 5348 2573 5410 Verbi,
2605 5365 2633 5419 i_
2689 5359 2797 5400 etc.
2848 5347 3087 5414 Denique
3138 5349 3203 5399 de
3238 5348 3716 5419 mysticasacra-

2145 5417 2313 5474 menti
2349 5417 2769 5487 significatione_
2794 5432 2889 5485 per
2935 5427 3104 5469 totum
3149 5417 3436 5487 articulum
3478 5418 3716 5482 disserit,

2142 5491 2308 5542 verba
2347 5485 3086 5556 itistitutiouisEucharistite
3130 5486 3420 5554 allegorice
3449 5487 3719 5556 interpre-

2144 5561 2308 5613 tando
2333 5559 2398 5611 de
2430 5557 2605 5612 Verbo
2629 5555 2720 5608 Dei
2746 5599 2759 5620 ,
2786 5558 2938 5624 quod
2970 5557 3146 5608 instar
3174 5557 3453 5622 cujusdam
3485 5555 3641 5624 panis
3665 5567 3721 5612 et

2147 5639 2306 5698 potus
2338 5627 2577 5681 ccelestis
2607 5644 2626 5678 ι
2653 5623 2825 5698 nutrit
2856 5635 2911 5698 et
2933 5626 3191 5698 laetiﬁcat,
3227 5635 3374 5695 potat
3400 5636 3456 5680 et
3486 5623 3720 5682 inebriat

2147 5694 2405 5766 praeclare
2455 5697 2617 5766 corda
2673 5697 3036 5766 bibentium.»
3103 5694 3334 5749 Sanctus
3385 5700 3719 5764 Augustinus

2147 5763 2399 5830 sermone
2423 5765 2548 5831 272,
2587 5766 2655 5819 ad
2693 5763 2955 5826 Infantes,
2998 5766 3185 5819 eodem
3230 5766 3344 5820 fere
3388 5763 3566 5830 modo,
3615 5785 3721 5836 quo

2150 5838 2240 5903 hic
2272 5837 2554 5908 Origenes,
2574 5837 2872 5902 disseritde
2893 5835 3079 5892 altaris
3107 5849 3448 5892 sacramento
3479 5855 3493 5892 :
3522 5855 3541 5888 ι
3567 5835 3719 5906 Quod
