  <div class='ocr_page' id='page_1' title='image "/cluster/home/n/w/nwhite01/storage/ocr_20150623/17:no.7/coo.31924054872977/552.png"; bbox 0 0 4170 6446; ppageno 0'>
   <div class='ocr_carea' id='block_1_1' title="bbox 458 411 592 467">
    <p class='ocr_par' dir='ltr' id='par_1_1' title="bbox 458 411 592 467">
     <span class='ocr_line' id='line_1_1' title="bbox 458 411 592 467; baseline -0.015 -2"><span class='ocrx_word' id='word_1_1' title='bbox 458 411 592 467; x_wconf 71' lang='grc'><strong>1881</strong></span> 
     </span>
    </p>
   </div>
   <div class='ocr_carea' id='block_1_2' title="bbox 1302 406 2958 477">
    <p class='ocr_par' dir='ltr' id='par_1_2' title="bbox 1302 406 2958 477">
     <span class='ocr_line' id='line_1_2' title="bbox 1302 406 2958 477; baseline -0.002 -12"><span class='ocrx_word' id='word_1_2' title='bbox 1302 408 1875 467; x_wconf 74' lang='lat' dir='ltr'><strong>ORICENIANORUM</strong></span> <span class='ocrx_word' id='word_1_3' title='bbox 1916 410 2065 473; x_wconf 77' lang='grc' dir='ltr'>ιιΒ..</span> <span class='ocrx_word' id='word_1_4' title='bbox 2086 409 2153 477; x_wconf 90' lang='grc' dir='ltr'><strong>ιι,</strong></span> <span class='ocrx_word' id='word_1_5' title='bbox 2189 409 2349 465; x_wconf 84' lang='lat' dir='ltr'><strong>CAP.</strong></span> <span class='ocrx_word' id='word_1_6' title='bbox 2393 410 2461 476; x_wconf 86' lang='lat' dir='ltr'><strong>ll,</strong></span> <span class='ocrx_word' id='word_1_7' title='bbox 2504 407 2781 476; x_wconf 69' lang='lat' dir='ltr'><strong>QUASST.</strong></span> <span class='ocrx_word' id='word_1_8' title='bbox 2818 406 2958 462; x_wconf 78' lang='lat' dir='ltr'><strong>XIV.</strong></span> 
     </span>
    </p>
   </div>
   <div class='ocr_carea' id='block_1_3' title="bbox 3576 379 3787 493">
    <p class='ocr_par' dir='ltr' id='par_1_3' title="bbox 3576 379 3787 493">
     <span class='ocr_line' id='line_1_3' title="bbox 3576 379 3787 493; baseline 0 -34"><span class='ocrx_word' id='word_1_9' title='bbox 3576 379 3729 460; x_wconf 63' lang='lat' dir='ltr'><strong>mss&quot;</strong></span> <span class='ocrx_word' id='word_1_10' title='bbox 3761 463 3787 493; x_wconf 23' lang='lat' dir='ltr'><strong>ﬁ</strong></span> 
     </span>
    </p>
   </div>
   <div class='ocr_carea' id='block_1_4' title="bbox 458 518 3709 589">
    <p class='ocr_par' dir='ltr' id='par_1_4' title="bbox 458 518 3709 589">
     <span class='ocr_line' id='line_1_4' title="bbox 458 518 3709 589; baseline -0.001 -12"><span class='ocrx_word' id='word_1_11' title='bbox 458 533 542 578; x_wconf 83' lang='lat' dir='ltr'><strong>est</strong></span> <span class='ocrx_word' id='word_1_12' title='bbox 589 522 934 578; x_wconf 82' lang='lat' dir='ltr'><strong>nutri-torium</strong></span> <span class='ocrx_word' id='word_1_13' title='bbox 967 522 1293 588; x_wconf 87' lang='lat' dir='ltr'><strong>animarum,</strong></span> <span class='ocrx_word' id='word_1_14' title='bbox 1331 522 1563 577; x_wconf 85' lang='lat' dir='ltr'><strong>Verbum</strong></span> <span class='ocrx_word' id='word_1_15' title='bbox 1593 523 1659 578; x_wconf 90' lang='lat' dir='ltr'><strong>de</strong></span> <span class='ocrx_word' id='word_1_16' title='bbox 1703 523 1816 578; x_wconf 82' lang='lat' dir='ltr'><strong>Deo</strong></span> <span class='ocrx_word' id='word_1_17' title='bbox 1843 524 2022 577; x_wconf 88' lang='lat' dir='ltr'><strong>Verbo</strong></span> <span class='ocrx_word' id='word_1_18' title='bbox 2052 530 2100 584; x_wconf 81' lang='grc' dir='ltr'><strong>Α</strong></span> <span class='ocrx_word' id='word_1_19' title='bbox 2125 522 2344 577; x_wconf 91' lang='lat' dir='ltr'><strong>edocuit</strong></span> <span class='ocrx_word' id='word_1_20' title='bbox 2372 540 2384 576; x_wconf 92' lang='lat'>:</span> <span class='ocrx_word' id='word_1_21' title='bbox 2414 522 2508 577; x_wconf 90' lang='lat' dir='ltr'><strong>sed</strong></span> <span class='ocrx_word' id='word_1_22' title='bbox 2545 530 2601 576; x_wconf 89' lang='lat' dir='ltr'><strong>tu</strong></span> <span class='ocrx_word' id='word_1_23' title='bbox 2635 520 2726 589; x_wconf 87' lang='lat' dir='ltr'><strong>qui</strong></span> <span class='ocrx_word' id='word_1_24' title='bbox 2749 521 2814 573; x_wconf 90' lang='lat' dir='ltr'><strong>ad</strong></span> <span class='ocrx_word' id='word_1_25' title='bbox 2853 518 3127 575; x_wconf 92' lang='lat' dir='ltr'><strong>Christum</strong></span> <span class='ocrx_word' id='word_1_26' title='bbox 3161 518 3379 586; x_wconf 76' lang='lat' dir='ltr'><strong>venisti,</strong></span> <span class='ocrx_word' id='word_1_27' title='bbox 3404 520 3709 588; x_wconf 92' lang='lat' dir='ltr'><strong>pontiﬁcem</strong></span> 
     </span>
    </p>
   </div>
   <div class='ocr_carea' id='block_1_5' title="bbox 457 612 2035 686">
    <p class='ocr_par' dir='ltr' id='par_1_5' title="bbox 457 612 2035 686">
     <span class='ocr_line' id='line_1_5' title="bbox 457 612 2035 686; baseline -0.003 -16"><span class='ocrx_word' id='word_1_28' title='bbox 457 615 789 686; x_wconf 85' lang='lat' dir='ltr'><strong>procedens,</strong></span> <span class='ocrx_word' id='word_1_29' title='bbox 831 624 885 668; x_wconf 89' lang='lat' dir='ltr'><strong>et</strong></span> <span class='ocrx_word' id='word_1_30' title='bbox 918 614 1074 683; x_wconf 87' lang='lat' dir='ltr'><strong>panis</strong></span> <span class='ocrx_word' id='word_1_31' title='bbox 1117 614 1182 667; x_wconf 91' lang='lat' dir='ltr'><strong>de</strong></span> <span class='ocrx_word' id='word_1_32' title='bbox 1240 628 1380 681; x_wconf 83' lang='lat' dir='ltr'><strong>pane</strong></span> <span class='ocrx_word' id='word_1_33' title='bbox 1434 612 1672 678; x_wconf 85' lang='lat' dir='ltr'><strong>caelesti,</strong></span> <span class='ocrx_word' id='word_1_34' title='bbox 1712 632 1730 661; x_wconf 79' lang='grc' dir='ltr'><strong>ι</strong></span> <span class='ocrx_word' id='word_1_35' title='bbox 1764 623 1898 676; x_wconf 89' lang='lat' dir='ltr'><strong>etc.,</strong></span> <span class='ocrx_word' id='word_1_36' title='bbox 1948 612 2035 666; x_wconf 88' lang='lat' dir='ltr'><strong>cui</strong></span> 
     </span>
    </p>
   </div>
   <div class='ocr_carea' id='block_1_6' title="bbox 456 701 2032 773">
    <p class='ocr_par' dir='ltr' id='par_1_6' title="bbox 456 701 2032 773">
     <span class='ocr_line' id='line_1_6' title="bbox 456 701 2032 773; baseline -0.003 -11"><span class='ocrx_word' id='word_1_37' title='bbox 456 707 759 761; x_wconf 85' lang='lat' dir='ltr'><strong>consimilia</strong></span> <span class='ocrx_word' id='word_1_38' title='bbox 795 704 1034 773; x_wconf 90' lang='lat' dir='ltr'><strong>reperire</strong></span> <span class='ocrx_word' id='word_1_39' title='bbox 1065 710 1148 757; x_wconf 88' lang='lat' dir='ltr'><strong>est</strong></span> <span class='ocrx_word' id='word_1_40' title='bbox 1176 703 1362 756; x_wconf 90' lang='lat' dir='ltr'><strong>homil.</strong></span> <span class='ocrx_word' id='word_1_41' title='bbox 1397 702 1427 754; x_wconf 87' lang='lat'><strong>7</strong></span> <span class='ocrx_word' id='word_1_42' title='bbox 1472 704 1526 757; x_wconf 87' lang='lat' dir='ltr'><strong>in</strong></span> <span class='ocrx_word' id='word_1_43' title='bbox 1561 701 1751 766; x_wconf 84' lang='lat' dir='ltr'><strong>Levit.,</strong></span> <span class='ocrx_word' id='word_1_44' title='bbox 1798 718 1947 757; x_wconf 92' lang='lat' dir='ltr'><strong>num.</strong></span> <span class='ocrx_word' id='word_1_45' title='bbox 1978 704 2032 769; x_wconf 81' lang='lat'><strong>5,</strong></span> 
     </span>
    </p>
   </div>
   <div class='ocr_carea' id='block_1_7' title="bbox 458 794 2037 853">
    <p class='ocr_par' dir='ltr' id='par_1_7' title="bbox 458 794 2037 853">
     <span class='ocr_line' id='line_1_7' title="bbox 458 794 2037 853; baseline -0.003 0"><span class='ocrx_word' id='word_1_46' title='bbox 458 800 526 853; x_wconf 90' lang='lat' dir='ltr'><strong>ab</strong></span> <span class='ocrx_word' id='word_1_47' title='bbox 577 798 887 853; x_wconf 87' lang='lat' dir='ltr'><strong>Hermanuo</strong></span> <span class='ocrx_word' id='word_1_48' title='bbox 928 796 1099 850; x_wconf 86' lang='lat' dir='ltr'><strong>Bodio</strong></span> <span class='ocrx_word' id='word_1_49' title='bbox 1150 796 1204 848; x_wconf 92' lang='lat' dir='ltr'><strong>in</strong></span> <span class='ocrx_word' id='word_1_50' title='bbox 1251 794 1600 850; x_wconf 79' lang='lat' dir='ltr'><strong>Collectaneis</strong></span> <span class='ocrx_word' id='word_1_51' title='bbox 1645 796 1909 851; x_wconf 89' lang='lat' dir='ltr'><strong>adversus</strong></span> <span class='ocrx_word' id='word_1_52' title='bbox 1946 810 2037 850; x_wconf 87' lang='lat' dir='ltr'><strong>ca-</strong></span> 
     </span>
    </p>
   </div>
   <div class='ocr_carea' id='block_1_8' title="bbox 2138 608 3705 680">
    <p class='ocr_par' dir='ltr' id='par_1_8' title="bbox 2138 608 3705 680">
     <span class='ocr_line' id='line_1_8' title="bbox 2138 608 3705 680; baseline -0.001 -14"><span class='ocrx_word' id='word_1_53' title='bbox 2138 628 2354 678; x_wconf 90' lang='lat' dir='ltr'><strong>verum,</strong></span> <span class='ocrx_word' id='word_1_54' title='bbox 2390 611 2480 680; x_wconf 88' lang='lat' dir='ltr'><strong>qui</strong></span> <span class='ocrx_word' id='word_1_55' title='bbox 2511 613 2773 679; x_wconf 79' lang='lat' dir='ltr'><strong>sanguine</strong></span> <span class='ocrx_word' id='word_1_56' title='bbox 2798 625 2898 663; x_wconf 87' lang='lat' dir='ltr'><strong>suo</strong></span> <span class='ocrx_word' id='word_1_57' title='bbox 2926 608 3090 671; x_wconf 86' lang='lat' dir='ltr'><strong>Deum</strong></span> <span class='ocrx_word' id='word_1_58' title='bbox 3119 610 3212 663; x_wconf 88' lang='lat' dir='ltr'><strong>tibi</strong></span> <span class='ocrx_word' id='word_1_59' title='bbox 3246 610 3537 679; x_wconf 91' lang='lat' dir='ltr'><strong>propitium</strong></span> <span class='ocrx_word' id='word_1_60' title='bbox 3562 609 3705 675; x_wconf 78' lang='lat' dir='ltr'><strong>fecit,</strong></span> 
     </span>
    </p>
   </div>
   <div class='ocr_carea' id='block_1_9' title="bbox 2134 701 3711 772">
    <p class='ocr_par' dir='ltr' id='par_1_9' title="bbox 2134 701 3711 772">
     <span class='ocr_line' id='line_1_9' title="bbox 2134 701 3711 772; baseline -0.003 -13"><span class='ocrx_word' id='word_1_61' title='bbox 2134 713 2190 761; x_wconf 86' lang='lat' dir='ltr'><strong>et</strong></span> <span class='ocrx_word' id='word_1_62' title='bbox 2244 703 2617 757; x_wconf 81' lang='lat' dir='ltr'><strong>reconciliavit</strong></span> <span class='ocrx_word' id='word_1_63' title='bbox 2663 711 2713 755; x_wconf 93' lang='lat' dir='ltr'><strong>te</strong></span> <span class='ocrx_word' id='word_1_64' title='bbox 2765 701 2938 766; x_wconf 89' lang='lat' dir='ltr'><strong>Patri,</strong></span> <span class='ocrx_word' id='word_1_65' title='bbox 2988 716 3093 755; x_wconf 92' lang='lat' dir='ltr'><strong>non</strong></span> <span class='ocrx_word' id='word_1_66' title='bbox 3130 702 3337 756; x_wconf 62' lang='lat' dir='ltr'><strong>haireas</strong></span> <span class='ocrx_word' id='word_1_67' title='bbox 3368 702 3420 755; x_wconf 92' lang='lat' dir='ltr'><strong>in</strong></span> <span class='ocrx_word' id='word_1_68' title='bbox 3452 703 3711 772; x_wconf 78' lang='lat' dir='ltr'><strong>sanguine</strong></span> 
     </span>
    </p>
   </div>
   <div class='ocr_carea' id='block_1_10' title="bbox 2135 793 3708 862">
    <p class='ocr_par' dir='ltr' id='par_1_10' title="bbox 2135 793 3708 862">
     <span class='ocr_line' id='line_1_10' title="bbox 2135 793 3708 862; baseline -0.002 -12"><span class='ocrx_word' id='word_1_69' title='bbox 2135 796 2342 857; x_wconf 91' lang='lat' dir='ltr'><strong>carnis,</strong></span> <span class='ocrx_word' id='word_1_70' title='bbox 2370 796 2461 848; x_wconf 90' lang='lat' dir='ltr'><strong>sed</strong></span> <span class='ocrx_word' id='word_1_71' title='bbox 2486 796 2634 849; x_wconf 84' lang='lat' dir='ltr'><strong>disce</strong></span> <span class='ocrx_word' id='word_1_72' title='bbox 2661 793 2847 862; x_wconf 88' lang='lat' dir='ltr'><strong>potius</strong></span> <span class='ocrx_word' id='word_1_73' title='bbox 2891 794 3214 861; x_wconf 87' lang='lat' dir='ltr'><strong>sanguinem</strong></span> <span class='ocrx_word' id='word_1_74' title='bbox 3253 793 3437 857; x_wconf 83' lang='lat' dir='ltr'><strong>Verbi,</strong></span> <span class='ocrx_word' id='word_1_75' title='bbox 3484 804 3538 847; x_wconf 91' lang='lat' dir='ltr'><strong>et</strong></span> <span class='ocrx_word' id='word_1_76' title='bbox 3584 794 3708 847; x_wconf 90' lang='lat' dir='ltr'><strong>audi</strong></span> 
     </span>
    </p>
   </div>
   <div class='ocr_carea' id='block_1_11' title="bbox 460 883 3709 955">
    <p class='ocr_par' dir='ltr' id='par_1_11' title="bbox 460 883 3709 955">
     <span class='ocr_line' id='line_1_11' title="bbox 460 883 3709 955; baseline -0.001 -16"><span class='ocrx_word' id='word_1_77' title='bbox 460 886 718 940; x_wconf 89' lang='lat' dir='ltr'><strong>tholicam</strong></span> <span class='ocrx_word' id='word_1_78' title='bbox 753 885 1058 939; x_wconf 80' lang='lat' dir='ltr'><strong>doctrinam</strong></span> <span class='ocrx_word' id='word_1_79' title='bbox 1101 893 1393 953; x_wconf 85' lang='lat' dir='ltr'><strong>usurpata:</strong></span> <span class='ocrx_word' id='word_1_80' title='bbox 1445 900 1567 937; x_wconf 88' lang='lat' dir='ltr'><strong>nam</strong></span> <span class='ocrx_word' id='word_1_81' title='bbox 1608 886 1651 938; x_wconf 88' lang='lat' dir='ltr'><strong>si</strong></span> <span class='ocrx_word' id='word_1_82' title='bbox 1689 885 1843 955; x_wconf 74' lang='lat' dir='ltr'><strong>juxta</strong></span> <span class='ocrx_word' id='word_1_83' title='bbox 1892 886 2038 940; x_wconf 89' lang='lat' dir='ltr'><strong>litte-</strong></span> <span class='ocrx_word' id='word_1_84' title='bbox 2134 885 2307 955; x_wconf 90' lang='lat' dir='ltr'><strong>ipsum</strong></span> <span class='ocrx_word' id='word_1_85' title='bbox 2334 885 2430 939; x_wconf 90' lang='lat' dir='ltr'><strong>tibi</strong></span> <span class='ocrx_word' id='word_1_86' title='bbox 2469 885 2758 950; x_wconf 90' lang='lat' dir='ltr'><strong>dicentem,</strong></span> <span class='ocrx_word' id='word_1_87' title='bbox 2803 884 2925 954; x_wconf 91' lang='lat' dir='ltr'><strong>quia</strong></span> <span class='ocrx_word' id='word_1_88' title='bbox 2956 884 3037 936; x_wconf 81' lang='lat' dir='ltr'><strong>hic</strong></span> <span class='ocrx_word' id='word_1_89' title='bbox 3078 883 3291 951; x_wconf 78' lang='lat' dir='ltr'><strong>sanguis</strong></span> <span class='ocrx_word' id='word_1_90' title='bbox 3324 900 3467 936; x_wconf 83' lang='lat' dir='ltr'><strong>meus</strong></span> <span class='ocrx_word' id='word_1_91' title='bbox 3489 892 3583 948; x_wconf 81' lang='lat' dir='ltr'><strong>est,</strong></span> <span class='ocrx_word' id='word_1_92' title='bbox 3618 884 3709 952; x_wconf 91' lang='lat' dir='ltr'><strong>qui</strong></span> 
     </span>
    </p>
   </div>
   <div class='ocr_carea' id='block_1_12' title="bbox 462 974 3701 1046">
    <p class='ocr_par' dir='ltr' id='par_1_12' title="bbox 462 974 3701 1046">
     <span class='ocr_line' id='line_1_12' title="bbox 462 974 3701 1046; baseline -0.002 -14"><span class='ocrx_word' id='word_1_93' title='bbox 462 994 576 1032; x_wconf 89' lang='lat' dir='ltr'><strong>ram</strong></span> <span class='ocrx_word' id='word_1_94' title='bbox 637 979 689 1032; x_wconf 88' lang='lat' dir='ltr'><strong>id</strong></span> <span class='ocrx_word' id='word_1_95' title='bbox 731 978 1058 1033; x_wconf 90' lang='lat' dir='ltr'><strong>sumendum</strong></span> <span class='ocrx_word' id='word_1_96' title='bbox 1108 986 1398 1045; x_wconf 85' lang='lat' dir='ltr'><strong>putamus,</strong></span> <span class='ocrx_word' id='word_1_97' title='bbox 1451 988 1511 1031; x_wconf 88' lang='lat' dir='ltr'><strong>ut</strong></span> <span class='ocrx_word' id='word_1_98' title='bbox 1557 980 1879 1033; x_wconf 89' lang='lat' dir='ltr'><strong>sumendum</strong></span> <span class='ocrx_word' id='word_1_99' title='bbox 1923 980 2038 1033; x_wconf 89' lang='lat' dir='ltr'><strong>vult</strong></span> <span class='ocrx_word' id='word_1_100' title='bbox 2131 994 2226 1044; x_wconf 83' lang='lat' dir='ltr'><strong>pro</strong></span> <span class='ocrx_word' id='word_1_101' title='bbox 2272 978 2411 1031; x_wconf 80' lang='lat' dir='ltr'><strong>vobis</strong></span> <span class='ocrx_word' id='word_1_102' title='bbox 2450 978 2747 1046; x_wconf 73' lang='lat' dir='ltr'><strong>effundatur</strong></span> <span class='ocrx_word' id='word_1_103' title='bbox 2780 976 2839 1029; x_wconf 89' lang='lat' dir='ltr'><strong>in</strong></span> <span class='ocrx_word' id='word_1_104' title='bbox 2859 975 3210 1028; x_wconf 73' lang='lat' dir='ltr'><strong>remissionem</strong></span> <span class='ocrx_word' id='word_1_105' title='bbox 3231 982 3558 1039; x_wconf 78' lang='lat' dir='ltr'><strong>peccatorum</strong></span> <span class='ocrx_word' id='word_1_106' title='bbox 3576 974 3644 1027; x_wconf 69' lang='grc'><strong>³⁸.</strong></span> <span class='ocrx_word' id='word_1_107' title='bbox 3681 991 3701 1024; x_wconf 86' lang='grc' dir='ltr'><strong>ι</strong></span> 
     </span>
    </p>
   </div>
   <div class='ocr_carea' id='block_1_13' title="bbox 462 1064 2035 1137">
    <p class='ocr_par' dir='ltr' id='par_1_13' title="bbox 462 1064 2035 1137">
     <span class='ocr_line' id='line_1_13' title="bbox 462 1064 2035 1137; baseline 0.001 -17"><span class='ocrx_word' id='word_1_108' title='bbox 462 1075 689 1137; x_wconf 81' lang='lat' dir='ltr'><strong>martyr,</strong></span> <span class='ocrx_word' id='word_1_109' title='bbox 730 1064 999 1131; x_wconf 88' lang='lat' dir='ltr'><strong>quomodo</strong></span> <span class='ocrx_word' id='word_1_110' title='bbox 1040 1066 1195 1134; x_wconf 90' lang='lat' dir='ltr'><strong>panis</strong></span> <span class='ocrx_word' id='word_1_111' title='bbox 1246 1065 1336 1118; x_wconf 91' lang='lat' dir='ltr'><strong>ille</strong></span> <span class='ocrx_word' id='word_1_112' title='bbox 1386 1066 1478 1135; x_wconf 88' lang='lat' dir='ltr'><strong>qui</strong></span> <span class='ocrx_word' id='word_1_113' title='bbox 1524 1068 1764 1121; x_wconf 75' lang='lat' dir='ltr'><strong>ctenanti</strong></span> <span class='ocrx_word' id='word_1_114' title='bbox 1815 1067 2035 1122; x_wconf 88' lang='lat' dir='ltr'><strong>Christo</strong></span> 
     </span>
    </p>
   </div>
   <div class='ocr_carea' id='block_1_14' title="bbox 456 1153 2033 1223">
    <p class='ocr_par' dir='ltr' id='par_1_14' title="bbox 456 1153 2033 1223">
     <span class='ocr_line' id='line_1_14' title="bbox 456 1153 2033 1223; baseline -0.002 -12"><span class='ocrx_word' id='word_1_115' title='bbox 456 1157 669 1211; x_wconf 86' lang='lat' dir='ltr'><strong>oblatus</strong></span> <span class='ocrx_word' id='word_1_116' title='bbox 726 1162 845 1216; x_wconf 73' lang='lat' dir='ltr'><strong>est,</strong></span> <span class='ocrx_word' id='word_1_117' title='bbox 914 1153 1114 1208; x_wconf 80' lang='lat' dir='ltr'><strong>fractus</strong></span> <span class='ocrx_word' id='word_1_118' title='bbox 1189 1164 1245 1208; x_wconf 90' lang='lat' dir='ltr'><strong>et</strong></span> <span class='ocrx_word' id='word_1_119' title='bbox 1307 1155 1587 1223; x_wconf 85' lang='lat' dir='ltr'><strong>discipulis</strong></span> <span class='ocrx_word' id='word_1_120' title='bbox 1675 1156 2033 1220; x_wconf 88' lang='lat' dir='ltr'><strong>distributus,</strong></span> 
     </span>
    </p>
   </div>
   <div class='ocr_carea' id='block_1_15' title="bbox 454 1246 2035 1315">
    <p class='ocr_par' dir='ltr' id='par_1_15' title="bbox 454 1246 2035 1315">
     <span class='ocr_line' id='line_1_15' title="bbox 454 1246 2035 1315; baseline 0.002 -17"><span class='ocrx_word' id='word_1_121' title='bbox 454 1258 729 1315; x_wconf 90' lang='lat' dir='ltr'><strong>quemque</strong></span> <span class='ocrx_word' id='word_1_122' title='bbox 773 1260 932 1298; x_wconf 91' lang='lat' dir='ltr'><strong>suum</strong></span> <span class='ocrx_word' id='word_1_123' title='bbox 979 1258 1099 1298; x_wconf 87' lang='lat' dir='ltr'><strong>esse</strong></span> <span class='ocrx_word' id='word_1_124' title='bbox 1140 1260 1340 1315; x_wconf 90' lang='lat' dir='ltr'><strong>corpus</strong></span> <span class='ocrx_word' id='word_1_125' title='bbox 1374 1246 1513 1303; x_wconf 74' lang='lat' dir='ltr'><strong>dixit</strong></span> <span class='ocrx_word' id='word_1_126' title='bbox 1572 1247 1844 1311; x_wconf 86' lang='lat' dir='ltr'><strong>Christus,</strong></span> <span class='ocrx_word' id='word_1_127' title='bbox 1902 1248 2035 1301; x_wconf 89' lang='lat' dir='ltr'><strong>nihil</strong></span> 
     </span>
    </p>
   </div>
   <div class='ocr_carea' id='block_1_16' title="bbox 453 1335 2033 1404">
    <p class='ocr_par' dir='ltr' id='par_1_16' title="bbox 453 1335 2033 1404">
     <span class='ocr_line' id='line_1_16' title="bbox 453 1335 2033 1404; baseline 0.001 -15"><span class='ocrx_word' id='word_1_128' title='bbox 453 1335 598 1389; x_wconf 80' lang='lat' dir='ltr'><strong>aliud</strong></span> <span class='ocrx_word' id='word_1_129' title='bbox 652 1344 737 1390; x_wconf 85' lang='lat' dir='ltr'><strong>est</strong></span> <span class='ocrx_word' id='word_1_130' title='bbox 790 1351 994 1404; x_wconf 90' lang='lat' dir='ltr'><strong>quam,</strong></span> <span class='ocrx_word' id='word_1_131' title='bbox 1045 1336 1251 1389; x_wconf 71' lang='lat' dir='ltr'><strong>verbum</strong></span> <span class='ocrx_word' id='word_1_132' title='bbox 1299 1339 1594 1391; x_wconf 85' lang='lat' dir='ltr'><strong>animarum</strong></span> <span class='ocrx_word' id='word_1_133' title='bbox 1648 1338 2033 1404; x_wconf 79' lang='lat' dir='ltr'><strong>nutritorium,</strong></span> 
     </span>
    </p>
   </div>
   <div class='ocr_carea' id='block_1_17' title="bbox 454 1424 2035 1495">
    <p class='ocr_par' dir='ltr' id='par_1_17' title="bbox 454 1424 2035 1495">
     <span class='ocr_line' id='line_1_17' title="bbox 454 1424 2035 1495; baseline 0.002 -17"><span class='ocrx_word' id='word_1_134' title='bbox 454 1427 595 1491; x_wconf 87' lang='lat' dir='ltr'><strong>quod</strong></span> <span class='ocrx_word' id='word_1_135' title='bbox 620 1428 893 1480; x_wconf 85' lang='lat' dir='ltr'><strong>contendit</strong></span> <span class='ocrx_word' id='word_1_136' title='bbox 922 1424 1157 1479; x_wconf 72' lang='lat' dir='ltr'><strong>Bodiusi</strong></span> <span class='ocrx_word' id='word_1_137' title='bbox 1187 1426 1469 1492; x_wconf 82' lang='lat' dir='ltr'><strong>Quomodo</strong></span> <span class='ocrx_word' id='word_1_138' title='bbox 1495 1427 1650 1495; x_wconf 89' lang='lat' dir='ltr'><strong>panis</strong></span> <span class='ocrx_word' id='word_1_139' title='bbox 1693 1427 1803 1493; x_wconf 91' lang='lat' dir='ltr'><strong>ille,</strong></span> <span class='ocrx_word' id='word_1_140' title='bbox 1842 1442 2035 1481; x_wconf 84' lang='lat' dir='ltr'><strong>secun-</strong></span> 
     </span>
    </p>
   </div>
   <div class='ocr_carea' id='block_1_18' title="bbox 454 1516 2034 1586">
    <p class='ocr_par' dir='ltr' id='par_1_18' title="bbox 454 1516 2034 1586">
     <span class='ocr_line' id='line_1_18' title="bbox 454 1516 2034 1586; baseline 0.002 -17"><span class='ocrx_word' id='word_1_141' title='bbox 454 1516 581 1570; x_wconf 85' lang='lat' dir='ltr'><strong>dum</strong></span> <span class='ocrx_word' id='word_1_142' title='bbox 619 1517 671 1570; x_wconf 89' lang='lat' dir='ltr'><strong>id</strong></span> <span class='ocrx_word' id='word_1_143' title='bbox 693 1518 836 1586; x_wconf 89' lang='lat' dir='ltr'><strong>quod</strong></span> <span class='ocrx_word' id='word_1_144' title='bbox 869 1531 935 1569; x_wconf 81' lang='lat' dir='ltr'><strong>ex</strong></span> <span class='ocrx_word' id='word_1_145' title='bbox 966 1518 1191 1570; x_wconf 82' lang='lat' dir='ltr'><strong>materia</strong></span> <span class='ocrx_word' id='word_1_146' title='bbox 1231 1526 1549 1572; x_wconf 89' lang='lat' dir='ltr'><strong>concretum</strong></span> <span class='ocrx_word' id='word_1_147' title='bbox 1594 1516 1775 1582; x_wconf 90' lang='lat' dir='ltr'><strong>habet,</strong></span> <span class='ocrx_word' id='word_1_148' title='bbox 1812 1518 1864 1571; x_wconf 91' lang='lat' dir='ltr'><strong>in</strong></span> <span class='ocrx_word' id='word_1_149' title='bbox 1902 1533 2034 1572; x_wconf 91' lang='lat' dir='ltr'><strong>ven-</strong></span> 
     </span>
    </p>
   </div>
   <div class='ocr_carea' id='block_1_19' title="bbox 455 1606 2033 1677">
    <p class='ocr_par' dir='ltr' id='par_1_19' title="bbox 455 1606 2033 1677">
     <span class='ocr_line' id='line_1_19' title="bbox 455 1606 2033 1677; baseline 0.003 -17"><span class='ocrx_word' id='word_1_150' title='bbox 455 1616 591 1662; x_wconf 88' lang='lat' dir='ltr'><strong>trem</strong></span> <span class='ocrx_word' id='word_1_151' title='bbox 629 1607 762 1674; x_wconf 88' lang='lat' dir='ltr'><strong>abit,</strong></span> <span class='ocrx_word' id='word_1_152' title='bbox 798 1616 853 1660; x_wconf 91' lang='lat' dir='ltr'><strong>et</strong></span> <span class='ocrx_word' id='word_1_153' title='bbox 893 1608 946 1660; x_wconf 90' lang='lat' dir='ltr'><strong>in</strong></span> <span class='ocrx_word' id='word_1_154' title='bbox 997 1622 1269 1663; x_wconf 80' lang='lat' dir='ltr'><strong>secessum</strong></span> <span class='ocrx_word' id='word_1_155' title='bbox 1313 1606 1547 1674; x_wconf 91' lang='lat' dir='ltr'><strong>ejicitur,</strong></span> <span class='ocrx_word' id='word_1_156' title='bbox 1594 1619 1651 1661; x_wconf 90' lang='lat' dir='ltr'><strong>ut</strong></span> <span class='ocrx_word' id='word_1_157' title='bbox 1682 1623 1749 1664; x_wconf 81' lang='lat' dir='ltr'><strong>ex</strong></span> <span class='ocrx_word' id='word_1_158' title='bbox 1783 1607 2033 1677; x_wconf 86' lang='lat' dir='ltr'><strong>Origenis</strong></span> 
     </span>
    </p>
   </div>
   <div class='ocr_carea' id='block_1_20' title="bbox 456 1696 2031 1769">
    <p class='ocr_par' dir='ltr' id='par_1_20' title="bbox 456 1696 2031 1769">
     <span class='ocr_line' id='line_1_20' title="bbox 456 1696 2031 1769; baseline 0.003 -18"><span class='ocrx_word' id='word_1_159' title='bbox 456 1706 602 1751; x_wconf 90' lang='lat' dir='ltr'><strong>tomo</strong></span> <span class='ocrx_word' id='word_1_160' title='bbox 654 1712 709 1751; x_wconf 73' lang='lat' dir='ltr'><strong>XI</strong></span> <span class='ocrx_word' id='word_1_161' title='bbox 756 1698 811 1750; x_wconf 86' lang='lat' dir='ltr'><strong>in</strong></span> <span class='ocrx_word' id='word_1_162' title='bbox 855 1696 1074 1761; x_wconf 81' lang='lat' dir='ltr'><strong>Mattlt.,</strong></span> <span class='ocrx_word' id='word_1_163' title='bbox 1123 1712 1272 1753; x_wconf 91' lang='lat' dir='ltr'><strong>num.</strong></span> <span class='ocrx_word' id='word_1_164' title='bbox 1323 1697 1412 1761; x_wconf 70' lang='grc'><strong>14,</strong></span> <span class='ocrx_word' id='word_1_165' title='bbox 1450 1697 1713 1764; x_wconf 88' lang='lat' dir='ltr'><strong>objecisse</strong></span> <span class='ocrx_word' id='word_1_166' title='bbox 1742 1697 2031 1769; x_wconf 84' lang='lat' dir='ltr'><strong>Martyrem</strong></span> 
     </span>
    </p>
   </div>
   <div class='ocr_carea' id='block_1_21' title="bbox 455 1789 2027 1860">
    <p class='ocr_par' dir='ltr' id='par_1_21' title="bbox 455 1789 2027 1860">
     <span class='ocr_line' id='line_1_21' title="bbox 455 1789 2027 1860; baseline 0 -14"><span class='ocrx_word' id='word_1_167' title='bbox 455 1806 618 1860; x_wconf 80' lang='lat' dir='ltr'><strong>supra</strong></span> <span class='ocrx_word' id='word_1_168' title='bbox 645 1790 973 1856; x_wconf 83' lang='lat' dir='ltr'><strong>notavimus,</strong></span> <span class='ocrx_word' id='word_1_169' title='bbox 1008 1790 1052 1845; x_wconf 86' lang='lat' dir='ltr'><strong>si</strong></span> <span class='ocrx_word' id='word_1_170' title='bbox 1081 1789 1234 1860; x_wconf 89' lang='lat' dir='ltr'><strong>panis</strong></span> <span class='ocrx_word' id='word_1_171' title='bbox 1260 1790 1350 1844; x_wconf 91' lang='lat' dir='ltr'><strong>ille</strong></span> <span class='ocrx_word' id='word_1_172' title='bbox 1379 1806 1399 1841; x_wconf 72' lang='grc' dir='ltr'><strong>ι</strong></span> <span class='ocrx_word' id='word_1_173' title='bbox 1428 1790 1663 1845; x_wconf 83' lang='lat' dir='ltr'><strong>Verbum</strong></span> <span class='ocrx_word' id='word_1_174' title='bbox 1710 1800 1793 1845; x_wconf 88' lang='lat' dir='ltr'><strong>est</strong></span> <span class='ocrx_word' id='word_1_175' title='bbox 1821 1794 2027 1846; x_wconf 84' lang='lat' dir='ltr'><strong>anima-</strong></span> 
     </span>
    </p>
   </div>
   <div class='ocr_carea' id='block_1_22' title="bbox 2137 1063 3709 1136">
    <p class='ocr_par' dir='ltr' id='par_1_22' title="bbox 2137 1063 3709 1136">
     <span class='ocr_line' id='line_1_22' title="bbox 2137 1063 3709 1136; baseline -0.003 -16"><span class='ocrx_word' id='word_1_176' title='bbox 2137 1066 2332 1136; x_wconf 86' lang='lat' dir='ltr'><strong>Agitur</strong></span> <span class='ocrx_word' id='word_1_177' title='bbox 2370 1066 2475 1121; x_wconf 87' lang='lat' dir='ltr'><strong>hoc</strong></span> <span class='ocrx_word' id='word_1_178' title='bbox 2514 1066 2631 1121; x_wconf 90' lang='lat' dir='ltr'><strong>loco</strong></span> <span class='ocrx_word' id='word_1_179' title='bbox 2666 1067 2732 1121; x_wconf 90' lang='lat' dir='ltr'><strong>de</strong></span> <span class='ocrx_word' id='word_1_180' title='bbox 2768 1064 3050 1120; x_wconf 90' lang='lat' dir='ltr'><strong>sacriﬁciis</strong></span> <span class='ocrx_word' id='word_1_181' title='bbox 3080 1063 3347 1129; x_wconf 84' lang='lat' dir='ltr'><strong>Mosaicis,</strong></span> <span class='ocrx_word' id='word_1_182' title='bbox 3389 1078 3509 1133; x_wconf 86' lang='lat' dir='ltr'><strong>quae</strong></span> <span class='ocrx_word' id='word_1_183' title='bbox 3541 1063 3709 1132; x_wconf 87' lang='lat' dir='ltr'><strong>ﬁgura</strong></span> 
     </span>
    </p>
   </div>
   <div class='ocr_carea' id='block_1_23' title="bbox 2134 1156 3709 1212">
    <p class='ocr_par' dir='ltr' id='par_1_23' title="bbox 2134 1156 3709 1212">
     <span class='ocr_line' id='line_1_23' title="bbox 2134 1156 3709 1212; baseline -0.001 -2"><span class='ocrx_word' id='word_1_184' title='bbox 2134 1166 2291 1211; x_wconf 90' lang='lat' dir='ltr'><strong>erant</strong></span> <span class='ocrx_word' id='word_1_185' title='bbox 2320 1158 2512 1211; x_wconf 90' lang='lat' dir='ltr'><strong>mortis</strong></span> <span class='ocrx_word' id='word_1_186' title='bbox 2542 1157 2741 1212; x_wconf 87' lang='lat' dir='ltr'><strong>Christi</strong></span> <span class='ocrx_word' id='word_1_187' title='bbox 2779 1157 3031 1212; x_wconf 87' lang='lat' dir='ltr'><strong>:idcirco</strong></span> <span class='ocrx_word' id='word_1_188' title='bbox 3081 1170 3185 1209; x_wconf 92' lang='lat' dir='ltr'><strong>non</strong></span> <span class='ocrx_word' id='word_1_189' title='bbox 3228 1156 3535 1209; x_wconf 65' lang='lat' dir='ltr'><strong>haerendum</strong></span> <span class='ocrx_word' id='word_1_190' title='bbox 3572 1156 3709 1209; x_wconf 88' lang='lat' dir='ltr'><strong>scri-</strong></span> 
     </span>
    </p>
   </div>
   <div class='ocr_carea' id='block_1_24' title="bbox 2131 1247 3707 1318">
    <p class='ocr_par' dir='ltr' id='par_1_24' title="bbox 2131 1247 3707 1318">
     <span class='ocr_line' id='line_1_24' title="bbox 2131 1247 3707 1318; baseline -0.003 -15"><span class='ocrx_word' id='word_1_191' title='bbox 2131 1247 2214 1303; x_wconf 86' lang='lat' dir='ltr'><strong>bit</strong></span> <span class='ocrx_word' id='word_1_192' title='bbox 2253 1248 2517 1318; x_wconf 76' lang='lat' dir='ltr'><strong>Origenes</strong></span> <span class='ocrx_word' id='word_1_193' title='bbox 2542 1249 2594 1303; x_wconf 92' lang='lat' dir='ltr'><strong>in</strong></span> <span class='ocrx_word' id='word_1_194' title='bbox 2625 1249 2881 1317; x_wconf 78' lang='lat' dir='ltr'><strong>sanguine</strong></span> <span class='ocrx_word' id='word_1_195' title='bbox 2908 1248 3107 1311; x_wconf 87' lang='lat' dir='ltr'><strong>carnis,</strong></span> <span class='ocrx_word' id='word_1_196' title='bbox 3145 1248 3246 1301; x_wconf 87' lang='lat' dir='ltr'><strong>hoc</strong></span> <span class='ocrx_word' id='word_1_197' title='bbox 3291 1255 3372 1299; x_wconf 89' lang='lat' dir='ltr'><strong>est</strong></span> <span class='ocrx_word' id='word_1_198' title='bbox 3402 1247 3452 1299; x_wconf 93' lang='lat' dir='ltr'><strong>in</strong></span> <span class='ocrx_word' id='word_1_199' title='bbox 3492 1247 3707 1307; x_wconf 83' lang='lat' dir='ltr'><strong>sacriﬁ-</strong></span> 
     </span>
    </p>
   </div>
   <div class='ocr_carea' id='block_1_25' title="bbox 2134 1340 3707 1408">
    <p class='ocr_par' dir='ltr' id='par_1_25' title="bbox 2134 1340 3707 1408">
     <span class='ocr_line' id='line_1_25' title="bbox 2134 1340 3707 1408; baseline -0.003 -12"><span class='ocrx_word' id='word_1_200' title='bbox 2134 1341 2235 1396; x_wconf 88' lang='lat' dir='ltr'><strong>ciis</strong></span> <span class='ocrx_word' id='word_1_201' title='bbox 2257 1342 2587 1396; x_wconf 88' lang='lat' dir='ltr'><strong>Testamenti</strong></span> <span class='ocrx_word' id='word_1_202' title='bbox 2626 1340 2857 1406; x_wconf 85' lang='lat' dir='ltr'><strong>Veteris,</strong></span> <span class='ocrx_word' id='word_1_203' title='bbox 2879 1341 2970 1395; x_wconf 89' lang='lat' dir='ltr'><strong>sed</strong></span> <span class='ocrx_word' id='word_1_204' title='bbox 3006 1348 3238 1393; x_wconf 86' lang='lat' dir='ltr'><strong>mentem</strong></span> <span class='ocrx_word' id='word_1_205' title='bbox 3278 1340 3346 1393; x_wconf 90' lang='lat' dir='ltr'><strong>ad</strong></span> <span class='ocrx_word' id='word_1_206' title='bbox 3392 1340 3707 1408; x_wconf 88' lang='lat' dir='ltr'><strong>sanguinem</strong></span> 
     </span>
    </p>
   </div>
   <div class='ocr_carea' id='block_1_26' title="bbox 2134 1430 3706 1503">
    <p class='ocr_par' dir='ltr' id='par_1_26' title="bbox 2134 1430 3706 1503">
     <span class='ocr_line' id='line_1_26' title="bbox 2134 1430 3706 1503; baseline 0 -17"><span class='ocrx_word' id='word_1_207' title='bbox 2134 1431 2361 1499; x_wconf 85' lang='lat' dir='ltr'><strong>Christi,</strong></span> <span class='ocrx_word' id='word_1_208' title='bbox 2402 1442 2458 1488; x_wconf 90' lang='lat' dir='ltr'><strong>et</strong></span> <span class='ocrx_word' id='word_1_209' title='bbox 2491 1432 2823 1487; x_wconf 88' lang='lat' dir='ltr'><strong>sacriﬁcium</strong></span> <span class='ocrx_word' id='word_1_210' title='bbox 2863 1447 3013 1487; x_wconf 65' lang='lat' dir='ltr'><strong>novae</strong></span> <span class='ocrx_word' id='word_1_211' title='bbox 3058 1431 3189 1503; x_wconf 80' lang='lat' dir='ltr'><strong>legis</strong></span> <span class='ocrx_word' id='word_1_212' title='bbox 3217 1445 3337 1486; x_wconf 90' lang='lat' dir='ltr'><strong>esse</strong></span> <span class='ocrx_word' id='word_1_213' title='bbox 3375 1430 3706 1500; x_wconf 88' lang='lat' dir='ltr'><strong>erigendam.</strong></span> 
     </span>
    </p>
   </div>
   <div class='ocr_carea' id='block_1_27' title="bbox 2134 1523 2973 1591">
    <p class='ocr_par' dir='ltr' id='par_1_27' title="bbox 2134 1523 2973 1591">
     <span class='ocr_line' id='line_1_27' title="bbox 2134 1523 2973 1591; baseline 0.001 -14"><span class='ocrx_word' id='word_1_214' title='bbox 2134 1523 2269 1591; x_wconf 88' lang='lat' dir='ltr'><strong>Quis</strong></span> <span class='ocrx_word' id='word_1_215' title='bbox 2293 1525 2381 1579; x_wconf 89' lang='lat' dir='ltr'><strong>hic</strong></span> <span class='ocrx_word' id='word_1_216' title='bbox 2415 1525 2739 1578; x_wconf 84' lang='lat' dir='ltr'><strong>cavillatioui</strong></span> <span class='ocrx_word' id='word_1_217' title='bbox 2781 1525 2973 1580; x_wconf 89' lang='lat' dir='ltr'><strong>locus?</strong></span> 
     </span>
    </p>
   </div>
   <div class='ocr_carea' id='block_1_28' title="bbox 2204 1614 3709 1686">
    <p class='ocr_par' dir='ltr' id='par_1_28' title="bbox 2204 1614 3709 1686">
     <span class='ocr_line' id='line_1_28' title="bbox 2204 1614 3709 1686; baseline -0.002 -14"><span class='ocrx_word' id='word_1_218' title='bbox 2204 1616 2487 1686; x_wconf 81' lang='lat' dir='ltr'><strong>Sumptum</strong></span> <span class='ocrx_word' id='word_1_219' title='bbox 2512 1632 2540 1670; x_wconf 90' lang='lat' dir='ltr'><strong>e</strong></span> <span class='ocrx_word' id='word_1_220' title='bbox 2566 1616 2702 1671; x_wconf 91' lang='lat' dir='ltr'><strong>libro</strong></span> <span class='ocrx_word' id='word_1_221' title='bbox 2724 1633 2820 1671; x_wconf 86' lang='lat' dir='ltr'><strong>vm</strong></span> <span class='ocrx_word' id='word_1_222' title='bbox 2843 1628 3025 1672; x_wconf 86' lang='lat' dir='ltr'><strong>contra</strong></span> <span class='ocrx_word' id='word_1_223' title='bbox 3046 1614 3184 1670; x_wconf 87' lang='lat' dir='ltr'><strong>Cels.</strong></span> <span class='ocrx_word' id='word_1_224' title='bbox 3215 1631 3363 1670; x_wconf 91' lang='lat' dir='ltr'><strong>num.</strong></span> <span class='ocrx_word' id='word_1_225' title='bbox 3393 1616 3482 1679; x_wconf 70' lang='lat'><strong>33,</strong></span> <span class='ocrx_word' id='word_1_226' title='bbox 3500 1623 3709 1684; x_wconf 84' lang='lat' dir='ltr'><strong>postre-</strong></span> 
     </span>
    </p>
   </div>
   <div class='ocr_carea' id='block_1_29' title="bbox 2132 1707 3710 1778">
    <p class='ocr_par' dir='ltr' id='par_1_29' title="bbox 2132 1707 3710 1778">
     <span class='ocr_line' id='line_1_29' title="bbox 2132 1707 3710 1778; baseline -0.003 -13"><span class='ocrx_word' id='word_1_227' title='bbox 2132 1727 2277 1765; x_wconf 89' lang='lat' dir='ltr'><strong>mum</strong></span> <span class='ocrx_word' id='word_1_228' title='bbox 2307 1710 2558 1778; x_wconf 86' lang='lat' dir='ltr'><strong>Origenis</strong></span> <span class='ocrx_word' id='word_1_229' title='bbox 2603 1710 2967 1764; x_wconf 90' lang='lat' dir='ltr'><strong>testimonium</strong></span> <span class='ocrx_word' id='word_1_230' title='bbox 3006 1710 3086 1765; x_wconf 92' lang='lat' dir='ltr'><strong>sic</strong></span> <span class='ocrx_word' id='word_1_231' title='bbox 3114 1725 3173 1765; x_wconf 89' lang='lat' dir='ltr'><strong>se</strong></span> <span class='ocrx_word' id='word_1_232' title='bbox 3213 1709 3408 1763; x_wconf 83' lang='lat' dir='ltr'><strong>habet:</strong></span> <span class='ocrx_word' id='word_1_233' title='bbox 3439 1708 3625 1778; x_wconf 82' lang='grc' dir='ltr'><strong>Ἡμεῖς</strong></span> <span class='ocrx_word' id='word_1_234' title='bbox 3651 1707 3710 1761; x_wconf 82' lang='grc' dir='ltr'><strong>δὲ</strong></span> 
     </span>
    </p>
   </div>
   <div class='ocr_carea' id='block_1_30' title="bbox 2133 1797 3709 1872">
    <p class='ocr_par' dir='ltr' id='par_1_30' title="bbox 2133 1797 3709 1872">
     <span class='ocr_line' id='line_1_30' title="bbox 2133 1797 3709 1872; baseline -0.002 -20"><span class='ocrx_word' id='word_1_235' title='bbox 2133 1799 2209 1869; x_wconf 82' lang='grc' dir='ltr'><strong>τῷ</strong></span> <span class='ocrx_word' id='word_1_236' title='bbox 2237 1799 2329 1853; x_wconf 81' lang='grc' dir='ltr'><strong>τοῦ</strong></span> <span class='ocrx_word' id='word_1_237' title='bbox 2361 1800 2561 1863; x_wconf 84' lang='grc' dir='ltr'>παντὸς</span> <span class='ocrx_word' id='word_1_238' title='bbox 2589 1798 2913 1871; x_wconf 80' lang='grc' dir='ltr'><strong>Δημιουργῷ</strong></span> <span class='ocrx_word' id='word_1_239' title='bbox 2949 1797 3412 1872; x_wconf 79' lang='grc' dir='ltr'><strong>εὐχαριστοῦντες,</strong></span> <span class='ocrx_word' id='word_1_240' title='bbox 3443 1798 3537 1849; x_wconf 78' lang='grc' dir='ltr'><strong>καὶ</strong></span> <span class='ocrx_word' id='word_1_241' title='bbox 3584 1798 3709 1860; x_wconf 86' lang='grc' dir='ltr'>τοὺς</span> 
     </span>
    </p>
   </div>
   <div class='ocr_carea' id='block_1_31' title="bbox 455 1878 2043 1964">
    <p class='ocr_par' dir='ltr' id='par_1_31' title="bbox 455 1881 2026 1956">
     <span class='ocr_line' id='line_1_31' title="bbox 455 1881 2026 1956; baseline 0.003 -19"><span class='ocrx_word' id='word_1_242' title='bbox 455 1899 573 1937; x_wconf 87' lang='grc' dir='ltr'>ι·ιιιιι</span> <span class='ocrx_word' id='word_1_243' title='bbox 609 1884 955 1937; x_wconf 73' lang='lat' dir='ltr'><strong>nutritor-ium</strong></span> <span class='ocrx_word' id='word_1_244' title='bbox 977 1883 1038 1937; x_wconf 72' lang='grc' dir='ltr'>ἳι</span> <span class='ocrx_word' id='word_1_245' title='bbox 1064 1881 1223 1937; x_wconf 90' lang='lat' dir='ltr'><strong>Certe</strong></span> <span class='ocrx_word' id='word_1_246' title='bbox 1252 1890 1361 1937; x_wconf 86' lang='lat' dir='ltr'><strong>tota</strong></span> <span class='ocrx_word' id='word_1_247' title='bbox 1382 1883 1495 1937; x_wconf 73' lang='lat' dir='ltr'><strong>haec</strong></span> <span class='ocrx_word' id='word_1_248' title='bbox 1522 1881 1772 1952; x_wconf 90' lang='lat' dir='ltr'><strong>Origeuis</strong></span> <span class='ocrx_word' id='word_1_249' title='bbox 1800 1884 1866 1940; x_wconf 90' lang='lat' dir='ltr'><strong>de</strong></span> <span class='ocrx_word' id='word_1_250' title='bbox 1887 1901 2026 1956; x_wconf 88' lang='lat' dir='ltr'><strong>pane</strong></span> 
     </span>
    </p>
   </div>
   <div class='ocr_carea' id='block_1_32' title="bbox 2127 1878 3710 1964">
    <p class='ocr_par' dir='ltr' id='par_1_32' title="bbox 2134 1888 3710 1964">
     <span class='ocr_line' id='line_1_32' title="bbox 2134 1888 3710 1964; baseline 0 -21"><span class='ocrx_word' id='word_1_251' title='bbox 2134 1894 2252 1962; x_wconf 74' lang='grc' dir='ltr'><strong>μετ’</strong></span> <span class='ocrx_word' id='word_1_252' title='bbox 2304 1891 2653 1962; x_wconf 78' lang='grc' dir='ltr'>εὐχαριστίας</span> <span class='ocrx_word' id='word_1_253' title='bbox 2705 1892 2799 1945; x_wconf 82' lang='grc' dir='ltr'>καὶ</span> <span class='ocrx_word' id='word_1_254' title='bbox 2844 1892 3009 1964; x_wconf 79' lang='grc' dir='ltr'>εὐχῆς</span> <span class='ocrx_word' id='word_1_255' title='bbox 3067 1892 3168 1961; x_wconf 80' lang='grc' dir='ltr'><strong>τῆς</strong></span> <span class='ocrx_word' id='word_1_256' title='bbox 3216 1892 3308 1945; x_wconf 74' lang='grc' dir='ltr'>ἐπὶ</span> <span class='ocrx_word' id='word_1_257' title='bbox 3349 1892 3463 1953; x_wconf 86' lang='grc' dir='ltr'>τοῖς</span> <span class='ocrx_word' id='word_1_258' title='bbox 3509 1888 3710 1943; x_wconf 85' lang='grc' dir='ltr'>δοθεῖσι</span> 
     </span>
    </p>
   </div>
   <div class='ocr_carea' id='block_1_33' title="bbox 454 1973 2023 2045">
    <p class='ocr_par' dir='ltr' id='par_1_33' title="bbox 454 1973 2023 2045">
     <span class='ocr_line' id='line_1_33' title="bbox 454 1973 2023 2045; baseline 0.001 -17"><span class='ocrx_word' id='word_1_259' title='bbox 454 1974 547 2029; x_wconf 90' lang='lat' dir='ltr'><strong>illo</strong></span> <span class='ocrx_word' id='word_1_260' title='bbox 606 1974 914 2028; x_wconf 82' lang='lat' dir='ltr'><strong>dissertatio</strong></span> <span class='ocrx_word' id='word_1_261' title='bbox 978 1982 1194 2029; x_wconf 88' lang='lat' dir='ltr'><strong>tractat.</strong></span> <span class='ocrx_word' id='word_1_262' title='bbox 1240 1973 1309 2029; x_wconf 81' lang='lat'><strong>55</strong></span> <span class='ocrx_word' id='word_1_263' title='bbox 1374 1975 1432 2029; x_wconf 85' lang='lat' dir='ltr'><strong>in</strong></span> <span class='ocrx_word' id='word_1_264' title='bbox 1488 1973 1683 2031; x_wconf 80' lang='lat' dir='ltr'><strong>Matth.</strong></span> <span class='ocrx_word' id='word_1_265' title='bbox 1735 1974 2023 2045; x_wconf 88' lang='lat' dir='ltr'><strong>allegorica</strong></span> 
     </span>
    </p>
   </div>
   <div class='ocr_carea' id='block_1_34' title="bbox 452 2064 2021 2136">
    <p class='ocr_par' dir='ltr' id='par_1_34' title="bbox 452 2064 2021 2136">
     <span class='ocr_line' id='line_1_34' title="bbox 452 2064 2021 2136; baseline 0 -17"><span class='ocrx_word' id='word_1_266' title='bbox 452 2075 557 2121; x_wconf 90' lang='lat' dir='ltr'><strong>est.</strong></span> <span class='ocrx_word' id='word_1_267' title='bbox 606 2064 717 2119; x_wconf 87' lang='lat' dir='ltr'><strong>Nec</strong></span> <span class='ocrx_word' id='word_1_268' title='bbox 768 2064 994 2120; x_wconf 85' lang='lat' dir='ltr'><strong>validius</strong></span> <span class='ocrx_word' id='word_1_269' title='bbox 1053 2075 1156 2129; x_wconf 90' lang='lat' dir='ltr'><strong>est,</strong></span> <span class='ocrx_word' id='word_1_270' title='bbox 1191 2067 1332 2136; x_wconf 92' lang='lat' dir='ltr'><strong>quod</strong></span> <span class='ocrx_word' id='word_1_271' title='bbox 1376 2065 1503 2119; x_wconf 85' lang='lat' dir='ltr'><strong>him:</strong></span> <span class='ocrx_word' id='word_1_272' title='bbox 1546 2065 1746 2136; x_wconf 82' lang='lat' dir='ltr'><strong>colligit</strong></span> <span class='ocrx_word' id='word_1_273' title='bbox 1798 2076 2021 2136; x_wconf 79' lang='lat' dir='ltr'><strong>martyr,</strong></span> 
     </span>
    </p>
   </div>
   <div class='ocr_carea' id='block_1_35' title="bbox 452 2155 2020 2226">
    <p class='ocr_par' dir='ltr' id='par_1_35' title="bbox 452 2155 2020 2226">
     <span class='ocr_line' id='line_1_35' title="bbox 452 2155 2020 2226; baseline -0.001 -15"><span class='ocrx_word' id='word_1_274' title='bbox 452 2170 651 2223; x_wconf 89' lang='lat' dir='ltr'><strong>corpus</strong></span> <span class='ocrx_word' id='word_1_275' title='bbox 670 2157 869 2211; x_wconf 90' lang='lat' dir='ltr'><strong>Christi</strong></span> <span class='ocrx_word' id='word_1_276' title='bbox 888 2172 1007 2211; x_wconf 86' lang='lat' dir='ltr'><strong>esse</strong></span> <span class='ocrx_word' id='word_1_277' title='bbox 1036 2172 1249 2225; x_wconf 89' lang='lat' dir='ltr'><strong>panem,</strong></span> <span class='ocrx_word' id='word_1_278' title='bbox 1276 2173 1399 2212; x_wconf 91' lang='lat' dir='ltr'><strong>cum</strong></span> <span class='ocrx_word' id='word_1_279' title='bbox 1418 2157 1699 2226; x_wconf 86' lang='lat' dir='ltr'><strong>scripserit</strong></span> <span class='ocrx_word' id='word_1_280' title='bbox 1720 2155 1978 2226; x_wconf 88' lang='lat' dir='ltr'><strong>Origenes</strong></span> <span class='ocrx_word' id='word_1_281' title='bbox 2005 2174 2020 2210; x_wconf 88' lang='lat'><strong>:</strong></span> 
     </span>
    </p>
   </div>
   <div class='ocr_carea' id='block_1_36' title="bbox 457 2247 2025 2318">
    <p class='ocr_par' dir='ltr' id='par_1_36' title="bbox 457 2247 2025 2318">
     <span class='ocr_line' id='line_1_36' title="bbox 457 2247 2025 2318; baseline 0.003 -18"><span class='ocrx_word' id='word_1_282' title='bbox 457 2267 476 2300; x_wconf 77' lang='grc' dir='ltr'><strong>ι</strong></span> <span class='ocrx_word' id='word_1_283' title='bbox 510 2248 670 2303; x_wconf 84' lang='lat' dir='ltr'><strong>Panis</strong></span> <span class='ocrx_word' id='word_1_284' title='bbox 704 2249 825 2309; x_wconf 84' lang='lat' dir='ltr'><strong>iste.</strong></span> <span class='ocrx_word' id='word_1_285' title='bbox 854 2265 1011 2316; x_wconf 87' lang='lat' dir='ltr'><strong>quem</strong></span> <span class='ocrx_word' id='word_1_286' title='bbox 1046 2249 1185 2304; x_wconf 87' lang='lat' dir='ltr'><strong>Deus</strong></span> <span class='ocrx_word' id='word_1_287' title='bbox 1219 2247 1454 2303; x_wconf 86' lang='lat' dir='ltr'><strong>Verbum</strong></span> <span class='ocrx_word' id='word_1_288' title='bbox 1485 2263 1681 2318; x_wconf 89' lang='lat' dir='ltr'><strong>corpus</strong></span> <span class='ocrx_word' id='word_1_289' title='bbox 1712 2265 1864 2304; x_wconf 89' lang='lat' dir='ltr'><strong>suum</strong></span> <span class='ocrx_word' id='word_1_290' title='bbox 1904 2264 2025 2304; x_wconf 89' lang='lat' dir='ltr'><strong>esse</strong></span> 
     </span>
    </p>
   </div>
   <div class='ocr_carea' id='block_1_37' title="bbox 458 2339 2023 2409">
    <p class='ocr_par' dir='ltr' id='par_1_37' title="bbox 458 2339 2023 2409">
     <span class='ocr_line' id='line_1_37' title="bbox 458 2339 2023 2409; baseline 0.003 -19"><span class='ocrx_word' id='word_1_291' title='bbox 458 2339 677 2393; x_wconf 79' lang='lat' dir='ltr'><strong>fatetur.</strong></span> <span class='ocrx_word' id='word_1_292' title='bbox 712 2357 731 2390; x_wconf 82' lang='grc' dir='ltr'><strong>ι</strong></span> <span class='ocrx_word' id='word_1_293' title='bbox 760 2340 922 2395; x_wconf 84' lang='lat' dir='ltr'><strong>Panis</strong></span> <span class='ocrx_word' id='word_1_294' title='bbox 975 2341 1119 2394; x_wconf 91' lang='lat' dir='ltr'><strong>enim</strong></span> <span class='ocrx_word' id='word_1_295' title='bbox 1171 2339 1369 2393; x_wconf 89' lang='lat' dir='ltr'><strong>dicitur</strong></span> <span class='ocrx_word' id='word_1_296' title='bbox 1403 2354 1609 2407; x_wconf 84' lang='lat' dir='ltr'><strong>corpus</strong></span> <span class='ocrx_word' id='word_1_297' title='bbox 1634 2339 1857 2407; x_wconf 91' lang='lat' dir='ltr'><strong>Christi,</strong></span> <span class='ocrx_word' id='word_1_298' title='bbox 1897 2341 2023 2409; x_wconf 82' lang='lat' dir='ltr'><strong>quia</strong></span> 
     </span>
    </p>
   </div>
   <div class='ocr_carea' id='block_1_38' title="bbox 451 2430 2020 2501">
    <p class='ocr_par' dir='ltr' id='par_1_38' title="bbox 451 2430 2020 2501">
     <span class='ocr_line' id='line_1_38' title="bbox 451 2430 2020 2501; baseline 0.002 -17"><span class='ocrx_word' id='word_1_299' title='bbox 451 2432 608 2501; x_wconf 89' lang='lat' dir='ltr'><strong>panis</strong></span> <span class='ocrx_word' id='word_1_300' title='bbox 640 2432 739 2486; x_wconf 80' lang='lat' dir='ltr'><strong>fuit</strong></span> <span class='ocrx_word' id='word_1_301' title='bbox 759 2471 774 2498; x_wconf 93' lang='lat'><strong>,</strong></span> <span class='ocrx_word' id='word_1_302' title='bbox 808 2442 861 2487; x_wconf 90' lang='lat' dir='ltr'><strong>et</strong></span> <span class='ocrx_word' id='word_1_303' title='bbox 887 2448 1029 2486; x_wconf 92' lang='lat' dir='ltr'><strong>nunc</strong></span> <span class='ocrx_word' id='word_1_304' title='bbox 1073 2446 1292 2501; x_wconf 90' lang='lat' dir='ltr'><strong>quoque</strong></span> <span class='ocrx_word' id='word_1_305' title='bbox 1318 2446 1439 2485; x_wconf 92' lang='lat' dir='ltr'><strong>cum</strong></span> <span class='ocrx_word' id='word_1_306' title='bbox 1469 2446 1665 2501; x_wconf 90' lang='lat' dir='ltr'><strong>corpus</strong></span> <span class='ocrx_word' id='word_1_307' title='bbox 1691 2430 1893 2486; x_wconf 88' lang='lat' dir='ltr'><strong>Christi</strong></span> <span class='ocrx_word' id='word_1_308' title='bbox 1917 2441 2020 2499; x_wconf 90' lang='lat' dir='ltr'><strong>est,</strong></span> 
     </span>
    </p>
   </div>
   <div class='ocr_carea' id='block_1_39' title="bbox 452 2522 2023 2597">
    <p class='ocr_par' dir='ltr' id='par_1_39' title="bbox 452 2522 2023 2597">
     <span class='ocr_line' id='line_1_39' title="bbox 452 2522 2023 2597; baseline 0.002 -21"><span class='ocrx_word' id='word_1_309' title='bbox 452 2525 609 2592; x_wconf 87' lang='lat' dir='ltr'><strong>panis</strong></span> <span class='ocrx_word' id='word_1_310' title='bbox 653 2525 887 2592; x_wconf 83' lang='lat' dir='ltr'><strong>speciem</strong></span> <span class='ocrx_word' id='word_1_311' title='bbox 925 2526 1082 2594; x_wconf 88' lang='lat' dir='ltr'><strong>gerit.</strong></span> <span class='ocrx_word' id='word_1_312' title='bbox 1130 2522 1267 2579; x_wconf 86' lang='lat' dir='ltr'><strong>Hinc</strong></span> <span class='ocrx_word' id='word_1_313' title='bbox 1309 2524 1610 2594; x_wconf 87' lang='lat' dir='ltr'><strong>appellatur</strong></span> <span class='ocrx_word' id='word_1_314' title='bbox 1659 2526 1821 2579; x_wconf 92' lang='lat' dir='ltr'><strong>etiam</strong></span> <span class='ocrx_word' id='word_1_315' title='bbox 1861 2526 2023 2597; x_wconf 81' lang='grc' dir='ltr'>ἄρτος</span> 
     </span>
    </p>
   </div>
   <div class='ocr_carea' id='block_1_40' title="bbox 453 2616 2026 2686">
    <p class='ocr_par' dir='ltr' id='par_1_40' title="bbox 453 2616 2026 2686">
     <span class='ocr_line' id='line_1_40' title="bbox 453 2616 2026 2686; baseline 0 -16"><span class='ocrx_word' id='word_1_316' title='bbox 453 2616 830 2686; x_wconf 74' lang='grc' dir='ltr'>ἀγιαζόμενος,</span> <span class='ocrx_word' id='word_1_317' title='bbox 897 2627 949 2670; x_wconf 88' lang='lat' dir='ltr'><strong>et</strong></span> <span class='ocrx_word' id='word_1_318' title='bbox 1002 2625 1345 2670; x_wconf 85' lang='lat' dir='ltr'><strong>consecratus</strong></span> <span class='ocrx_word' id='word_1_319' title='bbox 1387 2616 1578 2685; x_wconf 85' lang='lat' dir='ltr'><strong>panis,</strong></span> <span class='ocrx_word' id='word_1_320' title='bbox 1631 2616 1735 2670; x_wconf 87' lang='lat' dir='ltr'><strong>hoc</strong></span> <span class='ocrx_word' id='word_1_321' title='bbox 1797 2626 1915 2681; x_wconf 88' lang='lat' dir='ltr'><strong>est,</strong></span> <span class='ocrx_word' id='word_1_322' title='bbox 1967 2625 2026 2670; x_wconf 86' lang='grc' dir='ltr'><strong>ιιι</strong></span> 
     </span>
    </p>
   </div>
   <div class='ocr_carea' id='block_1_41' title="bbox 453 2706 2023 2777">
    <p class='ocr_par' dir='ltr' id='par_1_41' title="bbox 453 2706 2023 2777">
     <span class='ocr_line' id='line_1_41' title="bbox 453 2706 2023 2777; baseline 0.001 -18"><span class='ocrx_word' id='word_1_323' title='bbox 453 2708 531 2762; x_wconf 81' lang='lat' dir='ltr'><strong>sic</strong></span> <span class='ocrx_word' id='word_1_324' title='bbox 586 2708 796 2777; x_wconf 88' lang='lat' dir='ltr'><strong>loquar,</strong></span> <span class='ocrx_word' id='word_1_325' title='bbox 861 2708 1017 2777; x_wconf 91' lang='lat' dir='ltr'><strong>panis</strong></span> <span class='ocrx_word' id='word_1_326' title='bbox 1081 2706 1621 2761; x_wconf 84' lang='lat' dir='ltr'><strong>transsubstantiatus</strong></span> <span class='ocrx_word' id='word_1_327' title='bbox 1708 2707 1763 2761; x_wconf 91' lang='lat' dir='ltr'><strong>in</strong></span> <span class='ocrx_word' id='word_1_328' title='bbox 1825 2721 2023 2776; x_wconf 92' lang='lat' dir='ltr'><strong>corpus</strong></span> 
     </span>
    </p>
   </div>
   <div class='ocr_carea' id='block_1_42' title="bbox 451 2800 672 2857">
    <p class='ocr_par' dir='ltr' id='par_1_42' title="bbox 451 2800 672 2857">
     <span class='ocr_line' id='line_1_42' title="bbox 451 2800 672 2857; baseline 0.009 -2"><span class='ocrx_word' id='word_1_329' title='bbox 451 2800 672 2857; x_wconf 85' lang='lat' dir='ltr'><strong>Christi.</strong></span> 
     </span>
    </p>
   </div>
   <div class='ocr_carea' id='block_1_43' title="bbox 520 2891 2017 2962">
    <p class='ocr_par' dir='ltr' id='par_1_43' title="bbox 520 2891 2017 2962">
     <span class='ocr_line' id='line_1_43' title="bbox 520 2891 2017 2962; baseline -0.001 -16"><span class='ocrx_word' id='word_1_330' title='bbox 520 2892 875 2962; x_wconf 81' lang='lat' dir='ltr'><strong>Apertissima</strong></span> <span class='ocrx_word' id='word_1_331' title='bbox 918 2907 1044 2946; x_wconf 88' lang='lat' dir='ltr'><strong>vero</strong></span> <span class='ocrx_word' id='word_1_332' title='bbox 1074 2892 1180 2946; x_wconf 87' lang='lat' dir='ltr'><strong>loci</strong></span> <span class='ocrx_word' id='word_1_333' title='bbox 1225 2891 1368 2945; x_wconf 89' lang='lat' dir='ltr'><strong>tertii</strong></span> <span class='ocrx_word' id='word_1_334' title='bbox 1400 2891 1690 2957; x_wconf 87' lang='lat' dir='ltr'><strong>sententia,</strong></span> <span class='ocrx_word' id='word_1_335' title='bbox 1723 2900 1782 2945; x_wconf 93' lang='lat' dir='ltr'><strong>ut</strong></span> <span class='ocrx_word' id='word_1_336' title='bbox 1813 2892 2017 2946; x_wconf 81' lang='lat' dir='ltr'><strong>frustra</strong></span> 
     </span>
    </p>
   </div>
   <div class='ocr_carea' id='block_1_44' title="bbox 449 2982 2022 3052">
    <p class='ocr_par' dir='ltr' id='par_1_44' title="bbox 449 2982 2022 3052">
     <span class='ocr_line' id='line_1_44' title="bbox 449 2982 2022 3052; baseline -0.001 -15"><span class='ocrx_word' id='word_1_337' title='bbox 449 2997 570 3037; x_wconf 85' lang='lat' dir='ltr'><strong>eam</strong></span> <span class='ocrx_word' id='word_1_338' title='bbox 604 2998 856 3052; x_wconf 88' lang='lat' dir='ltr'><strong>perversa</strong></span> <span class='ocrx_word' id='word_1_339' title='bbox 882 2984 1241 3052; x_wconf 82' lang='lat' dir='ltr'><strong>explicatione</strong></span> <span class='ocrx_word' id='word_1_340' title='bbox 1268 2998 1620 3051; x_wconf 88' lang='lat' dir='ltr'><strong>corrumpere</strong></span> <span class='ocrx_word' id='word_1_341' title='bbox 1652 2982 1860 3052; x_wconf 86' lang='lat' dir='ltr'><strong>Martyr</strong></span> <span class='ocrx_word' id='word_1_342' title='bbox 1890 2997 2022 3036; x_wconf 80' lang='lat' dir='ltr'><strong>con-</strong></span> 
     </span>
    </p>
   </div>
   <div class='ocr_carea' id='block_1_45' title="bbox 449 3074 2019 3136">
    <p class='ocr_par' dir='ltr' id='par_1_45' title="bbox 449 3074 2019 3136">
     <span class='ocr_line' id='line_1_45' title="bbox 449 3074 2019 3136; baseline -0.001 -7"><span class='ocrx_word' id='word_1_343' title='bbox 449 3078 651 3132; x_wconf 84' lang='lat' dir='ltr'><strong>tendat.</strong></span> <span class='ocrx_word' id='word_1_344' title='bbox 685 3074 829 3130; x_wconf 87' lang='lat' dir='ltr'><strong>Talis</strong></span> <span class='ocrx_word' id='word_1_345' title='bbox 862 3076 948 3131; x_wconf 90' lang='lat' dir='ltr'><strong>ille</strong></span> <span class='ocrx_word' id='word_1_346' title='bbox 977 3087 1057 3130; x_wconf 93' lang='lat' dir='ltr'><strong>est</strong></span> <span class='ocrx_word' id='word_1_347' title='bbox 1090 3075 1271 3131; x_wconf 87' lang='lat' dir='ltr'><strong>homil.</strong></span> <span class='ocrx_word' id='word_1_348' title='bbox 1300 3076 1333 3131; x_wconf 91' lang='lat'><strong>9</strong></span> <span class='ocrx_word' id='word_1_349' title='bbox 1378 3076 1434 3128; x_wconf 87' lang='lat' dir='ltr'><strong>in</strong></span> <span class='ocrx_word' id='word_1_350' title='bbox 1487 3074 1675 3136; x_wconf 84' lang='lat' dir='ltr'><strong>Levit.,</strong></span> <span class='ocrx_word' id='word_1_351' title='bbox 1708 3091 1860 3129; x_wconf 91' lang='lat' dir='ltr'><strong>num.</strong></span> <span class='ocrx_word' id='word_1_352' title='bbox 1895 3075 1961 3128; x_wconf 89' lang='grc'><strong>10</strong></span> <span class='ocrx_word' id='word_1_353' title='bbox 2004 3092 2019 3128; x_wconf 89' lang='lat'><strong>:</strong></span> 
     </span>
    </p>
   </div>
   <div class='ocr_carea' id='block_1_46' title="bbox 454 3167 2025 3237">
    <p class='ocr_par' dir='ltr' id='par_1_46' title="bbox 454 3167 2025 3237">
     <span class='ocr_line' id='line_1_46' title="bbox 454 3167 2025 3237; baseline -0.003 -13"><span class='ocrx_word' id='word_1_354' title='bbox 454 3185 474 3224; x_wconf 69' lang='grc' dir='ltr'><strong>ι</strong></span> <span class='ocrx_word' id='word_1_355' title='bbox 508 3168 658 3223; x_wconf 80' lang='lat' dir='ltr'><strong>Ritus</strong></span> <span class='ocrx_word' id='word_1_356' title='bbox 692 3169 907 3237; x_wconf 85' lang='lat' dir='ltr'><strong>quidem</strong></span> <span class='ocrx_word' id='word_1_357' title='bbox 930 3170 1068 3237; x_wconf 91' lang='lat' dir='ltr'><strong>apud</strong></span> <span class='ocrx_word' id='word_1_358' title='bbox 1087 3178 1294 3223; x_wconf 83' lang='lat' dir='ltr'><strong>veteres</strong></span> <span class='ocrx_word' id='word_1_359' title='bbox 1310 3167 1705 3237; x_wconf 86' lang='lat' dir='ltr'><strong>propitiationis</strong></span> <span class='ocrx_word' id='word_1_360' title='bbox 1734 3182 1831 3236; x_wconf 91' lang='lat' dir='ltr'><strong>pro</strong></span> <span class='ocrx_word' id='word_1_361' title='bbox 1858 3168 2025 3223; x_wconf 85' lang='lat' dir='ltr'><strong>hami-</strong></span> 
     </span>
    </p>
   </div>
   <div class='ocr_carea' id='block_1_47' title="bbox 2131 1981 3710 2055">
    <p class='ocr_par' dir='ltr' id='par_1_47' title="bbox 2131 1981 3710 2055">
     <span class='ocr_line' id='line_1_47' title="bbox 2131 1981 3710 2055; baseline 0 -21"><span class='ocrx_word' id='word_1_362' title='bbox 2131 1983 2574 2053; x_wconf 80' lang='grc' dir='ltr'>προσαγομένους</span> <span class='ocrx_word' id='word_1_363' title='bbox 2624 1982 2821 2053; x_wconf 81' lang='grc' dir='ltr'>ἄρτους</span> <span class='ocrx_word' id='word_1_364' title='bbox 2848 1984 3122 2055; x_wconf 76' lang='grc' dir='ltr'>ἐσθίομεν,</span> <span class='ocrx_word' id='word_1_365' title='bbox 3181 1985 3341 2055; x_wconf 80' lang='grc' dir='ltr'>σῶμα</span> <span class='ocrx_word' id='word_1_366' title='bbox 3384 1981 3710 2052; x_wconf 80' lang='grc' dir='ltr'>γενομένους</span> 
     </span>
    </p>
   </div>
   <div class='ocr_carea' id='block_1_48' title="bbox 2129 2071 3708 2145">
    <p class='ocr_par' dir='ltr' id='par_1_48' title="bbox 2129 2071 3708 2145">
     <span class='ocr_line' id='line_1_48' title="bbox 2129 2071 3708 2145; baseline -0.001 -19"><span class='ocrx_word' id='word_1_367' title='bbox 2129 2074 2216 2127; x_wconf 79' lang='grc' dir='ltr'><strong>διὰ</strong></span> <span class='ocrx_word' id='word_1_368' title='bbox 2241 2073 2338 2145; x_wconf 82' lang='grc' dir='ltr'><strong>τὴν</strong></span> <span class='ocrx_word' id='word_1_369' title='bbox 2366 2074 2533 2144; x_wconf 79' lang='grc' dir='ltr'>εὐχὴν</span> <span class='ocrx_word' id='word_1_370' title='bbox 2559 2075 2711 2143; x_wconf 78' lang='grc' dir='ltr'>ἅγιόν</span> <span class='ocrx_word' id='word_1_371' title='bbox 2742 2092 2813 2139; x_wconf 83' lang='grc' dir='ltr'>τι,</span> <span class='ocrx_word' id='word_1_372' title='bbox 2841 2078 2934 2130; x_wconf 80' lang='grc' dir='ltr'><strong>καὶ</strong></span> <span class='ocrx_word' id='word_1_373' title='bbox 2963 2075 3185 2145; x_wconf 79' lang='grc' dir='ltr'>ἁγιάζον</span> <span class='ocrx_word' id='word_1_374' title='bbox 3217 2078 3340 2139; x_wconf 84' lang='grc' dir='ltr'>τοὺς</span> <span class='ocrx_word' id='word_1_375' title='bbox 3380 2075 3498 2145; x_wconf 90' lang='grc' dir='ltr'>μεθ’</span> <span class='ocrx_word' id='word_1_376' title='bbox 3525 2071 3708 2142; x_wconf 75' lang='grc' dir='ltr'>ὑγιοῦς</span> 
     </span>
    </p>
   </div>
   <div class='ocr_carea' id='block_1_49' title="bbox 2131 2166 3710 2239">
    <p class='ocr_par' dir='ltr' id='par_1_49' title="bbox 2131 2166 3710 2239">
     <span class='ocr_line' id='line_1_49' title="bbox 2131 2166 3710 2239; baseline 0 -19"><span class='ocrx_word' id='word_1_377' title='bbox 2131 2166 2442 2237; x_wconf 80' lang='grc' dir='ltr'>προθέσεως</span> <span class='ocrx_word' id='word_1_378' title='bbox 2481 2167 2628 2237; x_wconf 80' lang='grc' dir='ltr'><strong>αὐτῷ</strong></span> <span class='ocrx_word' id='word_1_379' title='bbox 2671 2168 3005 2239; x_wconf 81' lang='grc' dir='ltr'>χρωμένους.</span> <span class='ocrx_word' id='word_1_380' title='bbox 3045 2188 3063 2220; x_wconf 80' lang='grc' dir='ltr'><strong>ι</strong></span> <span class='ocrx_word' id='word_1_381' title='bbox 3102 2167 3211 2221; x_wconf 72' lang='lat' dir='ltr'><strong>Nos</strong></span> <span class='ocrx_word' id='word_1_382' title='bbox 3246 2184 3374 2223; x_wconf 87' lang='lat' dir='ltr'><strong>vero</strong></span> <span class='ocrx_word' id='word_1_383' title='bbox 3409 2168 3497 2236; x_wconf 93' lang='lat' dir='ltr'><strong>qui</strong></span> <span class='ocrx_word' id='word_1_384' title='bbox 3553 2166 3710 2233; x_wconf 85' lang='lat' dir='ltr'><strong>hujus</strong></span> 
     </span>
    </p>
   </div>
   <div class='ocr_carea' id='block_1_50' title="bbox 2132 2257 3710 2327">
    <p class='ocr_par' dir='ltr' id='par_1_50' title="bbox 2132 2257 3710 2327">
     <span class='ocr_line' id='line_1_50' title="bbox 2132 2257 3710 2327; baseline -0.001 -17"><span class='ocrx_word' id='word_1_385' title='bbox 2132 2257 2512 2312; x_wconf 85' lang='lat' dir='ltr'><strong>universitatis</strong></span> <span class='ocrx_word' id='word_1_386' title='bbox 2538 2257 2819 2312; x_wconf 90' lang='lat' dir='ltr'><strong>Conditori</strong></span> <span class='ocrx_word' id='word_1_387' title='bbox 2853 2258 3055 2327; x_wconf 80' lang='lat' dir='ltr'><strong>gratias</strong></span> <span class='ocrx_word' id='word_1_388' title='bbox 3085 2258 3317 2327; x_wconf 87' lang='lat' dir='ltr'><strong>agimus,</strong></span> <span class='ocrx_word' id='word_1_389' title='bbox 3370 2271 3489 2310; x_wconf 90' lang='lat' dir='ltr'><strong>cum</strong></span> <span class='ocrx_word' id='word_1_390' title='bbox 3535 2257 3710 2323; x_wconf 89' lang='lat' dir='ltr'><strong>preci-</strong></span> 
     </span>
    </p>
   </div>
   <div class='ocr_carea' id='block_1_51' title="bbox 2130 2347 3706 2415">
    <p class='ocr_par' dir='ltr' id='par_1_51' title="bbox 2130 2347 3706 2415">
     <span class='ocr_line' id='line_1_51' title="bbox 2130 2347 3706 2415; baseline -0.001 -13"><span class='ocrx_word' id='word_1_391' title='bbox 2130 2347 2232 2402; x_wconf 92' lang='lat' dir='ltr'><strong>bus</strong></span> <span class='ocrx_word' id='word_1_392' title='bbox 2268 2356 2324 2401; x_wconf 92' lang='lat' dir='ltr'><strong>et</strong></span> <span class='ocrx_word' id='word_1_393' title='bbox 2358 2347 2660 2414; x_wconf 86' lang='lat' dir='ltr'><strong>gratiarum</strong></span> <span class='ocrx_word' id='word_1_394' title='bbox 2691 2347 2907 2401; x_wconf 85' lang='lat' dir='ltr'><strong>actione</strong></span> <span class='ocrx_word' id='word_1_395' title='bbox 2939 2347 3154 2402; x_wconf 89' lang='lat' dir='ltr'><strong>oblatos</strong></span> <span class='ocrx_word' id='word_1_396' title='bbox 3180 2348 3390 2402; x_wconf 88' lang='lat' dir='ltr'><strong>edimus</strong></span> <span class='ocrx_word' id='word_1_397' title='bbox 3427 2361 3593 2414; x_wconf 89' lang='lat' dir='ltr'><strong>panes</strong></span> <span class='ocrx_word' id='word_1_398' title='bbox 3614 2347 3706 2415; x_wconf 91' lang='lat' dir='ltr'><strong>qui</strong></span> 
     </span>
    </p>
   </div>
   <div class='ocr_carea' id='block_1_52' title="bbox 2132 2437 3705 2508">
    <p class='ocr_par' dir='ltr' id='par_1_52' title="bbox 2132 2437 3705 2508">
     <span class='ocr_line' id='line_1_52' title="bbox 2132 2437 3705 2508; baseline -0.001 -17"><span class='ocrx_word' id='word_1_399' title='bbox 2132 2448 2354 2508; x_wconf 90' lang='lat' dir='ltr'><strong>propter</strong></span> <span class='ocrx_word' id='word_1_400' title='bbox 2387 2437 2690 2492; x_wconf 90' lang='lat' dir='ltr'><strong>orationem</strong></span> <span class='ocrx_word' id='word_1_401' title='bbox 2729 2437 2865 2492; x_wconf 86' lang='lat' dir='ltr'><strong>ﬁunt</strong></span> <span class='ocrx_word' id='word_1_402' title='bbox 2906 2453 3103 2507; x_wconf 88' lang='lat' dir='ltr'><strong>corpus</strong></span> <span class='ocrx_word' id='word_1_403' title='bbox 3143 2437 3410 2507; x_wconf 88' lang='lat' dir='ltr'><strong>quoddam</strong></span> <span class='ocrx_word' id='word_1_404' title='bbox 3459 2447 3705 2490; x_wconf 86' lang='lat' dir='ltr'><strong>sanctum</strong></span> 
     </span>
    </p>
   </div>
   <div class='ocr_carea' id='block_1_53' title="bbox 2129 2526 3705 2599">
    <p class='ocr_par' dir='ltr' id='par_1_53' title="bbox 2129 2526 3705 2599">
     <span class='ocr_line' id='line_1_53' title="bbox 2129 2526 3705 2599; baseline -0.002 -17"><span class='ocrx_word' id='word_1_405' title='bbox 2129 2530 2275 2599; x_wconf 89' lang='lat' dir='ltr'><strong>quod</strong></span> <span class='ocrx_word' id='word_1_406' title='bbox 2325 2544 2458 2584; x_wconf 91' lang='lat' dir='ltr'><strong>sano</strong></span> <span class='ocrx_word' id='word_1_407' title='bbox 2520 2531 2797 2597; x_wconf 87' lang='lat' dir='ltr'><strong>proposito</strong></span> <span class='ocrx_word' id='word_1_408' title='bbox 2853 2529 3309 2583; x_wconf 87' lang='lat' dir='ltr'><strong>manducantibus</strong></span> <span class='ocrx_word' id='word_1_409' title='bbox 3365 2526 3705 2581; x_wconf 83' lang='lat' dir='ltr'><strong>sanctitatem</strong></span> 
     </span>
    </p>
   </div>
   <div class='ocr_carea' id='block_1_54' title="bbox 2131 2617 3706 2693">
    <p class='ocr_par' dir='ltr' id='par_1_54' title="bbox 2131 2617 3706 2693">
     <span class='ocr_line' id='line_1_54' title="bbox 2131 2617 3706 2693; baseline -0.005 -16"><span class='ocrx_word' id='word_1_410' title='bbox 2131 2623 2380 2693; x_wconf 89' lang='lat' dir='ltr'><strong>largitur.</strong></span> <span class='ocrx_word' id='word_1_411' title='bbox 2408 2642 2428 2675; x_wconf 82' lang='grc' dir='ltr'><strong>ι</strong></span> <span class='ocrx_word' id='word_1_412' title='bbox 2460 2622 2675 2677; x_wconf 88' lang='lat' dir='ltr'><strong>Celsqu</strong></span> <span class='ocrx_word' id='word_1_413' title='bbox 2707 2621 2902 2675; x_wconf 85' lang='lat' dir='ltr'><strong>refellit</strong></span> <span class='ocrx_word' id='word_1_414' title='bbox 2942 2621 3230 2690; x_wconf 87' lang='lat' dir='ltr'><strong>Origenes,</strong></span> <span class='ocrx_word' id='word_1_415' title='bbox 3262 2620 3352 2689; x_wconf 91' lang='lat' dir='ltr'><strong>qui</strong></span> <span class='ocrx_word' id='word_1_416' title='bbox 3397 2619 3557 2672; x_wconf 89' lang='lat' dir='ltr'><strong>rebus</strong></span> <span class='ocrx_word' id='word_1_417' title='bbox 3587 2617 3706 2670; x_wconf 89' lang='lat' dir='ltr'><strong>uni-</strong></span> 
     </span>
    </p>
   </div>
   <div class='ocr_carea' id='block_1_55' title="bbox 2130 2713 3706 2783">
    <p class='ocr_par' dir='ltr' id='par_1_55' title="bbox 2130 2713 3706 2783">
     <span class='ocr_line' id='line_1_55' title="bbox 2130 2713 3706 2783; baseline -0.007 -13"><span class='ocrx_word' id='word_1_418' title='bbox 2130 2715 2306 2770; x_wconf 88' lang='lat' dir='ltr'><strong>versis</strong></span> <span class='ocrx_word' id='word_1_419' title='bbox 2340 2713 2626 2783; x_wconf 66' lang='lat' dir='ltr'><strong>prael&#39;ectos</strong></span> <span class='ocrx_word' id='word_1_420' title='bbox 2659 2728 2776 2767; x_wconf 85' lang='lat' dir='ltr'><strong>esse</strong></span> <span class='ocrx_word' id='word_1_421' title='bbox 2827 2714 3098 2767; x_wconf 67' lang='lat' dir='ltr'><strong>daemones</strong></span> <span class='ocrx_word' id='word_1_422' title='bbox 3145 2726 3395 2773; x_wconf 90' lang='lat' dir='ltr'><strong>censens,</strong></span> <span class='ocrx_word' id='word_1_423' title='bbox 3449 2722 3706 2774; x_wconf 68' lang='lat' dir='ltr'><strong>quaecun-</strong></span> 
     </span>
    </p>
   </div>
   <div class='ocr_carea' id='block_1_56' title="bbox 2129 2793 3705 2875">
    <p class='ocr_par' dir='ltr' id='par_1_56' title="bbox 2129 2793 3705 2875">
     <span class='ocr_line' id='line_1_56' title="bbox 2129 2793 3705 2875; baseline -0.007 -16"><span class='ocrx_word' id='word_1_424' title='bbox 2129 2821 2237 2875; x_wconf 91' lang='lat' dir='ltr'><strong>que</strong></span> <span class='ocrx_word' id='word_1_425' title='bbox 2266 2806 2333 2858; x_wconf 90' lang='lat' dir='ltr'><strong>ad</strong></span> <span class='ocrx_word' id='word_1_426' title='bbox 2367 2804 2567 2856; x_wconf 88' lang='lat' dir='ltr'><strong>victum</strong></span> <span class='ocrx_word' id='word_1_427' title='bbox 2604 2812 2921 2871; x_wconf 87' lang='lat' dir='ltr'><strong>comparant</strong></span> <span class='ocrx_word' id='word_1_428' title='bbox 2960 2802 3232 2863; x_wconf 88' lang='lat' dir='ltr'><strong>homines,</strong></span> <span class='ocrx_word' id='word_1_429' title='bbox 3266 2811 3597 2867; x_wconf 64' lang='lat' dir='ltr'><strong>quaecunque</strong></span> <span class='ocrx_word' id='word_1_430' title='bbox 3620 2793 3705 2849; x_wconf 86' lang='lat' dir='ltr'><strong>vel</strong></span> 
     </span>
    </p>
   </div>
   <div class='ocr_carea' id='block_1_57' title="bbox 2129 2890 3701 2960">
    <p class='ocr_par' dir='ltr' id='par_1_57' title="bbox 2129 2890 3701 2960">
     <span class='ocr_line' id='line_1_57' title="bbox 2129 2890 3701 2960; baseline -0.008 -7"><span class='ocrx_word' id='word_1_431' title='bbox 2129 2898 2337 2953; x_wconf 92' lang='lat' dir='ltr'><strong>edendo</strong></span> <span class='ocrx_word' id='word_1_432' title='bbox 2380 2897 2461 2952; x_wconf 86' lang='lat' dir='ltr'><strong>vel</strong></span> <span class='ocrx_word' id='word_1_433' title='bbox 2511 2896 2744 2951; x_wconf 86' lang='lat' dir='ltr'><strong>bibendo</strong></span> <span class='ocrx_word' id='word_1_434' title='bbox 2793 2902 3151 2959; x_wconf 84' lang='lat' dir='ltr'><strong>consumunt,</strong></span> <span class='ocrx_word' id='word_1_435' title='bbox 3219 2891 3435 2960; x_wconf 79' lang='lat' dir='ltr'><strong>fruges,</strong></span> <span class='ocrx_word' id='word_1_436' title='bbox 3485 2890 3701 2952; x_wconf 88' lang='lat' dir='ltr'><strong>vinum,</strong></span> 
     </span>
    </p>
   </div>
   <div class='ocr_carea' id='block_1_58' title="bbox 2130 2985 3701 3055">
    <p class='ocr_par' dir='ltr' id='par_1_58' title="bbox 2130 2985 3701 3055">
     <span class='ocr_line' id='line_1_58' title="bbox 2130 2985 3701 3055; baseline -0.008 -11"><span class='ocrx_word' id='word_1_437' title='bbox 2130 2989 2329 3045; x_wconf 86' lang='lat' dir='ltr'><strong>baccas</strong></span> <span class='ocrx_word' id='word_1_438' title='bbox 2361 2988 2642 3052; x_wconf 90' lang='lat' dir='ltr'><strong>arborum,</strong></span> <span class='ocrx_word' id='word_1_439' title='bbox 2679 3002 2872 3055; x_wconf 89' lang='lat' dir='ltr'><strong>aquam</strong></span> <span class='ocrx_word' id='word_1_440' title='bbox 2905 3026 2919 3050; x_wconf 94' lang='lat'><strong>,</strong></span> <span class='ocrx_word' id='word_1_441' title='bbox 2957 2995 3012 3038; x_wconf 91' lang='lat' dir='ltr'><strong>et</strong></span> <span class='ocrx_word' id='word_1_442' title='bbox 3042 2985 3213 3052; x_wconf 89' lang='lat' dir='ltr'><strong>ipsum</strong></span> <span class='ocrx_word' id='word_1_443' title='bbox 3248 2996 3462 3051; x_wconf 91' lang='lat' dir='ltr'><strong>quoque</strong></span> <span class='ocrx_word' id='word_1_444' title='bbox 3498 2993 3701 3043; x_wconf 90' lang='lat' dir='ltr'><strong>aerem,</strong></span> 
     </span>
    </p>
   </div>
   <div class='ocr_carea' id='block_1_59' title="bbox 2132 3070 3702 3144">
    <p class='ocr_par' dir='ltr' id='par_1_59' title="bbox 2132 3070 3702 3144">
     <span class='ocr_line' id='line_1_59' title="bbox 2132 3070 3702 3144; baseline -0.006 -10"><span class='ocrx_word' id='word_1_445' title='bbox 2132 3095 2163 3134; x_wconf 91' lang='lat' dir='ltr'><strong>a</strong></span> <span class='ocrx_word' id='word_1_446' title='bbox 2191 3080 2523 3135; x_wconf 74' lang='lat' dir='ltr'><strong>daemonibus</strong></span> <span class='ocrx_word' id='word_1_447' title='bbox 2568 3078 2817 3144; x_wconf 89' lang='lat' dir='ltr'><strong>accipere</strong></span> <span class='ocrx_word' id='word_1_448' title='bbox 2844 3076 3211 3129; x_wconf 86' lang='lat' dir='ltr'><strong>arbitrabatur</strong></span> <span class='ocrx_word' id='word_1_449' title='bbox 3241 3090 3255 3138; x_wconf 91' lang='lat'><strong>;</strong></span> <span class='ocrx_word' id='word_1_450' title='bbox 3306 3071 3602 3139; x_wconf 90' lang='lat' dir='ltr'><strong>multisque</strong></span> <span class='ocrx_word' id='word_1_451' title='bbox 3650 3070 3702 3124; x_wconf 89' lang='lat' dir='ltr'><strong>in</strong></span> 
     </span>
    </p>
   </div>
   <div class='ocr_carea' id='block_1_60' title="bbox 2132 3163 3701 3231">
    <p class='ocr_par' dir='ltr' id='par_1_60' title="bbox 2132 3163 3701 3231">
     <span class='ocr_line' id='line_1_60' title="bbox 2132 3163 3701 3231; baseline -0.005 -7"><span class='ocrx_word' id='word_1_452' title='bbox 2132 3171 2467 3224; x_wconf 86' lang='lat' dir='ltr'><strong>contrariam</strong></span> <span class='ocrx_word' id='word_1_453' title='bbox 2505 3170 2753 3223; x_wconf 88' lang='lat' dir='ltr'><strong>adductis</strong></span> <span class='ocrx_word' id='word_1_454' title='bbox 2786 3168 3108 3221; x_wconf 88' lang='lat' dir='ltr'><strong>sententiam</strong></span> <span class='ocrx_word' id='word_1_455' title='bbox 3137 3206 3154 3231; x_wconf 93' lang='lat'><strong>,</strong></span> <span class='ocrx_word' id='word_1_456' title='bbox 3183 3164 3460 3220; x_wconf 85' lang='lat' dir='ltr'><strong>concludit</strong></span> <span class='ocrx_word' id='word_1_457' title='bbox 3487 3163 3701 3217; x_wconf 86' lang='lat' dir='ltr'><strong>tandem</strong></span> 
     </span>
    </p>
   </div>
   <div class='ocr_carea' id='block_1_61' title="bbox 449 3241 3699 3331">
    <p class='ocr_par' dir='ltr' id='par_1_61' title="bbox 449 3241 3699 3331">
     <span class='ocr_line' id='line_1_61' title="bbox 449 3241 3699 3331; baseline -0.001 -20"><span class='ocrx_word' id='word_1_458' title='bbox 449 3260 607 3314; x_wconf 90' lang='lat' dir='ltr'><strong>nibus</strong></span> <span class='ocrx_word' id='word_1_459' title='bbox 649 3260 740 3330; x_wconf 92' lang='lat' dir='ltr'><strong>qui</strong></span> <span class='ocrx_word' id='word_1_460' title='bbox 800 3261 960 3315; x_wconf 88' lang='lat' dir='ltr'><strong>ﬁebat</strong></span> <span class='ocrx_word' id='word_1_461' title='bbox 1003 3261 1069 3314; x_wconf 85' lang='lat' dir='ltr'><strong>ad</strong></span> <span class='ocrx_word' id='word_1_462' title='bbox 1123 3259 1328 3328; x_wconf 89' lang='lat' dir='ltr'><strong>Deum,</strong></span> <span class='ocrx_word' id='word_1_463' title='bbox 1368 3259 1602 3331; x_wconf 88' lang='lat' dir='ltr'><strong>qualiter</strong></span> <span class='ocrx_word' id='word_1_464' title='bbox 1655 3241 2094 3315; x_wconf 69' lang='lat' dir='ltr'><strong>celebrareturc</strong></span> <span class='ocrx_word' id='word_1_465' title='bbox 2131 3257 2486 3314; x_wconf 79' lang='lat' dir='ltr'><strong>Adamantius</strong></span> <span class='ocrx_word' id='word_1_466' title='bbox 2528 3274 2695 3328; x_wconf 87' lang='lat' dir='ltr'><strong>panes</strong></span> <span class='ocrx_word' id='word_1_467' title='bbox 2732 3258 2823 3326; x_wconf 91' lang='lat' dir='ltr'><strong>qui</strong></span> <span class='ocrx_word' id='word_1_468' title='bbox 2872 3258 3025 3313; x_wconf 83' lang='lat' dir='ltr'><strong>nobis</strong></span> <span class='ocrx_word' id='word_1_469' title='bbox 3071 3257 3138 3310; x_wconf 92' lang='lat' dir='ltr'><strong>ad</strong></span> <span class='ocrx_word' id='word_1_470' title='bbox 3181 3257 3332 3311; x_wconf 84' lang='lat' dir='ltr'><strong>esum</strong></span> <span class='ocrx_word' id='word_1_471' title='bbox 3376 3253 3699 3318; x_wconf 77' lang='lat' dir='ltr'><strong>oﬂ‘eruntur,</strong></span> 
     </span>
    </p>
   </div>
   <div class='ocr_carea' id='block_1_62' title="bbox 521 3399 1090 3465">
    <p class='ocr_par' dir='ltr' id='par_1_62' title="bbox 521 3399 1090 3465">
     <span class='ocr_line' id='line_1_62' title="bbox 521 3399 1090 3465; baseline 0.002 -12"><span class='ocrx_word' id='word_1_472' title='bbox 521 3400 567 3434; x_wconf 82' lang='lat'><strong>&quot;</strong></span> <span class='ocrx_word' id='word_1_473' title='bbox 602 3399 790 3455; x_wconf 84' lang='lat' dir='ltr'><strong>Matth.</strong></span> <span class='ocrx_word' id='word_1_474' title='bbox 819 3417 967 3465; x_wconf 77' lang='lat' dir='ltr'><strong>xxvi,</strong></span> <span class='ocrx_word' id='word_1_475' title='bbox 1000 3399 1090 3454; x_wconf 73' lang='lat'><strong>‘28.</strong></span> 
     </span>
    </p>
   </div>
   <div class='ocr_carea' id='block_1_63' title="bbox 451 3538 2022 3610">
    <p class='ocr_par' dir='ltr' id='par_1_63' title="bbox 451 3538 2022 3610">
     <span class='ocr_line' id='line_1_63' title="bbox 451 3538 2022 3610; baseline 0.002 -17"><span class='ocrx_word' id='word_1_476' title='bbox 451 3540 665 3610; x_wconf 76' lang='lat' dir='ltr'><strong>videtis,</strong></span> <span class='ocrx_word' id='word_1_477' title='bbox 699 3538 893 3610; x_wconf 78' lang='lat' dir='ltr'><strong>inquit,</strong></span> <span class='ocrx_word' id='word_1_478' title='bbox 934 3539 1088 3605; x_wconf 88' lang='lat' dir='ltr'><strong>panis</strong></span> <span class='ocrx_word' id='word_1_479' title='bbox 1116 3547 1195 3594; x_wconf 90' lang='lat' dir='ltr'><strong>est</strong></span> <span class='ocrx_word' id='word_1_480' title='bbox 1219 3548 1274 3594; x_wconf 91' lang='lat' dir='ltr'><strong>et</strong></span> <span class='ocrx_word' id='word_1_481' title='bbox 1306 3541 1468 3607; x_wconf 81' lang='lat' dir='ltr'><strong>calix,</strong></span> <span class='ocrx_word' id='word_1_482' title='bbox 1503 3541 1644 3610; x_wconf 91' lang='lat' dir='ltr'><strong>quod</strong></span> <span class='ocrx_word' id='word_1_483' title='bbox 1684 3542 1836 3595; x_wconf 84' lang='lat' dir='ltr'><strong>vobis</strong></span> <span class='ocrx_word' id='word_1_484' title='bbox 1858 3541 2022 3596; x_wconf 90' lang='lat' dir='ltr'><strong>etiam</strong></span> 
     </span>
    </p>
   </div>
   <div class='ocr_carea' id='block_1_64' title="bbox 451 3608 2021 3679">
    <p class='ocr_par' dir='ltr' id='par_1_64' title="bbox 451 3608 2021 3679">
     <span class='ocr_line' id='line_1_64' title="bbox 451 3608 2021 3679; baseline 0.001 -16"><span class='ocrx_word' id='word_1_485' title='bbox 451 3608 805 3679; x_wconf 84' lang='lat' dir='ltr'><strong>oculivestri</strong></span> <span class='ocrx_word' id='word_1_486' title='bbox 864 3612 1212 3675; x_wconf 83' lang='lat' dir='ltr'><strong>renuntiant;</strong></span> <span class='ocrx_word' id='word_1_487' title='bbox 1246 3613 1387 3679; x_wconf 79' lang='lat' dir='ltr'><strong>quod</strong></span> <span class='ocrx_word' id='word_1_488' title='bbox 1436 3608 1614 3665; x_wconf 83' lang='lat' dir='ltr'><strong>autem</strong></span> <span class='ocrx_word' id='word_1_489' title='bbox 1662 3612 1793 3664; x_wconf 86' lang='lat' dir='ltr'><strong>ﬁdes</strong></span> <span class='ocrx_word' id='word_1_490' title='bbox 1840 3621 2021 3665; x_wconf 85' lang='lat' dir='ltr'><strong>vestra</strong></span> 
     </span>
    </p>
   </div>
   <div class='ocr_carea' id='block_1_65' title="bbox 451 3678 2018 3749">
    <p class='ocr_par' dir='ltr' id='par_1_65' title="bbox 451 3678 2018 3749">
     <span class='ocr_line' id='line_1_65' title="bbox 451 3678 2018 3749; baseline 0.003 -20"><span class='ocrx_word' id='word_1_491' title='bbox 451 3678 685 3749; x_wconf 81' lang='lat' dir='ltr'><strong>postulat</strong></span> <span class='ocrx_word' id='word_1_492' title='bbox 709 3680 1040 3749; x_wconf 71' lang='lat' dir='ltr'><strong>instruenda,</strong></span> <span class='ocrx_word' id='word_1_493' title='bbox 1074 3679 1227 3745; x_wconf 87' lang='lat' dir='ltr'><strong>panis</strong></span> <span class='ocrx_word' id='word_1_494' title='bbox 1266 3678 1349 3749; x_wconf 82' lang='lat' dir='ltr'><strong>est</strong></span> <span class='ocrx_word' id='word_1_495' title='bbox 1379 3696 1575 3749; x_wconf 91' lang='lat' dir='ltr'><strong>corpus</strong></span> <span class='ocrx_word' id='word_1_496' title='bbox 1621 3679 1847 3739; x_wconf 87' lang='lat' dir='ltr'><strong>Christi.</strong></span> <span class='ocrx_word' id='word_1_497' title='bbox 1877 3680 2018 3734; x_wconf 85' lang='lat' dir='ltr'><strong>calix</strong></span> 
     </span>
    </p>
   </div>
   <div class='ocr_carea' id='block_1_66' title="bbox 453 3747 2018 3817">
    <p class='ocr_par' dir='ltr' id='par_1_66' title="bbox 453 3747 2018 3817">
     <span class='ocr_line' id='line_1_66' title="bbox 453 3747 2018 3817; baseline 0.001 -16"><span class='ocrx_word' id='word_1_498' title='bbox 453 3748 669 3817; x_wconf 82' lang='lat' dir='ltr'><strong>sanguis</strong></span> <span class='ocrx_word' id='word_1_499' title='bbox 702 3747 924 3803; x_wconf 85' lang='lat' dir='ltr'><strong>Christi.</strong></span> <span class='ocrx_word' id='word_1_500' title='bbox 967 3747 1211 3802; x_wconf 82' lang='lat' dir='ltr'><strong>Breviter</strong></span> <span class='ocrx_word' id='word_1_501' title='bbox 1255 3747 1487 3817; x_wconf 81' lang='lat' dir='ltr'><strong>quidem</strong></span> <span class='ocrx_word' id='word_1_502' title='bbox 1523 3750 1625 3804; x_wconf 91' lang='lat' dir='ltr'><strong>hoc</strong></span> <span class='ocrx_word' id='word_1_503' title='bbox 1671 3749 1872 3802; x_wconf 91' lang='lat' dir='ltr'><strong>dictum</strong></span> <span class='ocrx_word' id='word_1_504' title='bbox 1915 3760 2018 3814; x_wconf 88' lang='lat' dir='ltr'><strong>est,</strong></span> 
     </span>
    </p>
   </div>
   <div class='ocr_carea' id='block_1_67' title="bbox 454 3817 2019 3884">
    <p class='ocr_par' dir='ltr' id='par_1_67' title="bbox 454 3817 2019 3884">
     <span class='ocr_line' id='line_1_67' title="bbox 454 3817 2019 3884; baseline 0.004 -16"><span class='ocrx_word' id='word_1_505' title='bbox 454 3820 596 3884; x_wconf 81' lang='lat' dir='ltr'><strong>quod</strong></span> <span class='ocrx_word' id='word_1_506' title='bbox 634 3820 754 3870; x_wconf 91' lang='lat' dir='ltr'><strong>lidei</strong></span> <span class='ocrx_word' id='word_1_507' title='bbox 799 3817 935 3869; x_wconf 75' lang='lat' dir='ltr'><strong>forte</strong></span> <span class='ocrx_word' id='word_1_508' title='bbox 981 3817 1208 3871; x_wconf 84' lang='lat' dir='ltr'><strong>suliiciat</strong></span> <span class='ocrx_word' id='word_1_509' title='bbox 1242 3836 1255 3872; x_wconf 90' lang='lat'>:</span> <span class='ocrx_word' id='word_1_510' title='bbox 1286 3819 1382 3871; x_wconf 89' lang='lat' dir='ltr'><strong>sed</strong></span> <span class='ocrx_word' id='word_1_511' title='bbox 1425 3819 1560 3872; x_wconf 88' lang='lat' dir='ltr'><strong>ﬁdes</strong></span> <span class='ocrx_word' id='word_1_512' title='bbox 1609 3820 2019 3874; x_wconf 90' lang='lat' dir='ltr'><strong>instructionem</strong></span> 
     </span>
    </p>
   </div>
   <div class='ocr_carea' id='block_1_68' title="bbox 454 3884 2018 3955">
    <p class='ocr_par' dir='ltr' id='par_1_68' title="bbox 454 3884 2018 3955">
     <span class='ocr_line' id='line_1_68' title="bbox 454 3884 2018 3955; baseline 0.002 -15"><span class='ocrx_word' id='word_1_513' title='bbox 454 3888 745 3941; x_wconf 80' lang='lat' dir='ltr'><strong>desiderat.</strong></span> <span class='ocrx_word' id='word_1_514' title='bbox 796 3884 936 3939; x_wconf 90' lang='lat' dir='ltr'><strong>Dicit</strong></span> <span class='ocrx_word' id='word_1_515' title='bbox 961 3887 1105 3941; x_wconf 89' lang='lat' dir='ltr'><strong>enim</strong></span> <span class='ocrx_word' id='word_1_516' title='bbox 1144 3886 1411 3955; x_wconf 87' lang='lat' dir='ltr'><strong>Propheta</strong></span> <span class='ocrx_word' id='word_1_517' title='bbox 1446 3906 1461 3944; x_wconf 91' lang='lat'><strong>:</strong></span> <span class='ocrx_word' id='word_1_518' title='bbox 1496 3886 1622 3942; x_wconf 82' lang='lat' dir='ltr'><strong>Nisi</strong></span> <span class='ocrx_word' id='word_1_519' title='bbox 1658 3888 2018 3954; x_wconf 77' lang='lat' dir='ltr'><strong>credideritis,</strong></span> 
     </span>
    </p>
   </div>
   <div class='ocr_carea' id='block_1_69' title="bbox 454 3956 2013 4026">
    <p class='ocr_par' dir='ltr' id='par_1_69' title="bbox 454 3956 2013 4026">
     <span class='ocr_line' id='line_1_69' title="bbox 454 3956 2013 4026; baseline 0.001 -16"><span class='ocrx_word' id='word_1_520' title='bbox 454 3973 556 4010; x_wconf 83' lang='lat' dir='ltr'><strong>non</strong></span> <span class='ocrx_word' id='word_1_521' title='bbox 590 3956 976 4025; x_wconf 79' lang='lat' dir='ltr'><strong>intelligetis....</strong></span> <span class='ocrx_word' id='word_1_522' title='bbox 1007 3956 1188 4011; x_wconf 77' lang='lat' dir='ltr'><strong>PoteSt</strong></span> <span class='ocrx_word' id='word_1_523' title='bbox 1214 3956 1356 4010; x_wconf 89' lang='lat' dir='ltr'><strong>enim</strong></span> <span class='ocrx_word' id='word_1_524' title='bbox 1387 3958 1437 4010; x_wconf 93' lang='lat' dir='ltr'><strong>in</strong></span> <span class='ocrx_word' id='word_1_525' title='bbox 1484 3960 1667 4012; x_wconf 90' lang='lat' dir='ltr'><strong>animo</strong></span> <span class='ocrx_word' id='word_1_526' title='bbox 1696 3956 2013 4026; x_wconf 89' lang='lat' dir='ltr'><strong>cujusquam</strong></span> 
     </span>
    </p>
   </div>
   <div class='ocr_carea' id='block_1_70' title="bbox 454 4026 2022 4095">
    <p class='ocr_par' dir='ltr' id='par_1_70' title="bbox 454 4026 2022 4095">
     <span class='ocr_line' id='line_1_70' title="bbox 454 4026 2022 4095; baseline 0 -13"><span class='ocrx_word' id='word_1_527' title='bbox 454 4028 706 4095; x_wconf 88' lang='lat' dir='ltr'><strong>cogitatio</strong></span> <span class='ocrx_word' id='word_1_528' title='bbox 734 4026 852 4079; x_wconf 79' lang='lat' dir='ltr'><strong>lnliS</strong></span> <span class='ocrx_word' id='word_1_529' title='bbox 890 4027 1189 4082; x_wconf 79' lang='lat' dir='ltr'><strong>suboriri...</strong></span> <span class='ocrx_word' id='word_1_530' title='bbox 1228 4027 1497 4093; x_wconf 88' lang='lat' dir='ltr'><strong>quomodo</strong></span> <span class='ocrx_word' id='word_1_531' title='bbox 1521 4038 1603 4081; x_wconf 90' lang='lat' dir='ltr'><strong>est</strong></span> <span class='ocrx_word' id='word_1_532' title='bbox 1632 4029 1783 4095; x_wconf 89' lang='lat' dir='ltr'><strong>panis</strong></span> <span class='ocrx_word' id='word_1_533' title='bbox 1825 4043 2022 4095; x_wconf 87' lang='lat' dir='ltr'><strong>corpus</strong></span> 
     </span>
    </p>
   </div>
   <div class='ocr_carea' id='block_1_71' title="bbox 453 4096 2014 4166">
    <p class='ocr_par' dir='ltr' id='par_1_71' title="bbox 453 4096 2014 4166">
     <span class='ocr_line' id='line_1_71' title="bbox 453 4096 2014 4166; baseline 0 -15"><span class='ocrx_word' id='word_1_534' title='bbox 453 4098 607 4163; x_wconf 84' lang='lat' dir='ltr'><strong>ejus?</strong></span> <span class='ocrx_word' id='word_1_535' title='bbox 631 4108 684 4148; x_wconf 92' lang='lat' dir='ltr'><strong>et</strong></span> <span class='ocrx_word' id='word_1_536' title='bbox 713 4096 874 4166; x_wconf 67' lang='lat' dir='ltr'><strong>culis,</strong></span> <span class='ocrx_word' id='word_1_537' title='bbox 896 4096 996 4166; x_wconf 26' lang='lat' dir='ltr'><strong>Avel</strong></span> <span class='ocrx_word' id='word_1_538' title='bbox 1034 4099 1173 4163; x_wconf 90' lang='lat' dir='ltr'><strong>quod</strong></span> <span class='ocrx_word' id='word_1_539' title='bbox 1219 4098 1379 4149; x_wconf 88' lang='lat' dir='ltr'><strong>habet</strong></span> <span class='ocrx_word' id='word_1_540' title='bbox 1418 4096 1580 4163; x_wconf 77' lang='lat' dir='ltr'><strong>calix,</strong></span> <span class='ocrx_word' id='word_1_541' title='bbox 1623 4098 1895 4166; x_wconf 87' lang='lat' dir='ltr'><strong>quomodo</strong></span> <span class='ocrx_word' id='word_1_542' title='bbox 1927 4107 2014 4151; x_wconf 90' lang='lat' dir='ltr'><strong>est</strong></span> 
     </span>
    </p>
   </div>
   <div class='ocr_carea' id='block_1_72' title="bbox 452 4164 2015 4237">
    <p class='ocr_par' dir='ltr' id='par_1_72' title="bbox 452 4164 2015 4237">
     <span class='ocr_line' id='line_1_72' title="bbox 452 4164 2015 4237; baseline -0.001 -16"><span class='ocrx_word' id='word_1_543' title='bbox 452 4166 674 4237; x_wconf 81' lang='lat' dir='ltr'><strong>sanguis</strong></span> <span class='ocrx_word' id='word_1_544' title='bbox 704 4164 854 4237; x_wconf 85' lang='lat' dir='ltr'><strong>ejus?</strong></span> <span class='ocrx_word' id='word_1_545' title='bbox 895 4164 1031 4237; x_wconf 81' lang='lat' dir='ltr'><strong>Ista,</strong></span> <span class='ocrx_word' id='word_1_546' title='bbox 1084 4166 1295 4237; x_wconf 65' lang='lat' dir='ltr'><strong>fratres,</strong></span> <span class='ocrx_word' id='word_1_547' title='bbox 1351 4166 1473 4220; x_wconf 84' lang='lat' dir='ltr'><strong>ideo</strong></span> <span class='ocrx_word' id='word_1_548' title='bbox 1528 4164 2015 4237; x_wconf 22' lang='lat' dir='ltr'><strong>dicunturﬂsac’ra-</strong></span> 
     </span>
    </p>
   </div>
   <div class='ocr_carea' id='block_1_73' title="bbox 456 4235 2012 4305">
    <p class='ocr_par' dir='ltr' id='par_1_73' title="bbox 456 4235 2012 4305">
     <span class='ocr_line' id='line_1_73' title="bbox 456 4235 2012 4305; baseline 0.002 -18"><span class='ocrx_word' id='word_1_549' title='bbox 456 4235 655 4297; x_wconf 77' lang='lat' dir='ltr'><strong>merita,</strong></span> <span class='ocrx_word' id='word_1_550' title='bbox 698 4236 818 4302; x_wconf 83' lang='lat' dir='ltr'><strong>quia</strong></span> <span class='ocrx_word' id='word_1_551' title='bbox 863 4238 912 4289; x_wconf 90' lang='lat' dir='ltr'><strong>in</strong></span> <span class='ocrx_word' id='word_1_552' title='bbox 942 4236 1021 4288; x_wconf 84' lang='lat' dir='ltr'><strong>eis</strong></span> <span class='ocrx_word' id='word_1_553' title='bbox 1052 4235 1192 4290; x_wconf 88' lang='lat' dir='ltr'><strong>aliud</strong></span> <span class='ocrx_word' id='word_1_554' title='bbox 1231 4237 1460 4300; x_wconf 89' lang='lat' dir='ltr'><strong>videtur,</strong></span> <span class='ocrx_word' id='word_1_555' title='bbox 1494 4237 1633 4289; x_wconf 88' lang='lat' dir='ltr'><strong>aliud</strong></span> <span class='ocrx_word' id='word_1_556' title='bbox 1681 4236 2012 4305; x_wconf 84' lang='lat' dir='ltr'><strong>intelligitur.</strong></span> 
     </span>
    </p>
   </div>
   <div class='ocr_carea' id='block_1_74' title="bbox 455 4305 2015 4376">
    <p class='ocr_par' dir='ltr' id='par_1_74' title="bbox 455 4305 2015 4376">
     <span class='ocr_line' id='line_1_74' title="bbox 455 4305 2015 4376; baseline 0.001 -17"><span class='ocrx_word' id='word_1_557' title='bbox 455 4307 606 4373; x_wconf 89' lang='lat' dir='ltr'><strong>Quod</strong></span> <span class='ocrx_word' id='word_1_558' title='bbox 648 4306 878 4376; x_wconf 75' lang='lat' dir='ltr'><strong>videtur,</strong></span> <span class='ocrx_word' id='word_1_559' title='bbox 935 4305 1169 4374; x_wconf 84' lang='lat' dir='ltr'><strong>speciem</strong></span> <span class='ocrx_word' id='word_1_560' title='bbox 1232 4306 1393 4359; x_wconf 86' lang='lat' dir='ltr'><strong>habet</strong></span> <span class='ocrx_word' id='word_1_561' title='bbox 1459 4306 1792 4376; x_wconf 83' lang='lat' dir='ltr'><strong>corporalem</strong></span> <span class='ocrx_word' id='word_1_562' title='bbox 1828 4323 1841 4360; x_wconf 92' lang='lat'><strong>:</strong></span> <span class='ocrx_word' id='word_1_563' title='bbox 1874 4307 2015 4372; x_wconf 80' lang='lat' dir='ltr'><strong>quad</strong></span> 
     </span>
    </p>
   </div>
   <div class='ocr_carea' id='block_1_75' title="bbox 457 4374 2018 4446">
    <p class='ocr_par' dir='ltr' id='par_1_75' title="bbox 457 4374 2018 4446">
     <span class='ocr_line' id='line_1_75' title="bbox 457 4374 2018 4446; baseline 0 -16"><span class='ocrx_word' id='word_1_564' title='bbox 457 4376 793 4446; x_wconf 80' lang='lat' dir='ltr'><strong>intelligitur,</strong></span> <span class='ocrx_word' id='word_1_565' title='bbox 822 4374 1053 4446; x_wconf 85' lang='lat' dir='ltr'><strong>fructum</strong></span> <span class='ocrx_word' id='word_1_566' title='bbox 1089 4376 1254 4429; x_wconf 89' lang='lat' dir='ltr'><strong>habet</strong></span> <span class='ocrx_word' id='word_1_567' title='bbox 1285 4374 1607 4443; x_wconf 87' lang='lat' dir='ltr'><strong>spiritalem.</strong></span> <span class='ocrx_word' id='word_1_568' title='bbox 1637 4377 1846 4445; x_wconf 89' lang='lat' dir='ltr'><strong>Corpus</strong></span> <span class='ocrx_word' id='word_1_569' title='bbox 1887 4390 2018 4446; x_wconf 87' lang='lat' dir='ltr'><strong>ergo</strong></span> 
     </span>
    </p>
   </div>
   <div class='ocr_carea' id='block_1_76' title="bbox 452 4444 2014 4513">
    <p class='ocr_par' dir='ltr' id='par_1_76' title="bbox 452 4444 2014 4513">
     <span class='ocr_line' id='line_1_76' title="bbox 452 4444 2014 4513; baseline -0.001 -13"><span class='ocrx_word' id='word_1_570' title='bbox 452 4444 651 4500; x_wconf 87' lang='lat' dir='ltr'><strong>Christi</strong></span> <span class='ocrx_word' id='word_1_571' title='bbox 690 4445 733 4498; x_wconf 90' lang='lat' dir='ltr'><strong>si</strong></span> <span class='ocrx_word' id='word_1_572' title='bbox 768 4446 843 4497; x_wconf 74' lang='lat' dir='ltr'><strong>vis</strong></span> <span class='ocrx_word' id='word_1_573' title='bbox 888 4444 1204 4511; x_wconf 79' lang='lat' dir='ltr'><strong>intelligere,</strong></span> <span class='ocrx_word' id='word_1_574' title='bbox 1247 4446 1556 4513; x_wconf 85' lang='lat' dir='ltr'><strong>Apostolnm</strong></span> <span class='ocrx_word' id='word_1_575' title='bbox 1587 4448 1709 4500; x_wconf 88' lang='lat' dir='ltr'><strong>audi</strong></span> <span class='ocrx_word' id='word_1_576' title='bbox 1750 4444 2014 4499; x_wconf 74' lang='lat' dir='ltr'><strong>dicentem</strong></span> 
     </span>
    </p>
   </div>
   <div class='ocr_carea' id='block_1_77' title="bbox 456 4513 2017 4583">
    <p class='ocr_par' dir='ltr' id='par_1_77' title="bbox 456 4513 2017 4583">
     <span class='ocr_line' id='line_1_77' title="bbox 456 4513 2017 4583; baseline 0 -14"><span class='ocrx_word' id='word_1_577' title='bbox 456 4516 699 4569; x_wconf 81' lang='lat' dir='ltr'><strong>ﬁdelibus</strong></span> <span class='ocrx_word' id='word_1_578' title='bbox 734 4531 748 4567; x_wconf 94' lang='lat'><strong>:</strong></span> <span class='ocrx_word' id='word_1_579' title='bbox 787 4513 889 4567; x_wconf 86' lang='lat' dir='ltr'><strong>Vos</strong></span> <span class='ocrx_word' id='word_1_580' title='bbox 926 4526 1099 4567; x_wconf 88' lang='lat' dir='ltr'><strong>autem</strong></span> <span class='ocrx_word' id='word_1_581' title='bbox 1124 4518 1242 4568; x_wconf 85' lang='lat' dir='ltr'><strong>estis</strong></span> <span class='ocrx_word' id='word_1_582' title='bbox 1272 4532 1459 4583; x_wconf 88' lang='lat' dir='ltr'><strong>corpus</strong></span> <span class='ocrx_word' id='word_1_583' title='bbox 1488 4515 1682 4575; x_wconf 79' lang='lat' dir='ltr'><strong>Christi</strong></span> <span class='ocrx_word' id='word_1_584' title='bbox 1711 4524 1758 4569; x_wconf 89' lang='lat' dir='ltr'><strong>et</strong></span> <span class='ocrx_word' id='word_1_585' title='bbox 1788 4516 2017 4569; x_wconf 84' lang='lat' dir='ltr'><strong>membra</strong></span> 
     </span>
    </p>
   </div>
   <div class='ocr_carea' id='block_1_78' title="bbox 456 4583 2025 4654">
    <p class='ocr_par' dir='ltr' id='par_1_78' title="bbox 456 4583 2025 4654">
     <span class='ocr_line' id='line_1_78' title="bbox 456 4583 2025 4654; baseline 0.001 -16"><span class='ocrx_word' id='word_1_586' title='bbox 456 4585 507 4654; x_wconf 92' lang='lat' dir='ltr'><strong>(I</strong></span> <span class='ocrx_word' id='word_1_587' title='bbox 535 4586 658 4638; x_wconf 88' lang='lat' dir='ltr'><strong>Cor.</strong></span> <span class='ocrx_word' id='word_1_588' title='bbox 693 4601 791 4649; x_wconf 70' lang='grc' dir='ltr'>χιι,</span> <span class='ocrx_word' id='word_1_589' title='bbox 825 4583 950 4654; x_wconf 75' lang='grc'><strong>27).</strong></span> <span class='ocrx_word' id='word_1_590' title='bbox 981 4584 1038 4639; x_wconf 89' lang='lat' dir='ltr'><strong>Si</strong></span> <span class='ocrx_word' id='word_1_591' title='bbox 1067 4600 1195 4651; x_wconf 85' lang='lat' dir='ltr'><strong>ergo</strong></span> <span class='ocrx_word' id='word_1_592' title='bbox 1231 4601 1320 4639; x_wconf 77' lang='lat' dir='ltr'><strong>vos</strong></span> <span class='ocrx_word' id='word_1_593' title='bbox 1341 4588 1471 4639; x_wconf 91' lang='lat' dir='ltr'><strong>estis</strong></span> <span class='ocrx_word' id='word_1_594' title='bbox 1497 4601 1692 4654; x_wconf 85' lang='lat' dir='ltr'><strong>corpus</strong></span> <span class='ocrx_word' id='word_1_595' title='bbox 1728 4585 1929 4639; x_wconf 84' lang='lat' dir='ltr'><strong>Christi</strong></span> <span class='ocrx_word' id='word_1_596' title='bbox 1969 4594 2025 4640; x_wconf 88' lang='lat' dir='ltr'><strong>et</strong></span> 
     </span>
    </p>
   </div>
   <div class='ocr_carea' id='block_1_79' title="bbox 455 4654 2026 4723">
    <p class='ocr_par' dir='ltr' id='par_1_79' title="bbox 455 4654 2026 4723">
     <span class='ocr_line' id='line_1_79' title="bbox 455 4654 2026 4723; baseline 0.001 -15"><span class='ocrx_word' id='word_1_597' title='bbox 455 4657 718 4718; x_wconf 89' lang='lat' dir='ltr'><strong>membra,</strong></span> <span class='ocrx_word' id='word_1_598' title='bbox 774 4656 1088 4723; x_wconf 72' lang='lat' dir='ltr'><strong>mysterium</strong></span> <span class='ocrx_word' id='word_1_599' title='bbox 1141 4665 1376 4708; x_wconf 84' lang='lat' dir='ltr'><strong>vestrum</strong></span> <span class='ocrx_word' id='word_1_600' title='bbox 1419 4657 1470 4708; x_wconf 92' lang='lat' dir='ltr'><strong>in</strong></span> <span class='ocrx_word' id='word_1_601' title='bbox 1520 4671 1704 4710; x_wconf 89' lang='lat' dir='ltr'><strong>mensa</strong></span> <span class='ocrx_word' id='word_1_602' title='bbox 1747 4654 2026 4711; x_wconf 84' lang='lat' dir='ltr'><strong>Dominica</strong></span> 
     </span>
    </p>
   </div>
   <div class='ocr_carea' id='block_1_80' title="bbox 455 4726 2024 4794">
    <p class='ocr_par' dir='ltr' id='par_1_80' title="bbox 455 4726 2024 4794">
     <span class='ocr_line' id='line_1_80' title="bbox 455 4726 2024 4794; baseline 0.003 -19"><span class='ocrx_word' id='word_1_603' title='bbox 455 4726 689 4792; x_wconf 84' lang='lat' dir='ltr'><strong>positum</strong></span> <span class='ocrx_word' id='word_1_604' title='bbox 731 4734 855 4778; x_wconf 89' lang='lat' dir='ltr'><strong>est:</strong></span> <span class='ocrx_word' id='word_1_605' title='bbox 895 4726 1209 4793; x_wconf 66' lang='lat' dir='ltr'><strong>mysterium</strong></span> <span class='ocrx_word' id='word_1_606' title='bbox 1252 4733 1488 4778; x_wconf 85' lang='lat' dir='ltr'><strong>vestrum</strong></span> <span class='ocrx_word' id='word_1_607' title='bbox 1541 4726 1805 4794; x_wconf 87' lang='lat' dir='ltr'><strong>accipitis.</strong></span> <span class='ocrx_word' id='word_1_608' title='bbox 1848 4726 1930 4779; x_wconf 84' lang='lat' dir='ltr'><strong>Ad</strong></span> <span class='ocrx_word' id='word_1_609' title='bbox 1974 4727 2024 4779; x_wconf 90' lang='lat' dir='ltr'><strong>id</strong></span> 
     </span>
    </p>
   </div>
   <div class='ocr_carea' id='block_1_81' title="bbox 452 4794 2020 4863">
    <p class='ocr_par' dir='ltr' id='par_1_81' title="bbox 452 4794 2020 4863">
     <span class='ocr_line' id='line_1_81' title="bbox 452 4794 2020 4863; baseline 0.004 -21"><span class='ocrx_word' id='word_1_610' title='bbox 452 4797 594 4861; x_wconf 84' lang='lat' dir='ltr'><strong>quod</strong></span> <span class='ocrx_word' id='word_1_611' title='bbox 616 4795 768 4858; x_wconf 88' lang='lat' dir='ltr'><strong>estis,</strong></span> <span class='ocrx_word' id='word_1_612' title='bbox 799 4796 967 4847; x_wconf 82' lang='lat' dir='ltr'><strong>Amen</strong></span> <span class='ocrx_word' id='word_1_613' title='bbox 999 4794 1366 4863; x_wconf 85' lang='lat' dir='ltr'><strong>respondctis,</strong></span> <span class='ocrx_word' id='word_1_614' title='bbox 1398 4803 1451 4847; x_wconf 92' lang='lat' dir='ltr'><strong>et</strong></span> <span class='ocrx_word' id='word_1_615' title='bbox 1484 4794 1856 4861; x_wconf 86' lang='lat' dir='ltr'><strong>respondendo</strong></span> <span class='ocrx_word' id='word_1_616' title='bbox 1888 4799 2020 4848; x_wconf 86' lang='lat' dir='ltr'><strong>sub-</strong></span> 
     </span>
    </p>
   </div>
   <div class='ocr_carea' id='block_1_82' title="bbox 454 4863 2023 4932">
    <p class='ocr_par' dir='ltr' id='par_1_82' title="bbox 454 4863 2023 4932">
     <span class='ocr_line' id='line_1_82' title="bbox 454 4863 2023 4932; baseline 0.001 -17"><span class='ocrx_word' id='word_1_617' title='bbox 454 4863 711 4915; x_wconf 84' lang='lat' dir='ltr'><strong>scribitis.</strong></span> <span class='ocrx_word' id='word_1_618' title='bbox 747 4865 917 4918; x_wconf 80' lang='lat' dir='ltr'><strong>Audis</strong></span> <span class='ocrx_word' id='word_1_619' title='bbox 968 4863 1141 4932; x_wconf 67' lang='lat' dir='ltr'><strong>enim},</strong></span> <span class='ocrx_word' id='word_1_620' title='bbox 1192 4879 1388 4930; x_wconf 91' lang='lat' dir='ltr'><strong>corpus</strong></span> <span class='ocrx_word' id='word_1_621' title='bbox 1432 4864 1666 4932; x_wconf 84' lang='lat' dir='ltr'><strong>Christi;</strong></span> <span class='ocrx_word' id='word_1_622' title='bbox 1706 4874 1760 4917; x_wconf 91' lang='lat' dir='ltr'><strong>et</strong></span> <span class='ocrx_word' id='word_1_623' title='bbox 1802 4880 2023 4932; x_wconf 88' lang='lat' dir='ltr'><strong>respon-</strong></span> 
     </span>
    </p>
   </div>
   <div class='ocr_carea' id='block_1_83' title="bbox 454 4932 2026 5002">
    <p class='ocr_par' dir='ltr' id='par_1_83' title="bbox 454 4932 2026 5002">
     <span class='ocr_line' id='line_1_83' title="bbox 454 4932 2026 5002; baseline 0.003 -20"><span class='ocrx_word' id='word_1_624' title='bbox 454 4933 568 4993; x_wconf 88' lang='lat' dir='ltr'><strong>des,</strong></span> <span class='ocrx_word' id='word_1_625' title='bbox 599 4932 792 4987; x_wconf 82' lang='lat' dir='ltr'><strong>Amen.</strong></span> <span class='ocrx_word' id='word_1_626' title='bbox 848 4934 1322 5002; x_wconf 17' lang='lat' dir='ltr'><strong>Estoimembrum</strong></span> <span class='ocrx_word' id='word_1_627' title='bbox 1371 4936 1615 5002; x_wconf 89' lang='lat' dir='ltr'><strong>corporis</strong></span> <span class='ocrx_word' id='word_1_628' title='bbox 1673 4934 1902 4995; x_wconf 88' lang='lat' dir='ltr'><strong>Christi,</strong></span> <span class='ocrx_word' id='word_1_629' title='bbox 1968 4944 2026 4987; x_wconf 91' lang='lat' dir='ltr'><strong>ut</strong></span> 
     </span>
    </p>
   </div>
   <div class='ocr_carea' id='block_1_84' title="bbox 455 5001 2025 5072">
    <p class='ocr_par' dir='ltr' id='par_1_84' title="bbox 455 5001 2025 5072">
     <span class='ocr_line' id='line_1_84' title="bbox 455 5001 2025 5072; baseline 0.004 -22"><span class='ocrx_word' id='word_1_630' title='bbox 455 5014 643 5052; x_wconf 88' lang='lat' dir='ltr'><strong>vermn</strong></span> <span class='ocrx_word' id='word_1_631' title='bbox 667 5002 745 5072; x_wconf 72' lang='lat' dir='ltr'><strong>sit</strong></span> <span class='ocrx_word' id='word_1_632' title='bbox 770 5018 946 5055; x_wconf 81' lang='lat' dir='ltr'><strong>amen.</strong></span> <span class='ocrx_word' id='word_1_633' title='bbox 980 5001 1157 5067; x_wconf 85' lang='lat' dir='ltr'><strong>Quare</strong></span> <span class='ocrx_word' id='word_1_634' title='bbox 1192 5018 1321 5072; x_wconf 91' lang='lat' dir='ltr'><strong>ergo</strong></span> <span class='ocrx_word' id='word_1_635' title='bbox 1350 5004 1402 5057; x_wconf 93' lang='lat' dir='ltr'><strong>in</strong></span> <span class='ocrx_word' id='word_1_636' title='bbox 1438 5001 1614 5072; x_wconf 78' lang='lat' dir='ltr'><strong>pane?</strong></span> <span class='ocrx_word' id='word_1_637' title='bbox 1660 5004 1802 5057; x_wconf 84' lang='lat' dir='ltr'><strong>Nihil</strong></span> <span class='ocrx_word' id='word_1_638' title='bbox 1841 5004 1930 5057; x_wconf 86' lang='lat' dir='ltr'><strong>hic</strong></span> <span class='ocrx_word' id='word_1_639' title='bbox 1957 5004 2025 5057; x_wconf 91' lang='lat' dir='ltr'><strong>de</strong></span> 
     </span>
    </p>
   </div>
   <div class='ocr_carea' id='block_1_85' title="bbox 456 5070 2025 5142">
    <p class='ocr_par' dir='ltr' id='par_1_85' title="bbox 456 5070 2025 5142">
     <span class='ocr_line' id='line_1_85' title="bbox 456 5070 2025 5142; baseline 0.001 -20"><span class='ocrx_word' id='word_1_640' title='bbox 456 5080 642 5142; x_wconf 89' lang='lat' dir='ltr'><strong>nostro</strong></span> <span class='ocrx_word' id='word_1_641' title='bbox 671 5070 961 5142; x_wconf 83' lang='lat' dir='ltr'><strong>all&#39;eramus</strong></span> <span class='ocrx_word' id='word_1_642' title='bbox 992 5091 1005 5125; x_wconf 91' lang='lat'><strong>:</strong></span> <span class='ocrx_word' id='word_1_643' title='bbox 1040 5072 1210 5140; x_wconf 88' lang='lat' dir='ltr'><strong>ipsutn</strong></span> <span class='ocrx_word' id='word_1_644' title='bbox 1258 5070 1575 5142; x_wconf 65' lang='lat' dir='ltr'><strong>Apostolutn</strong></span> <span class='ocrx_word' id='word_1_645' title='bbox 1607 5074 1898 5127; x_wconf 88' lang='lat' dir='ltr'><strong>identidem</strong></span> <span class='ocrx_word' id='word_1_646' title='bbox 1928 5088 2025 5126; x_wconf 54' lang='lat' dir='ltr'><strong>an,</strong></span> 
     </span>
    </p>
   </div>
   <div class='ocr_carea' id='block_1_86' title="bbox 455 5141 2021 5211">
    <p class='ocr_par' dir='ltr' id='par_1_86' title="bbox 455 5141 2021 5211">
     <span class='ocr_line' id='line_1_86' title="bbox 455 5141 2021 5211; baseline 0.003 -20"><span class='ocrx_word' id='word_1_647' title='bbox 455 5141 690 5211; x_wconf 79' lang='lat' dir='ltr'><strong>diamus,</strong></span> <span class='ocrx_word' id='word_1_648' title='bbox 734 5141 823 5207; x_wconf 91' lang='lat' dir='ltr'><strong>qui</strong></span> <span class='ocrx_word' id='word_1_649' title='bbox 876 5156 998 5192; x_wconf 75' lang='lat' dir='ltr'><strong>cunt</strong></span> <span class='ocrx_word' id='word_1_650' title='bbox 1052 5144 1116 5193; x_wconf 88' lang='lat' dir='ltr'><strong>de</strong></span> <span class='ocrx_word' id='word_1_651' title='bbox 1164 5143 1264 5194; x_wconf 88' lang='lat' dir='ltr'><strong>isto</strong></span> <span class='ocrx_word' id='word_1_652' title='bbox 1302 5141 1645 5196; x_wconf 75' lang='lat' dir='ltr'><strong>Sacrameuto</strong></span> <span class='ocrx_word' id='word_1_653' title='bbox 1692 5144 2021 5211; x_wconf 85' lang='lat' dir='ltr'><strong>loqueretur,</strong></span> 
     </span>
    </p>
   </div>
   <div class='ocr_carea' id='block_1_87' title="bbox 453 5207 2019 5278">
    <p class='ocr_par' dir='ltr' id='par_1_87' title="bbox 453 5207 2019 5278">
     <span class='ocr_line' id='line_1_87' title="bbox 453 5207 2019 5278; baseline 0.005 -18"><span class='ocrx_word' id='word_1_654' title='bbox 453 5212 527 5261; x_wconf 83' lang='lat' dir='ltr'><strong>ait</strong></span> <span class='ocrx_word' id='word_1_655' title='bbox 555 5222 569 5260; x_wconf 91' lang='lat'><strong>:</strong></span> <span class='ocrx_word' id='word_1_656' title='bbox 606 5207 753 5261; x_wconf 87' lang='lat' dir='ltr'><strong>Unus</strong></span> <span class='ocrx_word' id='word_1_657' title='bbox 794 5211 971 5276; x_wconf 83' lang='lat' dir='ltr'><strong>panis,</strong></span> <span class='ocrx_word' id='word_1_658' title='bbox 998 5226 1157 5262; x_wconf 83' lang='lat' dir='ltr'><strong>unum</strong></span> <span class='ocrx_word' id='word_1_659' title='bbox 1184 5227 1370 5277; x_wconf 83' lang='lat' dir='ltr'><strong>corpus</strong></span> <span class='ocrx_word' id='word_1_660' title='bbox 1415 5212 1564 5265; x_wconf 83' lang='lat' dir='ltr'><strong>multi</strong></span> <span class='ocrx_word' id='word_1_661' title='bbox 1594 5207 1775 5266; x_wconf 71' lang='lat' dir='ltr'><strong>sumus</strong></span> <span class='ocrx_word' id='word_1_662' title='bbox 1804 5210 1857 5278; x_wconf 71' lang='lat' dir='ltr'><strong>tl</strong></span> <span class='ocrx_word' id='word_1_663' title='bbox 1896 5213 2019 5268; x_wconf 82' lang='lat' dir='ltr'><strong>Cor.</strong></span> 
     </span>
    </p>
   </div>
   <div class='ocr_carea' id='block_1_88' title="bbox 454 5279 2019 5349">
    <p class='ocr_par' dir='ltr' id='par_1_88' title="bbox 454 5279 2019 5349">
     <span class='ocr_line' id='line_1_88' title="bbox 454 5279 2019 5349; baseline 0.005 -20"><span class='ocrx_word' id='word_1_664' title='bbox 454 5292 510 5340; x_wconf 73' lang='grc' dir='ltr'><strong>ι,</strong></span> <span class='ocrx_word' id='word_1_665' title='bbox 558 5279 701 5349; x_wconf 81' lang='grc'><strong>17);</strong></span> <span class='ocrx_word' id='word_1_666' title='bbox 752 5279 1060 5349; x_wconf 84' lang='lat' dir='ltr'><strong>intelligite_</strong></span> <span class='ocrx_word' id='word_1_667' title='bbox 1097 5290 1150 5332; x_wconf 88' lang='lat' dir='ltr'><strong>et</strong></span> <span class='ocrx_word' id='word_1_668' title='bbox 1195 5285 1455 5348; x_wconf 85' lang='lat' dir='ltr'><strong>gaudete;</strong></span> <span class='ocrx_word' id='word_1_669' title='bbox 1517 5284 1730 5348; x_wconf 88' lang='lat' dir='ltr'><strong>unitas,</strong></span> <span class='ocrx_word' id='word_1_670' title='bbox 1790 5284 2019 5349; x_wconf 89' lang='lat' dir='ltr'><strong>veritas,</strong></span> 
     </span>
    </p>
   </div>
   <div class='ocr_carea' id='block_1_89' title="bbox 454 5347 2021 5418">
    <p class='ocr_par' dir='ltr' id='par_1_89' title="bbox 454 5347 2021 5418">
     <span class='ocr_line' id='line_1_89' title="bbox 454 5347 2021 5418; baseline 0.005 -19"><span class='ocrx_word' id='word_1_671' title='bbox 454 5347 661 5415; x_wconf 81' lang='lat' dir='ltr'><strong>pietas,</strong></span> <span class='ocrx_word' id='word_1_672' title='bbox 693 5347 961 5418; x_wconf 16' lang='lat' dir='ltr'><strong>Wcharitas’.</strong></span> <span class='ocrx_word' id='word_1_673' title='bbox 1020 5347 1167 5402; x_wconf 87' lang='lat' dir='ltr'><strong>Unus</strong></span> <span class='ocrx_word' id='word_1_674' title='bbox 1200 5347 1351 5417; x_wconf 76' lang='lat' dir='ltr'><strong>panis</strong></span> <span class='ocrx_word' id='word_1_675' title='bbox 1387 5369 1399 5405; x_wconf 90' lang='lat'><strong>:</strong></span> <span class='ocrx_word' id='word_1_676' title='bbox 1435 5347 1557 5418; x_wconf 76' lang='lat' dir='ltr'><strong>Quis</strong></span> <span class='ocrx_word' id='word_1_677' title='bbox 1606 5362 1690 5407; x_wconf 81' lang='lat' dir='ltr'><strong>est.</strong></span> <span class='ocrx_word' id='word_1_678' title='bbox 1741 5353 1841 5406; x_wconf 90' lang='lat' dir='ltr'><strong>iste</strong></span> <span class='ocrx_word' id='word_1_679' title='bbox 1883 5347 2021 5407; x_wconf 83' lang='lat' dir='ltr'><strong>unus</strong></span> 
     </span>
    </p>
   </div>
   <div class='ocr_carea' id='block_1_90' title="bbox 456 5417 2020 5489">
    <p class='ocr_par' dir='ltr' id='par_1_90' title="bbox 456 5417 2020 5489">
     <span class='ocr_line' id='line_1_90' title="bbox 456 5417 2020 5489; baseline 0.003 -19"><span class='ocrx_word' id='word_1_680' title='bbox 456 5419 656 5489; x_wconf 82' lang='lat' dir='ltr'><strong>panis?</strong></span> <span class='ocrx_word' id='word_1_681' title='bbox 690 5417 862 5472; x_wconf 90' lang='lat' dir='ltr'><strong>Unum</strong></span> <span class='ocrx_word' id='word_1_682' title='bbox 887 5433 1081 5485; x_wconf 90' lang='lat' dir='ltr'><strong>corpus</strong></span> <span class='ocrx_word' id='word_1_683' title='bbox 1114 5420 1286 5471; x_wconf 86' lang='lat' dir='ltr'><strong>multi.</strong></span> <span class='ocrx_word' id='word_1_684' title='bbox 1318 5417 1559 5473; x_wconf 78' lang='lat' dir='ltr'><strong>Recome</strong></span> <span class='ocrx_word' id='word_1_685' title='bbox 1586 5423 1707 5489; x_wconf 88' lang='lat' dir='ltr'><strong>quia</strong></span> <span class='ocrx_word' id='word_1_686' title='bbox 1739 5421 1893 5489; x_wconf 86' lang='lat' dir='ltr'><strong>panis</strong></span> <span class='ocrx_word' id='word_1_687' title='bbox 1915 5437 2020 5475; x_wconf 91' lang='lat' dir='ltr'><strong>non</strong></span> 
     </span>
    </p>
   </div>
   <div class='ocr_carea' id='block_1_91' title="bbox 456 5488 2022 5555">
    <p class='ocr_par' dir='ltr' id='par_1_91' title="bbox 456 5488 2022 5555">
     <span class='ocr_line' id='line_1_91' title="bbox 456 5488 2022 5555; baseline 0.003 -15"><span class='ocrx_word' id='word_1_688' title='bbox 456 5488 527 5540; x_wconf 88' lang='lat' dir='ltr'><strong>sit</strong></span> <span class='ocrx_word' id='word_1_689' title='bbox 554 5488 618 5542; x_wconf 91' lang='lat' dir='ltr'><strong>de</strong></span> <span class='ocrx_word' id='word_1_690' title='bbox 657 5504 766 5541; x_wconf 91' lang='lat' dir='ltr'><strong>uno</strong></span> <span class='ocrx_word' id='word_1_691' title='bbox 794 5502 979 5553; x_wconf 80' lang='lat' dir='ltr'><strong>grano,</strong></span> <span class='ocrx_word' id='word_1_692' title='bbox 1015 5490 1107 5540; x_wconf 86' lang='lat' dir='ltr'><strong>sed</strong></span> <span class='ocrx_word' id='word_1_693' title='bbox 1139 5489 1204 5541; x_wconf 85' lang='lat' dir='ltr'><strong>de</strong></span> <span class='ocrx_word' id='word_1_694' title='bbox 1250 5491 1450 5547; x_wconf 89' lang='lat' dir='ltr'><strong>multis.</strong></span> <span class='ocrx_word' id='word_1_695' title='bbox 1481 5488 1707 5555; x_wconf 87' lang='lat' dir='ltr'><strong>Quando</strong></span> <span class='ocrx_word' id='word_1_696' title='bbox 1740 5488 2022 5545; x_wconf 82' lang='lat' dir='ltr'><strong>exorciza-</strong></span> 
     </span>
    </p>
   </div>
   <div class='ocr_carea' id='block_1_92' title="bbox 454 5557 2019 5629">
    <p class='ocr_par' dir='ltr' id='par_1_92' title="bbox 454 5557 2019 5629">
     <span class='ocr_line' id='line_1_92' title="bbox 454 5557 2019 5629; baseline 0.003 -19"><span class='ocrx_word' id='word_1_697' title='bbox 454 5557 676 5622; x_wconf 82' lang='lat' dir='ltr'><strong>bamini,</strong></span> <span class='ocrx_word' id='word_1_698' title='bbox 706 5559 858 5624; x_wconf 85' lang='lat' dir='ltr'><strong>quasi</strong></span> <span class='ocrx_word' id='word_1_699' title='bbox 898 5558 1267 5629; x_wconf 10' lang='lat' dir='ltr'><strong>imolebamini.</strong></span> <span class='ocrx_word' id='word_1_700' title='bbox 1315 5560 1539 5629; x_wconf 74' lang='lat' dir='ltr'><strong>Quando</strong></span> <span class='ocrx_word' id='word_1_701' title='bbox 1584 5562 1833 5629; x_wconf 85' lang='lat' dir='ltr'><strong>baptizati</strong></span> <span class='ocrx_word' id='word_1_702' title='bbox 1865 5564 2019 5623; x_wconf 84' lang='lat' dir='ltr'><strong>estis.</strong></span> 
     </span>
    </p>
   </div>
   <div class='ocr_carea' id='block_1_93' title="bbox 455 5627 2019 5699">
    <p class='ocr_par' dir='ltr' id='par_1_93' title="bbox 455 5627 2019 5699">
     <span class='ocr_line' id='line_1_93' title="bbox 455 5627 2019 5699; baseline 0.003 -20"><span class='ocrx_word' id='word_1_703' title='bbox 455 5629 610 5693; x_wconf 83' lang='lat' dir='ltr'><strong>quasi</strong></span> <span class='ocrx_word' id='word_1_704' title='bbox 630 5628 907 5699; x_wconf 85' lang='lat' dir='ltr'><strong>conspersi</strong></span> <span class='ocrx_word' id='word_1_705' title='bbox 934 5628 1084 5699; x_wconf 87' lang='lat' dir='ltr'><strong>estis.</strong></span> <span class='ocrx_word' id='word_1_706' title='bbox 1103 5627 1606 5699; x_wconf 9' lang='lat' dir='ltr'><strong>iQuandogSpiritus</strong></span> <span class='ocrx_word' id='word_1_707' title='bbox 1637 5627 1812 5684; x_wconf 83' lang='lat' dir='ltr'><strong>sancti</strong></span> <span class='ocrx_word' id='word_1_708' title='bbox 1841 5632 2019 5699; x_wconf 87' lang='lat' dir='ltr'><strong>ignem</strong></span> 
     </span>
    </p>
   </div>
   <div class='ocr_carea' id='block_1_94' title="bbox 456 5696 2020 5768">
    <p class='ocr_par' dir='ltr' id='par_1_94' title="bbox 456 5696 2020 5768">
     <span class='ocr_line' id='line_1_94' title="bbox 456 5696 2020 5768; baseline 0.004 -20"><span class='ocrx_word' id='word_1_709' title='bbox 456 5698 764 5768; x_wconf 80' lang='lat' dir='ltr'><strong>accepistis,</strong></span> <span class='ocrx_word' id='word_1_710' title='bbox 793 5696 944 5764; x_wconf 88' lang='lat' dir='ltr'><strong>quasi</strong></span> <span class='ocrx_word' id='word_1_711' title='bbox 979 5698 1296 5768; x_wconf 77' lang='lat' dir='ltr'><strong>coctiestis.</strong></span> <span class='ocrx_word' id='word_1_712' title='bbox 1329 5696 1516 5751; x_wconf 79' lang='lat' dir='ltr'><strong>Esiote</strong></span> <span class='ocrx_word' id='word_1_713' title='bbox 1541 5700 1684 5768; x_wconf 87' lang='lat' dir='ltr'><strong>quod</strong></span> <span class='ocrx_word' id='word_1_714' title='bbox 1720 5696 1936 5766; x_wconf 78' lang='lat' dir='ltr'><strong>videtis,</strong></span> <span class='ocrx_word' id='word_1_715' title='bbox 1965 5709 2020 5755; x_wconf 85' lang='lat' dir='ltr'><strong>et</strong></span> 
     </span>
    </p>
   </div>
   <div class='ocr_carea' id='block_1_95' title="bbox 456 5766 2015 5837">
    <p class='ocr_par' dir='ltr' id='par_1_95' title="bbox 456 5766 2015 5837">
     <span class='ocr_line' id='line_1_95' title="bbox 456 5766 2015 5837; baseline 0.005 -20"><span class='ocrx_word' id='word_1_716' title='bbox 456 5767 685 5837; x_wconf 79' lang='lat' dir='ltr'><strong>accipite</strong></span> <span class='ocrx_word' id='word_1_717' title='bbox 718 5768 857 5834; x_wconf 89' lang='lat' dir='ltr'><strong>quod</strong></span> <span class='ocrx_word' id='word_1_718' title='bbox 898 5766 1048 5819; x_wconf 88' lang='lat' dir='ltr'><strong>estis.</strong></span> <span class='ocrx_word' id='word_1_719' title='bbox 1091 5766 1200 5821; x_wconf 85' lang='lat' dir='ltr'><strong>Hoc</strong></span> <span class='ocrx_word' id='word_1_720' title='bbox 1226 5768 1512 5835; x_wconf 78' lang='lat' dir='ltr'><strong>Apostolus</strong></span> <span class='ocrx_word' id='word_1_721' title='bbox 1557 5766 1624 5822; x_wconf 83' lang='lat' dir='ltr'><strong>de</strong></span> <span class='ocrx_word' id='word_1_722' title='bbox 1658 5784 1794 5837; x_wconf 86' lang='lat' dir='ltr'><strong>pane</strong></span> <span class='ocrx_word' id='word_1_723' title='bbox 1841 5771 2015 5825; x_wconf 75' lang='lat' dir='ltr'><strong>dixit:</strong></span> 
     </span>
    </p>
   </div>
   <div class='ocr_carea' id='block_1_96' title="bbox 458 5832 2018 5909">
    <p class='ocr_par' dir='ltr' id='par_1_96' title="bbox 458 5832 2018 5909">
     <span class='ocr_line' id='line_1_96' title="bbox 458 5832 2018 5909; baseline 0.004 -21"><span class='ocrx_word' id='word_1_724' title='bbox 458 5832 591 5896; x_wconf 65' lang='lat' dir='ltr'><strong>.lanf</strong></span> <span class='ocrx_word' id='word_1_725' title='bbox 616 5838 683 5890; x_wconf 92' lang='lat' dir='ltr'><strong>de</strong></span> <span class='ocrx_word' id='word_1_726' title='bbox 707 5832 875 5901; x_wconf 76' lang='lat' dir='ltr'><strong>calice</strong></span> <span class='ocrx_word' id='word_1_727' title='bbox 909 5836 1034 5909; x_wconf 86' lang='lat' dir='ltr'><strong>quid</strong></span> <span class='ocrx_word' id='word_1_728' title='bbox 1070 5832 1487 5907; x_wconf 78' lang='lat' dir='ltr'><strong>intelligeremus</strong></span> <span class='ocrx_word' id='word_1_729' title='bbox 1507 5878 1521 5903; x_wconf 93' lang='lat'><strong>,</strong></span> <span class='ocrx_word' id='word_1_730' title='bbox 1553 5832 1714 5899; x_wconf 80' lang='lat' dir='ltr'><strong>etiain</strong></span> <span class='ocrx_word' id='word_1_731' title='bbox 1759 5856 1865 5900; x_wconf 89' lang='lat' dir='ltr'><strong>non</strong></span> <span class='ocrx_word' id='word_1_732' title='bbox 1931 5840 2018 5899; x_wconf 83' lang='lat' dir='ltr'><strong>di-</strong></span> 
     </span>
    </p>
   </div>
   <div class='ocr_carea' id='block_1_97' title="bbox 2130 3526 3700 3607">
    <p class='ocr_par' dir='ltr' id='par_1_97' title="bbox 2130 3526 3700 3607">
     <span class='ocr_line' id='line_1_97' title="bbox 2130 3526 3700 3607; baseline -0.004 -14"><span class='ocrx_word' id='word_1_733' title='bbox 2130 3549 2298 3607; x_wconf 86' lang='lat' dir='ltr'><strong>ctum,</strong></span> <span class='ocrx_word' id='word_1_734' title='bbox 2325 3538 2460 3594; x_wconf 89' lang='lat' dir='ltr'><strong>satis</strong></span> <span class='ocrx_word' id='word_1_735' title='bbox 2483 3536 2738 3592; x_wconf 87' lang='lat' dir='ltr'><strong>ostendit.</strong></span> <span class='ocrx_word' id='word_1_736' title='bbox 2770 3530 2916 3590; x_wconf 89' lang='lat' dir='ltr'><strong>Sicut</strong></span> <span class='ocrx_word' id='word_1_737' title='bbox 2942 3530 3096 3607; x_wconf 52' lang='lat' dir='ltr'><strong>{enim</strong></span> <span class='ocrx_word' id='word_1_738' title='bbox 3129 3539 3187 3589; x_wconf 77' lang='lat' dir='ltr'><strong>ut.</strong></span> <span class='ocrx_word' id='word_1_739' title='bbox 3220 3528 3290 3590; x_wconf 82' lang='lat' dir='ltr'><strong>sit</strong></span> <span class='ocrx_word' id='word_1_740' title='bbox 3324 3527 3534 3603; x_wconf 84' lang='lat' dir='ltr'><strong>species</strong></span> <span class='ocrx_word' id='word_1_741' title='bbox 3567 3526 3700 3587; x_wconf 80' lang='lat' dir='ltr'><strong>vi‘si-</strong></span> 
     </span>
    </p>
   </div>
   <div class='ocr_carea' id='block_1_98' title="bbox 2128 3605 3701 3679">
    <p class='ocr_par' dir='ltr' id='par_1_98' title="bbox 2128 3605 3701 3679">
     <span class='ocr_line' id='line_1_98' title="bbox 2128 3605 3701 3679; baseline -0.006 -15"><span class='ocrx_word' id='word_1_742' title='bbox 2128 3611 2253 3664; x_wconf 87' lang='lat' dir='ltr'><strong>bilis</strong></span> <span class='ocrx_word' id='word_1_743' title='bbox 2286 3605 2481 3679; x_wconf 85' lang='lat' dir='ltr'><strong>panis,</strong></span> <span class='ocrx_word' id='word_1_744' title='bbox 2535 3608 2701 3679; x_wconf 88' lang='lat' dir='ltr'><strong>multa</strong></span> <span class='ocrx_word' id='word_1_745' title='bbox 2744 3605 2994 3679; x_wconf 17' lang='lat' dir='ltr'><strong>graua‘in</strong></span> <span class='ocrx_word' id='word_1_746' title='bbox 3030 3622 3206 3679; x_wconf 66' lang='lat' dir='ltr'><strong>unum</strong></span> <span class='ocrx_word' id='word_1_747' title='bbox 3250 3615 3701 3679; x_wconf 75' lang='lat' dir='ltr'><strong>consperguntur,</strong></span> 
     </span>
    </p>
   </div>
   <div class='ocr_carea' id='block_1_99' title="bbox 2131 3676 3700 3746">
    <p class='ocr_par' dir='ltr' id='par_1_99' title="bbox 2131 3676 3700 3746">
     <span class='ocr_line' id='line_1_99' title="bbox 2131 3676 3700 3746; baseline -0.003 -14"><span class='ocrx_word' id='word_1_748' title='bbox 2131 3676 2386 3746; x_wconf 81' lang='lat' dir='ltr'><strong>tanquam</strong></span> <span class='ocrx_word' id='word_1_749' title='bbox 2418 3679 2544 3731; x_wconf 89' lang='lat' dir='ltr'><strong>illud</strong></span> <span class='ocrx_word' id='word_1_750' title='bbox 2580 3678 2694 3736; x_wconf 88' lang='lat' dir='ltr'><strong>ﬁat.</strong></span> <span class='ocrx_word' id='word_1_751' title='bbox 2726 3678 2867 3746; x_wconf 91' lang='lat' dir='ltr'><strong>quod</strong></span> <span class='ocrx_word' id='word_1_752' title='bbox 2914 3676 2980 3731; x_wconf 88' lang='lat' dir='ltr'><strong>de</strong></span> <span class='ocrx_word' id='word_1_753' title='bbox 3022 3676 3267 3729; x_wconf 83' lang='lat' dir='ltr'><strong>ﬁdelibus</strong></span> <span class='ocrx_word' id='word_1_754' title='bbox 3302 3677 3376 3728; x_wconf 90' lang='lat' dir='ltr'><strong>ait</strong></span> <span class='ocrx_word' id='word_1_755' title='bbox 3417 3676 3700 3746; x_wconf 86' lang='lat' dir='ltr'><strong>Scriptura</strong></span> 
     </span>
    </p>
   </div>
   <div class='ocr_carea' id='block_1_100' title="bbox 2129 3745 3701 3810">
    <p class='ocr_par' dir='ltr' id='par_1_100' title="bbox 2129 3745 3701 3810">
     <span class='ocr_line' id='line_1_100' title="bbox 2129 3745 3701 3810; baseline -0.004 -7"><span class='ocrx_word' id='word_1_756' title='bbox 2129 3745 2315 3804; x_wconf 85' lang='lat' dir='ltr'><strong>sancta</strong></span> <span class='ocrx_word' id='word_1_757' title='bbox 2367 3765 2382 3801; x_wconf 92' lang='lat'><strong>:</strong></span> <span class='ocrx_word' id='word_1_758' title='bbox 2431 3747 2562 3800; x_wconf 85' lang='lat' dir='ltr'><strong>Erat</strong></span> <span class='ocrx_word' id='word_1_759' title='bbox 2616 3745 2948 3800; x_wconf 38' lang='lat' dir='ltr'><strong>illis&#39;anima</strong></span> <span class='ocrx_word' id='word_1_760' title='bbox 3005 3763 3129 3810; x_wconf 84' lang='lat' dir='ltr'><strong>una,</strong></span> <span class='ocrx_word' id='word_1_761' title='bbox 3189 3757 3239 3800; x_wconf 84' lang='lat' dir='ltr'><strong>et</strong></span> <span class='ocrx_word' id='word_1_762' title='bbox 3283 3760 3374 3797; x_wconf 85' lang='lat' dir='ltr'><strong>cor</strong></span> <span class='ocrx_word' id='word_1_763' title='bbox 3435 3761 3598 3798; x_wconf 79' lang='lat' dir='ltr'><strong>unum</strong></span> <span class='ocrx_word' id='word_1_764' title='bbox 3643 3745 3701 3797; x_wconf 80' lang='lat' dir='ltr'><strong>in</strong></span> 
     </span>
    </p>
   </div>
   <div class='ocr_carea' id='block_1_101' title="bbox 2125 3814 3702 3888">
    <p class='ocr_par' dir='ltr' id='par_1_101' title="bbox 2125 3814 3702 3888">
     <span class='ocr_line' id='line_1_101' title="bbox 2125 3814 3702 3888; baseline -0.002 -17"><span class='ocrx_word' id='word_1_765' title='bbox 2125 3818 2296 3888; x_wconf 73' lang='lat' dir='ltr'><strong>Deum</strong></span> <span class='ocrx_word' id='word_1_766' title='bbox 2323 3818 2481 3888; x_wconf 82' lang='lat' dir='ltr'><strong>(Act.</strong></span> <span class='ocrx_word' id='word_1_767' title='bbox 2514 3830 2589 3880; x_wconf 84' lang='lat' dir='ltr'><strong>tv,</strong></span> <span class='ocrx_word' id='word_1_768' title='bbox 2622 3816 2692 3871; x_wconf 75' lang='grc'>52</span> <span class='ocrx_word' id='word_1_769' title='bbox 2709 3816 2767 3888; x_wconf 86' lang='lat'><strong>)_:</strong></span> <span class='ocrx_word' id='word_1_770' title='bbox 2814 3817 2891 3870; x_wconf 90' lang='lat' dir='ltr'><strong>sic</strong></span> <span class='ocrx_word' id='word_1_771' title='bbox 2930 3824 2984 3870; x_wconf 90' lang='lat' dir='ltr'><strong>et</strong></span> <span class='ocrx_word' id='word_1_772' title='bbox 3005 3817 3072 3888; x_wconf 84' lang='lat' dir='ltr'><strong>de</strong></span> <span class='ocrx_word' id='word_1_773' title='bbox 3101 3817 3245 3888; x_wconf 79' lang='lat' dir='ltr'><strong>vino.</strong></span> <span class='ocrx_word' id='word_1_774' title='bbox 3278 3814 3515 3888; x_wconf 81' lang='lat' dir='ltr'><strong>Fratres,</strong></span> <span class='ocrx_word' id='word_1_775' title='bbox 3549 3829 3702 3868; x_wconf 89' lang='lat' dir='ltr'><strong>reco-</strong></span> 
     </span>
    </p>
   </div>
   <div class='ocr_carea' id='block_1_102' title="bbox 2124 3884 3696 3952">
    <p class='ocr_par' dir='ltr' id='par_1_102' title="bbox 2124 3884 3696 3952">
     <span class='ocr_line' id='line_1_102' title="bbox 2124 3884 3696 3952; baseline -0.004 -13"><span class='ocrx_word' id='word_1_776' title='bbox 2124 3886 2218 3941; x_wconf 86' lang='lat' dir='ltr'><strong>lite</strong></span> <span class='ocrx_word' id='word_1_777' title='bbox 2238 3884 2380 3940; x_wconf 89' lang='lat' dir='ltr'><strong>unde</strong></span> <span class='ocrx_word' id='word_1_778' title='bbox 2401 3888 2458 3939; x_wconf 85' lang='lat' dir='ltr'><strong>tit</strong></span> <span class='ocrx_word' id='word_1_779' title='bbox 2488 3888 2691 3938; x_wconf 88' lang='lat' dir='ltr'><strong>viuum.</strong></span> <span class='ocrx_word' id='word_1_780' title='bbox 2711 3884 2890 3939; x_wconf 87' lang='lat' dir='ltr'><strong>Grana</strong></span> <span class='ocrx_word' id='word_1_781' title='bbox 2915 3884 3079 3937; x_wconf 87' lang='lat' dir='ltr'><strong>multa</strong></span> <span class='ocrx_word' id='word_1_782' title='bbox 3106 3885 3341 3952; x_wconf 88' lang='lat' dir='ltr'><strong>pendent</strong></span> <span class='ocrx_word' id='word_1_783' title='bbox 3362 3886 3428 3937; x_wconf 89' lang='lat' dir='ltr'><strong>ad</strong></span> <span class='ocrx_word' id='word_1_784' title='bbox 3458 3885 3696 3952; x_wconf 85' lang='lat' dir='ltr'><strong>botrum,</strong></span> 
     </span>
    </p>
   </div>
   <div class='ocr_carea' id='block_1_103' title="bbox 2123 3951 3698 4025">
    <p class='ocr_par' dir='ltr' id='par_1_103' title="bbox 2123 3951 3698 4025">
     <span class='ocr_line' id='line_1_103' title="bbox 2123 3951 3698 4025; baseline -0.003 -16"><span class='ocrx_word' id='word_1_785' title='bbox 2123 3958 2217 4009; x_wconf 88' lang='lat' dir='ltr'><strong>sed</strong></span> <span class='ocrx_word' id='word_1_786' title='bbox 2244 3956 2420 4025; x_wconf 89' lang='lat' dir='ltr'><strong>liquor</strong></span> <span class='ocrx_word' id='word_1_787' title='bbox 2452 3970 2746 4024; x_wconf 83' lang='lat' dir='ltr'><strong>granorum</strong></span> <span class='ocrx_word' id='word_1_788' title='bbox 2787 3954 2838 4007; x_wconf 92' lang='lat' dir='ltr'><strong>in</strong></span> <span class='ocrx_word' id='word_1_789' title='bbox 2873 3956 3079 4007; x_wconf 88' lang='lat' dir='ltr'><strong>unitate</strong></span> <span class='ocrx_word' id='word_1_790' title='bbox 3109 3951 3492 4025; x_wconf 64' lang='lat' dir='ltr'><strong>confunditur.</strong></span> <span class='ocrx_word' id='word_1_791' title='bbox 3540 3951 3614 4003; x_wconf 87' lang='lat' dir='ltr'><strong>Ita</strong></span> <span class='ocrx_word' id='word_1_792' title='bbox 3642 3964 3698 4005; x_wconf 91' lang='lat' dir='ltr'><strong>et</strong></span> 
     </span>
    </p>
   </div>
   <div class='ocr_carea' id='block_1_104' title="bbox 2124 4024 3697 4093">
    <p class='ocr_par' dir='ltr' id='par_1_104' title="bbox 2124 4024 3697 4093">
     <span class='ocr_line' id='line_1_104' title="bbox 2124 4024 3697 4093; baseline -0.004 -14"><span class='ocrx_word' id='word_1_793' title='bbox 2124 4024 2387 4079; x_wconf 88' lang='lat' dir='ltr'><strong>Dominus</strong></span> <span class='ocrx_word' id='word_1_794' title='bbox 2421 4025 2665 4078; x_wconf 86' lang='lat' dir='ltr'><strong>Christus</strong></span> <span class='ocrx_word' id='word_1_795' title='bbox 2699 4037 2795 4076; x_wconf 91' lang='lat' dir='ltr'><strong>nos</strong></span> <span class='ocrx_word' id='word_1_796' title='bbox 2822 4024 3181 4093; x_wconf 83' lang='lat' dir='ltr'><strong>signiﬁcavit,</strong></span> <span class='ocrx_word' id='word_1_797' title='bbox 3232 4038 3329 4075; x_wconf 91' lang='lat' dir='ltr'><strong>nos</strong></span> <span class='ocrx_word' id='word_1_798' title='bbox 3369 4027 3433 4074; x_wconf 85' lang='lat' dir='ltr'><strong>ad</strong></span> <span class='ocrx_word' id='word_1_799' title='bbox 3475 4035 3533 4073; x_wconf 91' lang='lat' dir='ltr'><strong>se</strong></span> <span class='ocrx_word' id='word_1_800' title='bbox 3574 4035 3697 4086; x_wconf 92' lang='lat' dir='ltr'><strong>per-</strong></span> 
     </span>
    </p>
   </div>
   <div class='ocr_carea' id='block_1_105' title="bbox 2125 4092 3697 4163">
    <p class='ocr_par' dir='ltr' id='par_1_105' title="bbox 2125 4092 3697 4163">
     <span class='ocr_line' id='line_1_105' title="bbox 2125 4092 3697 4163; baseline -0.003 -15"><span class='ocrx_word' id='word_1_801' title='bbox 2125 4096 2299 4149; x_wconf 89' lang='lat' dir='ltr'><strong>tinere</strong></span> <span class='ocrx_word' id='word_1_802' title='bbox 2344 4095 2552 4160; x_wconf 90' lang='lat' dir='ltr'><strong>voluit;</strong></span> <span class='ocrx_word' id='word_1_803' title='bbox 2598 4093 2913 4163; x_wconf 88' lang='lat' dir='ltr'><strong>mysterium</strong></span> <span class='ocrx_word' id='word_1_804' title='bbox 2959 4094 3109 4163; x_wconf 70' lang='lat' dir='ltr'><strong>pacis</strong></span> <span class='ocrx_word' id='word_1_805' title='bbox 3139 4104 3190 4146; x_wconf 91' lang='lat' dir='ltr'><strong>et</strong></span> <span class='ocrx_word' id='word_1_806' title='bbox 3229 4092 3452 4144; x_wconf 84' lang='lat' dir='ltr'><strong>unitatis</strong></span> <span class='ocrx_word' id='word_1_807' title='bbox 3482 4098 3697 4163; x_wconf 64' lang='lat' dir='ltr'><strong>nostra)</strong></span> 
     </span>
    </p>
   </div>
   <div class='ocr_carea' id='block_1_106' title="bbox 2124 4159 3698 4221">
    <p class='ocr_par' dir='ltr' id='par_1_106' title="bbox 2124 4159 3698 4221">
     <span class='ocr_line' id='line_1_106' title="bbox 2124 4159 3698 4221; baseline -0.004 -2"><span class='ocrx_word' id='word_1_808' title='bbox 2124 4165 2179 4219; x_wconf 92' lang='lat' dir='ltr'><strong>in</strong></span> <span class='ocrx_word' id='word_1_809' title='bbox 2214 4180 2312 4218; x_wconf 89' lang='lat' dir='ltr'><strong>sua</strong></span> <span class='ocrx_word' id='word_1_810' title='bbox 2357 4159 2546 4219; x_wconf 86' lang='lat' dir='ltr'><strong>mensa</strong></span> <span class='ocrx_word' id='word_1_811' title='bbox 2592 4159 2987 4216; x_wconf 61' lang='lat' dir='ltr'><strong>consecravit.)</strong></span> <span class='ocrx_word' id='word_1_812' title='bbox 3038 4161 3153 4221; x_wconf 80' lang='lat' dir='ltr'><strong>Hoc</strong></span> <span class='ocrx_word' id='word_1_813' title='bbox 3198 4172 3402 4213; x_wconf 82' lang='lat' dir='ltr'><strong>tantum</strong></span> <span class='ocrx_word' id='word_1_814' title='bbox 3441 4159 3698 4215; x_wconf 73' lang='lat' dir='ltr'><strong>dilferunt</strong></span> 
     </span>
    </p>
   </div>
   <div class='ocr_carea' id='block_1_107' title="bbox 2121 4230 3694 4303">
    <p class='ocr_par' dir='ltr' id='par_1_107' title="bbox 2121 4230 3694 4303">
     <span class='ocr_line' id='line_1_107' title="bbox 2121 4230 3694 4303; baseline -0.004 -17"><span class='ocrx_word' id='word_1_815' title='bbox 2121 4235 2458 4303; x_wconf 86' lang='lat' dir='ltr'><strong>Augustinus</strong></span> <span class='ocrx_word' id='word_1_816' title='bbox 2514 4243 2567 4288; x_wconf 90' lang='lat' dir='ltr'><strong>et</strong></span> <span class='ocrx_word' id='word_1_817' title='bbox 2616 4230 2901 4303; x_wconf 84' lang='lat' dir='ltr'><strong>Origenes,</strong></span> <span class='ocrx_word' id='word_1_818' title='bbox 2957 4234 3097 4301; x_wconf 87' lang='lat' dir='ltr'><strong>quod</strong></span> <span class='ocrx_word' id='word_1_819' title='bbox 3159 4231 3296 4285; x_wconf 91' lang='lat' dir='ltr'><strong>alter</strong></span> <span class='ocrx_word' id='word_1_820' title='bbox 3337 4232 3694 4301; x_wconf 87' lang='lat' dir='ltr'><strong>symbolicam</strong></span> 
     </span>
    </p>
   </div>
   <div class='ocr_carea' id='block_1_108' title="bbox 2126 4302 3692 4373">
    <p class='ocr_par' dir='ltr' id='par_1_108' title="bbox 2126 4302 3692 4373">
     <span class='ocr_line' id='line_1_108' title="bbox 2126 4302 3692 4373; baseline -0.004 -16"><span class='ocrx_word' id='word_1_821' title='bbox 2126 4302 2365 4373; x_wconf 80' lang='lat' dir='ltr'><strong>mysterii</strong></span> <span class='ocrx_word' id='word_1_822' title='bbox 2415 4304 2772 4358; x_wconf 83' lang='lat' dir='ltr'><strong>Eucharistici</strong></span> <span class='ocrx_word' id='word_1_823' title='bbox 2822 4302 3270 4369; x_wconf 82' lang='lat' dir='ltr'><strong>signiﬁcationem</strong></span> <span class='ocrx_word' id='word_1_824' title='bbox 3309 4304 3374 4353; x_wconf 88' lang='lat' dir='ltr'><strong>ad</strong></span> <span class='ocrx_word' id='word_1_825' title='bbox 3430 4303 3692 4357; x_wconf 87' lang='lat' dir='ltr'><strong>unitatem</strong></span> 
     </span>
    </p>
   </div>
   <div class='ocr_carea' id='block_1_109' title="bbox 2128 4373 3694 4440">
    <p class='ocr_par' dir='ltr' id='par_1_109' title="bbox 2128 4373 3694 4440">
     <span class='ocr_line' id='line_1_109' title="bbox 2128 4373 3694 4440; baseline -0.004 -13"><span class='ocrx_word' id='word_1_826' title='bbox 2128 4374 2362 4429; x_wconf 80' lang='lat' dir='ltr'><strong>ﬁdelium</strong></span> <span class='ocrx_word' id='word_1_827' title='bbox 2389 4376 2441 4427; x_wconf 94' lang='lat' dir='ltr'><strong>in</strong></span> <span class='ocrx_word' id='word_1_828' title='bbox 2471 4388 2576 4427; x_wconf 92' lang='lat' dir='ltr'><strong>uno</strong></span> <span class='ocrx_word' id='word_1_829' title='bbox 2608 4373 2906 4438; x_wconf 89' lang='lat' dir='ltr'><strong>eodemque</strong></span> <span class='ocrx_word' id='word_1_830' title='bbox 2933 4373 3136 4425; x_wconf 83' lang='lat' dir='ltr'><strong>Christi</strong></span> <span class='ocrx_word' id='word_1_831' title='bbox 3168 4386 3395 4440; x_wconf 75' lang='lat' dir='ltr'><strong>corpore</strong></span> <span class='ocrx_word' id='word_1_832' title='bbox 3438 4373 3694 4440; x_wconf 84' lang='lat' dir='ltr'><strong>mystico,</strong></span> 
     </span>
    </p>
   </div>
   <div class='ocr_carea' id='block_1_110' title="bbox 2126 4438 3692 4508">
    <p class='ocr_par' dir='ltr' id='par_1_110' title="bbox 2126 4438 3692 4508">
     <span class='ocr_line' id='line_1_110' title="bbox 2126 4438 3692 4508; baseline -0.001 -11"><span class='ocrx_word' id='word_1_833' title='bbox 2126 4444 2266 4499; x_wconf 89' lang='lat' dir='ltr'><strong>alter</strong></span> <span class='ocrx_word' id='word_1_834' title='bbox 2292 4460 2417 4497; x_wconf 87' lang='lat' dir='ltr'><strong>vero</strong></span> <span class='ocrx_word' id='word_1_835' title='bbox 2444 4444 2507 4496; x_wconf 88' lang='lat' dir='ltr'><strong>ad</strong></span> <span class='ocrx_word' id='word_1_836' title='bbox 2529 4443 2748 4495; x_wconf 90' lang='lat' dir='ltr'><strong>verbum</strong></span> <span class='ocrx_word' id='word_1_837' title='bbox 2781 4441 2872 4493; x_wconf 87' lang='lat' dir='ltr'><strong>Dei</strong></span> <span class='ocrx_word' id='word_1_838' title='bbox 2917 4442 3180 4494; x_wconf 89' lang='lat' dir='ltr'><strong>dellectat.</strong></span> <span class='ocrx_word' id='word_1_839' title='bbox 3240 4438 3692 4508; x_wconf 53' lang='lat' dir='ltr'><strong>Uterque&#39;ipsam</strong></span> 
     </span>
    </p>
   </div>
   <div class='ocr_carea' id='block_1_111' title="bbox 2126 4508 3688 4568">
    <p class='ocr_par' dir='ltr' id='par_1_111' title="bbox 2126 4508 3688 4568">
     <span class='ocr_line' id='line_1_111' title="bbox 2126 4508 3688 4568; baseline -0.002 -3"><span class='ocrx_word' id='word_1_840' title='bbox 2126 4515 2449 4568; x_wconf 88' lang='lat' dir='ltr'><strong>sacramenti</strong></span> <span class='ocrx_word' id='word_1_841' title='bbox 2501 4525 2750 4566; x_wconf 84' lang='lat' dir='ltr'><strong>naturam</strong></span> <span class='ocrx_word' id='word_1_842' title='bbox 2795 4511 3039 4565; x_wconf 88' lang='lat' dir='ltr'><strong>lidelibus</strong></span> <span class='ocrx_word' id='word_1_843' title='bbox 3078 4512 3209 4565; x_wconf 83' lang='lat' dir='ltr'><strong>satis</strong></span> <span class='ocrx_word' id='word_1_844' title='bbox 3255 4520 3435 4564; x_wconf 86' lang='lat' dir='ltr'><strong>notam</strong></span> <span class='ocrx_word' id='word_1_845' title='bbox 3473 4508 3688 4562; x_wconf 90' lang='lat' dir='ltr'><strong>nonnisi</strong></span> 
     </span>
    </p>
   </div>
   <div class='ocr_carea' id='block_1_112' title="bbox 2054 4569 3692 4654">
    <p class='ocr_par' dir='ltr' id='par_1_112' title="bbox 2054 4569 3692 4654">
     <span class='ocr_line' id='line_1_112' title="bbox 2054 4569 3692 4654; baseline -0.002 -16"><span class='ocrx_word' id='word_1_846' title='bbox 2054 4569 2097 4623; x_wconf 84' lang='grc' dir='ltr'><strong>Ῑ)</strong></span> <span class='ocrx_word' id='word_1_847' title='bbox 2127 4583 2319 4637; x_wconf 82' lang='lat' dir='ltr'><strong>leviter</strong></span> <span class='ocrx_word' id='word_1_848' title='bbox 2340 4594 2394 4637; x_wconf 91' lang='lat' dir='ltr'><strong>et</strong></span> <span class='ocrx_word' id='word_1_849' title='bbox 2428 4584 2580 4654; x_wconf 88' lang='lat' dir='ltr'><strong>quasi</strong></span> <span class='ocrx_word' id='word_1_850' title='bbox 2614 4584 2663 4634; x_wconf 93' lang='lat' dir='ltr'><strong>in</strong></span> <span class='ocrx_word' id='word_1_851' title='bbox 2707 4582 2932 4635; x_wconf 88' lang='lat' dir='ltr'><strong>transitu</strong></span> <span class='ocrx_word' id='word_1_852' title='bbox 2975 4581 3409 4654; x_wconf 77' lang='lat' dir='ltr'><strong>attingit,_t_tnice</strong></span> <span class='ocrx_word' id='word_1_853' title='bbox 3453 4586 3692 4654; x_wconf 79' lang='lat' dir='ltr'><strong>attentus</strong></span> 
     </span>
    </p>
   </div>
   <div class='ocr_carea' id='block_1_113' title="bbox 2128 4649 3689 4725">
    <p class='ocr_par' dir='ltr' id='par_1_113' title="bbox 2128 4649 3689 4725">
     <span class='ocr_line' id='line_1_113' title="bbox 2128 4649 3689 4725; baseline -0.004 -18"><span class='ocrx_word' id='word_1_854' title='bbox 2128 4655 2194 4707; x_wconf 91' lang='lat' dir='ltr'><strong>ad</strong></span> <span class='ocrx_word' id='word_1_855' title='bbox 2242 4649 2503 4725; x_wconf 79' lang='lat' dir='ltr'><strong>mysticas</strong></span> <span class='ocrx_word' id='word_1_856' title='bbox 2546 4654 2785 4707; x_wconf 88' lang='lat' dir='ltr'><strong>rationes</strong></span> <span class='ocrx_word' id='word_1_857' title='bbox 2838 4653 3174 4725; x_wconf 87' lang='lat' dir='ltr'><strong>aperiendas.</strong></span> <span class='ocrx_word' id='word_1_858' title='bbox 3229 4650 3323 4704; x_wconf 87' lang='lat' dir='ltr'><strong>llis</strong></span> <span class='ocrx_word' id='word_1_859' title='bbox 3368 4649 3689 4725; x_wconf 60' lang='lat' dir='ltr'><strong>prasinissis,</strong></span> 
     </span>
    </p>
   </div>
   <div class='ocr_carea' id='block_1_114' title="bbox 2128 4718 3690 4792">
    <p class='ocr_par' dir='ltr' id='par_1_114' title="bbox 2128 4718 3690 4792">
     <span class='ocr_line' id='line_1_114' title="bbox 2128 4718 3690 4792; baseline -0.004 -17"><span class='ocrx_word' id='word_1_860' title='bbox 2128 4725 2255 4792; x_wconf 90' lang='lat' dir='ltr'><strong>quid</strong></span> <span class='ocrx_word' id='word_1_861' title='bbox 2279 4718 2346 4777; x_wconf 76' lang='lat' dir='ltr'><strong>ad</strong></span> <span class='ocrx_word' id='word_1_862' title='bbox 2371 4738 2588 4778; x_wconf 87' lang='lat' dir='ltr'><strong>causam</strong></span> <span class='ocrx_word' id='word_1_863' title='bbox 2616 4737 2771 4775; x_wconf 89' lang='lat' dir='ltr'><strong>suam</strong></span> <span class='ocrx_word' id='word_1_864' title='bbox 2802 4718 3230 4775; x_wconf 83' lang='lat' dir='ltr'><strong>conﬁrmandam</strong></span> <span class='ocrx_word' id='word_1_865' title='bbox 3262 4736 3327 4774; x_wconf 79' lang='lat' dir='ltr'><strong>ex</strong></span> <span class='ocrx_word' id='word_1_866' title='bbox 3365 4718 3465 4774; x_wconf 86' lang='lat' dir='ltr'><strong>hac</strong></span> <span class='ocrx_word' id='word_1_867' title='bbox 3493 4718 3690 4792; x_wconf 12' lang='lat' dir='ltr'><strong>Dirige-</strong></span> 
     </span>
    </p>
   </div>
   <div class='ocr_carea' id='block_1_115' title="bbox 2126 4791 3687 4864">
    <p class='ocr_par' dir='ltr' id='par_1_115' title="bbox 2126 4791 3687 4864">
     <span class='ocr_line' id='line_1_115' title="bbox 2126 4791 3687 4864; baseline -0.004 -19"><span class='ocrx_word' id='word_1_868' title='bbox 2126 4791 2212 4864; x_wconf 85' lang='lat' dir='ltr'><strong>nis</strong></span> <span class='ocrx_word' id='word_1_869' title='bbox 2245 4794 2498 4864; x_wconf 88' lang='lat' dir='ltr'><strong>allegoria</strong></span> <span class='ocrx_word' id='word_1_870' title='bbox 2541 4806 2731 4864; x_wconf 77' lang='lat' dir='ltr'><strong>eruere</strong></span> <span class='ocrx_word' id='word_1_871' title='bbox 2771 4792 3326 4864; x_wconf 46' lang='lat' dir='ltr'><strong>queantlietermloxi</strong></span> <span class='ocrx_word' id='word_1_872' title='bbox 3360 4806 3463 4844; x_wconf 87' lang='lat' dir='ltr'><strong>non</strong></span> <span class='ocrx_word' id='word_1_873' title='bbox 3514 4791 3687 4864; x_wconf 72' lang='lat' dir='ltr'><strong>video,</strong></span> 
     </span>
    </p>
   </div>
   <div class='ocr_carea' id='block_1_116' title="bbox 2127 4857 3694 4927">
    <p class='ocr_par' dir='ltr' id='par_1_116' title="bbox 2127 4857 3694 4927">
     <span class='ocr_line' id='line_1_116' title="bbox 2127 4857 3694 4927; baseline -0.006 -11"><span class='ocrx_word' id='word_1_874' title='bbox 2127 4863 2185 4916; x_wconf 87' lang='lat' dir='ltr'><strong>Si</strong></span> <span class='ocrx_word' id='word_1_875' title='bbox 2208 4857 2470 4918; x_wconf 57' lang='lat' dir='ltr'><strong>enim&#39;hic</strong></span> <span class='ocrx_word' id='word_1_876' title='bbox 2498 4857 2820 4917; x_wconf 83' lang='lat' dir='ltr'><strong>excludatur</strong></span> <span class='ocrx_word' id='word_1_877' title='bbox 2864 4862 3089 4927; x_wconf 90' lang='lat' dir='ltr'><strong>quilibet</strong></span> <span class='ocrx_word' id='word_1_878' title='bbox 3121 4876 3312 4914; x_wconf 88' lang='lat' dir='ltr'><strong>sensus</strong></span> <span class='ocrx_word' id='word_1_879' title='bbox 3338 4870 3533 4927; x_wconf 67' lang='lat' dir='ltr'><strong>praeter</strong></span> <span class='ocrx_word' id='word_1_880' title='bbox 3566 4857 3694 4910; x_wconf 52' lang='lat' dir='ltr'><strong>allo.</strong></span> 
     </span>
    </p>
   </div>
   <div class='ocr_carea' id='block_1_117' title="bbox 2126 4929 3687 5001">
    <p class='ocr_par' dir='ltr' id='par_1_117' title="bbox 2126 4929 3687 5001">
     <span class='ocr_line' id='line_1_117' title="bbox 2126 4929 3687 5001; baseline -0.004 -15"><span class='ocrx_word' id='word_1_881' title='bbox 2126 4934 2392 5001; x_wconf 86' lang='lat' dir='ltr'><strong>goricum,</strong></span> <span class='ocrx_word' id='word_1_882' title='bbox 2427 4932 2730 4988; x_wconf 80' lang='lat' dir='ltr'><strong>excluditur</strong></span> <span class='ocrx_word' id='word_1_883' title='bbox 2756 4932 2997 4999; x_wconf 79' lang='lat' dir='ltr'><strong>profecto</strong></span> <span class='ocrx_word' id='word_1_884' title='bbox 3037 4929 3687 5001; x_wconf 23' lang='lat' dir='ltr'><strong>Calvinianusdetﬁgura,</strong></span> 
     </span>
    </p>
   </div>
   <div class='ocr_carea' id='block_1_118' title="bbox 2126 4995 3690 5075">
    <p class='ocr_par' dir='ltr' id='par_1_118' title="bbox 2126 4995 3690 5075">
     <span class='ocr_line' id='line_1_118' title="bbox 2126 4995 3690 5075; baseline -0.004 -19"><span class='ocrx_word' id='word_1_885' title='bbox 2126 4995 2272 5075; x_wconf 70' lang='lat' dir='ltr'><strong>iypo,</strong></span> <span class='ocrx_word' id='word_1_886' title='bbox 2325 4995 2529 5075; x_wconf 83' lang='lat' dir='ltr'><strong>virtute</strong></span> <span class='ocrx_word' id='word_1_887' title='bbox 2553 5011 2608 5056; x_wconf 90' lang='lat' dir='ltr'><strong>et</strong></span> <span class='ocrx_word' id='word_1_888' title='bbox 2637 4995 2875 5056; x_wconf 77' lang='lat' dir='ltr'><strong>ellicacia</strong></span> <span class='ocrx_word' id='word_1_889' title='bbox 2908 5003 3149 5075; x_wconf 86' lang='lat' dir='ltr'><strong>corporis</strong></span> <span class='ocrx_word' id='word_1_890' title='bbox 3186 4999 3411 5054; x_wconf 86' lang='lat' dir='ltr'><strong>Christi.</strong></span> <span class='ocrx_word' id='word_1_891' title='bbox 3443 4995 3690 5075; x_wconf 42' lang='lat' dir='ltr'><strong>“Si—vero</strong></span> 
     </span>
    </p>
   </div>
   <div class='ocr_carea' id='block_1_119' title="bbox 2126 5065 3690 5142">
    <p class='ocr_par' dir='ltr' id='par_1_119' title="bbox 2126 5065 3690 5142">
     <span class='ocr_line' id='line_1_119' title="bbox 2126 5065 3690 5142; baseline -0.002 -18"><span class='ocrx_word' id='word_1_892' title='bbox 2126 5065 2268 5126; x_wconf 68' lang='lat' dir='ltr'><strong>a&#39;lius</strong></span> <span class='ocrx_word' id='word_1_893' title='bbox 2308 5072 2628 5142; x_wconf 89' lang='lat' dir='ltr'><strong>supponitur</strong></span> <span class='ocrx_word' id='word_1_894' title='bbox 2674 5086 2902 5137; x_wconf 89' lang='lat' dir='ltr'><strong>sensus,</strong></span> <span class='ocrx_word' id='word_1_895' title='bbox 2954 5065 3139 5142; x_wconf 82' lang='lat' dir='ltr'><strong>utique</strong></span> <span class='ocrx_word' id='word_1_896' title='bbox 3203 5084 3394 5142; x_wconf 89' lang='lat' dir='ltr'><strong>sensus</strong></span> <span class='ocrx_word' id='word_1_897' title='bbox 3429 5065 3690 5142; x_wconf 81' lang='lat' dir='ltr'><strong>litteralis</strong></span> 
     </span>
    </p>
   </div>
   <div class='ocr_carea' id='block_1_120' title="bbox 2124 5138 3688 5210">
    <p class='ocr_par' dir='ltr' id='par_1_120' title="bbox 2124 5138 3688 5210">
     <span class='ocr_line' id='line_1_120' title="bbox 2124 5138 3688 5210; baseline -0.004 -15"><span class='ocrx_word' id='word_1_898' title='bbox 2124 5138 2546 5203; x_wconf 78' lang='lat' dir='ltr'><strong>Catholicorum,</strong></span> <span class='ocrx_word' id='word_1_899' title='bbox 2579 5155 2737 5210; x_wconf 86' lang='lat' dir='ltr'><strong>quem</strong></span> <span class='ocrx_word' id='word_1_900' title='bbox 2782 5144 2916 5195; x_wconf 86' lang='lat' dir='ltr'><strong>satis</strong></span> <span class='ocrx_word' id='word_1_901' title='bbox 2940 5138 3085 5195; x_wconf 83' lang='lat' dir='ltr'><strong>clare</strong></span> <span class='ocrx_word' id='word_1_902' title='bbox 3116 5141 3378 5210; x_wconf 73' lang='lat' dir='ltr'><strong>exprimit</strong></span> <span class='ocrx_word' id='word_1_903' title='bbox 3415 5138 3688 5210; x_wconf 70' lang='lat' dir='ltr'><strong>Adaman—</strong></span> 
     </span>
    </p>
   </div>
   <div class='ocr_carea' id='block_1_121' title="bbox 2126 5208 3688 5276">
    <p class='ocr_par' dir='ltr' id='par_1_121' title="bbox 2126 5208 3688 5276">
     <span class='ocr_line' id='line_1_121' title="bbox 2126 5208 3688 5276; baseline -0.005 -12"><span class='ocrx_word' id='word_1_904' title='bbox 2126 5214 2234 5264; x_wconf 92' lang='lat' dir='ltr'><strong>tius</strong></span> <span class='ocrx_word' id='word_1_905' title='bbox 2279 5211 2457 5267; x_wconf 89' lang='lat' dir='ltr'><strong>verbis</strong></span> <span class='ocrx_word' id='word_1_906' title='bbox 2493 5208 2652 5264; x_wconf 84' lang='lat' dir='ltr'><strong>modo</strong></span> <span class='ocrx_word' id='word_1_907' title='bbox 2702 5210 2919 5276; x_wconf 90' lang='lat' dir='ltr'><strong>citatis;</strong></span> <span class='ocrx_word' id='word_1_908' title='bbox 2973 5227 3078 5264; x_wconf 92' lang='lat' dir='ltr'><strong>nou</strong></span> <span class='ocrx_word' id='word_1_909' title='bbox 3112 5208 3688 5275; x_wconf 63' lang='lat' dir='ltr'><strong>sensusﬁalviniano.</strong></span> 
     </span>
    </p>
   </div>
   <div class='ocr_carea' id='block_1_122' title="bbox 2124 5276 3687 5351">
    <p class='ocr_par' dir='ltr' id='par_1_122' title="bbox 2124 5276 3687 5351">
     <span class='ocr_line' id='line_1_122' title="bbox 2124 5276 3687 5351; baseline -0.003 -16"><span class='ocrx_word' id='word_1_910' title='bbox 2124 5296 2270 5347; x_wconf 85' lang='lat' dir='ltr'><strong>rum,</strong></span> <span class='ocrx_word' id='word_1_911' title='bbox 2329 5279 2484 5347; x_wconf 89' lang='lat' dir='ltr'><strong>cujus</strong></span> <span class='ocrx_word' id='word_1_912' title='bbox 2535 5280 2606 5333; x_wconf 91' lang='lat' dir='ltr'><strong>ibi</strong></span> <span class='ocrx_word' id='word_1_913' title='bbox 2650 5295 2718 5334; x_wconf 94' lang='lat' dir='ltr'><strong>ne</strong></span> <span class='ocrx_word' id='word_1_914' title='bbox 2768 5283 3050 5335; x_wconf 90' lang='lat' dir='ltr'><strong>minimum</strong></span> <span class='ocrx_word' id='word_1_915' title='bbox 3101 5281 3318 5351; x_wconf 90' lang='lat' dir='ltr'><strong>quidem</strong></span> <span class='ocrx_word' id='word_1_916' title='bbox 3382 5276 3687 5351; x_wconf 86' lang='lat' dir='ltr'><strong>vestigium.</strong></span> 
     </span>
    </p>
   </div>
   <div class='ocr_carea' id='block_1_123' title="bbox 2121 5348 3687 5421">
    <p class='ocr_par' dir='ltr' id='par_1_123' title="bbox 2121 5348 3687 5421">
     <span class='ocr_line' id='line_1_123' title="bbox 2121 5348 3687 5421; baseline -0.005 -14"><span class='ocrx_word' id='word_1_917' title='bbox 2121 5351 2297 5407; x_wconf 84' lang='lat' dir='ltr'><strong>Alium</strong></span> <span class='ocrx_word' id='word_1_918' title='bbox 2331 5367 2489 5421; x_wconf 88' lang='lat' dir='ltr'><strong>porro</strong></span> <span class='ocrx_word' id='word_1_919' title='bbox 2518 5364 2732 5421; x_wconf 83' lang='lat' dir='ltr'><strong>sensum</strong></span> <span class='ocrx_word' id='word_1_920' title='bbox 2778 5359 2978 5421; x_wconf 65' lang='lat' dir='ltr'><strong>praeter</strong></span> <span class='ocrx_word' id='word_1_921' title='bbox 3017 5348 3359 5419; x_wconf 80' lang='lat' dir='ltr'><strong>allegoricum</strong></span> <span class='ocrx_word' id='word_1_922' title='bbox 3393 5350 3459 5421; x_wconf 80' lang='lat' dir='ltr'><strong>de</strong></span> <span class='ocrx_word' id='word_1_923' title='bbox 3507 5348 3687 5421; x_wconf 64' lang='lat' dir='ltr'><strong>Verbo</strong></span> 
     </span>
    </p>
   </div>
   <div class='ocr_carea' id='block_1_124' title="bbox 2124 5416 3685 5490">
    <p class='ocr_par' dir='ltr' id='par_1_124' title="bbox 2124 5416 3685 5490">
     <span class='ocr_line' id='line_1_124' title="bbox 2124 5416 3685 5490; baseline -0.004 -16"><span class='ocrx_word' id='word_1_924' title='bbox 2124 5423 2220 5475; x_wconf 85' lang='lat' dir='ltr'><strong>Dei</strong></span> <span class='ocrx_word' id='word_1_925' title='bbox 2272 5416 2557 5490; x_wconf 69' lang='lat' dir='ltr'><strong>agnovisse</strong></span> <span class='ocrx_word' id='word_1_926' title='bbox 2615 5416 2899 5490; x_wconf 84' lang='lat' dir='ltr'><strong>0rigeuem</strong></span> <span class='ocrx_word' id='word_1_927' title='bbox 2949 5416 3226 5487; x_wconf 44' lang='lat' dir='ltr'><strong>liquet—ex</strong></span> <span class='ocrx_word' id='word_1_928' title='bbox 3274 5416 3586 5490; x_wconf 29' lang='lat' dir='ltr'><strong>homilniti</strong></span> <span class='ocrx_word' id='word_1_929' title='bbox 3632 5418 3685 5490; x_wconf 84' lang='lat' dir='ltr'><strong>in</strong></span> 
     </span>
    </p>
   </div>
   <div class='ocr_carea' id='block_1_125' title="bbox 2123 5486 3685 5558">
    <p class='ocr_par' dir='ltr' id='par_1_125' title="bbox 2123 5486 3685 5558">
     <span class='ocr_line' id='line_1_125' title="bbox 2123 5486 3685 5558; baseline -0.004 -15"><span class='ocrx_word' id='word_1_930' title='bbox 2123 5489 2291 5544; x_wconf 87' lang='lat' dir='ltr'><strong>Num.</strong></span> <span class='ocrx_word' id='word_1_931' title='bbox 2311 5486 2349 5541; x_wconf 71' lang='grc' dir='ltr'><strong>ἰ</strong></span> <span class='ocrx_word' id='word_1_932' title='bbox 2369 5490 2558 5545; x_wconf 87' lang='lat' dir='ltr'><strong>Bibere</strong></span> <span class='ocrx_word' id='word_1_933' title='bbox 2588 5486 2840 5554; x_wconf 81' lang='lat' dir='ltr'><strong>dicimur,</strong></span> <span class='ocrx_word' id='word_1_934' title='bbox 2874 5486 3042 5558; x_wconf 89' lang='lat' dir='ltr'><strong>inquit</strong></span> <span class='ocrx_word' id='word_1_935' title='bbox 3068 5531 3084 5557; x_wconf 97' lang='lat'><strong>,</strong></span> <span class='ocrx_word' id='word_1_936' title='bbox 3117 5490 3427 5555; x_wconf 82' lang='lat' dir='ltr'><strong>sanguinem</strong></span> <span class='ocrx_word' id='word_1_937' title='bbox 3463 5486 3685 5551; x_wconf 86' lang='lat' dir='ltr'><strong>Christi,</strong></span> 
     </span>
    </p>
   </div>
   <div class='ocr_carea' id='block_1_126' title="bbox 2121 5561 3690 5622">
    <p class='ocr_par' dir='ltr' id='par_1_126' title="bbox 2121 5561 3690 5622">
     <span class='ocr_line' id='line_1_126' title="bbox 2121 5561 3690 5622; baseline -0.004 -9"><span class='ocrx_word' id='word_1_938' title='bbox 2121 5576 2227 5614; x_wconf 90' lang='lat' dir='ltr'><strong>non</strong></span> <span class='ocrx_word' id='word_1_939' title='bbox 2263 5561 2435 5615; x_wconf 91' lang='lat' dir='ltr'><strong>solum</strong></span> <span class='ocrx_word' id='word_1_940' title='bbox 2467 5570 2932 5614; x_wconf 87' lang='lat' dir='ltr'><strong>sacramentorum</strong></span> <span class='ocrx_word' id='word_1_941' title='bbox 2984 5561 3111 5622; x_wconf 88' lang='lat' dir='ltr'><strong>ritu,</strong></span> <span class='ocrx_word' id='word_1_942' title='bbox 3138 5562 3231 5613; x_wconf 88' lang='lat' dir='ltr'><strong>sed</strong></span> <span class='ocrx_word' id='word_1_943' title='bbox 3260 5572 3315 5612; x_wconf 91' lang='lat' dir='ltr'><strong>et</strong></span> <span class='ocrx_word' id='word_1_944' title='bbox 3340 5573 3463 5613; x_wconf 90' lang='lat' dir='ltr'><strong>cum</strong></span> <span class='ocrx_word' id='word_1_945' title='bbox 3489 5573 3690 5611; x_wconf 67' lang='lat' dir='ltr'><strong>sermo.</strong></span> 
     </span>
    </p>
   </div>
   <div class='ocr_carea' id='block_1_127' title="bbox 2122 5629 3691 5700">
    <p class='ocr_par' dir='ltr' id='par_1_127' title="bbox 2122 5629 3691 5700">
     <span class='ocr_line' id='line_1_127' title="bbox 2122 5629 3691 5700; baseline -0.003 -16"><span class='ocrx_word' id='word_1_946' title='bbox 2122 5645 2219 5685; x_wconf 88' lang='lat' dir='ltr'><strong>nes</strong></span> <span class='ocrx_word' id='word_1_947' title='bbox 2252 5632 2371 5698; x_wconf 84' lang='lat' dir='ltr'><strong>ejus</strong></span> <span class='ocrx_word' id='word_1_948' title='bbox 2403 5631 2713 5700; x_wconf 86' lang='lat' dir='ltr'><strong>recipimus,</strong></span> <span class='ocrx_word' id='word_1_949' title='bbox 2740 5630 3012 5700; x_wconf 91' lang='lat' dir='ltr'><strong>inquibus</strong></span> <span class='ocrx_word' id='word_1_950' title='bbox 3051 5631 3157 5683; x_wconf 89' lang='lat' dir='ltr'><strong>vita</strong></span> <span class='ocrx_word' id='word_1_951' title='bbox 3183 5630 3432 5682; x_wconf 90' lang='lat' dir='ltr'><strong>consistit</strong></span> <span class='ocrx_word' id='word_1_952' title='bbox 3466 5629 3691 5700; x_wconf 82' lang='lat' dir='ltr'><strong>sicutet</strong></span> 
     </span>
    </p>
   </div>
   <div class='ocr_carea' id='block_1_128' title="bbox 2124 5697 3690 5768">
    <p class='ocr_par' dir='ltr' id='par_1_128' title="bbox 2124 5697 3690 5768">
     <span class='ocr_line' id='line_1_128' title="bbox 2124 5697 3690 5768; baseline -0.002 -15"><span class='ocrx_word' id='word_1_953' title='bbox 2124 5700 2237 5768; x_wconf 87' lang='lat' dir='ltr'><strong>ipse</strong></span> <span class='ocrx_word' id='word_1_954' title='bbox 2269 5697 2399 5768; x_wconf 61' lang='lat' dir='ltr'><strong>dicit</strong></span> <span class='ocrx_word' id='word_1_955' title='bbox 2432 5719 2445 5753; x_wconf 89' lang='lat'><strong>:</strong></span> <span class='ocrx_word' id='word_1_956' title='bbox 2490 5697 2658 5753; x_wconf 85' lang='lat' dir='ltr'><strong>Verba</strong></span> <span class='ocrx_word' id='word_1_957' title='bbox 2687 5716 2803 5768; x_wconf 69' lang='lat' dir='ltr'><strong>qua:</strong></span> <span class='ocrx_word' id='word_1_958' title='bbox 2835 5697 3038 5757; x_wconf 73' lang='lat' dir='ltr'><strong>tocutus</strong></span> <span class='ocrx_word' id='word_1_959' title='bbox 3076 5715 3211 5765; x_wconf 88' lang='lat' dir='ltr'><strong>sum,</strong></span> <span class='ocrx_word' id='word_1_960' title='bbox 3242 5701 3461 5768; x_wconf 79' lang='lat' dir='ltr'><strong>spiritus</strong></span> <span class='ocrx_word' id='word_1_961' title='bbox 3494 5708 3545 5755; x_wconf 77' lang='lat' dir='ltr'><strong>et</strong></span> <span class='ocrx_word' id='word_1_962' title='bbox 3586 5697 3690 5756; x_wconf 75' lang='lat' dir='ltr'><strong>vita</strong></span> 
     </span>
    </p>
   </div>
   <div class='ocr_carea' id='block_1_129' title="bbox 2121 5766 2756 5840">
    <p class='ocr_par' dir='ltr' id='par_1_129' title="bbox 2121 5766 2756 5840">
     <span class='ocr_line' id='line_1_129' title="bbox 2121 5766 2756 5840; baseline -0.005 -15"><span class='ocrx_word' id='word_1_963' title='bbox 2121 5766 2236 5825; x_wconf 69' lang='lat' dir='ltr'><strong>sum</strong></span> <span class='ocrx_word' id='word_1_964' title='bbox 2270 5766 2460 5840; x_wconf 74' lang='lat' dir='ltr'><strong>(Iuan.</strong></span> <span class='ocrx_word' id='word_1_965' title='bbox 2491 5787 2564 5838; x_wconf 74' lang='lat' dir='ltr'><strong>vr,</strong></span> <span class='ocrx_word' id='word_1_966' title='bbox 2591 5766 2707 5839; x_wconf 64' lang='lat'><strong>64).</strong></span> <span class='ocrx_word' id='word_1_967' title='bbox 2738 5789 2756 5821; x_wconf 80' lang='grc' dir='ltr'><strong>ι</strong></span> 
     </span>
    </p>
   </div>
  </div>
