4170 6404
558 371 696 428 i083

1830 373 1890 429 P.
1931 368 2251 436 DANIEUS
2289 367 2526 424 HUETII

3671 363 3809 417 1084

558 485 901 541 Christianos
937 485 1272 542 daemonibus
1316 493 1568 557 acceptos
1612 501 1716 542 non
1767 489 2009 552 referre,
2051 488 2143 542 sed
2172 491 2218 548 Α
2248 484 2329 538 da:
2357 499 2484 539 vero
2523 485 2589 538 ad
2634 482 3169 549 condemnationem;
3225 480 3294 536 ita
3335 487 3394 534 ut
3430 488 3550 550 post
3589 477 3806 534 oll‘ulam

558 577 669 631 Deo
695 592 872 632 rerum
887 576 1186 644 conditori,
1213 593 1415 648 eosque
1441 596 1562 634 cum
1592 581 1886 650 gratiarum
1921 582 2133 635 actione
2235 573 2612 643 ingrederetur
2641 574 2693 629 in
2722 575 2868 628 illum
2900 573 3146 628 Satanas.
3191 571 3458 626 Caeterum
3497 571 3808 627 considere-

555 668 828 736 recipere;
893 683 956 722 ac
1013 683 1109 736 per
1163 671 1527 738 precationem
1601 688 1797 742 corpus
1863 673 2132 742 quoddam

2235 673 2323 719 tur
2353 665 2441 720 hic
2463 667 2617 734 panis
2649 676 2703 721 et
2733 666 2835 720 hoc
2861 667 3109 736 poculum
3141 680 3172 719 a
3201 662 3617 733 simplicioribus
3650 662 3806 734 juxta

553 741 803 813 lsanctmn
836 761 986 829 ipsos
1018 759 1177 824 cﬂici,
1211 773 1429 818 sanctos
1461 764 1699 820 elliciens
1729 765 2035 835 quicunque
2066 780 2115 820 et

2233 758 2660 811 communiorcm
2717 757 3132 827 intelligentiam
3189 757 3255 811 de
3309 755 3694 819 Eucharistia,
3752 755 3806 810 id

550 864 675 902 cum
700 862 836 903 sano
865 853 1142 920 proposito
1175 865 1424 910 utuntur.
1471 856 1551 910 Ad
1586 857 1983 912 Eucharistiam
2026 857 2129 911 mi-

549 941 697 994 nime
721 940 838 994 haec
872 941 1126 997 videntur
1158 945 1450 1014 pertinere.
1479 946 1632 1014 Quod
1674 958 1729 1002 et
1775 950 1890 1017 ipse
1927 949 2128 1003 fatetur

547 1031 884 1088 Albertinus.
933 1033 1085 1100 Quod
1131 1037 1176 1090 si
1225 1039 1349 1106 quis
1383 1045 1564 1094 tamen
1613 1040 1968 1106 contradicat,
2022 1056 2126 1095 non

550 1121 821 1174 assentiar
867 1123 1048 1188 modo,
1088 1125 1181 1177 sed
1223 1124 1474 1180 Ecclesia:
1507 1128 1669 1181 etiam
1701 1129 2001 1183 doctrinam
2043 1130 2129 1185 his

548 1209 863 1266 confirmari
891 1215 1246 1282 pertendam;
1279 1231 1448 1284 panes
1471 1220 1673 1288 quippe
1705 1220 1781 1273 ait
1807 1236 1906 1290 per
1934 1237 2127 1286 preca-

545 1302 774 1368 tionem,
827 1320 926 1374 per
953 1308 1182 1378 mystica
1221 1310 1476 1364 nimirum
1523 1312 1720 1378 verba,
1752 1330 1948 1384 corpus
1989 1314 2125 1370 eliici

543 1405 819 1461 sanetum,
859 1406 913 1451 et
938 1409 1159 1453 sanctos
1189 1400 1444 1466 elliciens,
1477 1405 1566 1474 qui
1601 1421 1722 1459 cum
1768 1422 1901 1463 sano
1931 1423 2126 1478 propo-

546 1485 652 1539 sito
682 1501 749 1542 eo
783 1497 1048 1556 utuntur;
1075 1506 1269 1562 corpus
1295 1493 1542 1548 videlicet
1578 1495 1800 1551 Christi.

541 1573 546 1643 ξ
619 1577 846 1649 Martyri
873 1583 1311 1638 succenturiatus
1342 1588 1521 1654 prodit
1557 1588 1606 1640 in
1650 1604 1884 1658 pugnam
1929 1590 2124 1645 Alher-

540 1669 690 1724 tinus
750 1670 824 1726 De
876 1686 1194 1734 sacrament.
1256 1677 1489 1732 Euchar.
1550 1679 1644 1734 lib.
1703 1695 1768 1744 tt,
1830 1681 1882 1735 in
1928 1683 2119 1738 Exam.

545 1762 748 1816 t'estim.
792 1762 1407 1839 Origcn.-recoctisque
1452 1770 1658 1839 aliquot
1705 1773 2028 1829 testimoniis
2056 1791 2120 1829 ex

540 1849 776 1920 Origene
819 1853 930 1919 jam
975 1865 1104 1910 ante
1151 1872 1179 1910 a
1225 1858 1462 1930 Martyre
1497 1861 1850 1932 depromptis,
1887 1875 2123 1933 quatuor

540 1941 780 1996 indidem
827 1945 991 2012 petita
1029 1948 1094 2001 de
1122 1963 1220 2002 suo
1249 1951 1423 2014 addit,
1471 1951 1533 2003 ad
1579 1953 1836 2006 trutinam
1880 1965 2119 2010 nostram

544 2035 870 2089 revocanda.
938 2035 1096 2090 Prius
1147 2039 1381 2093 habetur
1441 2050 1572 2096 tom.
1623 2057 1771 2096 xxxii
1830 2045 1884 2098 in
1931 2043 2118 2112 lactt,

539 2138 695 2178 num.
725 2125 810 2188 16,
843 2127 932 2180 ubl
969 2126 1038 2181 de
1074 2128 1238 2183 olfula
1265 2129 1416 2186 Judze
1455 2147 1484 2185 a
1513 2131 1639 2188 Jesu
1675 2145 1922 2204 porrecta
1950 2138 2120 2194 disse-

539 2229 690 2280 rens,
719 2216 827 2270 vim
862 2220 909 2271 ci
936 2221 1225 2288 quamdam
1269 2238 1334 2278 ac
1368 2225 1624 2279 virtutem
1661 2243 1692 2280 a
1725 2226 1944 2282 Christo
1981 2231 2120 2284 indi-

541 2313 649 2359 tam
693 2305 859 2364 fnisse
894 2311 1030 2375 vult,
1085 2326 1206 2381 quae
1259 2312 1412 2369 Judae
1463 2318 1610 2373 utilis
1661 2333 1782 2374 esse
1833 2324 2116 2390 potuisset,

537 2398 642 2452 nisi
670 2399 850 2455 oll'uhe
877 2405 1246 2471 praevertisset
1270 2403 1521 2472 Satanas,
1549 2419 1604 2463 et
1629 2425 1697 2464 ne
1734 2411 1970 2468 benelica
2001 2414 2118 2482 ejus

459 2490 462 2493 ’
535 2489 590 2543 vi
627 2489 899 2546 frueretur
929 2495 1196 2564 proditor,
1230 2508 1498 2567 occupato
1544 2500 1715 2570 ipsius
1751 2504 1917 2559 corde
1945 2505 2116 2575 impe-

534 2583 779 2638 divisset.
820 2585 958 2639 Tum
1001 2588 1052 2640 id
1081 2589 1296 2656 gemino
1331 2591 1565 2647 illustrat
1605 2595 1891 2664 exemplo,
1933 2599 2115 2667 priore

535 2677 778 2743 corporis
803 2689 858 2731 et
883 2680 1166 2748 sanguinis
1193 2681 1418 2748 Christi,
1460 2699 1580 2754 quae
1621 2700 1718 2755 pro
1753 2687 1869 2755 ejus
1914 2689 2115 2759 pietate

533 2765 619 2819 vel
657 2768 896 2836 nequitia
949 2773 1042 2839 qui
1095 2774 1358 2843 suscipit,
1411 2777 1561 2830 utilia
1615 2789 1743 2833 sunt
1787 2779 1872 2835 vel
1920 2784 2111 2850 noxia;

532 2857 708 2914 altero
761 2861 916 2929 panis
965 2861 1109 2918 illius
1155 2867 1463 2924 communis
1496 2884 1602 2938 quo
1645 2872 1862 2937 alimur,
1914 2877 2114 2944 quique

529 2964 632 3023 pro
655 2953 992 3008 comedentis
1013 2955 1199 3011 habitu
1227 2959 1310 3013 vel
1335 2961 1626 3017 sanitatem
1656 2963 1866 3020 confert
1889 2980 1954 3021 ac
1973 2967 2115 3037 vigo-

532 3057 670 3108 rem,
712 3045 758 3098 si
791 3046 985 3101 valenti
1027 3063 1292 3118 corpore;
1332 3053 1414 3107 vel
1459 3055 1740 3120 morbum,
1781 3058 1825 3110 si
1872 3057 2111 3114 febricu-

528 3132 646 3188 loso
687 3151 750 3190 ac
786 3137 1002 3192 inlirmo
1045 3153 1306 3210 exceptus
1341 3146 1431 3198 sit.
1480 3146 1656 3200 Locus
1703 3150 1774 3202 ita
1812 3161 2107 3221 conceptus
2140 3186 2183 3244 ε

535 3225 894 3244 -..πλη
1029 3231 1143 3244 .....
1735 3242 2005 3244 __,

527 3233 610 3278 est
643 3244 656 3280 :
685 3225 794 3279 Kal.
838 3228 980 3283 οὕτω
1025 3231 1070 3284 δ’
1116 3233 1183 3287 ἂν
1234 3237 1335 3288 οὐκ
1383 3237 1662 3302 ἀπιθάνως
1700 3242 1778 3304 είς
1810 3242 1901 3296 τὸν
1948 3243 2114 3300 τόπον

527 3315 756 3385 λέγοιτο,
780 3319 929 3373 ὥσπε
937 3339 967 3388 ρ
987 3327 1020 3375 ό
1041 3324 1299 3392 ἀναξίως
1320 3328 1540 3384 ἐσθίων
1555 3330 1661 3382 τὸν
1674 3330 1855 3398 ἄρτον·
1875 3334 1982 3388 τοῦ
2002 3339 2116 3390 Κυ-

519 3405 680 3476 ρίου,
702 3407 740 3475 ἣ
761 3409 952 3462 πίνων
977 3413 1162 3467 αὑτοῦ
1185 3413 1252 3466 τὸ
1288 3415 1595 3484 ποτήριον,
1619 3421 1706 3485 εις
1729 3419 1906 3488 ’κρῖμα
1928 3420 2116 3474 ἐσθίει

528 3497 626 3549 καὶ
647 3498 827 3560 πίνει,
851 3499 954 3570 τῆς
989 3504 1115 3571 μιᾶς
1140 3505 1198 3556 ὲν
1214 3503 1292 3574 τῷ
1314 3507 1464 3578 ἄρτῳ
1484 3510 1789 3579 κρείττονος
1810 3511 2112 3582 δυνάμεως,

525 3591 622 3648 καὶ
663 3593 721 3646 ὲν
749 3591 826 3662 τῷ
857 3595 1121 3666 ποτηρίῳ,
1155 3597 1490 3672 ὑποκειμένῃ
1526 3603 1623 3671 μὲν
1664 3604 1900 3657 διαθέσει
1931 3608 2114 3678 κρείτ-

526 3699 659 3746 τονι,
685 3686 1118 3760 ἐνεργαζομένης
1137 3689 1197 3742 τὸ
1221 3691 1425 3761 βέλτιον
1445 3710 1457 3722 ·
1478 3695 1678 3764 χείρονι
1701 3697 1758 3750 δὲ
1783 3699 2116 3772 ἐμποιούσης

525 3773 588 3826 τὸ
611 3779 784 3846 κρῖμα
807 3794 820 3807 ο
856 3777 998 3832 οὕτω
1027 3780 1087 3833 τὸ
1119 3781 1227 3834 ἀπὸ
1251 3782 1346 3835 τοῦ
1384 3785 1558 3856 Ἰησοῦ
1593 3787 1804 3857 ψωμίον
1851 3791 2114 3859 ὁμογενὲς

523 3861 593 3937 ἦν
637 3866 715 3937 τῷ
755 3868 961 3924 δοθέντι
1005 3873 1098 3924 καὶ
1141 3876 1254 3936 τοῖς
1302 3875 1508 3940 λοιποῖς
1558 3878 1880 3944 ἀποστόλοις
1908 3882 1965 3933 ὲν
1996 3881 2108 3953 τῷ·

524 3953 766 4021 Λάϐετε,
800 3957 1036 4030 φάγετε,
1061 3961 1177 4015 ἀλλ’
1198 3963 1426 4026 ἐκείνοις
1463 3967 1562 4038 μὲν
1595 3971 1676 4034 εἰς
1711 3972 2004 4042 σωτηρίαν,
2033 3972 2114 4044 τῷ

523 4045 582 4138 δὲ
627 4047 816 4128 Ἰούδᾳ.⁹
839 4052 921 4114 είς
959 4055 1153 4124 κρῖμα,
1188 4055 1265 4119 ὡς
1303 4057 1444 4110 κατά
1483 4059 1544 4111 τὸ
1575 4060 1790 4131 ψωμίον
1831 4062 2112 4138 εἰσεληλυ-

523 4137 674 4193 θέναι
707 4143 787 4206 εἰς
819 4144 980 4198 αὑτὸν
1015 4146 1106 4199 τὸν
1135 4149 1398 4203 Σατανᾶν.
1429 4151 1676 4207 Νοείσθω
1696 4153 1798 4206 δὲό
1823 4156 1986 4228 ἄρτος
2020 4137 2113 4217 καὶ

519 4231 585 4285 τὸ
618 4238 874 4307 ποτήριον
908 4242 1020 4302 τοῖς
1063 4241 1161 4311 μὲν
1195 4243 1584 4316 ἁπλουστέροις
1627 4247 1768 4300 κατὰ
1810 4247 1909 4319 τὴν
1939 4268 2113 4304 κοινο-

521 4324 688 4395 τέραν
724 4329 972 4402 περὶτῆς
1003 4333 1364 4404 Εὐχαριστίας
1401 4337 1661 4408 ὲκδοχήνο
1697 4341 1809 4403 τοῖς
1845 4340 1903 4394 δὲ
1944 4341 2110 4411 βαθύ-

521 4429 681 4485 τερον
708 4418 927 4473 ἀκούειν
959 4423 1322 4494 μεμαθηκόσι,
1369 4427 1508 4484 κατά
1544 4427 1640 4499 τὴν
1673 4429 1970 4501 θειοτέραν,
2018 4432 2111 4485 καὶ

2229 857 2337 912 est,
2363 848 2429 902 de
2455 847 2752 918 gratiarum
2787 849 3000 904 actione
3035 867 3047 902 :
3085 859 3142 902 at
3171 847 3264 918 qui
3296 846 3459 902 altius
3486 847 3603 902 hac
3641 845 3803 901 intel-

2230 937 2399 1007 ligere
2445 937 2754 1004 didicerint,
2812 938 3157 994 considerent
3218 938 3322 993 hoc
3386 939 3588 994 dictum
3639 937 3805 995 fuisse

2225 1031 2376 1099 juxta
2421 1031 2743 1087 diviniorem
2779 1033 3199 1099 promissionem
3235 1033 3397 1086 etiam
3437 1031 3504 1086 de
3536 1031 3716 1101 Λόγῳ,
3751 1042 3806 1088 et

2233 1119 2412 1178 Verbo
2460 1124 2710 1178 veritatis
2744 1123 3061 1178 alimentum
3096 1124 3316 1179 uberius
3344 1132 3655 1193 praestante,
3685 1133 3804 1177 tan-

2227 1228 2390 1283 quam
2425 1216 2471 1270 si
2497 1216 2744 1286 exemplo
2783 1217 3017 1272 dicerem
3048 1229 3264 1286 panem,
3313 1216 3454 1284 quod
3497 1215 3565 1270 ad
3609 1229 3804 1282 corpus

2227 1305 2443 1373 attinet,
2491 1306 2805 1362 alimentum
2838 1309 3169 1363 uberrimum
3199 1316 3576 1377 praestantem,
3610 1307 3799 1365 febrim

2227 1398 2526 1466 subjectam
2577 1413 2810 1470 augere,
2865 1415 2985 1454 cum
3049 1410 3237 1456 contra
3291 1401 3488 1456 bonam
3556 1407 3801 1473 corporis

2227 1492 2599 1546 habitudinem
2649 1493 2716 1548 ad
2777 1495 3066 1548 sanitatem
3122 1492 3410 1547 reducat.»
3464 1493 3542 1546 Ex
3586 1493 3674 1548 his
3724 1495 3804 1550 sic

2226 1584 2582 1638 ratiocinator
2654 1585 2969 1640 Albertinus
3032 1606 3044 1642 :
3105 1583 3275 1640 Olfula
3333 1583 3484 1640 Judaa
3550 1597 3800 1653 porrecta

2222 1674 2462 1744 ejusdem
2495 1685 2611 1730 erat
2635 1678 2848 1746 generis
2887 1692 2952 1731 ac
2992 1677 3390 1732 eucharisticus
3445 1679 3618 1747 panis,
3647 1679 3800 1748 juxta

2225 1769 2508 1836 Origenem
2533 1787 2546 1823 :
2570 1770 2798 1840 Ψωμίον
2825 1770 3085 1840 ὁμογενὲς
3116 1765 3184 1841 ἦν
3215 1771 3295 1841 τῷ
3321 1768 3524 1824 δοθέντι
3564 1771 3658 1824 καὶ
3687 1772 3801 1834 τοῖς

2227 1859 2580 1924 ἀποστόλοις·
2637 1862 2785 1931 atqui
2839 1861 3001 1916 oﬂula
3055 1862 3146 1917 illa
3209 1877 3392 1917 merus
3445 1861 3546 1916 fuit
3601 1863 3798 1930 panis:

2224 1968 2405 2008 merus
2467 1954 2629 2023 igitur
2667 1964 2722 2008 et
2759 1953 2868 2008 ille.
2913 1954 3248 2009 Attendisset
3291 1969 3420 2010 vero
3462 1955 3674 2011 subtilis
3711 1954 3801 2010 ille

2222 2046 2524 2114 disputator
2565 2061 2684 2115 quae
2738 2047 2791 2101 in
2843 2045 3147 2116 exemplum
3200 2057 3570 2111 assumuntur,
3631 2048 3682 2102 in
3733 2062 3800 2104 eo

2223 2135 2419 2191 debere
2455 2137 2748 2193 convenire
2796 2137 2950 2206 cujus
2993 2153 3156 2192 causa
3190 2139 3492 2194 instituitur
3519 2154 3799 2210 compara-

2224 2227 2318 2291 tio,
2351 2229 2661 2298 discrepare
2689 2244 2850 2298 posse
2892 2233 2944 2282 in
2985 2230 3108 2284 aliis
3130 2270 3146 2293 ,
3198 2231 3302 2285 hoc
3329 2240 3414 2285 est
3446 2230 3642 2299 partim
3678 2243 3800 2286 esse

2221 2318 2480 2388 ὁμογενῆ,
2519 2319 2716 2388 partim
2766 2320 3095 2390 ἑτερογενῆ·
3125 2319 3217 2374 hic
3257 2330 3434 2375 autem
3473 2319 3684 2374 institui
3730 2322 3799 2375 ab

2225 2408 2460 2481 Origene
2504 2412 2966 2480 comparationem
3011 2411 3191 2466 ntl'ulzn
3233 2409 3385 2467 ludas
3435 2411 3629 2467 oblata:
3674 2426 3796 2465 cum

2220 2519 2358 2574 pane
2382 2504 2767 2568 eucharistico,
2802 2519 2908 2560 non
2949 2506 3016 2558 ad
3055 2505 3430 2574 explicandam
3470 2506 3625 2575 panis
3649 2503 3799 2560 Juda:

2219 2596 2453 2666 porrecti
2500 2606 2772 2661 naturam,
2810 2597 2904 2652 sed
2954 2598 3019 2652 ad
3066 2597 3452 2652 declarandum
3491 2597 3611 2667 ejus
3667 2597 3799 2654 οσο-

2219 2699 2391 2753 ctum,
2429 2703 2494 2741 ac
2521 2688 2628 2741 vim
2653 2688 2874 2758 juvandi
2913 2688 2997 2742 vel
3025 2688 3248 2743 nocendi
3296 2704 3392 2759 pro
3412 2690 3675 2745 sumentis
3703 2691 3799 2746 ha-

2216 2781 2332 2835 bitu
2364 2799 2377 2834 :
2414 2790 2574 2849 atque
2606 2781 2677 2834 ita
2717 2795 2839 2835 esse
2883 2780 3142 2851 ὁμογενῆ,
3172 2781 3348 2850 quoad
3386 2781 3532 2835 illam
3561 2781 3797 2836 ellicien-

2219 2877 2372 2940 tiam,
2418 2875 2487 2930 de
2538 2889 2642 2944 qua
2686 2873 2785 2928 hoc
2817 2873 2934 2929 loco
2975 2874 3273 2943 qttmritttr;
3325 2874 3616 2945 ἑτερογενῆ
3672 2889 3799 2930 vero

2215 2967 2390 3036 quoad
2433 2973 2716 3030 naturam,
2765 2965 2829 3018 de
2866 2980 2970 3034 qua
3028 2964 3170 3018 nulla
3224 2965 3435 3034 penitus
3485 2966 3574 3019 hic
3617 2965 3798 3019 habita

2215 3068 2300 3112 est
2317 3058 2624 3126 disputatio.
2645 3055 2883 3110 Fimbria
2904 3057 3070 3110 vestis
3090 3053 3293 3109 Christi
3317 3069 3437 3124 quae
3463 3054 3797 3129 αἱμορροοῦ-

2217 3165 2317 3202 σαν
2367 3147 2601 3210 sanavit,
2657 3161 2723 3201 ex
2776 3155 3028 3201 contactu
3087 3145 3229 3201 sacri
3284 3148 3531 3217 corporis
3587 3147 3795 3202 Christi

2219 3241 2474 3294 virtutem
2499 3246 2868 3302 contraxerat,
2906 3237 3091 3292 itidem
3127 3246 3187 3292 ut
3216 3237 3375 3292 oﬂula
3417 3253 3446 3292 ει
3474 3236 3602 3294 Jesu
3642 3237 3796 3294 Judte

2217 3339 2487 3400 porrecta.
2527 3327 2778 3383 Fimbriae
2800 3336 3104 3392 contactus,
3147 3342 3248 3398 pro
3291 3329 3558 3399 tangentis
3597 3330 3796 3400 pietate

2216 3422 2302 3477 vel
2343 3420 2616 3490 nequitia,
2652 3420 2797 3474 utilis
2833 3435 2954 3475 esse
2987 3427 3231 3490 poterat,
3280 3422 3366 3475 vel
3406 3421 3620 3476 noxius.
3671 3419 3793 3476 Pari

2215 3528 2346 3583 ergo
2380 3512 2501 3580 jure
2525 3511 2751 3566 ﬁmbriae
2781 3520 3088 3566 contactum
3108 3526 3228 3565 cum
3262 3512 3419 3580 panis
3444 3509 3795 3566 eucharistici

2216 3623 2309 3662 esu
2339 3621 2657 3676 comparare.
2679 3605 2947 3676 Origenes
2972 3605 3184 3674 potuit;
3212 3610 3440 3672 utraque
3467 3603 3614 3656 enim
3645 3603 3698 3656 in
3730 3616 3796 3657 eo

2215 3699 2634 3762 conveniebant,
2665 3697 2806 3767 quod
2837 3712 2938 3766 pro
2968 3697 3239 3764 tangentis
3271 3703 3326 3748 et
3353 3694 3566 3749 edentis
3605 3694 3794 3749 habitu

2215 3791 2448 3846 salubris
2474 3791 2557 3845 vel
2589 3791 2845 3844 damnosa
2878 3802 3000 3842 esse
3027 3795 3312 3856 poterant;
3357 3785 3409 3838 in
3435 3785 3558 3839 aliis
3583 3785 3794 3839 discre—

2216 3878 2436 3947 pabant.
2468 3875 2526 3931 id
2557 3877 2602 3930 si
2630 3875 2869 3940 fecisset,
2899 3885 3132 3944 utraque
3153 3889 3286 3930 sane
3319 3875 3500 3928 dicere
3533 3873 3796 3943 potuisset

2213 3969 2477 4041 ὁμογενῆ,
2527 3983 2721 4038 nempe
2763 3967 2940 4038 quoad
2987 3966 3130 4020 illam
3173 3967 3281 4020 vim
3320 3977 3376 4020 et
3413 3965 3790 4032 efﬁcientiam;

2215 4077 2324 4116 non
2363 4060 2541 4131 quoad
2591 4069 2863 4116 naturam.
2912 4059 3058 4114 Idem
3105 4058 3256 4113 dicas
3292 4057 3357 4112 de
3390 4056 3550 4112 offula
3587 4056 3792 4111 eucha-

2215 4155 2402 4210 ristico
2429 4152 2552 4222 pani
2591 4151 2913 4207 assimilata.
2958 4150 3172 4217 Alioqui
3217 4166 3339 4205 cum
3385 4149 3605 4206 ollulam
3642 4148 3794 4205 Iudae

2213 4256 2518 4316 porrectam
2555 4245 2678 4314 pani
2713 4244 2787 4299 illi
2824 4260 2930 4316 quo
2968 4245 3135 4299 vitam
3169 4243 3533 4308 sustinemus,
3562 4242 3793 4298 similem

2213 4354 2334 4394 esse
2369 4338 2507 4392 dixit
2548 4337 2833 4407 Origenes,
2864 4338 2969 4390 hoc
3003 4345 3088 4391 est
3113 4336 3371 4406 ὁμογενῆ,
3421 4335 3475 4389 in
3506 4349 3571 4389 eo
3601 4348 3796 4403 nempe

2214 4431 2355 4500 quod
2383 4440 2441 4484 ut
2465 4429 2551 4483 illa
2577 4431 2770 4484 animas
2789 4468 2804 4493 ,
2834 4429 2915 4483 sic
2945 4428 3035 4483 ille
3074 4428 3288 4498 corpori
3319 4443 3417 4497 pro
3461 4426 3795 4482 comedentis

521 4511 652 4582 περὶ
679 4511 774 4564 τοῦ
808 4515 1078 4586 τροφίμου
1118 4519 1216 4588 τῆς
1256 4519 1515 4590 ἀληθείας
1543 4521 1714 4589 Λόγου
1738 4523 2072 4592 ἐπαγγελίαν
2091 4544 2104 4558 ο

2218 4522 2406 4578 habitu
2446 4521 2613 4579 robur
2644 4519 2938 4576 conciliare
2969 4529 3168 4590 potest,
3202 4519 3282 4574 vel
3330 4519 3618 4584 morbum;
3663 4531 3794 4571 con-

519 4601 599 4663 ὡς
630 4603 678 4652 εί
702 4603 760 4653 ὲν
788 4605 1187 4677 παραδείγματι
1214 4607 1421 4678 ἔλεγον,
1449 4612 1528 4664 ὅτι
1562 4613 1655 4664 καί
1683 4614 1710 4664 ό
1733 4613 1873 4666 κατὰ
1904 4613 1964 4665 τὸ
1997 4631 2102 4668 σω-

525 4693 754 4762 ματικὸν
795 4697 1207 4769 τροφιμώτατος
1247 4701 1410 4773 ἄρτος
1455 4704 1688 4775 πυρετὸν
1739 4705 1836 4775 μὲν
1882 4706 2104 4759 ὑποκεί-

524 4803 683 4855 μενον
737 4786 927 4853 αὔξει,
986 4793 1066 4854 εἰς
1115 4792 1300 4860 ὑγείαν
1361 4795 1417 4848 δὲ
1475 4797 1571 4867 τὴν
1626 4796 1836 4862 εὐεξίαν
1888 4799 2100 4866 ἀνάγει.

527 4896 545 4928 ι
573 4876 805 4934 Proinde
829 4881 970 4935 haud
1017 4882 1310 4941 absurdum
1345 4887 1394 4938 in
1434 4889 1682 4953 pnesenti
1737 4889 1857 4944 loco
1891 4891 2102 4946 dicere-

521 4977 630 5032 tur,
678 4973 821 5040 quod
871 4983 949 5034 tit,
972 4975 1062 5044 qui
1096 4976 1313 5047 indigne
1350 4995 1536 5046 panem
1580 4979 1792 5033 Domini
1845 4983 2100 5049 comedit,

519 5061 599 5114 rel
657 5063 872 5116 calicem
932 5066 1048 5136 ejus
1097 5067 1259 5133 bibit,
1315 5070 1372 5123 in
1406 5071 1674 5140 judicium
1724 5075 2008 5129 manduca:
2052 5086 2106 5131 et

519 5151 646 5205 bibit
676 5154 758 5218 ";
791 5155 843 5208 in
870 5170 1011 5224 pane
1045 5166 1101 5213 et
1147 5159 1318 5216 calice
1363 5177 1466 5215 una
1501 5164 1702 5217 virtute
1741 5165 2103 5233 praestant-imi

519 5255 781 5310 operante
806 5245 1006 5302 bonum
1034 5249 1084 5302 in
1111 5248 1253 5304 bono
1273 5250 1812 5317 aﬂectu'constituto,
1831 5255 1884 5309 in
1908 5254 2098 5310 affectu

520 5349 652 5387 vero
697 5337 839 5391 malo
870 5350 1132 5407 operante
1173 5345 1716 5413 condemnationem;
1766 5347 1845 5403 sic
1879 5345 2100 5403 offulam

519 5441 549 5479 a
577 5425 702 5482 Jesu
729 5429 909 5484 datam
942 5432 1187 5502 ejusdem
1215 5436 1429 5505 generis
1454 5435 1622 5492 fuisse
1650 5453 1772 5493 cum
1797 5453 1861 5494 ea
1879 5480 1894 5504 ,
1935 5455 2098 5510 quam

518 5517 675 5576 Iesus
721 5520 868 5575 dedit
896 5525 1107 5581 caeteris
1155 5527 1436 5595 apostolis,
1491 5529 1619 5584 dum
1665 5531 1914 5587 diceret:
1948 5533 2100 5585 Acci-

518 5611 648 5677 pite,
681 5613 935 5667 comedite
969 5614 1052 5682 ";
1087 5618 1179 5672 sed
1217 5618 1325 5675 illis
1355 5620 1573 5690 quidem
1617 5621 1684 5677 ad
1720 5622 1969 5695 salutem,
2004 5622 2099 5680 Ju-

591 5813 637 5850 pr
678 5811 964 5885 ιςοι-ηχι,
989 5814 1080 5870 29.
1157 5816 1199 5848 "
1235 5815 1422 5874 Matth.
1456 5836 1602 5884 sim,
1639 5819 1728 5875 26.

2215 4617 2428 4669 cludam
2455 4615 2641 4685 utique
2665 4614 2855 4670 eadem
2879 4613 3080 4668 virtute
3105 4611 3306 4682 poilere
3336 4625 3529 4681 panem
3548 4617 3792 4665 nostrum

2214 4723 2322 4777 quo
2357 4709 2650 4773 vescimur,
2683 4723 2748 4761 ac
2773 4706 2995 4762 oliulam
3027 4705 3195 4770 illam,
3223 4703 3309 4758 cui
3332 4700 3656 4772 peculiarem
3682 4701 3790 4756 vim

2213 4810 2465 4855 contactu
2503 4816 2602 4856 suo
2627 4799 2880 4855 Christus
2916 4797 3111 4852 indidit
3143 4813 3156 4848 :
3189 4795 3331 4864 quod
3367 4801 3452 4849 est
3476 4792 3790 4850 absurdum.

2213 4891 2351 4958 Quid
2393 4893 2438 4945 si
2476 4901 2732 4960 praeterea
2766 4888 2982 4943 oll'ulam
3012 4887 3156 4942 illam
3197 4886 3363 4940 fuisse
3393 4897 3586 4954 panem
3619 4883 3790 4952 ipsum

2211 4981 2635 5035 eucharisticum
2697 4977 2849 5032 ludas
2895 4988 3208 5046 porrectum
3265 4973 3554 5044 Origenem
3603 4973 3792 5028 existi-

2211 5089 2390 5127 masse
2439 5072 2720 5126 dicamus?
2774 5070 3023 5130 Profecto
3083 5071 3230 5155 locus
3289 5069 3392 5123 iste
3456 5068 3789 5122 contrarium

2209 5167 2341 5221 nihii
2407 5167 2569 5221 habet
2622 5165 2749 5219 huic
2811 5164 3129 5225 sententize.
3193 5178 3356 5233 quam
3421 5170 3476 5217 et
3554 5159 3791 5232 Cyrillus

2206 5257 2262 5311 in
2287 5257 2451 5311 Joan.
2493 5271 2569 5320 vt,
2599 5264 2651 5311 et
2685 5254 3009 5310 Anastasius
3037 5255 3246 5310 Siuaita
3283 5251 3435 5308 Orat.
3484 5251 3559 5306 De
3595 5251 3790 5321 synaxi

2207 5345 2442 5415 amplexi
2505 5355 2652 5400 sunt.
2697 5345 2752 5400 Id
2787 5345 2832 5400 si
2894 5344 3001 5411 sit,
3049 5344 3208 5414 plane
3252 5344 3540 5414 ὁμογενεῖς
3587 5341 3789 5396 fuerint

2209 5437 2611 5493 eucharisticus
2682 5439 2838 5508 panis
2892 5447 2949 5492 et
3001 5435 3163 5493 olfula
3211 5434 3362 5492 Judte
3411 5443 3688 5505 porrecta,
3734 5441 3786 5488 et

2205 5527 2384 5600 quoad
2419 5525 2760 5584 elﬁcientiam
2781 5568 2797 5594 ,
2831 5539 2886 5584 et
2915 5526 3092 5598 quoad
3126 5535 3399 5580 naturam.

2277 5622 2469 5685 Parent
2511 5623 2904 5694 propemodum
2952 5618 3328 5677 adhibebimus
3366 5614 3784 5687 explicationem
