4170 6414
447 382 583 441 1085

1284 382 1855 440 ORIGENIANORUM
1894 382 2022 439 LIB.
2063 384 2131 447 II,
2171 382 2324 440 CAP.
2366 383 2428 450 ll,
2470 382 2748 451 QUZEST.
2789 383 2933 438 XIV.

3549 378 3686 436 1086

444 497 549 553 loci
574 495 878 552 alteriusex
907 496 1225 553 homil.7in
1249 497 1438 563 Leuit”
1465 500 1814 568 num.l,quo
1839 501 2013 566 agitur
2040 505 2084 561 Α
2121 499 2287 554 fuisse
2330 501 2510 554 vinum
2561 515 2668 571 quo
2715 498 2964 554 Christus
3007 497 3268 553 abstinuit
3315 515 3366 552 ιιι
3415 507 3688 567 postrema

439 588 508 642 de
547 597 815 659 pmcepto
836 589 1061 656 Aaroni,
1087 600 1144 646 et
1177 590 1552 645 sacerdotibus
1593 592 1812 655 tradito,
1847 605 1914 644 ne
1941 590 2008 643 ad

439 679 613 734 altare
647 681 920 735 accessuri
965 681 1150 735 vinum
1197 681 1461 738 biberent.
1511 682 1778 748 Quoniam
1830 691 2010 735 autem

438 769 527 825 lex
551 779 635 825 est
661 775 850 826 umbra
899 773 1200 827 futurorum
1239 773 1500 829 bonorum
1518 773 1587 838 θ’,
1608 773 1736 842 quid
1770 774 1871 827 hac
1897 772 2013 842 lege

440 864 778 935 signiﬁcetur
823 874 1184 934 perscrutans
1238 863 1506 936 Origenes
1546 865 1819 918 Christum
1870 865 2014 918 hunc

437 970 562 1010 esse
603 953 920 1009 Pontiﬁcem
950 956 1166 1010 censuit
1197 994 1213 1020 ,
1256 959 1568 1010 sacerdotes
1607 955 1912 1024 apostolos,
1958 963 2014 1010 et

437 1048 714 1103 Christum
753 1047 968 1116 quidem
1004 1062 1128 1101 cum
1177 1047 1243 1100 ad
1294 1047 1496 1112 altare,
1545 1062 1768 1102 crucem
1820 1061 2012 1117 nempe

436 1148 583 1193 esset
613 1152 964 1202 accessurus,
1006 1138 1060 1191 in
1093 1151 1343 1214 suprema
1377 1151 1532 1201 cinna
1561 1138 1746 1193 vinum
1793 1139 2009 1207 quidem

440 1243 546 1282 non
590 1227 798 1282 bibisse
823 1229 1062 1298 putavit,
1092 1229 1176 1282 his
1205 1229 1454 1284 inductus
1486 1229 1665 1284 verbis
1697 1229 1862 1283 Marci
1896 1245 2007 1293 xtv,

435 1317 508 1374 25
539 1320 742 1378 :Amen
772 1321 888 1382 dico
915 1319 1078 1384 vobis,
1131 1320 1254 1397 quia
1280 1320 1394 1390 jam
1443 1338 1548 1374 non
1597 1322 1770 1385 bibam
1817 1323 1882 1375 de
1912 1324 2009 1376 hoc

434 1413 692 1482 genimine
723 1412 866 1479 uitis,
899 1425 1059 1481 usque
1081 1413 1134 1465 in
1156 1414 1292 1466 diem
1322 1413 1494 1480 illum,
1521 1430 1640 1466 cum
1670 1415 1803 1468 illud
1836 1416 2007 1469 bibam

435 1519 626 1558 novum
666 1505 718 1557 in
749 1519 906 1573 regno
932 1502 1112 1558 Patris
1141 1505 1239 1558 mei
1277 1521 1295 1558 :
1325 1505 1599 1574 apostolos
1646 1521 1770 1561 vero
1795 1507 2002 1564 bibisse

434 1597 644 1663 vinum,
661 1597 787 1671 quia
809 1597 1045 1650 nondum
1062 1597 1129 1650 ad
1151 1597 1322 1650 altare
1341 1598 1521 1652 crucis
1535 1607 1692 1652 erant
1709 1601 2004 1654 accessuri.

432 1690 513 1745 En
543 1691 637 1744 tibi
661 1691 776 1760 ipsa
796 1692 958 1744 verba
985 1707 998 1744 :
1023 1688 1344 1746 «Videamus
1364 1693 1632 1761 quomodo
1653 1693 1702 1746 id
1726 1707 1852 1746 vero
1872 1692 2004 1747 Pon-

434 1781 567 1835 titici
593 1781 812 1840 Christo
839 1781 1068 1838 Domino
1088 1792 1276 1838 nostro
1294 1823 1308 1847 ,
1331 1768 1386 1837 et
1407 1784 1780 1838 sacerdotibus
1801 1784 1920 1853 ejus
1945 1800 2008 1840 ac

2114 607 2290 656 omna,
2334 593 2460 646 vino
2501 593 2646 663 quod
2690 606 2811 646 cum
2856 590 3166 660 publicanis
3211 599 3265 644 et
3312 591 3686 660 peccatoribus

2115 683 2271 737 bibit.
2302 683 2627 753 Respondeo
2656 685 2788 739 satis
2818 682 2984 737 fuisse
3030 682 3270 752 Origeni,
3302 692 3448 736 recte
3479 682 3687 736 institui

2114 789 2271 842 posse
2302 777 2760 844 comparationem
2778 773 2962 828 vinum
2983 775 3124 830 inter
3144 775 3399 839 Aaronis,
3423 784 3478 830 et
3503 776 3687 829 viuum

2113 880 2142 918 a
2176 866 2394 922 Christo
2420 869 2534 923 sive
2562 877 2780 938 epotum
2814 869 2866 923 in
2892 868 3015 922 vita:
3045 869 3274 922 decursu
3301 884 3422 923 cum
3450 868 3692 937 publica-

2114 957 2198 1012 nis
2236 967 2292 1011 et
2320 961 2723 1028 peccatoribus,
2759 961 2874 1016 sive
2905 976 3010 1016 non
3042 969 3253 1030 potum,
3288 959 3381 1014 sed
3413 959 3690 1030 discipulis

2117 1048 2374 1102 traditum
2407 1050 2460 1103 in
2493 1050 2680 1105 ultima
2711 1064 2888 1106 ctena.
2925 1051 3060 1105 Nam
3095 1051 3344 1120 quamvis
3377 1051 3481 1105 hoc
3507 1052 3690 1119 specie

2114 1147 2325 1194 tantum
2359 1149 2504 1196 esset
2548 1143 2756 1208 vinum,
2794 1157 2982 1198 revera
3014 1151 3161 1198 esset
3189 1142 3390 1197 Christi
3431 1143 3687 1211 sanguis;

2117 1229 2246 1284 illud
2274 1246 2405 1286 vero
2432 1242 2488 1287 et
2514 1235 2698 1304 specie
2727 1242 2784 1290 et
2807 1249 2868 1289 re
2899 1235 3082 1289 vinum
3113 1243 3276 1300 esset,
3311 1249 3414 1288 non
3439 1234 3494 1288 in
3523 1247 3590 1288 eo
3617 1236 3692 1288 si-

2112 1321 2473 1378 militudinem
2501 1327 2773 1395 quaesivit,
2801 1327 2886 1380 vel
2917 1341 3158 1396 quaerere
3193 1327 3379 1381 debuit
3404 1327 3686 1396 Origenes,

2112 1414 2254 1484 quod
2286 1424 2597 1488 utrumque,
2627 1418 2814 1471 vinum
2840 1425 2984 1472 esset
3013 1417 3096 1471 vel
3130 1432 3208 1483 re,
3241 1417 3324 1471 vel
3355 1420 3558 1487 specie,
3589 1418 3686 1472 sed

2113 1507 2166 1560 in
2196 1521 2260 1561 eo
2296 1511 2438 1577 quod
2471 1510 2561 1562 illo
2593 1524 2914 1564 accessurus
2941 1509 3006 1562 ad
3035 1509 3205 1564 aitare
3231 1509 3480 1564 Christus
3519 1510 3689 1564 absti-

2112 1599 2312 1664 nuerit,
2339 1599 2466 1652 illud
2493 1615 2596 1653 non
2622 1615 2940 1656 accessurus
2966 1603 3032 1655 ad
3056 1602 3225 1655 altare
3252 1601 3479 1655 biberit:
3504 1617 3692 1670 quent-

2111 1691 2396 1744 admodum
2426 1689 2636 1746 Veteris
2654 1690 2986 1747 Tcstamenti
3015 1693 3139 1746 vino
3175 1693 3522 1748 abstinebant
3552 1709 3690 1762 pun-

2113 1781 2288 1838 tiﬁces
2323 1792 2377 1837 et
2406 1783 2714 1838 sacerdows
2741 1784 3014 1838 accessuri
3047 1785 3113 1836 ad
3148 1782 3340 1847 altare,
3387 1785 3528 1839 idem
3561 1799 3691 1840 vero

434 1871 580 1938 ﬁliis,
600 1873 800 1930 nostris
822 1888 948 1929 vero
966 1875 1221 1945 apostolis
1242 1875 1506 1944 possimus
1521 1876 2007 1943 aptare,etc.Quae-
2114 1891 2217 1930 non
2249 1877 2520 1930 accessuri
2554 1875 2620 1930 ad
2655 1875 2826 1930 altare
2857 1877 3132 1931 bibebant.

433 1969 602 2022 rimus
636 1981 764 2038 ergo
801 1970 1070 2038 quomodo
1107 1970 1364 2024 Dominus
1407 1979 1462 2024 et
1505 1970 1753 2025 Salvator
1797 1983 2002 2038 noster,

428 2063 523 2133 qui
547 2071 628 2115 est
649 2076 809 2114 verus
839 2060 1109 2128 Pontifex,
1135 2077 1258 2116 cum
1286 2062 1568 2132 discipulis
1596 2063 1729 2126 suis,
1762 2063 1852 2132 qui
1884 2071 2011 2118 sunt

430 2150 546 2204 veri
587 2152 893 2206 sacerdotes
923 2191 939 2216 ,
979 2161 1271 2221 antequam
1303 2154 1524 2207 accedat
1573 2154 1638 2207 ad
1670 2154 1842 2206 altare
1874 2155 2006 2224 ;Dei,

431 2237 582 2294 bibat
601 2241 820 2306 vinum;
851 2256 974 2295 cum
998 2256 1126 2296 vero
1147 2241 1408 2296 accedere
1429 2243 1675 2310 cmperit,
1708 2257 1814 2297 non
1840 2242 2007 2296 bibat.

432 2333 669 2391 Venerat
697 2336 749 2390 in
777 2337 923 2392 hunc
955 2339 1212 2392 mundum
1249 2335 1520 2403 Salvator,
1555 2346 1610 2389 ut
1641 2351 1738 2405 pro
1768 2337 2008 2402 peccatis

431 2429 633 2493 nostris
670 2442 892 2482 carnem
938 2444 1090 2483 suam
1126 2427 1348 2485 offerret
1401 2427 1638 2482 hostiam
1685 2428 1813 2482 Deo.
1858 2427 2008 2484 lianc

429 2518 742 2590 priusquam
771 2518 1010 2584 oll‘crret,
1043 2519 1184 2574 inter
1215 2519 1680 2589 dispensationum
1715 2535 1896 2575 moras
1923 2521 2009 2574 vi-

427 2625 560 2676 num
597 2611 812 2666 bibebat
854 2629 868 2665 :
909 2612 1145 2682 denique
1190 2613 1476 2667 dicebatur
1510 2613 1671 2666 homo
1717 2627 1906 2676 vorax,
1953 2623 2010 2667 et

429 2702 541 2754 vini
573 2712 809 2771 potator,
837 2704 1046 2758 amicus
1075 2703 1484 2773 publicanorum
1513 2712 1566 2758 et
1588 2713 1936 2774 peccatorum
1963 2704 2003 2759 ¹.

431 2789 530 2855 Ubi
566 2807 694 2847 vero
725 2804 937 2864 tempus
971 2795 1188 2857 advenit
1229 2795 1409 2850 crucis
1439 2810 1572 2861 suae,
1600 2805 1656 2850 et
1687 2811 2008 2851 accessurus

427 2891 546 2940 erat
585 2884 652 2935 ad
691 2881 866 2937 altare
906 2885 994 2938 ubi
1035 2882 1342 2938 immolaret
1377 2884 1608 2938 hostiam
1657 2885 1838 2938 carnis
1877 2899 2007 2949 sum,

425 2973 725 3042 Accipiens,
757 2973 954 3042 inquit,
1003 2974 1238 3040 calicem,
1270 2975 1530 3040 benedixit
1570 2983 1617 3028 et
1665 2973 1807 3027 dedit
1840 2977 2005 3029 disci-

422 3065 567 3140 pulis
617 3067 746 3129 suis,
787 3065 964 3119 dicem
999 3081 1016 3119 :
1050 3064 1284 3134 Accipite
1313 3075 1361 3120 et
1401 3065 1558 3119 bibite
1588 3081 1652 3121 ex
1675 3067 1770 3120 hoc
1791 3069 1836 3122 ⁸.
1876 3065 2002 3134 Vos,

425 3156 622 3226 inquit,
662 3157 850 3223 bibite,
883 3158 974 3226 qui
1006 3159 1169 3212 modo
1203 3160 1476 3213 accessuri
1519 3173 1624 3212 non
1652 3159 1785 3214 estis
1818 3161 1885 3214 ad
1920 3162 1999 3213 al-
2036 3189 2078 3246 ρ

425 3259 562 3304 tare.
603 3248 720 3318 Ipse
746 3259 924 3304 autem
955 3261 1211 3320 tanquam
1243 3265 1568 3305 accessurus
1597 3251 1664 3304 ad
1697 3251 1890 3317 altare,
1922 3252 2004 3306 di-

425 3341 503 3403 cit
528 3340 594 3393 de
618 3355 678 3394 se
703 3357 718 3394 :
746 3340 911 3394 Amen
937 3342 1056 3395 dico
1085 3342 1250 3408 vobis,
1283 3342 1407 3412 quia
1437 3356 1537 3393 non
1562 3340 1734 3394 bibam
1763 3341 1827 3394 de
1851 3357 2005 3410 gene-

425 3433 630 3485 ratione
671 3433 792 3486 vitis
837 3433 1019 3502 hujus,
1053 3449 1319 3503 usquequo
1365 3435 1538 3486 bibam
1569 3433 1704 3485 illud
1743 3437 2006 3489 vobiscum

428 3537 613 3577 novum
647 3523 702 3575 in
721 3539 879 3592 regno
901 3523 1079 3578 Putris
1117 3524 1310 3579 nui'.»
1351 3524 1489 3579 Hinc
1522 3527 1835 3582 Albertinus
1867 3527 2002 3581 efﬁci

429 3621 581 3687 putat
621 3613 822 3667 Christi
875 3613 1169 3684 discipulos
1216 3629 1425 3670 merum
1471 3617 1657 3671 vinum
1708 3619 1762 3681 in
1817 3618 2007 3672 ultima

429 3719 583 3764 ctena
634 3705 856 3770 bibisse,
891 3707 1344 3782 quemadmodum
1395 3709 1578 3772 Aaron
1611 3718 1666 3764 et
1695 3711 2008 3765 sacerdotes

430 3797 499 3850 ad
528 3794 699 3851 altare
723 3812 826 3851 non
853 3797 1127 3858 accessuri
1150 3812 1358 3862 merum
1379 3799 1562 3860 viuum
1584 3800 1872 3868 bibebant;
1907 3816 2006 3855 nec

429 3903 627 3958 capere
656 3905 713 3943 se
746 3889 877 3943 dicit
909 3890 1037 3968 quid
1062 3900 1250 3952 contra
1277 3905 1552 3962 opponere
1577 3893 1868 3961 possimus.
1899 3891 2006 3948 Re-

427 3982 666 4059 spondeo
692 3997 825 4036 vero
848 3981 1160 4051 Origeuem,
1185 3996 1308 4036 cum
1334 3983 1667 4038 existimavit
1691 3991 1846 4038 vetus
1873 3983 2004 4038 illud

427 4070 655 4137 Levitici
693 4082 1042 4142 praeceptum,
1084 4087 1192 4142 quo
1234 4073 1476 4143 pontiﬁci
1526 4084 1584 4128 et
1629 4073 2004 4130 sacerdotibus

432 4164 500 4217 ad
536 4162 706 4218 altare
747 4165 1048 4220 accessuris
1099 4165 1223 4219 vino
1266 4165 1715 4229 interdicebatur,
1755 4166 2005 4219 umbram

427 4267 616 4311 eorum
655 4255 822 4311 fuisse
859 4271 977 4325 qua:
1008 4256 1224 4311 Christo
1263 4265 1317 4312 et
1349 4257 1608 4327 apostolis
1633 4257 1999 4326 contigerunt,

427 4347 648 4419 quando
692 4349 780 4403 ille
813 4351 880 4402 ad
915 4349 1086 4402 altare
1113 4349 1293 4404 crucis
1323 4363 1646 4404 accessurus
1675 4349 1806 4404 vino
1835 4349 2002 4403 absti-

427 4441 570 4507 nuit,
602 4439 659 4494 hi
686 4454 818 4494 vero
852 4441 1088 4494 nondum
1119 4440 1185 4492 ad
1215 4439 1395 4494 crucis
1423 4437 1592 4493 altare
1620 4439 1886 4493 accessuri
1926 4439 2004 4492 vi-

2183 1967 2366 2021 Tenue
2413 1981 2542 2020 vero
2587 1975 2641 2020 et
2685 1965 2957 2020 inﬁrmum
2995 1969 3140 2022 tertii
3178 1968 3279 2023 loci
3310 1968 3494 2034 robur,
3526 1983 3690 2038 quem

2112 2074 2141 2112 e
2183 2058 2411 2130 Prolugo
2460 2061 2516 2113 in
2568 2058 2844 2112 Canticum
2888 2058 3092 2128 profert
3142 2060 3476 2115 Albertinus.
3526 2059 3584 2114 1n
3627 2077 3693 2116 eo

2113 2153 2348 2208 hominis
2405 2153 2718 2218 exterioris,
2777 2153 3024 2220 corporis
3087 2153 3342 2208 nimirum
3413 2156 3687 2224 proprium

2110 2245 2397 2314 quemdam
2437 2259 2558 2299 esse
2592 2244 2770 2299 cibum
2806 2243 3001 2298 scribit
3033 2243 3316 2316 Origenes,
3365 2261 3690 2316 corporeum

2111 2337 2319 2391 scilicet
2369 2344 2423 2390 et
2465 2347 2740 2391 terrenum
2788 2353 2802 2389 :
2854 2337 3134 2392 interioris
3176 2354 3306 2394 vero
3353 2339 3588 2395 hominis
3633 2351 3691 2395 et

2111 2426 2409 2495 spiritualis
2455 2430 2734 2497 proprium
2785 2443 3000 2497 quoque
3053 2443 3175 2483 esse
3221 2431 3439 2492 cibum;
3495 2447 3690 2500 panem

2113 2531 2311 2586 nempe
2341 2517 2515 2570 vivum
2548 2518 2639 2586 qui
2684 2518 2751 2571 de
2783 2517 2924 2572 caelo
2955 2518 3257 2573 descendit.
3303 2519 3408 2574 Sed
3451 2522 3562 2590 ipsa
3599 2537 3691 2576 re...

2110 2618 2355 2676 petamus
2383 2611 2546 2664 verba
2578 2625 2697 2679 quae
2719 2618 2935 2664 exstant
2960 2624 3080 2679 pag.
3117 2610 3222 2665 28:
3255 2629 3273 2662 ι
3310 2613 3400 2667 Est
3437 2616 3695 2666 materia.-

2111 2700 2177 2753 lis
2207 2699 2362 2767 hujus
2398 2701 2656 2766 hominis,
2692 2701 2783 2770 qui
2813 2711 2868 2754 ct
2892 2704 3132 2756 exterior
3163 2703 3486 2774 appellatur,
3508 2704 3686 2769 cibus,

2111 2800 2375 2861 potusque
2403 2801 2612 2845 naturae
2633 2807 2742 2846 suae
2767 2802 3027 2861 cognatus
3045 2808 3338 2863 corporeus
3358 2795 3459 2850 iste
3481 2796 3692 2850 scilicet

2110 2893 2165 2937 et
2213 2893 2483 2938 terrenus.
2537 2885 2798 2939 Similiter
2838 2895 3016 2939 autem
3059 2895 3114 2940 et
3153 2887 3413 2956 spiritalis
3455 2889 3691 2945 hominis

2113 2974 2303 3044 ipsius,
2342 2975 2432 3042 qui
2483 2985 2537 3030 et
2582 2977 2811 3031 interior
2852 2979 3072 3041 dicitur,
3111 2987 3194 3032 est
3227 2981 3478 3048 proprius
3513 2980 3690 3048 cibus,

2110 3068 2168 3112 ut
2199 3059 2352 3126 panis
2385 3059 2470 3112 illc
2508 3059 2662 3114 vivus
2696 3061 2787 3129 qui
2821 3062 2889 3116 de
2928 3063 3069 3118 coelo
3103 3063 3449 3117 descendit‘.
3498 3064 3604 3119 Sed
3640 3077 3694 3122 et

2113 3161 2272 3218 potus
2321 3151 2408 3203 ille
2447 3160 2526 3204 est
2571 3165 2637 3204 ex
2687 3152 2777 3206 illa
2806 3168 2948 3222 aqua
2991 3168 3155 3222 quam
3206 3154 3474 3224 promittit
3507 3155 3688 3221 Jesus,

2112 3243 2338 3297 dicens:
2378 3243 2695 3312 Quicunque
2740 3245 2927 3298 biberit
2971 3263 3035 3300 ea:
3076 3252 3175 3300 hac
3216 3264 3356 3315 aqua
3402 3265 3559 3318 quam
3597 3267 3692 3319 ego

2111 3336 2178 3388 do
2210 3336 2278 3401 ei,
2315 3352 2418 3388 non
2456 3337 2595 3390 sitiet
2621 3338 2674 3390 in
2706 3351 2959 3390 wternum
2988 3339 3030 3392 ⁵.
3078 3339 3168 3392 Sic
3199 3355 3328 3409 ergo
3375 3356 3470 3410 per
3508 3345 3690 3397 omnia

2110 3425 2409 3482 similitudo
2431 3427 2648 3497 quidem
2674 3429 3056 3483 vocabulorum
3084 3432 3377 3485 secundum
3402 3442 3694 3503 utrumque

2109 3516 2381 3572 hominem
2417 3519 2664 3587 ponitur;
2693 3533 2873 3572 rerum
2905 3533 3034 3573 vero
3064 3521 3368 3591 proprietas
3398 3522 3690 3592 unicuique

2107 3607 2341 3690 discreta
2369 3621 2643 3675 versatur,
2676 3619 2732 3664 et
2774 3613 3108 3680 corruptibili
3139 3614 3516 3682 corruptibilia
3549 3630 3691 3685 pra:-

2109 3699 2345 3768 beutur;
2396 3701 2794 3774 incorruptibili
2842 3720 2972 3758 vero
3017 3705 3449 3774 idcorruptihilia
3490 3721 3694 3775 propo-

2111 3801 2328 3846 nuntur.
2356 3791 2508 3850 Unde
2534 3797 2731 3851 accidit
2748 3807 2805 3852 ut
2825 3798 3181 3868 simpliciores
3203 3799 3420 3867 quidam
3445 3799 3692 3853 nescien-

2111 3888 2190 3935 tes
2217 3881 2548 3952 distinguere
2574 3900 2637 3939 ac
2660 3900 2943 3942 secernere
2967 3902 3088 3957 quae
3111 3888 3224 3942 sint
3263 3902 3384 3956 qua:
3440 3887 3492 3941 in
3535 3887 3689 3942 Scri-

2111 3972 2284 4042 pturis
2339 3973 2536 4029 divinis
2573 3976 2820 4032 interiori
2853 3979 3077 4042 homini,
3113 3993 3232 4048 qute
3265 3994 3394 4032 vero
3432 3979 3688 4034 exteriori

2107 4065 2408 4133 deputanda
2456 4067 2587 4133 sint,
2641 4068 3025 4123 vocabulorum
3070 4069 3512 4123 similitudinibus
3564 4069 3688 4124 falsi

2106 4158 2173 4209 ad
2219 4157 2426 4224 ineptas
2469 4161 2730 4226 quasdam
2762 4159 2969 4214 fabulas
3015 4173 3071 4215 et
3101 4161 3354 4229 ﬁgmenta
3404 4162 3584 4216 inania
3628 4178 3688 4216 se

2106 4249 2458 4315 contulerint,
2491 4263 2548 4305 ut
2578 4253 2740 4306 etiam
2770 4263 2889 4321 post
2917 4255 3369 4308 resurrectionem
3402 4256 3538 4310 cibis
3565 4271 3688 4309 cor-

2106 4340 2380 4411 poralibus
2413 4344 2668 4398 utendum
2701 4344 3005 4411 crederent,
3037 4354 3328 4414 potumque
3361 4347 3682 4401 sumendum

2108 4449 2213 4487 non
2258 4433 2430 4488 solum
2463 4449 2529 4488 ex
2564 4434 2652 4488 illa
2684 4435 2791 4489 vite
2828 4451 2954 4490 vera
3005 4447 3060 4490 et
3111 4437 3324 4491 vivente
3363 4437 3416 4492 in
3466 4439 3684 4504 saecula,

427 4548 556 4588 num
588 4533 859 4598 biberunt,
887 4533 938 4586 id
962 4532 1062 4586 sibi
1086 4531 1335 4596 voluisse,
1364 4531 1544 4584 vinum
1567 4531 1801 4586 Aaronis
1834 4541 1889 4585 et
1918 4545 2006 4586 sa—
2036 4529 2080 4584 D
2113 4540 2297 4578 verum
2329 4532 2386 4578 el
2413 4538 2480 4578 ex
2512 4525 2594 4578 Itis
2625 4525 2820 4579 Vilibus
2837 4537 2889 4579 et
2911 4525 3174 4581 fructibus
3205 4525 3357 4594 ligni.
3397 4547 3415 4579 ‹
3449 4527 3685 4591 Tantum

427 4629 708 4684 cerdotum
754 4629 807 4681 in
858 4642 924 4680 eo
963 4626 1197 4697 ὁμογενῆ
1245 4625 1410 4678 fuisse
1461 4624 1830 4678 eucharistico
1875 4624 2002 4678 vino

427 4720 630 4776 Christi
681 4730 736 4776 et
777 4719 1168 4790 apostolorum,
1210 4719 1357 4787 quod
1401 4727 1631 4785 utroque
1663 4717 2006 4771 abstinerent

426 4815 522 4882 qui
567 4811 845 4867 accessuri
884 4819 1040 4866 erant
1070 4812 1138 4864 ad
1172 4811 1367 4873 altare,
1410 4811 1479 4864 ab
1511 4811 1578 4865 iis
1610 4825 1741 4864 vero
1771 4811 1859 4881 qui
1897 4825 2003 4865 non

427 4911 610 4968 essent
635 4903 910 4958 accessuri
939 4903 1006 4957 ad
1031 4903 1202 4967 altare
1231 4915 1520 4972 utrumque
1551 4903 1862 4970 biberetur;
1895 4917 2002 4976 qua

429 4998 496 5051 de
533 5009 592 5049 re
631 4993 840 5060 scilicet
881 4995 984 5050 hoc
1027 4994 1147 5050 loco
1191 4995 1500 5065 agebatur:
1554 4995 1608 5048 in
1662 4994 1786 5054 aliis
1821 5003 2002 5047 autem

429 5087 598 5141 fuisse
621 5084 931 5173 ἑτερογενῆ,
953 5100 1018 5140 ac
1047 5085 1103 5147 in
1134 5101 1199 5140 eo
1229 5087 1498 5156 praecipue
1522 5086 1664 5153 quod
1692 5084 1922 5138 Aaronis
1949 5091 2003 5136 et

429 5179 772 5233 sacerdotum
831 5178 1040 5245 vinum,
1089 5191 1295 5239 merum
1334 5187 1479 5232 esset
1524 5177 1752 5244 vinum;
1801 5174 2002 5229 Christi

427 5285 560 5326 vero
587 5279 642 5326 et
667 5269 1079 5338 discipulorum,
1108 5269 1287 5338 specie
1311 5269 1594 5322 duntaxat.
1627 5266 1850 5336 Urgehit
1875 5280 2003 5320 vero

425 5362 622 5432 aliquis
655 5361 841 5414 dicens
885 5357 1033 5412 nulla
1068 5358 1156 5414 hic
1195 5367 1323 5418 nota
1357 5358 1614 5427 distingui
1653 5357 1835 5410 vinum
1869 5356 1997 5411 illud
2013 5345 2049 5380 ’δ’

422 5455 569 5526 quod
601 5469 722 5509 cum
754 5451 1054 5521 publicanis
1081 5461 1136 5506 et
1164 5449 1539 5520 peccatoribus
1590 5448 1810 5504 bibebat
1840 5447 2002 5502 Chri-

422 5555 566 5610 stus,
598 5544 665 5598 ab
696 5558 762 5599 eo
793 5543 920 5596 vino
950 5555 1058 5612 quo
1098 5540 1153 5595 in
1173 5539 1361 5594 ultima
1400 5552 1558 5605 creua
1587 5537 1870 5601 abstinuit,
1907 5537 2001 5591 sed

422 5648 715 5707 utrumque
745 5635 942 5708 opponi
975 5620 1118 5690 {vino
1164 5631 1418 5698 Aaronis,
1452 5645 1516 5686 ac
1556 5630 1786 5701 proinde
1823 5628 2001 5684 simite

491 5759 536 5791 "
567 5759 729 5814 llebr.
760 5775 812 5825 κ,
845 5761 895 5814 l.
1007 5763 1020 5791 '
1065 5759 1250 5814 Matth.
1292 5772 1368 5823 XI,
1404 5757 1490 5816 19.

423 5868 502 5926 tv.
554 5853 641 5919 ιτρ.

1571 5755 1586 5786 ³
1616 5753 1803 5820 Matth.
1837 5770 1980 5820 xxvi,
2010 5753 2100 5818 2‘5:
2147 5752 2166 5784 ³
2194 5751 2361 5816 Marc.
2401 5768 2514 5820 xiv,
2553 5752 2644 5808 25.

2112 4618 2264 4671 abest
2299 4627 2354 4671 ut
2393 4619 2518 4674 hinc
2554 4618 2753 4687 aliquid
2782 4635 2879 4689 pro
2909 4635 3006 4675 sua
3039 4635 3200 4675 causa
3233 4622 3490 4693 colligere
3517 4627 3687 4693 possit

2109 4707 2446 4774 Albcrtinus,
2478 4719 2536 4764 ut
2565 4710 2649 4764 vel
2680 4711 2844 4781 ipsius
2871 4711 3112 4782 opinioni
3141 4714 3474 4767 contrarium
3503 4715 3555 4769 id
3593 4731 3686 4781 po-

2113 4800 2220 4853 tius
2249 4810 2303 4853 et
2333 4800 2700 4855 adversarium
2742 4803 2846 4868 sit;
2879 4803 2963 4856 vel
2993 4813 3142 4857 certe
3182 4819 3280 4874 pro
3311 4816 3498 4860 neutra
3535 4817 3687 4876 parte

2108 4901 2327 4961 pugnet.
2365 4892 2570 4963 Duplex
2594 4894 2857 4963 siquidem
2886 4898 3058 4961 cibus,
3091 4897 3285 4966 duplex
3308 4911 3436 4953 esus
3462 4899 3684 4953 interio-

2111 4989 2186 5041 ris
2215 4987 2450 5042 hominis
2480 4987 2699 5058 intelligi
2730 4999 2907 5056 potest
2936 5005 2951 5044 :
2981 4991 3066 5045 vel
3095 5007 3220 5046 esus
3249 4991 3683 5055 sacramentalis,

2109 5094 2233 5134 cum
2266 5080 2466 5135 Christi
2502 5095 2697 5149 corpus
2730 5095 2826 5134 ore
2869 5082 3192 5151 recipimus;
3224 5082 3306 5135 vel
3355 5081 3512 5146 alter,
3560 5097 3682 5134 cum

2111 5169 2345 5226 Verbum
2378 5186 2597 5225 carnem
2617 5171 2818 5226 factum
2847 5172 2951 5226 ﬁde
2971 5173 3420 5241 apprehendimus
3448 5181 3502 5226 et
3531 5187 3684 5227 com-

2104 5263 2340 5328 edimus,
2382 5277 2612 5332 quorum
2656 5273 2882 5332 uterque
2929 5265 3104 5333 capite
3153 5262 3378 5318 Joannis
3410 5275 3562 5319 sexto
3589 5279 3683 5317 ex-

2109 5358 2358 5428 ponitur;
2391 5358 2479 5412 hic
2506 5357 2721 5426 quidem
2760 5372 2790 5410 a
2821 5372 2978 5412 versu
3013 5358 3075 5414 5|
3124 5361 3188 5411 ad
3222 5361 3336 5412 lucc
3365 5361 3527 5413 verba
3556 5373 3681 5413 ver-

2111 5464 2203 5503 sus
2230 5445 2341 5501 52:
2375 5447 2442 5499 Et
2464 5451 2618 5516 panis
2655 5461 2807 5515 queat
2836 5461 2928 5513 ego
2970 5448 3144 5512 dabo;
3189 5448 3278 5501 ille
3317 5461 3445 5502 vero
3488 5448 3554 5502 ab
3600 5449 3684 5502 his

2110 5535 2289 5591 verbis
2328 5538 2395 5591 ad
2435 5551 2654 5592 versum
2696 5535 2787 5591 59.
2834 5536 2892 5591 Si
2920 5550 3044 5590 esus
3069 5537 3160 5590 ille
3205 5536 3544 5605 intelligitur,
3573 5551 3684 5606 quo

2110 5625 2343 5683 Verbum
2374 5643 2592 5684 carnem
2633 5630 2835 5685 factum
2868 5630 2974 5684 ﬁde
3002 5629 3356 5697 comedimus,
3397 5629 3524 5700 quid
3559 5629 3685 5688 inde

2771 5752 2790 5783 ‘
2829 5752 2982 5817 Joan.
3033 5767 3111 5820 vt,
3139 5749 3335 5817 “,51.
3461 5748 3483 5780 '
3523 5745 3681 5813 Joan.
