4170 6404
505 356 536 412 1
545 357 652 414 087

1786 351 1848 408 Ρ.
1889 343 2208 401 DANIELIS
2241 341 2473 399 HUETII

3634 334 3770 391 £088

500 471 726 529 efﬁcere
757 470 928 540 possit
951 468 1290 532 Albertinus,
1322 482 1425 523 non
1456 467 1632 526 video.
1667 466 1924 522 Fatemur
1944 468 2086 521 enim
2117 468 2162 522 Α
2192 473 2275 518 est
2309 461 2556 530 corporis
2586 469 2767 531 typum
2798 472 2860 511 ac
2889 454 3215 528 symbolum.
3244 452 3378 521 Quis
3417 461 3604 507 autem
3647 465 3772 506 eum

507 564 744 622 Verbum
779 577 998 618 carnem
1029 559 1256 626 factum,
1286 569 1552 630 quatenus
1585 562 1689 615 ﬁde
1736 561 2092 631 apprehendi-

504 667 598 712 tur
625 665 680 712 et
710 654 1033 719 comeditur,
1069 654 1266 708 animae
1297 654 1573 723 proprium
1597 667 1721 708 esse
1749 654 1950 715 cibum,
1986 667 2090 706 non

506 750 772 816 corporis.
821 744 888 798 Et
937 760 1004 800 ne
1048 743 1174 814 quid
1227 743 1589 808 dissimulem,
1640 745 1785 797 hunc
1835 755 1956 797 esse
1986 740 2092 796 loci

502 837 838 892 intellectum
870 850 1086 890 censeo.
1120 835 1215 889 Sin
1243 849 1376 889 vero
1408 849 1536 889 esus
1572 833 1979 889 sacramentalis
2005 831 2093 887 hic

505 926 863 996 signiﬁcatur,
905 939 1004 980 suo
1048 924 1155 978 sibi
1200 923 1381 994 gladio
1407 924 1693 996 jugulatur
1740 924 2090 988 Albertinus;

507 1032 631 1071 nam
661 1015 840 1070 cibum
871 1014 1020 1069 illum
1047 1014 1310 1070 vocabulo
1335 1023 1539 1069 tantum
1563 1029 1686 1068 cum
1713 1015 1849 1068 cibis
1872 1012 2093 1081 reliquis

502 1108 797 1164 convenire
842 1108 918 1161 ait
957 1090 1243 1176 Origenes,
1282 1122 1433 1161 suam
1475 1122 1605 1162 vero
1655 1119 2094 1174 unumquemque

508 1198 896 1267 proprietatem
941 1210 1199 1262 servare;
1246 1196 1371 1252 illos
1418 1198 1716 1266 corrumpi,
1770 1197 1914 1251 hunc
1957 1197 2094 1251 inte-

507 1305 663 1360 grum
700 1301 962 1344 manere:
1006 1289 1086 1343 sic
1123 1303 1224 1344 nos
1267 1302 1460 1357 panem
1509 1287 1926 1343 eucharisticum
1969 1302 2092 1342 cum

507 1381 633 1436 aliis
680 1381 910 1450 panibus
953 1379 1218 1436 vocabulo
1264 1379 1559 1435 convenire
1606 1379 1859 1444 dicimus,
1913 1380 2094 1449 reipsa

509 1475 856 1543 discrepare;
886 1472 984 1528 hos
1011 1473 1310 1543 corrumpi,
1338 1487 1539 1544 corpus
1565 1487 1696 1528 vero
1716 1472 1944 1538 Christi,
1973 1488 2093 1528 cor-

506 1568 688 1636 ruptis
713 1566 1107 1634 accidenlibus,
1135 1567 1507 1635 incorruptum
1540 1581 1762 1622 manere
1787 1585 1800 1622 :
1828 1575 1883 1621 et
1904 1581 2096 1636 qnam-

507 1658 594 1714 vis
629 1672 883 1726 corpore,
916 1656 1106 1712 itidem
1151 1666 1212 1711 ut
1253 1655 1344 1711 alii
1385 1671 1553 1726 panes
1594 1657 1924 1727 excipiatur,
1972 1659 2093 1713 illos

514 1759 695 1804 tamen
730 1751 782 1804 in
825 1749 1140 1803 alimentum
1182 1747 1430 1819 corporis
1460 1748 1696 1816 mutari;
1732 1749 1834 1804 hoc
1873 1751 2092 1817 animze,

511 1837 759 1892 interiori
783 1836 991 1892 scilicet
1018 1836 1225 1891 homini
1250 1851 1316 1891 ac
1341 1835 1595 1907 spiritali,
1626 1837 1939 1893 alimoniam
1965 1842 2094 1896 sub-

515 1926 849 1990 ministrare,
882 1926 1256 1983 accidentibus
1287 1927 1551 1982 duntaxat
1577 1941 1774 1997 corpus
1799 1928 2092 1996 alentibus,

509 2030 801 2092 postquam
829 2020 882 2074 in
914 2035 1108 2076 novam
1139 2019 1496 2076 substantiam
1521 2035 1786 2076 conversa
1813 2031 1957 2076 sunt.
1991 2021 2095 2088 Qui

515 2127 646 2170 vero
669 2115 786 2170 haac
811 2114 1092 2170 sententiae
1112 2129 1224 2171 sua:
1245 2113 1732 2170 accommodabunt
1753 2115 2092 2180 heterodoxi,

511 2221 640 2262 cum
673 2221 867 2276 panem
895 2206 1316 2262 eucharisticum
1349 2204 1568 2260 nomine
1605 2213 1815 2260 tantum
1845 2221 1966 2262 cum
1994 2221 2094 2278 pa-

518 2295 679 2352 nibus
719 2295 944 2367 reliquis
968 2300 1261 2352 convenire
1292 2305 1503 2352 asserat
1537 2297 1837 2367 Origenes;
1866 2296 1940 2351 illi
1983 2313 2094 2354 non

513 2390 736 2445 nomine
761 2389 960 2452 solum.
985 2390 1080 2446 sed
1107 2391 1283 2461 reipsa
1310 2390 1529 2460 penitus
1551 2391 1842 2446 convenire
1869 2390 2049 2446 dicant
2077 2407 2092 2448 :

515 2481 662 2539 hunc
693 2482 908 2548 animae,
939 2480 1178 2538 hominis
1204 2495 1401 2550 nempe
1426 2481 1686 2552 spiritalis
1714 2492 1768 2536 et
1797 2482 2094 2550 interioris,

516 2572 775 2642 pabulum
821 2587 942 2630 esse
991 2572 1172 2628 tradat
1223 2572 1524 2644 Origenes;
1570 2574 1690 2629 illos
1725 2589 1923 2644 corpus
1953 2575 2098 2630 alere

517 2664 838 2720 heterodoxi
877 2673 1112 2734 putent:
1149 2665 1252 2721 bos
1282 2679 1571 2734 corporeos
1608 2674 1662 2719 et
1709 2675 1952 2720 terrenos
1998 2681 2098 2734 ap-

516 2754 682 2824 pellet
716 2754 999 2824 Origenes,
1041 2764 1102 2810 ut
1132 2756 1200 2811 ab
1232 2755 1324 2810 illo
1359 2755 1657 2824 distinguat
1704 2757 1796 2826 qui
1837 2757 2098 2825 spiritalis

517 2856 625 2911 est,
671 2847 933 2918 mysticus
964 2856 1020 2902 et
1055 2847 1505 2915 sacramentalis;
1540 2849 1858 2904 lneterodoxi
1887 2865 2017 2905 vero
2045 2859 2100 2905 et

518 2937 664 2994 hunc
694 2947 751 2992 et
785 2938 905 2994 illos
934 2938 1092 3011 plane
1129 2954 1426 3010 corporeos
1471 2951 1526 2996 et
1557 2950 1802 2997 terrenos
1833 2957 1956 2998 esse
2001 2943 2100 2999 de-

517 3032 787 3087 cernant?

593 3120 852 3177 Ultimum
877 3121 1077 3187 locum,
1096 3122 1354 3193 quoniam
1376 3137 1441 3178 ex
1473 3121 1698 3194 Dia/oga
1719 3125 1783 3179 de
1804 3127 2098 3181 orthodoxa

515 3210 646 3288 ﬁde,
692 3213 881 3281 spurio
911 3213 1112 3283 quippe
1143 3211 1314 3280 libro,
1353 3223 1409 3268 et
1437 3213 1687 3284 Origenis
1729 3231 1926 3271 nomen
1965 3218 2104 3273 falso

521 3319 633 3373 pra
669 3319 728 3358 se
753 3303 962 3359 ferente
1001 3303 1204 3375 petitus
1227 3315 1334 3372 est,
1363 3320 1464 3362 nec
1493 3309 1562 3361 ad
1593 3307 1699 3362 hoc
1743 3310 1979 3378 pertinet
2016 3311 2103 3366 in-

521 3395 790 3462 stitulum,
822 3397 1202 3466 praetermitto.

591 3486 830 3556 Lepidus
874 3501 1005 3542 vero
1035 3496 1118 3543 est
1167 3488 1506 3557 Albertinus,
1543 3506 1665 3545 cum
1698 3490 1964 3548 adversus
1993 3491 2106 3548 Bu-

523 3577 799 3648 lengerum
851 3578 1133 3648 disputat,
1188 3581 1282 3650 qui
1332 3591 1500 3637 contr.
1556 3581 1785 3638 Casaub.
1841 3592 1983 3653 part.
2040 3599 2106 3651 ιι,

521 3667 683 3723 diatr.
709 3669 760 3732 5,
793 3683 914 3738 pag.
950 3669 1074 3737 167,
1105 3671 1429 3726 catholicum
1458 3673 1525 3728 de
1547 3673 1886 3728 Eucharistia
1911 3676 2106 3745 dogma

524 3758 849 3816 defendebat
872 3763 972 3816 hoc
999 3761 1249 3833 Origenis
1281 3765 1594 3821 testimonio
1623 3783 1637 3820 :
1681 3767 1793 3821 Καὶ
1816 3767 1926 3840 γὰρ
1952 3771 1981 3822 ὁ
2004 3769 2106 3839 ἄρ-

520 3867 617 3905 του
655 3853 919 3924 μετέχων,
949 3853 1044 3909 τοῦ
1077 3853 1325 3928 σώματος
1353 3857 1558 3928 Κυρίου
1588 3860 2015 3932 μεταλαμϐάνειθ
2045 3862 2106 3917 οὐ

521 3943 632 4015 γὰρ
669 3944 1011 4017 προσέχομεν
1039 3949 1104 4018 τῇ
1142 3947 1300 4017 φύσει
1333 3964 1443 4001 των
1488 3948 1762 4020 αἰσθητῶς
1813 3951 2110 4024 προκειμέ-

521 4051 652 4100 νων,
708 4034 823 4088 ἀλλ’
873 4036 1148 4107 ἀνάγομεν
1196 4039 1294 4110 τὴν
1341 4039 1519 4112 ψυχὴν
1573 4041 1661 4096 διὰ
1709 4043 1946 4108 πίστεως
2014 4044 2110 4098 ἐπὶ

522 4123 584 4179 τὺ
606 4125 700 4179 τοῦ
723 4126 897 4196 Λόγου
939 4127 1115 4198 σῶμα.
1165 4129 1240 4182 UO
1283 4129 1388 4197 γὰρ
1435 4126 1574 4182 εἴπεο
1614 4130 1782 4185 Τοῦτό
1807 4134 1924 4185 ἐστι
1967 4132 2108 4203 σύμ-

522 4214 696 4270 ϐολον
727 4219 886 4286 ἀλλὰ,
919 4220 1100 4274 Τοῦτό
1118 4220 1251 4276 ἐστι
1273 4221 1342 4276 τὸ
1374 4221 1569 4292 σῶμα,
1592 4223 1896 4289 δεικτικῶς,
1927 4226 2015 4279 ἵνα
2033 4225 2109 4298 μὴ

521 4309 724 4381 νομίσῃ
740 4327 826 4374 τις
845 4310 1013 4364 τύπον
1041 4309 1202 4369 εἶναι.
1232 4330 1252 4366 ι
1283 4312 1415 4366 Nam
1444 4315 1536 4384 qui
1560 4315 1618 4368 ﬁt
1638 4317 1793 4386 panis
1818 4317 2108 4387 particeps,

522 4414 718 4469 corpus
748 4402 946 4458 Christi
988 4405 1318 4474 participat:
1360 4421 1460 4461 nec
1488 4408 1636 4461 enim
1675 4409 2010 4464 attendimus
2042 4409 2110 4465 ad

2199 554 2498 609 crediderit
2542 559 2650 605 tam
2697 547 2990 618 pugnantia
3039 543 3368 613 scripsisse?
3411 542 3568 597 Absit
3611 541 3775 612 igitur

2193 657 2224 696 a
2271 642 2426 697 nobis
2460 647 2612 694 tanta
2640 637 2930 708 supinitas,
2977 643 3038 690 ut
3067 635 3232 689 verba
3274 634 3388 689 haec
3419 631 3605 687 nescio
3636 631 3776 687 unde

2195 747 2434 804 sumpta,
2480 742 2740 800 tanquam
2780 730 3032 798 Origenis
3065 729 3294 800 genuina
3344 726 3720 797 suscipiamus.
3749 741 3768 776 ι

2193 827 2335 882 Alibi
2386 836 2567 880 tamen
2608 823 2922 878 Albertinus
2968 822 3132 877 citata
3173 821 3417 891 quaedam
3475 818 3544 872 ab
3585 818 3775 873 eodem

2194 917 2498 986 Bulengero
2546 916 2665 970 loca
2706 913 2979 983 Origenis,
3021 927 3141 982 quae
3185 925 3363 966 causa:
3390 925 3502 965 sua:
3543 909 3778 964 credidit

2192 1019 2520 1078 Opportuna,
2568 1021 2668 1076 pro
2715 1005 2989 1076 germanis
3037 1004 3296 1058 admisit:
3345 1020 3363 1052 ι
3423 1000 3515 1055 Sic
3545 1001 3688 1054 enim
3722 1009 3777 1054 et

2194 1100 2481 1170 Origenes,
2519 1118 2537 1151 ι
2589 1098 2768 1168 inquit
2810 1097 2905 1152 lib.
2955 1110 3016 1160 ιι,
3057 1111 3179 1165 cap.
3223 1095 3278 1158 5,
3336 1112 3355 1146 ι
3396 1108 3426 1147 a
3473 1091 3778 1161 Bulengero

2195 1191 2397 1247 relatus
2426 1191 2503 1245 ait
2542 1199 2723 1244 contra
2750 1187 3124 1243 Casaubonum
3153 1186 3289 1240 Diat.
3334 1185 3386 1249 5,
3429 1201 3480 1254 p.
3517 1184 3617 1238 166
3651 1202 3662 1236 :
3695 1182 3777 1236 Τὰ

2194 1285 2287 1338 ἐπὶ
2333 1282 2429 1337 τοῦ
2472 1280 2691 1352 λογικοῦ
2737 1280 2894 1352 ἡμῶν
2935 1277 3321 1350 θυσιαστηρίου
3386 1275 3777 1347 ἐπιτελούμενα

2194 1373 2413 1444 ἁγιάζει
2437 1374 2533 1446 τὴν
2558 1373 2860 1446 τράπεζαν,
2889 1374 2983 1426 καὶ
3007 1372 3074 1426 τὰ
3106 1373 3162 1426 ὲν
3191 1371 3327 1442 αὐτῇ
3369 1369 3558 1442 σκεύη.
3604 1369 3774 1423 Ἀντί-

2194 1488 2344 1526 τυπα.
2362 1472 2472 1543 γάρ
2495 1471 2601 1527 etot
2630 1467 2726 1523 τοῦ
2757 1466 3086 1522 Δεσποτικοῦ
3111 1465 3382 1538 σώματος.
3414 1484 3433 1517 ι
3463 1466 3592 1532 Quae
3619 1479 3780 1535 super

2195 1562 2447 1617 rationali
2513 1561 2672 1617 altari
2742 1569 2935 1616 nostro
3001 1558 3381 1631 perﬁciuntur,
3435 1553 3780 1612 sanctiﬁcant

2196 1670 2464 1723 mensam,
2505 1665 2561 1710 et
2593 1669 2719 1709 vasa
2751 1654 2884 1724 qua!
2908 1652 2963 1706 in
2994 1653 3111 1722 ipsa
3143 1658 3291 1723 sunt.
3337 1648 3594 1718 Antitypa
3635 1647 3779 1700 enim

2199 1756 2326 1804 sunt
2355 1746 2622 1802 Dominici
2661 1745 2930 1816 corporis.
2962 1762 2982 1796 ι
3014 1743 3312 1798 Commoda
3345 1755 3479 1796 sane
3523 1749 3577 1794 et
3604 1736 3783 1794 facilis

2202 1839 2514 1909 dispulandi
2550 1839 2717 1904 ratio;
2750 1838 2796 1892 si
2827 1851 2948 1908 qua:
2975 1833 3303 1890 catholicam
3335 1848 3556 1890 causam
3587 1830 3784 1901 juvant

2203 1927 2535 1993 testimonia,
2561 1942 2662 1997 pro
2685 1926 2839 1981 falsis
2859 1941 2946 1994 ea,
2972 1924 3170 1994 spuriis
3206 1938 3271 1978 ac
3312 1921 3520 1978 ﬁctitiis
3544 1921 3778 1977 habere:

2201 2019 2248 2076 si
2293 2033 2414 2090 qua:
2459 2017 2715 2073 videntur
2758 2016 2933 2072 eidem
2975 2015 3276 2078 contraria,
3325 2013 3410 2070 his
3439 2013 3584 2067 haud
3626 2026 3784 2067 secus

2203 2129 2268 2169 ac
2291 2112 2550 2185 legitimis
2572 2121 2627 2168 et
2657 2111 2906 2183 genuinis
2935 2111 3035 2165 uti.
3075 2107 3172 2164 Vel
3206 2109 3356 2177 prior
3381 2121 3513 2162 sane
3543 2104 3786 2161 solvatur

2201 2207 2376 2270 locus,
2401 2203 2486 2260 vel
2515 2213 2821 2276 postremus
2848 2218 2955 2258 non
3005 2203 3340 2267 intentetur;
3375 2214 3539 2271 quem
3571 2213 3672 2253 nos
3699 2206 3785 2252 ta-

2203 2313 2327 2354 men
2355 2298 2543 2353 itidem
2565 2295 2872 2365 excipimus
2891 2303 2950 2350 ιιι
2973 2295 3162 2362 alium,
3185 2293 3237 2348 in
3256 2307 3365 2364 quo
3390 2289 3786 2348 eucharisticus

2207 2389 2365 2462 panis
2403 2403 2606 2460 corpus
2647 2387 2884 2461 typicum
2917 2394 2973 2441 et
3018 2384 3380 2458 symbolicum
3422 2380 3726 2454 appellatur
3769 2399 3784 2434 :

2205 2498 2328 2538 nam
2351 2482 2641 2538 ἀντίτυπον
2684 2476 3018 2534 Δεσποτικοῦ
3053 2475 3323 2550 σώματος,
3354 2474 3498 2529 idem
3531 2481 3615 2529 est
3650 2486 3713 2527 ac
3742 2471 3786 2526 si

2204 2584 2607 2632 sacramentum
2651 2574 2901 2644 corporis
2949 2572 3157 2628 Christi
3205 2568 3465 2642 appellet.
3513 2566 3786 2622 Praeterea

2205 2684 2313 2724 non
2341 2669 2473 2724 satis
2501 2676 2726 2738 apparet
2753 2682 2822 2722 an
2871 2665 2939 2721 de
2982 2678 3122 2736 pane
3160 2672 3216 2719 et
3253 2663 3382 2718 vino
3424 2659 3788 2716 eucharistico

2206 2762 2317 2818 illic
2341 2770 2467 2833 agat
2495 2760 2779 2832 Origenes,
2801 2767 2864 2815 ut
2890 2757 3005 2813 vult
3030 2757 3364 2813 Albertinus.
3387 2754 3478 2810 Ait
3499 2753 3643 2810 enim
3669 2764 3789 2822 qua:

2211 2871 2234 2908 ι
2267 2854 2624 2925 perﬁciuntur
2667 2866 2836 2921 super
2873 2850 3036 2906 altari
3078 2857 3268 2905 nostro
3311 2846 3585 2912 rationali,
3619 2865 3638 2900 ι
3687 2845 3790 2900 hoc

2206 2952 2292 3000 est
2343 2944 2400 2998 in
2427 2942 2610 2998 animo
2636 2950 2845 3006 nostro,
2883 2957 2903 2994 ι
2939 2953 3182 2994 mensam
3211 2948 3266 2993 et
3291 2951 3424 2992 vasa
3450 2951 3570 3006 qua:
3595 2936 3648 2990 in
3676 2936 3791 3007 ipsa

2207 3044 2333 3090 sunt
2357 3033 2721 3101 sanctiﬁcare,
2757 3051 2778 3085 ι
2809 3034 2910 3087 hoc
2934 3039 3019 3086 est
3044 3031 3283 3085 animum
3318 3037 3376 3084 et
3427 3027 3593 3082 animi
3625 3025 3791 3082 facul-

2211 3136 2368 3182 tates.
2398 3124 2516 3181 Non
2544 3125 2702 3180 video
2730 3138 2828 3179 cur
2861 3123 2977 3178 hzec
3002 3121 3067 3176 ad
3096 3136 3248 3177 esum
3276 3119 3454 3191 potius
3479 3133 3792 3174 sacramen-

2212 3218 2371 3273 talem
2421 3216 2705 3272 referenda
2751 3215 2884 3280 sint,
2933 3229 3097 3284 quam
3133 3214 3199 3267 ad
3248 3227 3370 3267 eum
3403 3225 3510 3280 quo
3555 3209 3792 3264 Verbum

2209 3325 2432 3366 carnem
2467 3309 2670 3364 factum
2706 3308 2812 3363 ﬁde
2853 3306 3206 3362 comedimus.
3243 3303 3421 3372 Atque
3458 3311 3516 3356 ut
3547 3301 3640 3356 hic
3667 3315 3794 3356 esus

2208 3410 2294 3458 est
2320 3400 2616 3457 ἀντίτυπον
2654 3398 3066 3457 sacramentalis
3093 3413 3240 3463 esus,
3284 3397 3358 3452 ita
3404 3396 3644 3452 Verbum
3688 3395 3793 3449 ﬁde

2209 3495 2631 3564 apprehensum,
2667 3503 2724 3548 et
2751 3501 2810 3548 ut
2834 3493 2908 3547 ita
2939 3492 3115 3547 dicam
3149 3489 3554 3555 manducatum,
3578 3489 3792 3543 ἀντίτυ-

2210 3602 2313 3640 πον
2351 3595 2437 3640 est
2481 3584 2744 3640 Dominici
2789 3583 3057 3654 corporis.
3095 3579 3286 3636 Priore
3327 3596 3457 3636 vero
3507 3581 3628 3636 loco
3668 3595 3791 3636 cum

2209 3693 2408 3750 corpus
2432 3677 2638 3734 Christi
2665 3679 2742 3733 ait
2761 3693 2868 3733 non
2895 3690 3016 3732 esse
3049 3683 3256 3744 typum,
3285 3675 3366 3730 sic
3394 3673 3656 3744 intellige,
3687 3687 3792 3728 non

2210 3786 2331 3827 esse
2361 3785 2570 3825 merum
2597 3778 2784 3842 typum
2813 3779 2868 3823 et
2910 3769 3124 3840 signum
3159 3768 3277 3823 sine
3309 3781 3369 3821 re
3409 3766 3644 3837 signata,
3675 3779 3796 3835 quas

2212 3863 2450 3933 vulgaris
2489 3869 2575 3917 est
2609 3861 2720 3932 typi
2756 3860 2944 3926 notio;
2987 3860 3082 3916 sed
3113 3873 3219 3915 non
3265 3869 3426 3930 negat
3459 3871 3580 3913 esse
3613 3867 3793 3928 typum

2210 3969 2276 4010 ac
2323 3954 2539 4024 signum
2587 3952 2811 4008 alterius
2859 3951 3095 4022 generis,
3145 3965 3339 4020 nempe
3384 3964 3444 4004 re
3494 3949 3795 4020 signiﬁcata

2211 4046 2584 4116 conjunctum.
2615 4045 2792 4118 Atque
2821 4044 2939 4100 haec
2969 4043 3022 4098 in
3049 4043 3339 4114 praesentia
3368 4040 3662 4098 sufﬁciant.
3691 4040 3794 4107 Qui

2213 4139 2366 4210 plura
2433 4138 2595 4207 volet,
2634 4137 3018 4193 Bellarminum
3078 4136 3324 4192 consulat
3359 4136 3453 4191 lib.
3497 4151 3536 4191 ιι
3570 4134 3644 4190 De
3682 4132 3794 4187 Eu-

2211 4232 2432 4286 cltariu.
2461 4245 2584 4302 cap.
2612 4230 2670 4294 8,
2701 4229 2792 4285 ubi
2822 4244 2930 4284 non
2960 4228 3121 4284 allata
3152 4228 3327 4284 solum
3353 4245 3382 4283 a
3410 4227 3648 4300 Martyre
3675 4227 3800 4283 Ori-

2213 4323 2369 4394 genis
2395 4323 2618 4393 exponit
2651 4323 2982 4388 testimonia,
3017 4322 3112 4378 sed
3145 4322 3379 4392 plurima
3403 4336 3621 4392 quoque
3653 4320 3801 4389 ejus-

2213 4418 2337 4471 dem
2369 4417 2583 4481 recitat,
2617 4415 2814 4486 quibus
2845 4425 2994 4472 recte
3025 4415 3091 4471 de
3147 4423 3486 4471 sacramento
3535 4413 3801 4466 Euchario

525 4498 775 4546 naturam
822 4507 1004 4547 rerum
1042 4494 1374 4549 sensibiliter
1415 4497 1840 4566 prepositarum,
1875 4499 1967 4554 sed
2000 4499 2102 4554 eri-
2137 4512 2184 4568 ι)
2211 4508 2330 4563 sum
2363 4508 2603 4564 sensisse
2649 4507 2888 4563 creditus
2919 4516 3002 4563 est
3040 4525 3054 4561 ε
3086 4515 3141 4562 ει
3168 4521 3265 4561 nos
3300 4518 3512 4576 quoque
3545 4502 3801 4558 nonnulla

523 4583 701 4653 gimus
723 4585 961 4639 animam
989 4601 1086 4655 per
1113 4586 1274 4642 ﬁdem
1305 4588 1373 4641 ad
1401 4604 1596 4658 corpus
1626 4588 1811 4644 Verbi.
1840 4590 1974 4645 Nam
2003 4607 2108 4647 non

525 4675 716 4732 dixit:
753 4674 866 4732 lloc
918 4689 1000 4734 est
1050 4678 1392 4752 Symbolum,
1444 4683 1560 4750 sed,
1608 4681 1724 4738 Hoc
1768 4693 1842 4737 est
1897 4669 2143 4754 corpus,’

524 4767 980 4835 ostensive,utne
1008 4771 1129 4841 quis
1167 4781 1316 4841 putet
1338 4782 1521 4844 typum
1560 4789 1734 4829 esse.»
1763 4773 1880 4828 Non
1911 4775 2110 4830 nodum

523 4858 687 4915 solvit
712 4861 1031 4918 Alhertinus
1077 4864 1215 4936 (42),
1254 4866 1346 4921 sed
1378 4877 1528 4922 secat
1558 4867 1662 4922 hac
1705 4867 2098 4937 responsione:

533 4973 551 5003 ι
586 4953 838 5012 Fictitius
873 4956 1022 5013 locus
1059 4968 1162 5023 est,
1211 4973 1278 5013 ac
1319 4958 1551 5015 Graeculi
1590 4960 1730 5015 forte
1762 4959 1991 5030 alicujus
2020 4975 2108 5014 re-

525 5048 805 5114 centioris,
853 5048 1071 5120 Origeni
1115 5050 1250 5104 falso
1279 5049 1488 5106 aflictus
1533 5068 1548 5106 :
1593 5049 1927 5120 Bulengerus
1964 5051 2107 5104 enim

527 5139 754 5208 ipsemet
803 5140 973 5195 alium
1025 5142 1250 5198 adduxit
1292 5158 1358 5198 ex
1402 5143 1591 5198 eodem
1625 5140 1857 5212 Origene
1906 5141 2108 5206 locum,

528 5233 618 5286 ubi
653 5233 808 5302 plane
838 5233 890 5287 in
923 5237 1256 5291 contrarium
1289 5236 1365 5290 ait
1397 5236 1464 5290 de
1494 5250 1633 5306 pane
1660 5243 1717 5291 et
1745 5235 1873 5290 vino
1901 5235 2111 5289 Eucha-

530 5324 718 5379 ristico
739 5324 826 5379 illa
855 5327 1096 5396 antitypa
1125 5342 1244 5382 esse
1271 5325 1818 5398 Dominicikorporis,
1842 5326 2114 5381 ἀντίτυπά

531 5417 639 5469 εἱσι
669 5417 765 5470 τοῦ
805 5418 1137 5473 Δεσποτικοῢ
1170 5418 1442 5491 σώματος.
1480 5418 1946 5487 Quemadmodum
1978 5430 2033 5473 et
2061 5420 2112 5475 in

534 5510 652 5564 loco
700 5526 766 5564 ex
817 5510 1211 5567 Commentario
1257 5515 1311 5566 in
1363 5511 1678 5567 Malthamm
1721 5527 1882 5582 supra
1925 5513 2115 5580 citato,

533 5616 728 5672 panem
760 5615 921 5657 vocat
950 5619 1146 5672 corpus
1198 5603 1436 5675 typicum
1483 5614 1540 5660 et
1581 5605 1964 5674 symbolicum,
2014 5606 2116 5663 hoc

605 5697 636 5729 "
660 5697 1006 5767 Matinum,
1031 5700 1124 5754 εδ.

609 5789 724 5857 (‘2)
769 5790 1032 5847 Albertin.
1061 5791 1137 5846 Dc
1169 5810 1396 5848 sacrum.
1431 5791 1597 5848 Elicit.
1631 5793 1722 5850 lib.
1749 5809 1808 5862 ll,
1849 5810 1962 5866 cap.
1993 5793 2048 5852 9.

2217 4601 2284 4655 ad
2313 4610 2442 4656 tom.
2466 4617 2520 4656 ιι
2574 4599 2796 4672 Origen.
2819 4600 2876 4655 in
2895 4599 3116 4666 Matth”
3143 4615 3291 4654 nutu.
3317 4597 3404 4664 14,
3425 4610 3590 4668 super
3608 4595 3802 4652 eodem

2219 4701 2542 4760 argumento
2569 4692 2942 4747 observamus.

2291 4783 2375 4842 lll.
2419 4783 2502 4840 Ab
2534 4783 2894 4840 Eucharistite
2923 4789 3265 4839 sacramento
3299 4779 3709 4851 progrediamur
3735 4780 3800 4835 ad

2219 4884 2620 4929 sacramentum
2654 4872 3007 4937 matrimonii,
3041 4871 3186 4926 circa
3221 4871 3364 4939 quod
3393 4884 3423 4923 a
3464 4870 3800 4924 communio.

2219 4965 2370 5020 ribus
2426 4964 2684 5020 Ecclesia:
2736 4964 3003 5032 dogmatis
3055 4960 3318 5032 Origenes
3368 4961 3422 5014 in
3476 4961 3799 5030 quibusdam

2214 5058 2416 5112 abiisse
2439 5056 2670 5112 videtur.
2696 5055 2936 5110 Primum
2964 5055 3115 5109 hom.
3147 5054 3206 5108 11
3243 5055 3297 5106 in
3319 5051 3544 5118 Jerem.,
3575 5068 3722 5106 num.
3747 5051 3798 5118 5,

2217 5164 2271 5219 p.
2306 5149 2434 5215 191,
2477 5163 2810 5218 quaecunque
2847 5163 2918 5204 ex
2975 5147 3121 5203 coitu
3166 5154 3220 5200 et
3257 5144 3529 5216 voluptate
3590 5143 3802 5215 proﬁci-

2213 5251 2459 5307 scuntur,
2502 5241 2822 5311 purgatione
2864 5240 3108 5311 indigere
3161 5241 3236 5294 ait
3272 5256 3287 5293 :
3323 5249 3379 5293 et
3412 5249 3545 5292 tom.
3605 5251 3713 5290 xvu
3746 5236 3801 5288 in

2223 5333 2447 5400 Matth.,
2483 5351 2631 5389 num.
2675 5334 2766 5402 35,
2817 5349 2941 5405 pag.
2984 5335 3111 5398 827,
3145 5332 3544 5404 quodammodo
3576 5328 3804 5399 pollutos

2223 5440 2344 5480 esse
2370 5425 2502 5489 vult,
2536 5426 2847 5496 quicunque
2887 5424 3136 5480 venereis
3163 5433 3385 5477 utuntur
3412 5438 3427 5476 :
3475 5435 3542 5475 ne
3568 5433 3660 5474 eas
3688 5418 3806 5488 qni-

2225 5519 2347 5574 dem
2401 5518 2708 5591 voluptates
2762 5519 3063 5590 excipiens,
3119 5531 3352 5586 quarum
3400 5511 3807 5569 matrimonium

2223 5609 2493 5668 licentiam
2531 5612 2680 5669 facit.
2720 5610 2922 5667 Deinde
2983 5610 3122 5666 libro
3157 5622 3196 5663 ιι
3230 5607 3284 5664 in
3321 5605 3496 5676 Epist.
3526 5603 3596 5661 ad
3629 5600 3810 5670 Rom.,
