4170 6464
495 414 630 470 1089

1338 411 1906 469 ORIGENIANORUM
1944 413 2074 469 LIB.
2117 412 2182 479 ll,
2223 413 2375 468 CAP.
2412 411 2478 476 ll,
2516 411 2795 478 ρυίεδτ.
2836 411 2979 469 XIV.

3608 418 3632 471 1
3644 418 3746 484 09o

499 544 647 583 num.
686 527 773 593 15,
820 541 943 597 pag.
991 522 1097 578 494
1128 566 1143 589 ,
1189 524 1628 579 incircumcisum
1673 526 1923 594 appellat,
1975 528 2067 596 qui
2096 531 2145 586 Α
2174 539 2277 576 non
2309 532 2528 593 propter
2557 524 2925 592 generationis
2966 524 3234 591 ordinem,
3269 526 3581 594 nuptiarum
3618 530 3745 583 ado'

490 619 759 675 concessis
787 615 1118 670 matrimonii
1142 612 1265 682 jure
1298 616 1664 683 voluptatibus
1700 618 2063 687 intemperan-

490 709 595 763 tius
626 709 900 774 abutitur;
937 706 1321 761 circumcisum
1359 721 1511 773 vero,
1565 723 1585 757 ε
1620 708 1663 761 si
1710 708 1834 776 quis
1867 708 1919 761 in
1958 708 2061 761 hu-

489 798 781 866 juscemodi
814 796 1028 865 negotio
1058 794 1333 865 legitimis,
1363 804 1417 850 et
1449 806 1710 865 quantum
1756 798 2059 867 posteritati

488 890 679 945 sufﬁcit
722 897 906 941 utatur
954 886 1166 944 ciliciis.
1205 906 1224 939 ι
1278 886 1333 941 1η
1377 904 1484 956 quo
1517 898 1876 958 praeterquam
1923 905 2059 960 que-

490 984 667 1036 renda:
709 980 906 1034 sobolis
939 979 1133 1048 gratia,
1167 993 1513 1048 congressum
1555 994 1770 1033 omnem
1804 980 2061 1050 eonjuga-

490 1073 591 1126 lem
627 1071 835 1125 videtur
881 1083 1157 1138 respuere,
1202 1070 1364 1124 etiam
1402 1071 1549 1124 illum
1585 1071 1676 1139 qui
1720 1079 1778 1124 nt
1816 1074 2057 1125 debitum

488 1160 746 1225 redditur,
785 1159 868 1213 vel
897 1162 1123 1215 vitandae
1152 1160 1463 1214 tentationis
1494 1175 1656 1215 causa
1690 1173 2055 1230 perpetratur.

488 1250 592 1305 Sed
621 1248 737 1304 hac
760 1265 972 1319 quoque
1001 1251 1053 1304 in
1085 1265 1214 1304 voce
1245 1267 1265 1300 ί
1302 1250 1555 1319 legitimis
1592 1269 1611 1303 ι
1640 1252 1907 1306 contineri
1939 1267 2059 1321 pos-

488 1358 674 1396 sumus
721 1344 1085 1411 respondere;
1136 1341 1220 1395 vel
1265 1342 1641 1397 circumcisum
1669 1344 1884 1412 quidem
1934 1359 2055 1398 cum

491 1452 616 1491 esse
659 1436 751 1505 qui
795 1436 1141 1504 procreandae
1173 1443 1379 1488 tantum
1421 1435 1486 1488 ad
1528 1435 1725 1489 cultum
1758 1437 1848 1490 Dei
1890 1436 2058 1505 prolis

492 1540 654 1581 causa
685 1536 863 1579 actum
899 1525 1232 1595 conjugalem
1259 1534 1509 1593 exercet;
1549 1535 1604 1580 at
1626 1541 1731 1580 non
1760 1527 2055 1581 incircum-

484 1616 676 1678 cisum,
706 1614 795 1683 qui
827 1613 960 1669 alios
989 1622 1246 1683 praeterea
1295 1615 1431 1669 lines
1459 1625 1686 1685 spectat,
1714 1616 1807 1668 sed
1848 1616 1939 1684 qui
1975 1616 2056 1670 in-

485 1714 853 1775 temperanter
886 1719 944 1758 se
980 1705 1137 1773 gerit.
1188 1702 1552 1775 Hieronymus
1580 1716 1725 1760 certe
1756 1705 1852 1759 lib.
1906 1721 1945 1759 ll
1998 1708 2052 1760 in

484 1794 657 1864 Epist.
683 1795 771 1848 -ad
813 1795 1033 1862 Ephrem,
1071 1809 1189 1864 cap.
1222 1794 1292 1859 5,
1336 1795 1573 1864 reliquos
1611 1811 1799 1850 omnes
1842 1797 2052 1851 videtur

484 1887 786 1957 improbare
817 1888 972 1953 lines,
1000 1902 1167 1941 unum
1199 1888 1340 1941 hunc
1371 1887 1676 1951 admittere,
1705 1903 1812 1956 quo
1837 1887 2049 1943 soboles
2082 1863 2124 1922 Β

482 1980 842 2049 comparanda
899 1980 1231 2050 preponitur.
1287 1997 1306 2031 ι
1363 1979 1452 2043 Si,
1525 1979 1737 2049 inquit,
1792 1981 1864 2034 ita
1912 1996 2050 2036 uxor

480 2069 808 2138 subjicienda
844 2070 959 2123 viro
985 2079 1088 2135 est,
1118 2078 1176 2123 ut
1205 2068 1422 2125 Christo
1465 2070 1742 2137 Ecclesia;
1783 2071 1926 2126 inter
1963 2074 2046 2127 vi-

478 2174 598 2213 rum
627 2169 681 2213 et
725 2175 946 2214 uxorem
974 2162 1078 2214 erit
1117 2169 1299 2223 sancta
1331 2159 1656 2229 conjunctio,
1687 2169 1742 2216 et
1773 2178 2045 2231 nunquam

478 2250 721 2319 corporis
750 2252 985 2305 servient
1013 2252 1391 2321 passionibus:
1426 2270 1445 2304 ι
1478 2251 1776 2308 Corinthiis
1806 2269 1956 2318 vero,
1990 2263 2048 2308 ut

478 2344 728 2408 infirmis,
768 2345 995 2399 necdum
1022 2340 1196 2398 solida
1245 2346 1445 2415 pietate
1491 2347 1758 2400 roboratis
1804 2358 2047 2402 mutuam

478 2434 641 2488 debiti
672 2434 992 2489 solutionem
1019 2450 1115 2503 per
1141 2435 1550 2503 συγκατάϐασιν
1576 2447 1631 2491 et
1660 2437 2044 2506 indulgentiam

478 2524 702 2580 Paulum
735 2526 1067 2581 concessisse
1112 2526 1277 2592 dicit;
1329 2536 1387 2580 at
1419 2527 1693 2597 Ephesiis,
1732 2537 1793 2582 ut
1836 2540 1959 2597 pote
1992 2530 2044 2583 in

477 2617 675 2673 Christi
706 2617 948 2671 doctrina
978 2618 1403 2687 provectioribus
1428 2620 1735 2688 ademisse;
1756 2622 2047 2690 unicuique

481 2719 656 2765 tamen
680 2710 760 2763 vel
786 2710 1063 2779 Ephesios,
1098 2711 1177 2765 vel
1197 2709 1505 2766 Corinthios
1532 2712 1771 2766 aemulari
1795 2712 1877 2767 fas
1903 2728 2043 2768 esse.

477 2802 543 2857 Et
581 2802 739 2873 paulo
789 2811 951 2874 posti:
994 2820 1015 2853 r
1054 2800 1371 2858 Liberorum
1412 2818 1560 2873 ergo,
1592 2811 1650 2857 ut
1679 2804 1936 2867 diximus,
1988 2805 2040 2858 in

477 2896 819 2951 matrimonio
847 2910 1008 2964 opera
1037 2909 1291 2949 concessa
1318 2904 1462 2949 sunt.
1494 2894 1810 2964 Voluptates
1836 2904 2041 2959 autem,

476 3003 594 3055 quae
620 2989 684 3041 de
722 2987 1063 3041 meretricum
1087 2985 1372 3056 capiuntur
1398 2986 1754 3055 amplexibus,
1790 2986 1843 3039 in
1878 3002 2046 3042 uxore

476 3080 765 3133 damnatae.
798 3078 908 3133 Hoc
935 3078 1124 3149 legens
1161 3077 1338 3132 omnis
1362 3078 1447 3131 vir
1475 3086 1529 3131 et
1553 3091 1710 3143 uxor,
1745 3078 2047 3147 intelligant

478 3170 581 3224 sibi
614 3181 735 3240 post
771 3178 1087 3241 conceptum
1119 3169 1288 3239 magis
1317 3168 1551 3224 orationi
1581 3184 1742 3239 quam
1775 3169 2045 3225 connubio

2166 613 2480 668 lescentulis
2506 614 2683 668 vincla
2713 616 3044 670 tribuantur.
3082 636 3102 669 ι

2236 704 2351 761 Hoc
2378 705 2630 774 amplius,
2673 706 2863 761 scribit
2894 705 3155 777 Origenes
3186 708 3375 764 homil.
3409 709 3441 763 6
3470 711 3525 764 in
3548 710 3742 779 Num,

2168 811 2320 850 num.
2349 797 2408 861 5,
2446 797 2656 852 actibus
2684 798 3052 868 conjngalibus
3076 798 3336 867 Spiritum
3364 810 3609 855 sanctum
3636 818 3743 857 non

2165 886 2377 941 adesse.
2412 886 2585 942 Verba
2616 886 2734 941 haec
2768 896 2927 941 sunt:
2982 906 3001 939 ι
3044 886 3323 943 Connubia
3358 890 3575 959 quidem
3606 891 3742 960 legi-

2165 978 2294 1030 tima
2344 987 2531 1032 carent
2571 978 2784 1047 quidem
2823 989 3079 1048 peccato;
3126 995 3226 1034 nec
3280 990 3457 1034 tamen
3502 990 3741 1048 tempore

2163 1067 2254 1121 illo
2277 1082 2384 1136 quo
2418 1067 2728 1137 conjugales
2770 1078 2924 1133 actus
2956 1079 3219 1139 geruntur
3247 1071 3532 1140 praesentia
3563 1072 3736 1127 sancti

2165 1158 2401 1226 Spiritus
2447 1160 2685 1227 dabitur,
2733 1163 2943 1216 etiamsi
2990 1162 3251 1231 prepheta
3299 1177 3424 1217 esse
3469 1163 3736 1233 videatur,

2159 1250 2250 1319 qui
2296 1250 2471 1305 ollicio
2519 1253 2891 1321 generationis
2934 1253 3273 1321 obsequitur.
3334 1272 3352 1305 ι
3404 1255 3475 1309 At
3522 1265 3737 1310 constat

2162 1349 2340 1394 tamen
2369 1350 2547 1394 actum
2572 1341 2734 1407 hunc,
2760 1342 2803 1395 si
2831 1344 3186 1413 suscipienda:
3210 1343 3375 1413 prolis
3391 1360 3553 1400 causa
3579 1361 3735 1402 exer-

2158 1440 2369 1495 ceatur,
2399 1431 2482 1485 vel
2511 1432 2675 1486 debiti
2701 1433 2979 1499 reddendi,
3007 1435 3131 1504 quia
3166 1434 3314 1489 aliud
3342 1445 3427 1489 est
3458 1438 3738 1507 religionis

2156 1534 2313 1587 opus,
2380 1520 2524 1573 aliud
2572 1519 2821 1586 iustitiae,
2870 1531 3113 1577 sanctum
3167 1538 3285 1578 esse
3338 1535 3393 1580 et
3452 1527 3619 1594 pium,
3670 1543 3735 1583 ac

2157 1612 2385 1679 proinde
2438 1611 2673 1679 Spiritus
2717 1612 2889 1665 sancti
2940 1615 3183 1668 subsidio
3222 1624 3277 1669 et
3313 1631 3416 1684 ope
3461 1620 3730 1672 exerceri.

2156 1701 2493 1756 Contradicit
2521 1702 2872 1757 nihilominus
2904 1705 3109 1761 Auctor
3139 1705 3330 1774 Operi:
3352 1709 3645 1777 imperfecti
3676 1711 3740 1766 iu

2159 1790 2350 1844 Matth.
2403 1807 2442 1855 ι,
2495 1792 2581 1855 18,
2636 1794 2819 1861 aitque
2863 1796 3261 1850 matrimonium
3307 1799 3405 1851 etsi
3458 1801 3737 1855 utentibus

2153 1895 2367 1948 pmnam
2414 1897 2518 1936 non
2564 1883 2778 1949 inferat,
2826 1886 3127 1940 mercedem
3191 1896 3369 1942 tamen
3426 1904 3530 1942 non
3593 1904 3737 1958 praes

2154 1983 2318 2028 stare.

2224 2084 2507 2143 Postremo
2552 2086 2774 2143 iteratae
2820 2090 3055 2158 nuptias,
3100 2105 3205 2145 non
3248 2092 3400 2161 quasi
3439 2091 3731 2150 damnosas

2152 2176 2368 2246 penitus
2396 2192 2460 2231 ac
2497 2179 2718 2246 noxias,
2755 2180 2848 2234 sed
2882 2180 3035 2249 quasi
3081 2183 3169 2251 pio
3196 2191 3249 2236 et
3287 2182 3594 2239 Christiano
3625 2187 3732 2241 ho-v

2154 2266 2297 2321 mine
2339 2267 2585 2339 indignas
2624 2269 2977 2325 Adamantius
3016 2274 3304 2327 traduxit:
3345 2277 3486 2344 quod
3528 2278 3728 2333 merito

2153 2358 2422 2412 criminati
2464 2369 2591 2413 sunt
2636 2360 3147 2432 Magdeburgenses,
3181 2364 3335 2419 Cent.
3370 2367 3425 2431 5,
3460 2381 3580 2435 cap.
3632 2367 3720 2422 10.

2158 2465 2178 2500 ι
2210 2447 2363 2503 Nunc
2392 2464 2543 2515 vero,
2582 2468 2601 2501 ι
2656 2452 2830 2521 inquit
2862 2452 3053 2508 homil.
3097 2453 3165 2508 17
3193 2454 3248 2507 in
3295 2452 3453 2522 Lua,
3480 2473 3504 2507 ς
3548 2465 3603 2510 et
3633 2472 3724 2512 se-

2152 2540 2363 2605 cundae,
2391 2548 2445 2594 et
2480 2540 2673 2606 tertiae,
2704 2550 2759 2596 et
2785 2552 2992 2613 quarta
3023 2545 3243 2613 nuptiae,
3281 2552 3341 2597 ut
3376 2545 3443 2599 de
3478 2545 3733 2615 pluribus

2155 2639 2382 2695 taceam,
2431 2633 2798 2701 reperiuntur,
2843 2643 2896 2689 et
2927 2650 3035 2691 non
3080 2638 3391 2707 ignoramus
3433 2638 3575 2706 quod
3616 2637 3722 2694 tale

2151 2717 2461 2788 conjugium
2495 2720 2675 2788 ejiciet
2710 2738 2809 2775 nos
2843 2723 2907 2777 de
2941 2738 3106 2795 regno
3136 2724 3251 2779 Dei.
3290 2742 3309 2776 ι
3365 2724 3434 2780 Et
3479 2726 3678 2782 deinde
3704 2744 3727 2782 :7

2157 2828 2176 2861 ι
2216 2809 2288 2864 De
2312 2819 2455 2864 cmtu
2483 2811 2875 2881 primitivorum
2927 2814 3507 2886 imuiaculatorumque
3536 2817 3727 2872 Eccle-

2154 2902 2264 2963 site,
2303 2918 2422 2972 quae
2451 2919 2554 2958 non
2586 2903 2745 2958 habet
2789 2905 3075 2970 maculam,
3109 2921 3282 2975 neque
3312 2922 3497 2976 rugam
3529 2908 3588 2942 ⁸·
3615 2905 3723 2976 eji-

2152 2993 2325 3048 cietur
2345 2994 2610 3062 digamus,
2632 3009 2736 3049 non
2768 3010 2877 3064 quo
2905 2996 2956 3049 in
2982 3007 3238 3051 aeternum
3271 3000 3512 3052 mittatur
3537 2997 3731 3053 incen-r

2153 3082 2325 3147 dium,
2358 3083 2453 3137 sed
2499 3098 2607 3152 quo
2656 3094 2868 3152 partem
2905 3100 3010 3140 non
3041 3086 3235 3140 habeat
3266 3086 3319 3140 in
3353 3102 3517 3156 regno
3550 3088 3666 3143 Dei.
3696 3106 3717 3142 ι

2153 3171 2288 3227 Τιιηι
2312 3188 2475 3228 mox:
2510 3192 2530 3225 ι
2562 3174 2697 3229 Puto
2723 3175 2865 3228 enim
2902 3190 3304 3246 monogamum,
3346 3187 3400 3232 et
3428 3178 3724 3249 virginem,

473 3230 839 3314 serviendum.
880 3230 955 3313 Et-
972 3260 1116 3329 quod
1151 3259 1206 3313 in
1240 3259 1562 3314 animalibus
1602 3268 1657 3312 et
1698 3259 1889 3313 bestiis
1928 3260 2045 3330 ipso
2072 3230 2113 3288 ο
2146 3273 2201 3317 et
2228 3278 2350 3316 eum
2390 3263 2484 3333 qui
2511 3262 2564 3317 in
2589 3262 2908 3318 castimonia
2938 3230 3417 3332 perseverat,csse
3440 3230 3722 3320 deoEcele:

474 3360 682 3403 natura:
730 3349 852 3417 jure
899 3350 1267 3419 pnescriptum
1317 3359 1432 3415 est,
1489 3358 1550 3404 ut
1596 3360 1934 3419 pncgnantes
1980 3352 2045 3405 ad

473 3450 683 3507 partum
714 3454 882 3507 usque
914 3454 1019 3493 non
1060 3448 1274 3503 coeant,
1306 3441 1411 3494 hoc
1444 3440 1497 3494 in
1534 3440 1840 3494 hominibus
1868 3441 2046 3496 sciant

475 3529 702 3583 arbitrio
735 3529 1076 3592 derelictum,
1108 3539 1168 3582 ut
1199 3544 1406 3584 merces
1435 3539 1581 3585 esset
1607 3545 1675 3584 ex
1716 3531 2043 3586 abstinentia

473 3620 829 3689 voluptatum.
868 3639 886 3672 ι
926 3620 1004 3674 Eo
1039 3621 1303 3675 accedunt
1341 3624 1441 3676 ista
1474 3621 1754 3690 Epiphanii
1788 3623 1917 3676 haar.
1952 3624 2043 3689 65,

474 3726 595 3781 cap.
618 3713 671 3778 4,
702 3711 759 3766 '0
783 3712 974 3782 σεμνὸς
991 3712 1047 3765 δὲ
1072 3711 1248 3783 γάμος
1270 3713 1609 3767 παιδοποιίαν
1631 3714 1731 3768 οὐκ
1754 3715 1833 3778 εἰς
1855 3716 2046 3787 αἰσχύ-

472 3820 569 3873 νην
614 3803 681 3856 τὰ
710 3805 773 3857 ὲκ
805 3802 943 3856 Θεοῦ
981 3803 1158 3866 καλῶς
1180 3804 1507 3873 κεκτισμένα
1545 3803 1896 3876 ἀπαγορεύει·
1927 3806 2042 3858 ἀλλ’

472 3895 595 3948 οὔτε
625 3895 797 3959 ἄλλως
835 3896 1264 3965 μεταχειρίζεται
1295 3896 1392 3966 τῆς
1429 3894 1523 3948 τοῦ
1544 3896 1721 3966 γάμου
1762 3899 2043 3963 κοινωνίας

473 3987 571 4058 τὴν
602 3988 664 4039 ὲκ
701 3986 834 4039 Θεοῦ
867 3986 1206 4057 τεταγμένην
1240 3987 1483 4059 ἀγωγήν.
1534 4005 1553 4039 t
1590 3986 1909 4058 Neutiquam
1947 3990 2043 4046 ho-

474 4076 748 4132 norabiles
788 4077 985 4146 nuptiae
1030 4078 1098 4132 ad
1146 4078 1491 4147 ignominiam
1530 4081 1807 4135 trahentes
1855 4096 1974 4151 quae
2011 4098 2041 4136 a

475 4169 585 4223 Deo
620 4169 835 4223 condita
873 4178 1019 4234 sunt,
1057 4168 1348 4224 liberorum
1384 4171 1815 4239 procreationem
1854 4173 2039 4242 prohi-

474 4260 603 4313 bent
631 4277 646 4326 ;
682 4261 774 4315 sed
802 4274 900 4316 nec
928 4259 1084 4314 aliter
1115 4270 1376 4329 usurpant
1404 4262 1659 4331 nuptialis
1708 4262 2043 4331 conjunctio-

475 4351 559 4405 nis
610 4352 827 4405 modum
875 4365 904 4404 a
954 4349 1065 4405 Deo
1104 4352 1428 4407 institutum.
1469 4370 1489 4404 ι
1551 4353 1884 4422 Astipulatnr
1925 4356 2039 4408 Au—

474 4442 719 4513 gustinus
743 4441 880 4498 libro
916 4441 994 4497 De
1018 4443 1148 4497 bona
1170 4442 1458 4513 conjugali,
1484 4457 1602 4513 cap.
1631 4444 1686 4496 7.
1729 4462 1747 4495 ι
1773 4443 2036 4510 Reddere,

2147 3353 2226 3408 sia
2254 3353 2385 3419 Dei;
2417 3368 2540 3408 eum
2573 3368 2699 3408 vero
2727 3352 2820 3423 qui
2850 3355 2921 3409 sit
2949 3355 3213 3424 digamus,
3243 3354 3367 3409 licet
3393 3354 3588 3410 bonam
3624 3354 3719 3409 ha-

2144 3445 2271 3500 beat
2304 3444 2791 3509 conversationem,
2836 3454 2892 3499 et
2932 3446 3144 3501 caeteris
3177 3445 3467 3501 virtutibus
3494 3444 3718 3515 polleat,

2147 3544 2324 3591 tamen
2346 3550 2451 3591 non
2476 3549 2596 3590 esse
2618 3535 2683 3590 de
2700 3535 2964 3602 Ecclesia,
2995 3544 3049 3591 et
3068 3536 3134 3590 de
3150 3550 3214 3591 eo
3236 3551 3463 3591 numero
3495 3535 3584 3605 qui
3605 3550 3711 3590 non

2146 3626 2307 3682 habet
2326 3641 2510 3697 rugam
2527 3634 2618 3680 aut
2637 3626 2923 3691 maculam,
2942 3635 3033 3681 aut
3054 3626 3254 3695 aliquid
3276 3627 3578 3682 istiusmodi
3594 3642 3610 3691 ;
3625 3626 3726 3682 sed

2143 3732 2263 3773 esse
2282 3718 2350 3773 de
2377 3717 2613 3773 secundo
2638 3718 2830 3787 gradu,
2852 3727 2906 3773 et
2933 3718 2998 3773 de
3019 3718 3105 3773 his
3127 3722 3216 3788 qui
3245 3719 3499 3775 invocant
3524 3735 3718 3774 nomen

2143 3808 2378 3872 Domini,
2425 3818 2479 3862 et
2522 3809 2611 3878 qui
2667 3807 2943 3862 salvantur
2991 3808 3208 3879 quidem
3252 3809 3303 3863 in
3345 3810 3564 3866 nomine
3590 3808 3718 3865 Jestt

2144 3898 2373 3967 Christi;
2414 3913 2755 3968 nequaquam
2808 3907 2984 3954 tamen
3043 3910 3371 3955 coronantur
3425 3901 3499 3956 ab
3544 3915 3629 3956 eo.
3693 3918 3723 3953 ν

2143 3988 2278 4044 llinc
2318 3990 2535 4044 homilia
2579 3989 2647 4044 19
2690 3989 2745 4041 in
2778 3987 3001 4055 Jerem.,
3066 4005 3217 4044 num.
3262 3989 3319 4055 4,
3367 4005 3471 4045 non
3515 4000 3727 4047 aeterno

2143 4080 2358 4150 quidem
2401 4079 2757 4134 addicendnm
2794 4079 2957 4132 tradit
2990 4080 3252 4150 supplicio
3278 4080 3586 4150 digamum,
3622 4087 3716 4137 sed

2140 4170 2456 4241 participem
2479 4170 2667 4226 salutis
2688 4170 2914 4236 alicujus
2938 4170 3199 4233 futurum,
3224 4185 3326 4224 non
3353 4180 3529 4225 tamen
3557 4180 3717 4227 tanta:

2140 4262 2431 4327 felicitatis,
2477 4269 2691 4331 quantae
2745 4261 2834 4329 qui
2888 4275 3054 4329 purus
3106 4260 3318 4316 vixerit.
3367 4260 3536 4315 Tomo
3582 4276 3716 4331 quo-

2141 4367 2245 4423 que
2272 4368 2343 4406 xx
2397 4354 2451 4405 in
2486 4350 2675 4418 10am,
2717 4367 2862 4405 num.
2899 4350 2987 4416 lO,
3038 4352 3089 4405 in
3126 4366 3190 4406 eo
3236 4353 3545 4422 neutiquam
3596 4353 3725 4408 imiv

2143 4440 2360 4495 tandum
2392 4440 2760 4495 Abrabatnum
2797 4440 3138 4509 pronuntiat,
3166 4441 3308 4509 quod
3353 4440 3560 4497 ancillae
3587 4457 3716 4497 con-

474 4535 671 4605 inquit,
735 4535 971 4590 debitum
1032 4535 1311 4606 conjugale
1364 4536 1564 4590 nullius
1620 4545 1704 4589 est
1765 4536 2036 4604 criminis;
2072 4567 2115 4621 ο
2144 4531 2426 4597 cubuerit,
2455 4539 2509 4586 et
2555 4530 2817 4586 defunctae
2845 4532 2998 4586 uxori
3029 4532 3187 4585 aliam
3228 4532 3278 4585 in
3323 4542 3599 4590 senectute
3626 4549 3717 4588 su-

474 4628 695 4696 exigere
722 4636 901 4682 autem
932 4626 1071 4681 ultra
1103 4627 1394 4696 generandi
1436 4627 1836 4692 necessitatem,
1869 4624 2041 4695 eulpre

475 4719 697 4773 venialis
727 4736 740 4771 :
780 4737 798 4769 ι
830 4718 973 4787 quod
1016 4718 1175 4771 iterat
1209 4732 1329 4785 cap.
1381 4716 1447 4771 10
1474 4726 1525 4771 et
1554 4716 1643 4779 11,
1676 4725 1729 4770 et
1753 4716 1847 4772 lib.
1901 4731 1916 4770 ι
1970 4716 2042 4770 De

474 4820 622 4878 nupt.
651 4821 698 4863 et
730 4810 1052 4878 concupisc.,
1084 4824 1204 4877 cap.
1242 4808 1331 4861 14.
1365 4807 1701 4876 Astipulatur
1741 4818 1793 4862 et
1828 4807 2041 4877 supple-

474 4911 711 4955 mentum
747 4900 980 4956 Summw
998 4901 1059 4956 S.
1096 4899 1305 4954 Thamar
1348 4911 1539 4969 quaest.
1575 4901 1668 4965 49,
1710 4915 1761 4954 a.
1794 4901 1846 4955 5.
1887 4900 2039 4967 Quod

475 5002 653 5048 autem
680 4993 846 5063 jactat
884 4991 1213 5063 Theophilus
1252 4991 1448 5046 Pasch.
1488 4992 1523 5046 2
1566 5003 1621 5047 et
1667 4994 1723 5057 5,
1754 4992 2037 5062 Origenem

480 5103 501 5137 ι
538 5085 882 5141 honorabiles
902 5086 1291 5142 condemnasse
1312 5088 1548 5157 nuptias,
1582 5105 1601 5139 ι
1639 5102 1743 5141 non
1773 5087 1823 5140 i-l
1844 5102 1907 5140 ex
1927 5086 2041 5155 ejus

472 5176 678 5239 verbis,
706 5173 798 5229 sed
830 5188 896 5229 ex
926 5175 1182 5230 doctrina:
1208 5174 1375 5244 ipsius
1403 5176 1787 5244 consequentia
1818 5176 1994 5246 arguit
2024 5196 2039 5232 :

474 5268 552 5321 sic
581 5268 723 5321 enim
756 5264 1141 5319 ratiocinatur:
1170 5265 1225 5319 Si
1252 5267 1302 5320 in
1332 5280 1578 5335 corpora,
1604 5265 1685 5321 sic
1707 5274 1958 5335 tanquam
1984 5268 2036 5320 in

473 5356 769 5427 ergastula,
791 5355 1147 5409 detruduntur
1176 5356 1373 5410 animae
1404 5357 1599 5421 noxiae,
1623 5372 1726 5411 non
1760 5371 1881 5412 esse
1908 5356 2039 5411 illud

478 5468 498 5501 ι
523 5447 695 5502 cubile
722 5445 1146 5509 immaculatum,
1169 5463 1189 5497 ι
1218 5460 1315 5499 nec
1340 5462 1358 5497 ι
1384 5445 1728 5501 honorabiles
1753 5447 1987 5514 nuptias,
2014 5464 2032 5496 ι

471 5553 592 5609 qua;
652 5536 947 5591 formandis
1000 5533 1338 5606 corporibus,
1390 5550 1455 5589 ac
1506 5536 1699 5590 animis
1752 5536 2038 5604 puniendis

471 5642 691 5700 operam
725 5627 875 5690 dant,
914 5640 1063 5694 cum,
1093 5642 1112 5676 ι
1144 5634 1365 5694 propter
1400 5638 1588 5694 poenas
1619 5625 1947 5690 animarum,
1984 5631 2039 5678 et

543 5854 565 5887 ⁸
604 5858 619 5875 ³
651 5854 849 5921 Ephes.
890 5868 940 5915 v,
971 5852 1058 5905 υ.

2144 4620 2536 4691 perinduxerit.
2580 4620 2833 4675 Profecto
2861 4636 2964 4675 non
3002 4620 3375 4688 Montanistaz,
3415 4623 3554 4676 inter
3580 4637 3723 4691 quos

2146 4711 2526 4777 Tertullianus,
2553 4725 2653 4765 nec
2694 4709 2977 4764 Novatiani
3009 4709 3183 4764 solum
3215 4709 3316 4763 hac
3346 4710 3594 4780 opinione
3633 4713 3716 4765 in-

2145 4803 2269 4859 fecti
2297 4813 2439 4867 sunt,
2463 4804 2557 4858 sed
2588 4803 2840 4857 nonnulla
2869 4802 3031 4857 etiam
3057 4801 3213 4871 hujus
3234 4802 3412 4856 ab‘inia
3440 4817 3505 4856 ex
3529 4806 3717 4859 ortho-

2145 4895 2297 4950 doxis
2326 4895 2677 4961 scriptoribus
2704 4892 2883 4947 afferri
2914 4892 3106 4960 solent,
3135 4910 3253 4964 qua:
3284 4895 3335 4947 in
3368 4894 3715 4950 Decretorum

2144 4997 2296 5055 parte
2323 5002 2379 5052 ιι,
2410 5002 2559 5040 cans.
2592 4986 2682 5049 51,
2714 4994 2906 5054 quaest.
2939 4985 2988 5052 1,
3017 5000 3139 5038 can.
3173 4983 3228 5051 8,
3269 4986 3302 5040 9
3326 4994 3380 5039 et
3412 4986 3500 5049 10,
3537 4986 3723 5041 retulit

2145 5078 2451 5133 Gratianus.
2482 5075 2638 5130 Prior
2676 5078 2827 5131 locus
2858 5083 2943 5129 est
2984 5089 3048 5129 ex
3082 5073 3503 5130 Neocmsariensi
3530 5076 3715 5131 conci-

2144 5167 2235 5234 lio,
2273 5182 2380 5236 quo
2413 5185 2432 5219 ι
2471 5167 2826 5221 secundarum
2861 5167 3167 5235 nuptiarum
3225 5166 3493 5221 connubio
3530 5185 3550 5218 ι
3592 5181 3723 5236 pre‘

2144 5260 2328 5330 sbyter
2360 5259 2620 5312 interesse
2654 5256 2995 5327 prohibetur,
3030 5272 3150 5311 cum
3197 5257 3494 5326 praesertim
3518 5258 3729 5327 nuptiis

2142 5351 2402 5421 ejusmodi
2434 5350 2747 5419 ptenitentia
2777 5349 2975 5418 imponi
3012 5349 3198 5403 soleat.
3241 5345 3342 5402 Ubi
3374 5364 3494 5418 pro,
3527 5366 3547 5400 ι
3587 5364 3718 5403 con-

2145 5440 2326 5502 nubio,
2360 5458 2378 5489 ›
2413 5439 2693 5503 legendum
2723 5446 2828 5501 est,
2862 5456 2880 5488 r
2910 5438 3190 5503 convivio;
3229 5455 3247 5488 ι
3280 5438 3357 5491 sic
3380 5436 3523 5491 enim
3560 5439 3727 5507 paulo

2147 5539 2264 5600 post
2317 5529 2588 5583 habetur:
2640 5548 2657 5579 ‹
2698 5528 2829 5595 Quis
2865 5530 2969 5584 erit
3014 5530 3318 5599 presbyter,
3366 5527 3456 5597 qui
3496 5539 3720 5597 propter

2143 5622 2449 5678 convivium
2495 5621 2597 5678 illis
2638 5621 2942 5676 consentiat
2992 5620 3232 5691 nuptiis?
3266 5639 3284 5673 ι
3323 5618 3400 5674 lta
3440 5619 3635 5691 legitur
3660 5619 3726 5676 in'
