4170 6412
456 398 588 454 1091

1739 393 1800 450 Ρ.
1838 391 2156 448 ΒΑΝΙΕΙᾸΞ
2195 391 2430 448 lIUETll

3592 393 3734 450 1092

456 513 592 583 ipsis
621 509 832 568 concilii
857 508 1276 578 exemplaribus,
1305 513 1371 564 e'x
1403 509 1592 565 Graeco
1629 509 2047 581 εΠρεσῦὑτερον
2076 515 2120 570 Α
2153 512 2327 579 patria
2370 511 2582 564 illorum
2608 509 2840 564 dialecto
2866 507 3134 580 signiﬁcat
3163 509 3370 579 Magna.
3404 525 3424 562 ι
3459 508 3730 582 Prteclpui

455 608 538 670 εἰς
584 604 798 676 γάμους
850 602 1224 673 διγαμούντων
1273 603 1347 674 μὴ
1403 602 1704 657 ἑστιᾶσθαι.
1766 602 1916 668 Quod
1964 602 2043 656 sic

458 697 635 751 reddit
680 695 968 764 Dionysius
1000 693 1240 762 Exiguus
1286 711 1300 747 :
1348 712 1365 744 ι
1413 694 1711 764 Presbyter
1741 692 1793 746 in
1845 693 2044 762 nuptiis

455 787 576 855 ejus
606 787 696 856 qui
733 787 868 839 duas
911 800 1110 838 uxores
1137 785 1316 847 ducit,
1362 800 1456 839 seu
1500 785 1748 856 digamns
1793 785 2040 849 ρίῐὶιτὶιιιτ,

459 896 526 933 ne
555 879 898 932 convivetur.
939 897 958 928 ι
995 875 1145 929 Alter
1187 875 1340 930 locus
1377 885 1459 930 est
1493 892 1560 929 ex
1603 885 1826 930 auctore
1857 876 2045 943 Operi:

457 970 774 1037 imperfecti,
808 969 996 1023 homil.
1045 968 1118 1022 5'5
1140 969 1192 1022 in
1229 967 1444 1031 Matth,
1477 968 1564 1033 19,
1597 983 1704 1036 quo
1736 969 2046 1022 decernitur

459 1064 667 1117 licitum
713 1077 834 1117 esse
876 1062 1171 1117 secundum
1212 1061 1455 1130 Apostoli
1488 1071 1814 1130 praeceptum
1846 1077 2044 1114 sceno-

455 1155 554 1210 das
586 1156 736 1210 adire
785 1155 1020 1223 nuptias,
1064 1172 1082 1204 ι
1128 1152 1422 1208 secundum
1466 1161 1644 1205 autem
1683 1152 1927 1205 veritatis
1960 1167 2045 1204 ra-

458 1248 685 1308 tionem,
731 1257 859 1300 vere
888 1245 1302 1299 fornicationem
1347 1258 1467 1298 esse
1499 1261 1512 1296 :
1543 1243 1636 1298 sed
1671 1259 1793 1298 cum
1823 1243 2048 1311 permit-

459 1345 610 1390 tente
662 1334 772 1389 Deo
826 1334 1039 1402 publice
1107 1343 1162 1389 et
1220 1333 1442 1387 licenter
1491 1333 1874 1396 committitur,
1931 1333 2045 1387 fieri

458 1427 743 1482 honeSIam
800 1427 1235 1481 fornicationem.
1276 1446 1291 1479 ι
1325 1427 1567 1481 Tertium
1605 1428 1819 1480 domum
1858 1441 2051 1497 suppe-

457 1520 595 1574 ditat
636 1519 1005 1591 Hieronymus
1065 1520 1160 1574 lib.
1193 1535 1207 1572 ι
1260 1520 1314 1572 in
1352 1519 1650 1583 laciniam,
1681 1535 1804 1588 cap.
1852 1520 1906 1584 8,
1943 1533 2048 1588 quo

457 1612 728 1667 secundas
773 1613 988 1681 nuptias
1024 1613 1108 1666 vix
1140 1611 1445 1680 nuptiarum
1490 1613 1711 1665 nomine
1743 1613 2045 1678 donandas,

457 1714 516 1762 et
545 1706 633 1759 vix
661 1707 998 1760 excusandas
1027 1705 1234 1758 definit.
1268 1705 1336 1757 At
1371 1705 1422 1758 id
1466 1721 1571 1759 non
1605 1714 1713 1757 tam
1749 1706 1812 1756 ad
1847 1720 1937 1758 cas
1962 1721 2048 1759 re-

458 1798 786 1868 pudiandas,
815 1811 972 1866 quam
1006 1797 1072 1850 ad
1107 1795 1469 1850 extollendam
1508 1796 1791 1849 viduarum
1823 1797 2048 1849 castita-

456 1895 569 1942 tem
604 1887 807 1940 dictum
861 1885 1149 1953 respondet
1203 1881 1516 1946 Gratianus,
1566 1891 1622 1936 et
1672 1897 1738 1936 ex
1776 1881 1896 1934 aliis
1929 1880 2046 1950 ejus

460 1975 790 2030 testimoniis
844 1976 1129 2044 approbat.
1185 1974 1291 2028 Tot
1348 1990 1478 2029 vero
1537 1985 1711 2029 scatet
1766 1975 2046 2029 erroribus

461 2066 651 2134 Operi;
691 2067 983 2136 imperfecti
1022 2067 1280 2136 scriptOr,
1312 2077 1370 2121 ut
1409 2067 1463 2120 in
1500 2066 1824 2135 dogmaticis
1857 2067 2044 2135 dispu-

459 2160 756 2214 tationibus
805 2160 1028 2213 minime
1077 2160 1149 2214 sit
1191 2159 1510 2213 audiendus.
1556 2157 2046 2212 Neocaesariensem

461 2259 644 2303 autem
677 2249 936 2319 synodum
986 2249 1053 2302 de
1087 2249 1330 2318 pluribus
1371 2246 1532 2301 simul
1567 2245 1747 2300 ductis
1786 2245 2047 2298 uxoribus

462 2357 624 2411 agere
667 2340 911 2394 nonnulli
961 2339 1287 2407 respondent
1345 2355 1358 2390 :
1416 2351 1577 2406 quam
1637 2335 2047 2405 responsionem

461 2431 695 2501 probare
731 2445 834 2484 non
872 2444 1112 2499 possunt.
1147 2427 1324 2481 Malim
1362 2425 1518 2480 fateri
1568 2426 1732 2481 talem
1765 2425 1932 2482 fuisse
1977 2441 2041 2479 ea

462 2531 623 2576 aetate
667 2520 924 2576 Ecclesia:
975 2520 1322 2576 severitatem
1364 2528 1420 2573 et
1457 2519 1712 2586 rigorem,
1769 2528 1827 2572 ut
1873 2519 2049 2572 licitas

470 2612 614 2679 licet,
658 2612 892 2682 aliquam
931 2621 1110 2676 tamen
1137 2609 1546 2664 incontinentiae
1583 2608 1818 2675 speciem
1851 2623 1962 2677 pra:
1990 2624 2050 2664 se

464 2703 702 2758 ferentes
751 2692 965 2771 nuptias
1017 2698 1306 2765 secundas,
1363 2715 1467 2752 non
1513 2698 1828 2753 celebritate
1872 2698 2049 2752 solum

463 2808 676 2858 carere,
714 2793 873 2863 eique
917 2793 1292 2862 presbyterum
1342 2791 1562 2846 omnino
1604 2807 1710 2846 non
1761 2792 2046 2856 interesse,

463 2887 557 2941 sed
585 2884 916 2956 poenitentiae
942 2884 1104 2938 etiam
1130 2883 1472 2954 impositione
1499 2883 1731 2953 quodam
1758 2885 1917 2938 modo
1949 2898 2048 2938 no-

466 2988 633 3033 tatam
665 2991 786 3032 esse
818 2976 997 3030 vellet.

541 3068 632 3128 ιν.
686 3068 1016 3137 Theophilus
1074 3066 1491 3131 Alexandrinus,
1534 3063 1729 3120 Pasch.
1787 3066 1823 3119 2
1893 3066 2050 3135 epist.

466 3159 757 3230 Origenem
786 3167 1046 3212 causatur
1070 3157 1294 3228 magicis
1323 3158 1532 3211 artibus
1556 3157 1916 3226 patrocinium
1947 3158 2045 3211 tri-

2145 611 2324 657 autem
2369 605 2507 656 inter
2549 603 2906 671 philosophiae
2937 611 3190 670 parentes
3224 601 3360 674 Magi
3393 607 3734 658 commemo-

2146 703 2334 745 rantur
2377 708 2406 745 a
2443 691 2659 746 Laenio
2695 693 2745 745 in
2793 692 3030 746 Promm.
3074 691 3304 763 Magiam
3347 695 3477 761 ergo
3521 691 3566 745 si
3617 707 3730 745 rem

2147 793 2253 831 non
2303 779 2497 831 malam
2529 794 2650 833 esse
2695 779 2833 832 dixit
2874 779 3160 850 Origenes,
3190 781 3417 850 perinde
3458 785 3542 835 est
3581 797 3645 834 ac
3687 782 3733 836 si

2149 873 2550 944 ph‘ilosOphiam
2592 891 2704 928 rem
2756 891 2860 928 non
2904 875 3098 929 malum
3144 873 3360 930 dixerit.
3413 873 3534 928 Pari
3573 873 3736 927 modo

2147 965 2522 1032 accipiendum
2571 974 2652 1019 est
2711 966 2852 1036 quod
2909 967 2981 1019 ait
3047 966 3143 1021 lib.
3193 982 3267 1020 vn
3329 976 3514 1019 contra
3566 963 3733 1027 ϐείω,

2149 1071 2296 1108 num.
2333 1056 2385 1119 5,
2428 1067 2598 1109 artem
2639 1057 3062 1129 προγνωστικὴν
3095 1058 3328 1111 medium
3369 1054 3572 1125 aliquid
3613 1069 3734 1108 esse

2148 1157 2202 1200 et
2246 1146 2556 1202 indill‘erens
2603 1168 2614 1202 :
2667 1167 2789 1203 nam
2835 1151 2880 1204 si
2927 1167 2992 1204 ex
3060 1165 3346 1204 causarum
3404 1147 3733 1203 naturalium

2150 1239 2485 1308 inspectione
2514 1241 2916 1306 proficiscatur,
2949 1241 3235 1295 laudabilis
3265 1251 3380 1304 est;
3407 1243 3490 1294 sin
3525 1255 3588 1294 ex
3621 1239 3734 1294 dae-

2152 1349 2370 1386 monum
2417 1335 2641 1400 leclmis,
2669 1337 3040 1402 vituperanda.
3079 1336 3134 1388 '0
3162 1335 3332 1404 Λόγος
3354 1334 3418 1406 δὴ
3452 1336 3619 1405 αἱρεῖ,
3653 1335 3725 1388 in-

2149 1427 2284 1494 quit,
2311 1426 2470 1495 φοιῦλ’
2495 1428 2629 1481 ἅττα
2654 1429 2895 1498 νομίζειν
2915 1423 3052 1496 εἶναι
3075 1429 3142 1482 τὰ
3155 1429 3379 1482 τοιαῦτα
3402 1427 3734 1499 (πνεύματα)

2149 1519 2214 1587 τῇ
2245 1521 2625 1588 προγνωστικῇ
2652 1517 2900 1588 δυνάμει,
2939 1519 3078 1591 μέσῃ
3111 1517 3453 1589 τυγχανούσῃ
3483 1519 3562 1579 εἰς
3594 1515 3738 1570 ἀπάιι

2149 1622 2248 1676 την
2291 1605 2593 1678 ἀνθρώπων
2638 1609 2925 1678 χρώμενα,
2967 1607 3062 1661 καὶ
3111 1607 3247 1679 πρὸς
3291 1606 3354 1658 τὸ
3397 1606 3738 1677 περισπᾶσάι

2150 1696 2346 1759 αὐτοὺς
2387 1695 2495 1748 ἀπὸ
2543 1696 2635 1749 τοῦ
2693 1696 2851 1760 Θεοῦ,
2890 1697 2984 1748 καὶ
3023 1697 3122 1767 τῆς
3164 1689 3412 1766 καθαρᾶς
3453 1697 3532 1758 εἰς
3576 1693 3740 1750 αὐτὸν

2151 1786 2452 1850 εὐσεϐείας.
2487 1785 2721 1857 Magicas
2747 1802 2877 1856 ergo
2921 1793 3068 1842 arte‘s
3090 1827 3104 1848 ,
3137 1799 3259 1856 qua!
3289 1787 3592 1840 tlze'tnOnum
3632 1785 3738 1839 fal-

2078 1854 2122 1915 B
2153 1876 2307 1930 Iaciis
2332 1854 2797 1943 administrantur,
2817 1854 3100 1946 improbat
3123 1854 3176 1931 et
3207 1866 3378 1944 reiicit
3405 1895 3418 1931 :
3452 1879 3544 1932 sed
3571 1875 3739 1931 multo

2154 1958 2319 2024 etiam
2358 1969 2612 2022 disertius
2655 1971 2755 2022 sub
2800 1967 2960 2022 linem
3002 1968 3376 2023 antecedentis
3407 1969 3550 2033 libri,
3585 1985 3737 2027 num.

2155 2061 2259 2124 80;
2293 2062 2362 2115 ibi
2394 2062 2587 2130 quippe
2615 2055 2826 2114 Celsum
2851 2060 3114 2130 coarguit,
3145 2059 3236 2130 qui
3269 2059 3449 2131 Magos
3475 2050 3741 2115 ἐνθέωτᾶ-

2153 2169 2281 2216 τους
2316 2153 2697 2221 appellaverat,
2751 2152 2844 2221 ἀφ’
2874 2146 2970 2216 ὧν,
3007 2154 3196 2222 inquit,
3231 2151 3620 2223 ἡπαρώνυμος
3646 2153 3740 2206 τοῦ

2156 2244 2341 2309 ἔθνους
2387 2243 2564 2296 αὐτῶν
2617 2243 2818 2314 μαγεία
2858 2245 2947 2296 καὶ
2993 2246 3104 2307 τοῖς
3143 2243 3349 2307 λοιποῖς
3377 2244 3607 2308 ἔθνεσιν,
3650 2245 3742 2298 ἐπὶ

2155 2335 2420 2406 διαφθορᾷ
2458 2335 2551 2388 καὶ
2584 2334 2788 2406 ὀλέθρῳ
2825 2335 2934 2387 τῶν
2966 2335 3264 2406 χρωμένων
3295 2336 3455 2407 αὐτῇ,
3492 2335 3741 2408 ἐπιδεδή-

2161 2444 2361 2498 μηκεν·
2387 2438 2439 2481 et
2469 2427 2652 2482 homil.
2693 2427 2755 2479 15
2800 2427 2855 2479 in
2898 2425 3093 2489 Νιιηι..
3129 2443 3280 2480 num.
3314 2427 3346 2481 5
3382 2445 3394 2478 :
3434 2447 3452 2478 ι
3495 2426 3604 2483 Nec
3637 2429 3742 2482 ηιξ-ί

2159 2522 2313 2586 reris,
2359 2519 2403 2573 si
2436 2527 2520 2571 est
2554 2517 2606 2572 in
2647 2519 2854 2588 magica
2885 2527 3002 2573 arte
3033 2517 3137 2571 tale
3170 2517 3370 2586 aliquid
3400 2535 3414 2572 :
3444 2533 3564 2572 esse
3593 2519 3737 2572 enim

2159 2612 2302 2666 hanc
2349 2621 2520 2664 artem
2557 2609 2806 2680 designat
2851 2610 3015 2664 etiam
3060 2607 3364 2678 Scriptura,
3409 2607 3503 2664 sed
3554 2608 3630 2663 uti
3673 2615 3738 2664 ea

2161 2701 2426 2770 prohibet.
2461 2699 2595 2754 Nam
2623 2711 2678 2756 et
2712 2703 2982 2755 (lationes
3015 2699 3292 2770 Scriptura
3321 2715 3442 2755 esse
3469 2701 3740 2773 designat,

2160 2793 2253 2847 sed
2294 2793 2397 2846 coli
2431 2808 2526 2847 eos
2554 2803 2608 2846 et
2633 2793 2849 2847 exorari
2881 2801 3047 2848 vetat.
3077 2790 3248 2848 Recte
3276 2807 3406 2863 ergo
3432 2794 3598 2847 etiam
3627 2807 3744 2848 ma-

2161 2885 2277 2954 gica
2326 2885 2402 2938 uti
2453 2885 2723 2954 prohibet,
2779 2885 2906 2954 quia
2955 2884 3233 2954 Magorum
3285 2885 3521 2940 ministri
3562 2883 3747 2955 angeli

2161 2983 2287 3029 sunt
2331 2975 2565 3046 refugae,
2597 2984 2652 3030 et
2685 2975 2911 3046 spiritus
2956 2976 3197 3047 maligni,
3233 2984 3289 3031 et
3335 2977 3601 3032 daemonia
3635 2979 3739 3032 im-

2161 3067 2383 3123 munda.
2418 3085 2436 3119 ι
2478 3067 2708 3136 Reliqua
2741 3083 2847 3121 non
2883 3067 3062 3122 minus
3113 3067 3345 3123 dilucida
3385 3068 3614 3123 vitanda:
3655 3083 3746 3123 sa-

2169 3159 2367 3212 tietatis
2400 3175 2560 3214 causa
2591 3159 2962 3229 praetermitto.
2991 3158 3252 3214 Tractatu
3276 3161 3437 3215 etiam
3467 3161 3522 3214 in
3546 3151 3740 3215 Mattﬁ'.

465 3223 668 3309 buisse.
718 3251 890 3305 Verba
940 3251 1052 3304 haec
1100 3223 1320 3304 adducit
1375 3266 1406 3304 e
1457 3223 1677 3318 scriptis
1733 3249 1984 3321 Origenis
2035 3223 2129 3304 :c
2167 3250 2441 3305 tricesimo
2483 3223 2694 3319 quinto,
2749 3267 2898 3305 num.
2947 3250 3072 3316 110,
3115 3265 3237 3321 pag.
3288 3251 3414 3318 910,
3463 3251 3742 3308 Judaicum

472 3363 494 3399 ι
535 3345 639 3399 Ars
690 3344 898 3412 magica
940 3358 1045 3395 non
1098 3342 1227 3396 mihi
1265 3342 1480 3396 videtur
1525 3341 1754 3408 alicujus
1805 3344 1882 3395 rei
1924 3341 2054 3395 sub-

468 3435 719 3492 sistentis
761 3433 1080 3488 vocabulum
1132 3451 1146 3484 :
1189 3433 1282 3487 sed
1322 3433 1424 3488 etsi
1459 3433 1554 3498 sit,
1598 3448 1704 3487 non
1747 3443 1831 3487 est
1873 3434 2054 3502 operis

470 3526 622 3592 mali,
667 3539 736 3580 ne
789 3524 916 3593 quid
967 3524 1170 3578 habere
1221 3523 1392 3591 possit
1431 3527 1783 3594 contemptui.
1849 3544 1867 3577 ι
1917 3525 2052 3580 Tum

471 3618 641 3674 multa
686 3617 948 3670 adversus
979 3631 1102 3669 cum
1135 3615 1373 3670 oratorie
1401 3627 1724 3686 exaggerat;
1762 3631 1847 3670 res
1883 3601 2060 3670 atten-ﬂ

471 3711 581 3763 tius
654 3709 1018 3777 introspicere
1085 3711 1307 3777 insuper
1371 3707 1554 3762 habet.
1624 3709 1914 3777 Origenem
1981 3709 2055 3761 ait

469 3801 693 3872 Elymaz,
721 3799 932 3855 Janmze'
952 3811 1004 3854 et
1058 3799 1313 3854 Mambrae
1343 3801 1604 3854 fautorem
1640 3816 1796 3868 esse;
1825 3800 2054 3854 deletam

471 3892 640 3948 fuisse
687 3892 920 3946 adventu
969 3891 1177 3946 Christi
1225 3893 1620 3956 ldololatriam,
1661 3909 1781 3962 qnte
1825 3904 1892 3946 ex
1941 3904 2058 3948 arte

469 3984 682 4053 magica
737 3982 980 4052 profecta
1037 3993 1112 4047 et,
1171 3998 1232 4037 ac
1276 3985 1506 4038 deletam
1557 3985 1782 4054 proinde
1827 3986 2056 4056 magiam

472 4077 648 4145 ipsam
672 4091 688 4140 ;
718 4075 930 4144 aliaque
957 4073 1222 4144 ejusmodi
1247 4075 1474 4144 plurima
1498 4077 1756 4147 congerit.
1788 4075 2054 4143 Quocirca

473 4183 776 4240 anonymus
804 4169 942 4238 apud
974 4167 1241 4235 Photinm,
1278 4167 1397 4223 cod.
1423 4178 1591 4235 cxvii,
1630 4169 1771 4224 inter
1801 4170 2060 4225 crimina-

473 4259 650 4313 tiones
697 4258 749 4312 in
785 4257 1076 4328 Origenem
1122 4257 1190 4311 ab
1230 4259 1561 4314 adversariis
1609 4258 1873 4314 conﬂatas
1917 4261 2059 4316 hanc

474 4364 618 4404 nono
647 4349 764 4404 loco
793 4360 1034 4404 recenset
1080 4367 1094 4401 :
1129 4350 1211 4402 ὅτι
1251 4349 1312 4403 οὐ
1343 4348 1511 4405 κακὸν
1539 4353 1572 4422 ὴ
1607 4352 1812 4423 μαγὶαο
1860 4353 2059 4407 malam

475 4457 582 4495 non
613 4457 723 4496 esse
762 4443 1014 4510 mugiunt.
1061 4441 1438 4498 Meminissent
1468 4453 1815 4500 accusatores
1855 4444 1930 4499 illi
1962 4445 2061 4500 du-

476 4531 676 4602 plicem
733 4546 852 4586 esse
900 4533 1156 4603 magiam,
1213 4543 1266 4587 ut
1317 4546 1468 4590 recte
1516 4551 1582 4591 ex
1621 4535 1972 4608 Hieronymo,
2007 4548 2060 4594 et

475 4621 691 4681 Iustino
752 4626 980 4694 probant
1017 4625 1202 4680 Simus
1243 4625 1334 4684 lib.
1386 4643 1463 4691 vt,
1502 4637 1686 4684 annot.
1716 4629 1772 4694 8,
1804 4639 1858 4685 et
1882 4629 2059 4685 Gene-

477 4714 708 4771 brardus
727 4714 946 4770 Collecl.
975 4731 1093 4786 cap.
1130 4718 1185 4783 (5,
1216 4717 1461 4782 alteram,
1487 4733 1607 4788 quae
1631 4730 1696 4774 ex
1724 4721 2061 4776 naturalibus

479 4807 662 4863 causis
705 4815 762 4861 et
809 4808 1089 4877 principiis
1139 4824 1227 4863 res
1277 4809 1536 4879 prmvidet
1588 4821 1644 4866 et
1688 4812 1956 4880 praedicit,
2006 4821 2060 4867 et

481 4913 866 4968 nonnunquam
893 4901 1054 4954 etiam
1093 4898 1276 4967 ellicit,
1311 4916 1431 4970 qua:
1463 4903 1680 4972 proprie
1718 4903 2061 4973 philosophia

482 5000 598 5057 cst;
633 4990 883 5057 alteram,
917 5006 1038 5062 quae
1064 4991 1367 5045 daemonum
1400 5007 1501 5063 ope
1529 5002 1583 5047 et
1612 4994 1854 5048 subsidio
1879 5003 2060 5060 utens,

485 5082 774 5154 praestigiis
815 5083 1062 5138 homines
1103 5082 1244 5138 fallit
1278 5091 1334 5139 et
1375 5085 1600 5140 deludit.
1638 5085 1822 5158 Magos
1859 5083 2005 5154 illos,
2031 5102 2063 5141 a

486 5173 898 5245 quibus'magia
935 5175 1078 5230 dicta
1125 5183 1240 5240 est,
1293 5177 1524 5233 deorum
1576 5177 1928 5248 religionibus
1965 5179 2066 5233 ad—

484 5267 686 5333 dictos,
725 5280 919 5321 nomen
952 5268 1076 5322 inde
1102 5282 1132 5320 a
1165 5269 1338 5337 patria
1367 5269 1601 5324 dialecto
1631 5271 1854 5325 sortitos
1895 5270 2066 5324 refert

482 5357 816 5430 Porphyrius
850 5360 944 5416 lib.
979 5375 1062 5425 Ill,
1099 5360 1237 5430 napi
1275 5353 1564 5431 ἐμψύχων
1591 5351 1859 5430 ἀποχῆς·
1901 5359 2063 5432 Παρὰ

488 5449 590 5521 μέν
625 5467 688 5518 γε
717 5453 831 5515 τοῖς
863 5452 1121 5524 Πέρσαις,
1158 5456 1350 5526 inquit.
1382 5456 1429 5507 οἱ
1461 5455 1590 5526 περὶ
1619 5454 1679 5508 τὸ
1705 5455 1859 5507 Θείον
1885 5453 2060 5523 σοφοὶ,

485 5542 582 5596 καὶ
633 5541 798 5595 αὑτοῦ
866 5543 1230 5615 θεράποντες,
1286 5547 1466 5615 Μάγοι
1525 5547 1623 5617 μὲν
1673 5544 2064 5618 ὀνομιὶιζονται⁹

484 5633 642 5688 τοῦτο
672 5634 780 5706 γὰρ
813 5635 955 5688 κατὰ
983 5636 1081 5706 τὴν
1111 5636 1405 5709 ἐπιχώριον
1443 5637 1719 5691 διάλεκτον
1751 5627 2004 5709 σημαίνει
2043 5637 2072 5688 ὁ

482 5726 693 5795 Μάγος.
729 5744 748 5778 ι
781 5725 936 5794 Apud
968 5725 1184 5795 Persas,
1212 5731 1304 5798 qui
1351 5745 1530 5784 rerum
1563 5729 1866 5784 divinarum
1907 5729 2068 5800 periti

484 5829 632 5886 sunt,
665 5819 904 5903 deosque
925 5817 1144 5888 colunt,
1184 5820 1323 5892 Magi
1357 5830 1738 5893 nuncupantur
1785 5822 1878 5880 :id
1922 5823 2069 5879 enim

2165 3356 2286 3397 esse
2315 3341 2445 3395 dicit
2487 3341 2740 3410 adiurare
2767 3342 3024 3396 daemonia
3046 3369 3072 3406 ,-
3105 3352 3286 3411 neque
3307 3344 3601 3397 secundum
3647 3357 3741 3412 po-

2167 3441 2419 3488 testatem
2471 3447 2502 3486 a
2567 3430 2784 3488 Christo
2859 3448 3206 3499 concessam;
3279 3444 3397 3504 quo‘
3451 3433 3744 3502 significari

2164 3523 2278 3576 vult
2305 3523 2366 3578 S.
2411 3522 2649 3578 Thomas
2689 3521 2810 3591 2-2,
2845 3534 3038 3592 quaest.
3067 3523 3158 3590 90,
3192 3540 3244 3577 a.
3280 3523 3335 3590 2,
3370 3524 3422 3578 id
3451 3524 3746 3592 adjuratio‘—

2165 3615 2248 3669 uis
2279 3630 2471 3685 genus,
2505 3616 2648 3684 quod
2681 3615 2753 3685 fit;
2771 3630 2867 3684 per
2898 3631 3106 3685 preces,
3135 3615 3402 3670 sacrilicia
3423 3656 3438 3681 ,
3469 3626 3524 3671 et
3553 3616 3746 3670 Velitas

2163 3683 2558 3766 caeremonias;
2588 3719 2694 3759 non
2717 3683 2942 3758 alterum
2982 3705 3129 3770 illud,
3156 3707 3298 3775 quod
3335 3706 3393 3760 ﬁt
3417 3705 3742 3776 potestatium",

2162 3805 2219 3848 ut
2255 3795 2492 3864 loquitur
2514 3793 2774 3859 Thomas,
2797 3806 2852 3848 et
2883 3811 2988 3865 quo
3021 3794 3259 3850 Ecclesia
3293 3797 3366 3850 uti
3395 3795 3550 3850 solet.
3583 3794 3753 3850 Libro-

2163 3886 2324 3938 eliam
2360 3896 2419 3938 tu
2474 3884 2615 3954 Περὶ
2649 3883 2874 3955 ἀρχῶν,
2909 3901 3024 3956 cap.
3065 3885 3121 3951 3,
3158 3902 3306 3940 nutu.
3336 3887 3368 3939 5
3395 3897 3448 3940 et
3480 3885 3535 3953 4,
3583 3886 3653 3940 ita
3679 3881 3748 3940 αδ

2162 3977 2339 4046 magia
2369 3976 2608 4043 disserit,
2639 3987 2697 4031 ut
2735 3993 2832 4047 pro
2867 3980 3026 4034 noxia
3054 3987 3110 4034 et
3137 3979 3446 4050 perniciosa
3484 3980 3624 4036 hanc
3659 3981 3743 4050 ip-

2163 4085 2281 4126 sum
2311 4071 2563 4126 habuisse
2594 4078 2828 4125 constet.

2235 4162 2296 4217 V.
2329 4163 2460 4230 Quae
2499 4178 2619 4218 cum
2657 4164 2728 4216 ita
2763 4177 2821 4217 se
2864 4162 3122 4227 habeant,
3174 4163 3342 4218 miror
3374 4163 3428 4218 id
3460 4164 3748 4235 scripsisse

2163 4258 2502 4312 Eustathinm
2533 4257 2928 4311 Antiochenum
2957 4275 2969 4309 :
3009 4255 3148 4308 Ἀλλ’
3173 4259 3201 4310 ὀ
3226 4256 3432 4328 κομψὸς
3467 4256 3749 4332 Ὠριγένης

2163 4347 2603 4420 εἰδωλολατρείας
2629 4347 2857 4420 ὄργανα,
2887 4345 2980 4400 καὶ
3008 4349 3434 4419 νεκρομαντεία’ς
3463 4344 3749 4420 εὑρήματα

2163 4441 2240 4513 τῷ
2279 4442 2379 4512 τῆς
2421 4440 2744 4510 Ἐκκλησίας
2783 4439 2951 4494 θέλων
2996 4440 3422 4513 ὲπεισκυκλῆσαι
3462 4442 3608 4515 χορῷ
3652 4442 3747 4495 τοῦ

2165 4533 2312 4588 θείου
2339 4533 2734 4604 καταψεύδεται
2760 4533 3113 4605 Γράμματος.
3159 4552 3178 4585 ι
3213 4533 3319 4589 Sed
3343 4544 3607 4590 venustus
3628 4533 3751 4590 Ori-

2169 4642 2332 4697 genes
2366 4627 2686 4682 idololatriae
2718 4627 3078 4682 instrumenta
3101 4668 3118 4692 ,
3160 4635 3216 4682 et
3243 4629 3632 4683 necromantize
3662 4630 3748 4683 in-

2169 4726 2326 4770 venta
2375 4716 2426 4770 in
2458 4715 2716 4771 Ecclesia:
2748 4716 2972 4771 chorum
3018 4716 3276 4772 inducere
3319 4716 3523 4784 volens,
3567 4718 3621 4773 in
3661 4733 3750 4774 sa-

2169 4823 2319 4862 cram
2339 4807 2680 4878 Scripturam
2707 4807 2986 4861 mentitur.
3001 4824 3019 4858 ι
3041 4804 3219 4863 Locus
3247 4808 3476 4864 habetur
3498 4811 3552 4864 in
3571 4809 3753 4868 libello

2169 4897 2248 4952 De
2281 4899 2724 4968 engaatrimylho,
2757 4909 2916 4968 quem
2965 4897 3270 4955 lucubravit
3295 4896 3458 4956 adid
3496 4903 3746 4974 rejicien-

2171 4997 2299 5052 dum
2329 4995 2586 5068 Origenis
2611 4997 2828 5065 dogma,
2866 5009 2973 5064 quo
3001 4998 3236 5052 animam
3270 4998 3440 5069 ipsam
3480 4998 3751 5058 Samuelis

2170 5105 2196 5142 a
2228 5088 2556 5160 Pythonissa
2595 5101 2694 5156 per
2728 5087 3132 5142 incantamenta
3171 5099 3451 5144 evocatam
3488 5091 3748 5148 decrevit.

2168 5179 2369 5235 Eadem
2419 5181 2485 5233 de
2531 5193 2691 5233 causa
2728 5177 2985 5247 peculiari
3026 5177 3166 5234 libro
3210 5179 3500 5250 Origenem
3546 5181 3752 5240 Metho-

2169 5274 2289 5326 dius
2328 5269 2524 5342 Tyrius
2574 5268 2791 5333 refellit,
2823 5276 2882 5322 ut
2924 5279 3113 5324 auctor
3145 5279 3229 5325 est
3263 5271 3624 5344 Hieronymus
3676 5274 3752 5329 De

2168 5365 2360 5430 script.
2383 5362 2591 5427 eccles.,
2633 5376 2756 5431 cap.
2805 5358 2892 5416 9L
2933 5359 3087 5417 Hunc
3109 5365 3273 5417 etiam
3305 5373 3456 5419 notat
3488 5381 3745 5430 errorem,

2172 5469 2466 5525 suppresso
2505 5454 2631 5508 licet
2671 5451 2922 5523 Origenis
2968 5453 3206 5518 nomine,
3232 5451 3528 5524 Gregorius
3550 5456 3746 5528 Nysse-

2176 5562 2280 5599 nus
2321 5546 2373 5598 in
2420 5543 2656 5614 Epistola
2698 5544 2764 5597 ad
2800 5541 3163 5598 Theodosium
3195 5543 3260 5598 de
3286 5543 3630 5616 Pythonissa.
3672 5548 3749 5600 Ac

2175 5628 2488 5692 Eustathius
2519 5636 2757 5706 quidem,
2793 5635 2947 5707 cujus
2986 5637 3182 5692 librum
3221 5627 3333 5694 Leo
3377 5634 3606 5694 Allatius
3633 5638 3748 5693 edi-

2175 5729 2272 5794 dit,
2312 5727 2478 5782 variis
2525 5727 2826 5782 rationibus
2885 5728 3175 5785 ostendere
3214 5739 3444 5786 conatur
3490 5745 3594 5786 non
3653 5731 3752 5786 Sa-

2178 5820 2433 5889 muclcm,
2472 5818 2811 5877 Samuelisvc
2835 5820 3070 5877 animam
3112 5820 3456 5892 Pythonissa:
3489 5825 3751 5883 carmini-
