4170 6452
480 379 615 435 1098

1579 385 2156 453 ORIGENIANORUM
2197 397 2328 453 LIB.
2369 395 2628 463 Il,"CAP.
2667 395 2758 454 III.

3597 406 3735 462 £094

480 495 581 586 bus
609 491 774 549 fuisse
814 495 1131 566 excitatam,
1161 498 1256 554 sed
1291 500 1612 569 daemonem,
1654 509 1736 564 vel
1775 512 1999 580 phasma
2023 531 2051 569 a
2081 523 2130 581 Α
2157 518 2264 572 lam
2305 516 2612 586 refragatur
2644 517 2978 586 Augustinus
3023 517 3076 572 in
3126 516 3266 575 libro
3302 519 3382 575 De
3429 523 3729 585 mendacio,

479 583 723 640 daemone
769 587 1082 642 confictam.
1134 589 1421 662 Sigillatim
1479 593 1593 651 haec
1640 603 1914 670 persequi,
1943 619 2049 660 non

478 685 563 728 est
600 677 698 732 otii
739 680 936 745 nostri,
965 696 1064 737 nec
1097 682 1331 739 instituti
1363 703 1377 740 :
1411 687 1545 741 satis
1593 689 1758 746 habet
1787 692 2048 764 Origenes

480 768 721 834 praesidii
753 771 808 826 in
841 769 1062 826 Patrum
1100 773 1307 844 aliquot
1336 792 1628 846 consensu,
1653 797 1791 851 quos
1813 783 1924 841 Leo
1960 788 2053 842 Al-

481 856 642 914 latius
679 859 732 914 in
774 870 1116 932 syntagmate
1144 864 1221 920 De
1249 869 1690 938 engastrimytho,
1719 887 1843 943 cap.
1870 877 1923 940 7,
1963 893 2052 932 re-

480 957 663 1004 censet
694 968 708 1003 :
734 949 932 1006 Ju‘stini
980 953 1035 1006 in
1064 955 1148 1009 his
1181 956 1379 1028 dialog.
1423 977 1538 1014 cum
1574 964 1795 1034 Tryph.;
1829 967 2051 1036 Sulpicii

481 1039 668 1096 Severi
696 1043 898 1098 Histor.
931 1062 1096 1112 sacr.,
1130 1047 1228 1103 lib.
1271 1065 1310 1112 ι.
1349 1061 1404 1106 et
1431 1054 1705 1112 Anastasii
1757 1059 2053 1116 Antioche-

481 1131 536 1222 ni
570 1132 625 1186 in
669 1133 914 1204 Ὀδητῷ,
949 1147 1140 1204 (ιυιὲει.
1175 1139 1297 1206 112,
1325 1152 1379 1197 et
1405 1159 1590 1200 eorum
1623 1158 1878 1217 praeterea
1915 1167 2052 1222 quos

481 1219 664 1276 laudat
709 1221 1066 1282 Bellarminus
1119 1227 1212 1284 lib.
1264 1247 1317 1285 tv
1361 1233 1438 1288 De
1497 1235 1724 1303 Christo,
1793 1219 2048 1311 capi“.

481 1313 578 1370 llis
611 1316 746 1372 adde
780 1317 1284 1389 antiquissimorum
1326 1325 1675 1382 rabbinorum
1712 1329 2045 1401 suil‘ragium,

478 1407 571 1476 qui
619 1408 842 1463 tradunt
878 1421 1212 1468 mortuorum
1269 1416 1504 1480 animas,
1538 1419 1584 1472 si
1623 1429 1749 1474 ante
1789 1437 1984 1476 annum
2016 1439 2047 1476 a

476 1509 650 1555 morte
694 1502 1024 1570 praeteritum
1073 1517 1391 1572 evocentur,
1437 1525 1545 1580 quo
1595 1521 1838 1583 tempore
1871 1517 2046 1570 excita

478 1589 579 1646 fuit
625 1591 898 1649 Samuelis
925 1597 1126 1662 anima,
1153 1599 1322 1655 videri
1352 1601 1566 1670 quidem
1599 1604 1666 1659 ab
1688 1607 2046 1678 engastrimy-

477 1686 593 1750 tho,
624 1701 730 1740 non
758 1687 967 1753 audiri;
1007 1690 1180 1744 audiri
1214 1690 1283 1745 ab
1315 1706 1379 1746 eo
1415 1694 1504 1762 qui
1536 1697 1754 1751 oracula
1795 1698 2044 1765 scitatur,

471 1791 578 1832 non
608 1778 776 1833 videri
803 1795 818 1844 ;
853 1778 920 1834 ab
959 1780 1080 1836 aliis
1108 1796 1207 1838 nec
1233 1785 1430 1851 audiri,
1457 1801 1557 1841 nec
1581 1787 1774 1842 videri.

2155 609 2221 662 ad
2273 608 2644 672 Consentium,
2673 623 2792 677 cap.
2815 609 2873 674 2,
2903 617 2958 663 et
3004 609 3060 664 in
3097 608 3336 680 Epistoia
3376 615 3611 682 quada'm
3662 617 3731 668 ad

2154 698 2566 771 Hieronymum,
2605 699 2765 769 eique
2817 701 3192 757 assentiuntur
3239 703 3470 775 theologi
3517 719 3726 770 omnes,

2155 790 2434 860 quodlibet
2506 792 2887 860 mendacium,
2959 794 3358 850 simulationem
3425 796 3725 865 quamlibet

2157 881 2496 947 damnantes,
2523 892 2579 936 et
2607 884 2816 951 peccati
2847 895 2974 938 nota
3014 883 3331 938 allicientes.

2223 1039 2334 1096 VII.
2357 1040 2457 1107 Qui
2488 1056 2619 1098 vero
2643 1044 2984 1098 mendacium
3023 1061 3126 1099 non
3151 1061 3534 1117 usquequaque
3574 1048 3724 1102 dant—

2153 1143 2247 1188 nat
2293 1135 2572 1204 Origenes,
2623 1137 2760 1190 idem
2798 1135 3150 1207 jurejurando
3193 1139 3408 1208 penitus
3449 1139 3723 1195 interdicit

2158 1235 2314 1284 tract.
2353 1228 2419 1282 55
2457 1229 2510 1282 in
2556 1229 2774 1296 Matt/1.,
2812 1248 2960 1286 num.
3000 1233 3120 1298 ΗΟ,
3153 1249 3276 1305 pag.
3314 1234 3448 1301 910,
3489 1237 3560 1290 ita
3609 1238 3723 1292 dis-

2152 1329 2345 1384 putans
2383 1338 2396 1373 :
2431 1338 2450 1370 t
2497 1319 2684 1375 Simile
2712 1332 2802 1376 est
2844 1324 2986 1378 enim
3027 1328 3169 1395 quod
3213 1327 3343 1381 dicit
3386 1328 3438 1380 in
3480 1329 3720 1397 Evange-

2151 1406 2224 1462 lio
2256 1409 2515 1467 Dominus
2559 1412 2712 1481 ipse:
2751 1412 2862 1484 Ego
2893 1426 3068 1468 autent
3114 1415 3230 1468 dico
3268 1433 3370 1470 non
3391 1419 3582 1486 jurare
3607 1436 3719 1472 Ottt-I

2151 1505 2332 1567 nino’,
2357 1515 2408 1558 et
2445 1521 2549 1560 non
2579 1508 2829 1577 adjurare
2861 1509 3102 1566 omnino.
3131 1512 3187 1566 Si
3236 1513 3378 1567 enim
3399 1512 3582 1581 jurare
3611 1530 3716 1569 non

2151 1594 2297 1660 licet,
2332 1608 2594 1666 quantum
2629 1600 2694 1653 ad
2728 1601 3095 1671 evangelicum
3145 1602 3345 1662 Christi
3381 1606 3721 1672 mandatum,-

2149 1699 2338 1738 verum
2385 1694 2468 1740 est
2510 1688 2638 1755 quia
2690 1703 2790 1743 nec
2841 1688 3094 1757 adjurare
3137 1691 3366 1746 alterum
3426 1693 3612 1748 licet.)
3657 1694 3718 1750 l-n

2149 1775 2338 1830 eadem
2375 1776 2526 1832 fuere
2572 1779 2844 1834 sententia
2882 1781 3235 1848 Athanasius,
3269 1783 3718 1856 Cltrysostomus,

541 1868 630 1924 γι,
671 1869 1030 1943 Hieronymus
1065 1873 1160 1928 ιίι),
1188 1891 1204 1929 ι
1231 1875 1449 1946 Αροιορο
1489 1880 1546 1932 ίη
1606 1879 1813 1948 ηυρλ,
1839 1897 1963 1954 οη),
1986 1884 2040 1950 4,
2077 1882 2119 1937 Β
2147 1863 2499 1954 Epiphanius,
2531 1867 2784 1934 Hilarius,
2813 1869 3010 1939 aliique
3043 1873 3371 1939 complures,
3407 1889 3544 1943 quos
3585 1876 3720 1931 citat

470 1958 723 2030 Origenis
764 1962 940 2019 locum
987 1965 1144 2021 aﬂ‘ert
1188 1982 1220 2023 e
1267 1969 1364 2024 lib.
1407 1986 1460 2025 vt
1529 1971 1814 2040 Stromat.,
1847 1975 1900 2030 in
1937 1992 2044 2046 quo

467 2049 617 2118 juxta
687 2048 924 2108 Platonis
983 2057 1306 2112 sententiam
1375 2061 1596 2115 mentiri
1657 2077 2044 2134 nonnunquam

469 2138 636 2192 licere
690 2139 953 2200 defendit.
1005 2142 1153 2200 ldem
1205 2148 1378 2202 visum
1433 2159 1516 2204 est
1573 2152 1673 2220 ipsi
1718 2152 2042 2226 Hieronymo

468 2228 918 2289 lib.tComment.
960 2235 1014 2289 in
1057 2235 1230 2306 Epist.
1274 2239 1345 2293 ad
1400 2237 1603 2308 Galat.,
1641 2258 1762 2314 cap.
1801 2246 1856 2310 2,
1890 2262 2036 2302 vers.

468 2320 556 2387 ll,
599 2322 891 2394 multisque
921 2329 1230 2398 opinionem
1271 2346 1424 2386 suam
1469 2334 1731 2392 defendit.
1764 2336 1952 2392 Visum
1985 2339 2038 2394 id

465 2426 679 2483 quoque
727 2415 1113 2488 Chrysostomo
1136 2421 1230 2477 lib.
1275 2439 1294 2476 ι
1337 2423 1412 2478 De
1453 2429 1771 2494 sacerdotio,
1797 2437 1851 2483 et
1895 2429 2031 2485 Cas-

465 2503 619 2560 siano
643 2506 738 2561 lib.
773 2524 887 2564 xvn
926 2509 1146 2580 Collat.,
1166 2527 1286 2584 cap.
1315 2514 1348 2570 8
1379 2525 1434 2571 et
1461 2517 1546 2580 l7,
1575 2528 1631 2573 et
1670 2533 1785 2588 seq.
1815 2519 1921 2587 Sed
1944 2535 2039 2591 pa-

2151 1953 2340 2009 Sixtus
2371 1955 2628 2010 Senensis
2658 1956 2754 2011 lib.
2789 1973 2864 2025 vr,
2896 1969 3080 2014 annot.
3109 1961 3200 2024 26,
3224 1976 3519 2034 eorumque
3559 1981 3718 2023 secu-

2149 2053 2234 2099 tus
2257 2053 2337 2100 est
2363 2045 2669 2114 opinionem
2707 2044 2981 2118 Pelagius,
3018 2059 3076 2103 ut
3122 2051 3190 2104 ab
3218 2053 3519 2122 AuguStino
3549 2057 3718 2110 tradi—

2149 2145 2233 2191 tur
2267 2138 2320 2191 in
2348 2139 2496 2193 calce
2525 2140 2690 2208 epist.
2713 2140 2802 2207 89,
2834 2151 2888 2194 et
2928 2144 3225 2199 recentium
3257 2147 3714 2204 lteterodoxorum

2148 2244 2340 2298 magna
2397 2245 2520 2298 pars
2555 2245 2570 2282 :
2603 2247 2723 2285 cum
2780 2247 2810 2288 e
2877 2235 3151 2289 contrario
3203 2247 3450 2292 sanctum
3502 2254 3619 2295 esse
3662 2253 3718 2296 et

2148 2320 2276 2374 utile
2315 2320 2704 2389 juramentnm,
2734 2323 2818 2393 pie
2851 2326 3008 2380 modo
3039 2336 3095 2383 et
3125 2331 3437 2398 prudenter,
3479 2342 3534 2386 et
3563 2331 3719 2402 ﬂagja

2147 2420 2294 2466 tante
2344 2413 2669 2468 necessitate
2730 2415 3084 2485 adhibeatur,
3143 2421 3410 2476 catholica
3468 2421 3718 2478 Ecclesia

2146 2503 2458 2560 constituat.

1092 2759 1095 2761 “
1774 2795 2149 2930 CAPUT
2221 2796 2406 2883 III.

1368 2983 1678 3046 Generale
1720 2983 2128 3064 Origenianaa
2165 2985 2471 3051 doctrinas
2512 3005 2804 3054 examen.-

473 3233 518 3287 I.
550 3234 749 3308 Iniqua
780 3236 889 3304 fere
935 3251 1030 3308 pro
1078 3234 1324 3305 Origene,
1359 3237 1438 3291 vel
1484 3247 1666 3291 contra
1709 3236 1982 3308 Origenem
2019 3239 2252 3308 judicia.
2280 3238 2344 3292 ll.
2389 3237 2739 3294 Recensentur
2761 3241 2922 3306 ipsius
2953 3239 3273 3306 defensores.
3308 3239 3393 3294 llI.
3427 3240 3596 3294 Multa
3637 3243 3708 3294 ad

535 3303 845 3392 Qrig’enyiani
886 3303 1108 3388 nominis
1149 3303 1545 3392 oppugnatores
1577 3303 1924 3392 confutatifos
1971 3303 2255 3392 gener'atint
2281 3321 2668 3392 proponuntur.
2705 3303 2891 3392 Mutua
2941 3303 3367 3392 c-r'iptinationtmt
3405 3328 3716 3392 ‘repugnan-r

530 3376 642 3447 tia;
675 3373 761 3428 ιν.
801 3373 1227 3443 Origenistarum
1271 3373 1719 3447 erroreerrigeni
1751 3377 1845 3447 ιιῙρ

1851 3381 1950 3442 cti;
1974 3377 2060 3430 7V.
2109 3378 2289 3442 Ruﬁni
2329 3377 2628 3441 interpretis
2666 3380 2927 3447 perﬁdia;
2965 3381 3047 3435 VI.
3087 3379 3308 3432 Patrum
3341 3377 3490 3448 falsis
3533 3377 3716 3436 crimi-

530 3441 681 3497 nibus
717 3441 1067 3519 nppetitorum
1098 3446 1426 3519 exemplum;
1467 3445 1576 3501 VII.
1602 3441 1899 3502 Philocalia
1927 3441 1958 3501 a
1982 3441 2231 3519 Gregorio
2280 3448 2556 3516 Theologo,
2601 3460 2645 3502 et
2666 3441 2877 3502 'Basilio
2912 3466 2976 3504 ea:
3011 3449 3250 3518 Origenis
3282 3441 3488 3519 scriptis
3526 3467 3711 3505 excer-

529 3523 653 3588 pta;
717 3512 842 3588 Vill.
907 3513 1432 3588 Allegoriratnipsius
1477 3519 1956 3582 interpretationes.
2010 3512 2104 3572 IX:
2151 3517 2378 3571 Frustra
2436 3512 2699 3571 Ita'reseon
2752 3519 2871 3585 fons
2906 3512 3164 3588 apemtth
3194 3528 3291 3571 est.
3331 3512 3397 3573 Χξ
3430 3520 3720 3574 Librorum

527 3580 692 3656 ipsius
734 3584 1060 3656 depravatio.
1093 3582 1184 3635 XI.
1221 3580 1396 3636 [ulta
1428 3580 1628 3655 quoque
1655 3589 1723 3639 ad
1756 3588 1924 3653 ipsum
1976 3590 2332 3642 excusandum
2381 3589 2434 3639 in
2487 3580 2787 3642 universum
2844 3580 3182 3641 adducuntur
3221 3600 3510 3656 :perpetua
3545 3592 3718 3656 ipsius

528 3652 973 3725 inuproponendis
1019 3657 1304 3725 sententiis
1332 3652 1629 3725 haesitatio;
1678 3652 1915 3725 ejusdem
1961 3659 2253 3721 modestia;
2298 3656 2412 3710 XII.
2467 3656 2730 3711 Constans
2787 3662 3054 3712 hwreseon
3101 3652 3392 3711 insectandi
3435 3652 3714 3725 studium;

528 3717 665 3773 XIII.
707 3719 889 3774 Nimia
945 3723 1003 3773 in
1068 3723 1341 3776 scribendo

1393 3723 1710 3796 festinatio}
1733 3724 1872 3796 XIV_.
1915 3725 2239 3796 Theologica:
2266 3729 2576 3796 quwstiones
2614 3729 2778 3794 ipsius
2813 3729 3155 3796 temporibus
3182 3731 3412 3781 nondunt
3443 3731 3574 3782 satis
3613 3723 3708 3782 ex;

527 3805 733 3864 eussw,
781 3807 875 3844 nec
898 3789 1342 3864 perult‘cclesiam
1366 3789 1615 3860 deﬁnitae.
1661 3795 1776 3850 XV.
1828 3794 1964 3848 Eum
2013 3789 2222 3850 tandem
2262 3789 2451 3850 temere
2508 3789 2770 3850 dictorum
2819 3789 3082 3864 paenituit.
3118 3795 3260 3852 XVI.
3295 3797 3562 3851 Immerito
3601 3797 3715 3852 litt-

523 3859 690 3926 ﬁnum
735 3861 1062 3928 reprehendit
1109 3858 1496 3930 Hieronymus,
1552 3879 1759 3932 propter
1836 3866 2144 3932 inscriptum
2196 3865 2449 3933 Origenis
2506 3867 2669 3934 Apolo
2709 3867 2775 3918 ite
2819 3858 3110 3934 'Pamphili
3155 3882 3360 3919 nomen.
3418 3866 3576 3920 XVII.
3637 3866 3714 3922 ht‘

526 3928 704 3983 multis
758 3946 998 3989 peccasse
1051 3928 1328 3989 Origenem
1381 3933 1651 3989 fatendum
1691 3942 1788 3987 est.
1849 3931 2038 3988 XVIII.
2083 3935 2200 3989 Otto
2232 3949 2446 3989 numero
2490 3935 2611 3988 libri
2661 3883 2904 3989 (giriaenis
2935 3934 3158 3989 habendi
3202 3938 3329 3989 sint.
3382 3936 3714 3989 disputatur.

526 3928 704 4000 multis
724 3946 998 4000 gpeccasse
1051 3928 1328 3998 Origenent
1380 3928 1657 4000 fatendum
1691 3942 1788 3987 est.
1849 3928 2038 3988 XVlll.
2083 3935 2200 3999 Quo
2232 3928 2446 3989 numero
2490 3928 2611 3988 libri

545 3997 684 4053 XIX.
712 3998 784 4053 Et
811 4011 987 4053 utrum
1013 3997 1449 4056 interi/imreticos
1473 4005 1738 4072 ponendus
1767 4006 1878 4073 ipse
1899 4011 1989 4057 stt.

2713 3935 2904 4004 rigenis
2935 3934 3158 3989 habendi
3202 3938 3329 3998 sint,
3382 3936 3714 4004 disputattth

521 4312 566 4368 ι.
603 4313 756 4383 Quod
795 4314 860 4370 de
897 4313 1134 4386 Origene
1180 4313 1540 4384 Origenisque
1605 4314 1874 4384 dogmatis
1926 4314 2015 4385 ja-
2045 4323 2086 4383 c
2123 4323 2376 4386 tanquam
2407 4316 2473 4372 de
2504 4314 2762 4372 Ecclesiae
2795 4316 3060 4387 propudia
3094 4331 3158 4372 ac
3184 4316 3378 4382 vibice,
3411 4315 3491 4372 sic
3539 4317 3609 4372 de
3635 4331 3711 4375 eo

451 4409 701 4462 ctabatur
726 4405 852 4462 olim
880 4421 894 4457 :
921 4404 1027 4462 Ubi
1080 4403 1239 4470 bene,
1267 4418 1425 4460 nemo
1467 4403 1691 4472 melius;
1732 4405 1820 4460 ubi
1865 4407 2026 4473 male,

458 4513 618 4553 nemo
645 4498 835 4569 pejus;
865 4497 1007 4554 idem
1040 4497 1424 4568 propemodum
1456 4511 1603 4552 nunc
1638 4498 1703 4553 de
1727 4513 1813 4564 eo,
1851 4498 2024 4569 iisque

458 4592 652 4647 merito
692 4592 796 4647 dici
835 4598 1032 4661 potest,
1063 4591 1155 4660 qui
1201 4590 1268 4645 de
1302 4587 1471 4658 ipsius
1513 4590 1757 4646 doctrina
1800 4600 2023 4647 senten-

451 4685 580 4738 tiam
629 4683 798 4738 tulere
842 4699 858 4740 :
892 4679 994 4738 Ubi
1035 4684 1172 4738 bene
1211 4681 1496 4752 accipitur,
1536 4683 1806 4738 nemiuem
1831 4684 2022 4754 ,accipi

451 4775 671 4841 melius,
707 4776 980 4830 neminem
1025 4768 1318 4843 majoribus
1359 4773 1540 4829 extolli
1583 4775 1891 4843 praeconiis,
1931 4790 2018 4831 ne-

453 4867 612 4920 minis
651 4865 952 4921 doctrinam
1020 4865 1326 4930 acrioribus
1367 4865 1563 4920 studiis
1622 4863 1879 4932 delendi;
1923 4867 2013 4923 ubi

454 4957 615 5021 male,
645 4958 848 5012 duriori
890 4959 1160 5012 neminem
1195 4964 1250 5011 et
1280 4955 1550 5026 asperiori
1595 4971 1823 5012 censura
1860 4957 2022 5013 delri-

448 5049 580 5103 cari.
622 5048 777 5104 Adeo
812 5058 1054 5104 extrema
1081 5052 1283 5116 omnia,
1312 5065 1419 5106 non
1449 5049 1502 5104 in
1548 5050 1658 5105 vita
1698 5049 1896 5116 solum,
1919 5050 2013 5104 sed

449 5150 570 5209 post
616 5149 842 5195 mortem
892 5141 1054 5195 etiam
1099 5143 1184 5196 vir
1225 5138 1313 5197 ille
1352 5152 1612 5210 expertus
1659 5151 1777 5208 est;
1830 5141 2016 5197 nescio

451 5245 555 5301 qua
615 5230 710 5284 fati
771 5240 998 5300 urgente
1041 5231 1361 5300 pertinacia,
1426 5242 1482 5286 et
1530 5246 1830 5301 perpaucos
1870 5231 2016 5285 Ada—

448 5323 707 5377 mantium
743 5321 884 5377 inter
931 5322 1206 5392 ipsiusque
1237 5323 1578 5379 adversarios
1608 5323 1811 5378 medias
1838 5326 2013 5377 secta-
2072 5387 2081 5396 _

442 5419 487 5474 ri
520 5428 702 5489 partes
743 5419 998 5488 patiente.
1043 5417 1190 5473 Alios
1239 5419 1457 5487 quidem
1511 5429 1620 5472 tam
1659 5418 1841 5487 inique
1882 5431 2010 5486 erga

443 5510 616 5578 ipsum
659 5510 930 5564 animatos
959 5508 1168 5576 videas,
1196 5517 1255 5562 ut
1289 5509 1350 5563 in
1376 5509 1706 5563 nefariorum
1753 5522 1818 5562 ac
1847 5508 2011 5577 pesti-

2133 4407 2477 4460 statuendum
2525 4421 2646 4462 esse
2680 4406 2844 4461 velint
2885 4425 2898 4460 :
2935 4406 3022 4460 alii
3075 4417 3260 4462 contra
3310 4416 3418 4460 tam
3462 4421 3608 4462 caeco
3649 4419 3706 4463 et

2133 4492 2318 4549 eﬂ'rcni
2379 4495 2559 4550 studio
2599 4496 2653 4549 in
2712 4509 2835 4549 eum
2889 4493 3162 4562 feruntur,
3210 4502 3270 4548 ut
3314 4495 3496 4549 omnia
3534 4495 3705 4566 ipsius

2132 4585 2271 4641 iacta
2315 4602 2377 4641 ac
2400 4589 2547 4642 dicta
2595 4587 2730 4643 tueri
2754 4589 2930 4657 parati
2965 4587 3096 4654 sint,
3125 4601 3226 4642 nec
3260 4587 3419 4643 aliter
3450 4588 3704 4659 dogmata

2129 4678 2270 4750 ejus,
2297 4693 2457 4750 quam
2493 4689 2550 4735 ut
2575 4679 2771 4751 κυρίας
2807 4679 2971 4746 δόξας
2993 4679 3411 4750 amplectamur.

2659 4791 2806 4847 Unus
2832 4795 3037 4863 utrique

2413 4860 2598 4929 Error,
2630 4868 2721 4916 sed
2752 4865 2915 4917 variis
2941 4860 3117 4916 ttludit
3141 4863 3376 4932 partibus
3405 4863 3452 4917 ⁸.

2127 4951 2388 5023 Equidem
2417 4964 2659 5009 extrema
2685 4955 2800 5010 haec
2835 4956 2995 5020 inter,
3031 4938 3266 5009 medium
3295 4954 3572 5025 quoddam
3596 4960 3701 5011 ile:

2127 5047 2416 5101 tenendum
2462 5056 2612 5112 puto,
2645 5045 2690 5100 si
2734 5047 2857 5116 quis
2901 5059 3094 5115 aequus
3115 5061 3256 5114 esse,
3286 5061 3387 5102 nec
3424 5061 3547 5102 sese
3582 5047 3700 5117 ipse

2121 5137 2311 5192 fallere
2348 5136 2496 5192 velit.
2547 5136 2846 5192 Fatendum
2885 5147 2968 5191 est
3016 5152 3158 5204 saepe
3202 5151 3459 5207 peccasse
3505 5136 3697 5209 Orige-

2119 5243 2266 5295 nem,
2294 5237 2347 5284 et
2384 5229 2438 5282 in
2484 5229 2775 5284 damnosos
2815 5243 3029 5285 errores
3073 5230 3363 5295 incidisse;
3410 5230 3464 5283 in
3508 5229 3693 5284 multis

2115 5320 2252 5375 falso
2281 5331 2336 5376 et
2378 5321 2650 5376 immerito
2698 5321 2864 5376 fuisse
2911 5331 3224 5377 accusatum
3262 5323 3307 5377 si
3354 5325 3476 5392 quis
3505 5331 3688 5392 neget,

2117 5411 2384 5485 profligati
2428 5412 2578 5467 illum
2623 5413 2845 5482 pudoris
2871 5427 3010 5479 esse,
3051 5411 3414 5482 etsuprajam
3443 5413 3698 5482 probavi-

2116 5526 2260 5578 mus,
2287 5519 2341 5565 et
2367 5508 2623 5580 deinceps
2657 5509 2820 5565 etiam
2850 5510 3220 5566 ostendemus.
3247 5508 3696 5581 PrteclareOPam-

446 5602 688 5656 ferorum
739 5600 1115 5658 haereticorum
1168 5614 1334 5656 censu
1379 5599 1666 5670 Origenem
1699 5605 1924 5670 ponant,
1954 5608 2010 5654 et
2111 5599 2290 5671 philus
2331 5599 2386 5656 in
2430 5598 2759 5658 Praelatione
2802 5599 3112 5672 Apologia:
3143 5602 3538 5674 «Consequens
3570 5611 3695 5659 erat

509 5803 739 5859 ’-.\Iatlh.
770 5821 820 5868 v,
859 5803 948 5857 54.
1024 5802 1044 5833 ⁸
1071 5802 1252 5858 Ποτυῒ.
1311 5802 1403 5858 lib.
1436 5817 1500 5871 «tt,
1552 5800 1736 5871 Satyr.
1773 5795 1830 5868 3,
1857 5811 1997 5856 vers.
2034 5797 2124 5862 50,
2151 5797 2240 5853 51.
