4170 6404
539 328 678 393 1095

1816 349 1879 407 P.
1918 352 2239 411 DANIELIS
2277 357 2511 417 HUETII

3654 372 3790 427 1096

535 464 602 552 ex
636 452 1023 552 his-omnibus
1060 454 1303 513 laborum
1334 466 1389 514 et
1419 462 1722 520 studiorum
1762 481 1985 523 suorum
2031 480 2109 523 te-
2135 477 2186 535 Α
2216 474 2508 531 tationihus
2538 476 2900 535 conﬂictatos.
2934 480 3206 552 Anonymi
3246 481 3525 552 cujusdam
3557 487 3719 543 tnties
3756 507 3787 545 a

534 544 802 600 stimoniis
830 546 1078 615 amplecti
1144 549 1308 605 talem
1345 552 1519 607 virum
1563 555 1901 632 (Origenem)
1931 572 1986 617 et
2011 579 2107 618 ne-

532 651 638 705 que
682 636 1013 694 defensionis
1056 642 1237 696 studio
1283 643 1403 713 plus
1451 646 1579 701 dare
1610 650 1661 705 ei
1715 654 1915 719 meriti,
1945 670 2107 724 quam

531 742 784 782 mensura
823 729 1099 797 deposcit;
1143 746 1318 803 neque
1361 752 1549 794 rursus
1597 742 1939 801 obtrectandi
1979 749 2109 805 vitio

530 808 690 871 facile
723 818 1105 885 condemnare,
1138 832 1193 877 et
1216 824 1453 882 alienum
1486 830 1553 883 ab
1602 833 1969 893 ecclesiastica
2006 839 2104 895 do-

531 909 705 963 ctrina
755 922 960 967 temere
1013 917 1409 982 pronuntiare:
1444 936 1563 975 cum
1612 934 1902 996 utrumque
1963 930 2105 987 istud

528 1001 882 1070 praecipitium
933 1007 1221 1072 providens
1259 1020 1381 1065 ante
1427 1014 1639 1071 divinus
1718 1034 1898 1075 sermo
1924 1024 2107 1091 prohi-

525 1092 704 1145 buerit
730 1092 913 1147 dicens
942 1112 953 1147 :
992 1095 1115 1149 Non
1153 1099 1219 1151 sit
1252 1101 1308 1153 in
1346 1112 1395 1155 te
1428 1118 1677 1160 mensura
1712 1114 1903 1179 major,
1945 1130 2105 1184 neque

522 1181 1112 1241 minor:abominabile
1150 1199 1225 1243 est
1267 1194 1407 1245 enim
1471 1196 1526 1249 in
1570 1212 1847 1262 conspectu
1892 1181 2105 1259 Domini

522 1274 856 1343 utrumque’.
890 1276 1189 1348 Unicuique
1227 1284 1395 1347 enim,
1431 1296 1591 1353 prout
1626 1289 1846 1360 dignum
1889 1305 1971 1348 est
2016 1298 2107 1350 tri-

527 1364 710 1432 buere,
750 1365 977 1434 justitize
1028 1371 1131 1427 hoc
1172 1376 1451 1442 proprium
1479 1391 1580 1433 est.
1618 1381 1851 1453 Propter
1873 1390 2015 1457 quod
2049 1398 2104 1444 et

524 1472 782 1513 mensura
818 1460 1049 1530 integra,
1082 1474 1137 1519 et
1168 1470 1376 1535 pondus
1408 1482 1617 1540 aequale
1660 1480 1988 1545 acceptabile
2020 1489 2104 1537 est

514 1548 663 1615 apud
707 1548 907 1615 Deum;
940 1568 1044 1607 non
1077 1555 1178 1610 hoc
1196 1559 1345 1626 quod
1374 1563 1631 1615 mentitur
1662 1566 1969 1630 veritatem,
2001 1584 2101 1640 per

521 1636 662 1706 quod
695 1639 780 1693 vel
828 1641 946 1710 plus
994 1642 1232 1700 donatur
1274 1650 1456 1713 rebus,
1495 1666 1658 1720 quam
1711 1656 1902 1710 merita
1928 1636 2097 1728 depo-

522 1741 699 1795 scunt,
729 1733 809 1787 vel
839 1737 1173 1793 subtrahitur
1219 1743 1430 1797 meritis
1458 1745 1603 1813 quod
1656 1747 1901 1803 debetur.
1936 1769 1957 1802 ι
1994 1750 2098 1821 lgi-

2210 568 2367 621 nobis
2408 569 2519 637 jam
2561 586 2725 640 supra
2783 573 2987 628 laudati
3040 576 3354 646 Apologiam
3418 596 3513 649 pro
3562 580 3787 654 Origene

2208 656 2401 726 legisse
2426 675 2483 714 se
2516 670 2750 717 testatur
2788 663 3035 730 Photius,
3068 669 3190 723 cod.
3221 683 3388 728 cvxtt.
3417 675 3657 729 auctoris
3690 692 3789 731 no-

2210 766 2335 806 men
2369 761 2427 806 et
2463 763 2676 808 aetatem
2705 755 2921 811 silentio
2950 760 3170 827 pressit.
3203 760 3340 826 Quid
3370 762 3478 828 jam
3516 766 3788 822 recentio-

2209 858 2295 898 res
2332 860 2780 911 commemorem,
2805 847 3068 904 Joannem
3112 850 3296 904 Picum
3330 851 3787 922 Mirandulanum,

2206 934 2467 992 Jacobum
2532 938 2819 994 Merlinum
2895 940 3381 1009 Victurniensem,
3447 945 3785 1003 Desiderinm

2207 1028 2490 1083 Erasmum
2540 1031 2991 1098 Roterodamnm,
3022 1037 3234 1090 Sixtum
3262 1037 3586 1105 Senensem,
3617 1039 3784 1095 Clau-

2206 1120 2354 1173 dium
2386 1121 2760 1189 Espencaeum,
2791 1123 3096 1179 Gilbertum
3130 1126 3561 1195 Cenebrardum,
3596 1140 3653 1183 et
3684 1147 3783 1186 no-

2207 1210 2426 1265 vissime
2456 1211 2674 1266 Petrum
2708 1212 3037 1279 llalloxium,
3076 1232 3306 1285 quorum
3357 1217 3642 1276 luculenta:
3687 1234 3784 1276 ex-

2206 1310 2355 1355 stant
2383 1304 2433 1356 in
2466 1302 2717 1374 Origenis
2749 1306 3117 1361 defensionem
3150 1309 3601 1365 dissertationes?

2274 1391 2357 1446 Ill.
2392 1394 2593 1449 Horum
2624 1397 2840 1466 quidem
2866 1398 3169 1468 exemplum
3197 1400 3316 1453 sine
3350 1403 3779 1470 reprehensione

2202 1485 2400 1538 sectari
2438 1501 2524 1540 me
2569 1488 2809 1555 potuisse
2843 1498 3014 1556 puto;
3068 1507 3240 1560 neque
3298 1492 3401 1549 feci
3443 1507 3649 1562 tamen,
3682 1508 3783 1552 nec

2202 1593 2361 1649 porro
2398 1579 2593 1635 faciam
2632 1599 2645 1635 :
2689 1581 2741 1634 in
2775 1591 3024 1636 neutram
3050 1586 3198 1639 enim
3243 1599 3447 1654 partem
3480 1590 3639 1646 nimis
3662 1608 3785 1647 con-

2200 1670 2335 1738 spici
2366 1670 2523 1725 velim
2559 1689 2573 1726 :
2625 1681 2829 1725 tantum
2869 1674 2996 1742 quid
3042 1676 3293 1747 utrinque
3328 1679 3507 1735 a‘ﬂ‘erri
3560 1683 3609 1736 in
3662 1685 3782 1738 uni-‘

2199 1775 2417 1815 versum
2448 1762 2639 1831 possit,
2696 1762 3006 1833 disputabo.
3061 1766 3322 1837 Primum,
3377 1771 3504 1840 quid
3533 1770 3780 1844 Origenis

522 1832 1003 1937 tur'ntrorninqne
1055 1832 1188 1937 mihi
1248 1834 1584 1903 improbatur
1630 1839 1796 1906 ratio.
1851 1852 1961 1897 tum
2004 1846 2095 1914 qui
2128 1833 2171 1888 Β
2200 1867 2375 1908 causa:
2408 1858 2643 1912 maxime
2676 1832 2873 1926 faveat,
2907 1861 3194 1916 videndum
3242 1832 3359 1931 est;
3387 1832 3543 1933 cujus
3588 1832 3777 1937 duplex

520 1916 783 1987 apologiis
812 1921 925 1976 suis
958 1925 1105 1977 omni
1136 1924 1256 1980 labe
1280 1942 1510 1997 purgare
1534 1930 1823 2002 Origenem
1851 1937 2092 2005 student,

520 2019 633 2065 tum
669 2015 757 2082 qui
792 2015 910 2082 ejus
943 2033 1139 2074 nomen
1187 2022 1255 2075 ab
1287 2022 1535 2080 Ecclesia
1571 2029 1790 2096 penitus
1824 2032 2098 2088 detestan-

519 2112 606 2158 tur
640 2122 654 2158 :
686 2108 779 2161 sed
817 2108 883 2163 iis
920 2119 1100 2166 tamen
1160 2114 1253 2184 qui
1299 2116 1469 2185 ipsius
1522 2124 1961 2190 propugnandam
2004 2141 2097 2181 su-

516 2211 803 2266 sceperunt
828 2217 1045 2257 causam
1077 2206 1194 2274 plus
1224 2206 1411 2264 favere
1442 2226 1527 2265 me
1561 2214 1821 2282 proﬁteor
1847 2232 1862 2280 ;
1898 2217 2093 2272 scitum

514 2289 713 2360 quippe
734 2302 820 2346 est
846 2294 965 2363 plus
1006 2312 1099 2353 reo
1130 2296 1417 2354 favendum
1444 2316 1583 2367 esse,
1616 2319 1780 2374 quam
1813 2308 2013 2364 actori.

586 2380 648 2434 ll.
690 2381 798 2438 Nec
842 2401 929 2440 me
970 2389 1326 2457 quorumdam
1375 2392 1655 2448 hominum
1710 2407 1930 2452 movent
1958 2413 2093 2454 con-

514 2471 678 2535 vicia,
703 2473 796 2539 qui
843 2491 951 2530 non
981 2491 1078 2531 sua
1109 2478 1268 2533 modo
1300 2480 1615 2537 defensione
1658 2485 1933 2555 indignum
1970 2488 2095 2544 Ori-i

513 2579 704 2631 genem
740 2568 1075 2634 existimant,
1113 2570 1205 2624 sed
1246 2572 1310 2625 iis
1344 2574 1508 2627 etiam
1544 2576 1865 2631 temeritatis
1905 2589 2090 2636 notam

512 2654 755 2719 inurunt,
820 2660 1129 2729 quicunque
1160 2660 1389 2731 aliquod
1433 2664 1481 2718 ei
1533 2668 1897 2725 excusationis
1950 2688 2093 2741 pra:-

509 2757 659 2802 stant
693 2746 950 2804 olﬁcium.
1001 2751 1119 2818 Quo
1165 2768 1263 2807 suo
1305 2754 1545 2822 decreto,
1578 2772 1683 2811 non
1716 2762 1976 2828 quosdam
2012 2764 2078 2819 de

513 2840 675 2895 trivio
718 2843 1073 2913 magistellos,
1107 2846 1201 2899 sed
1240 2847 1514 2918 principes
1550 2851 1604 2904 in
1642 2850 1837 2908 litteris
1881 2865 1936 2910 et
1975 2857 2091 2926 pie-

510 2941 623 2987 tate
647 2932 887 3005 insignes
915 2937 1063 2991 viros
1096 2937 1415 3005 percellunt.
1449 2939 1583 2993 Nam
1624 2950 1684 2996 ut
1719 2942 2087 3001 Alexandrum

507 3024 1036 3097 Jerosolymitanum,
1083 3030 1457 3086 Thcoctistum
1493 3033 1908 3102 Cmsariensem,
1954 3038 2084 3094 Dio-

2198 1954 2284 2000 est
2320 1948 2479 2012 ratio,
2533 1949 2616 2005 vel
2645 1949 2892 2007 conﬂatis
2934 1952 2986 2007 in
3034 1969 3155 2008 eum
3201 1956 3668 2013 criminationibus
3700 1961 3779 2015 di-

2198 2038 2432 2109 luendis,
2480 2042 2564 2097 vel
2619 2045 2737 2113 ipso
2776 2043 3011 2114 Origene
3044 2048 3373 2103 excusando.
3424 2048 3780 2105 Confutantur

2195 2138 2429 2207 primum
2460 2142 2832 2196 accusationes
2879 2142 2981 2196 hoc
3030 2152 3364 2211 argumento,
3395 2144 3539 2214 quod
3586 2144 3777 2215 plerae—

2195 2242 2303 2299 que
2328 2231 2428 2286 sibi
2459 2241 2759 2303 repugnant
2792 2233 3043 2300 invicem,
3097 2245 3154 2289 et
3198 2234 3252 2289 in
3305 2250 3426 2291 sese
3472 2237 3779 2292 incurrunt.

2196 2320 2345 2377 Inter
2378 2337 2568 2377 novem
2596 2324 3008 2380 criminationes
3055 2340 3083 2379 a
3114 2324 3415 2395 Pamphilio
3441 2341 3774 2383 commemo—

2194 2426 2366 2478 ratas,
2397 2418 2683 2472 contrariae
2716 2417 2817 2472 sibi
2864 2427 2989 2473 sunt
3028 2416 3238 2486 priores
3265 2427 3517 2487 quatuor,
3547 2433 3667 2488 quae
3709 2420 3775 2473 ad

2194 2505 2468 2563 Christum
2489 2509 2784 2578 pertinent,
2817 2518 2876 2563 ut
2902 2508 2985 2563 vel
3007 2509 3199 2564 silente
3233 2509 3350 2577 ipso
3376 2508 3625 2580 Origene,
3661 2521 3775 2564 mir.

2197 2608 2287 2653 tuo
2320 2612 2439 2654 sese
2467 2600 2571 2653 illa:
2605 2599 2871 2654 refellant.
2898 2599 3051 2666 Quod
3083 2601 3126 2655 si
3162 2600 3284 2669 quis
3312 2602 3558 2668 superius
3590 2605 3772 2670 caput,

2193 2692 2334 2760 quod
2357 2690 2663 2747 Adamantii
2693 2694 2941 2763 dogmata
2967 2692 3367 2761 complectitur,
3400 2692 3621 2747 attentis
3646 2708 3775 2747 ocu-

2192 2780 2260 2836 lis
2305 2781 2619 2851 perlustret,
2664 2783 2831 2837 multa
2880 2783 2991 2838 illic
3042 2783 3250 2852 objecta
3277 2781 3496 2852 Origeni
3547 2783 3771 2838 crimina

2191 2873 2467 2928 adversari
2499 2874 2599 2929 sibi
2635 2873 2863 2928 invicem
2894 2874 3283 2943 deprehendet.

2262 2966 2352 3023 IV.
2399 2965 2639 3022 Alterum
2669 2965 2989 3021 defendendi
3038 2964 3345 3020 Adamantii
3401 2972 3769 3033 argumentum

2190 3072 2258 3114 ex
2292 3071 2357 3112 eo
2400 3058 2622 3127 petitur,
2678 3056 2824 3126 quod
2858 3056 3286 3126 Origenistarum
3317 3056 3766 3110 heterodoxorum

511 3122 727 3190 nysium
766 3122 1214 3188 Alexandrinum,
1255 3123 1632 3180 Firmilianum
1673 3127 2085 3199 Caesariensem,
2116 3172 2158 3231 ο
2191 3122 2416 3205 errore;
2441 3147 2662 3219 origani
2696 3122 2860 3218 “saepe
2901 3122 3064 3202 animi
3116 3158 3263 3215 sunt,
3318 3156 3373 3202 et
3404 3149 3568 3217 quod,
3604 3158 3659 3200 ut
3690 3147 3768 3200 ait

507 3211 829 3282 Gregorium
866 3212 1352 3286 Thaumaturgum,
1382 3227 1437 3273 et
1468 3219 1897 3286 Athenodorum,
1922 3224 2088 3279 alios-

505 3319 611 3374 que
681 3305 900 3376 Origeni
966 3322 1177 3364 coaevos
1254 3314 1705 3379 pmlermittam;
1793 3324 1848 3370 et
1922 3325 2090 3371 totam

504 3397 740 3467 denique
802 3398 1194 3469 Palaestinam,
1262 3403 1558 3469 Arabiam,
1610 3404 1944 3461 Phoenicium
2033 3413 2090 3461 et

502 3489 792 3556 Achaiam,
826 3505 945 3560 quae
975 3491 1224 3562 Origenis
1253 3505 1437 3563 partes
1472 3500 1731 3553 adversus
1755 3498 2085 3554 Demetrium

502 3581 933 3637 Alexandrinum
962 3592 1153 3655 tutata:
1193 3596 1345 3653 sunt,
1372 3597 1560 3656 aperte
1587 3592 1805 3645 easdem
1846 3591 2083 3647 luculen-

508 3672 578 3727 tis
630 3673 848 3744 scriptis
899 3676 1095 3731 deinde
1158 3691 1634 3750 propugnaverunt
1699 3681 1963 3738 Eusebius
2032 3690 2087 3738 et

504 3762 844 3835 Pamphilus,
915 3781 1041 3822 cum
1101 3768 1155 3823 in
1221 3770 1581 3824 ecclesiastica
1638 3770 1901 3837 Historia,
1972 3782 2083 3828 tum

505 3856 675 3910 multo
719 3857 891 3927 magis
922 3873 1017 3927 per
1044 3859 1358 3929 Apologiam
1388 3876 1482 3915 sex
1522 3861 1689 3916 libros
1721 3864 2087 3933 complexam,

501 3963 731 4019 quorum
767 3951 957 4005 unicus
1008 3963 1282 4020 superest.
1315 3954 1467 4008 Alios
1497 3969 1713 4024 quoque
1768 3958 1947 4028 magni
1982 3973 2081 4012 no-

499 4042 662 4096 minis
691 4042 832 4096 viros
855 4043 1163 4112 complures
1187 4044 1402 4099 Eusebii
1436 4046 1767 4114 temporibus
1801 4047 2079 4116 apologias

498 4144 596 4198 pro
650 4129 882 4200 Origene
923 4132 1209 4201 scripsisse
1259 4135 1424 4189 tradit
1465 4135 1690 4191 Photinus
1739 4138 1858 4192 cod.
1890 4152 2078 4192 cxvm.

500 4220 645 4274 Inter
682 4220 993 4290 Origeniani
1034 4225 1269 4279 nominis
1321 4226 1567 4283 fautores
1594 4229 1949 4283 Athanasium
1986 4246 2081 4301 po-

499 4314 583 4366 nit
635 4312 945 4383 Stephanus
1005 4314 1300 4381 Tritheita,
1366 4334 1733 4390 cognomento
1800 4321 2071 4389 Gobarus,

497 4405 651 4475 cujus
682 4417 937 4475 excerpta
968 4407 1128 4464 habet
1160 4409 1382 4467 Photius
1422 4416 1545 4468 cod.
1578 4429 1821 4469 ccxxx".
1850 4415 1945 4469 His
1985 4429 2078 4470 ac-

2191 3241 2333 3295 Beda
2370 3240 2424 3295 in
2460 3239 2802 3294 Collectaneis
2842 3249 2896 3295 et
2931 3238 3171 3307 Florib.,
3204 3254 3322 3309 cap.
3356 3239 3420 3294 de
3455 3239 3760 3293 luminarib.

2190 3330 2400 3385 Eccles.
2438 3347 2497 3386 ει
2533 3329 2681 3384 Multi
2714 3329 2830 3399 ejus
2872 3330 3088 3401 pessimi
3135 3330 3380 3400 discipuli
3404 3329 3567 3384 multa
3606 3345 3766 3385 vene-

2190 3436 2323 3476 nosa
2371 3422 2469 3476 sub
2524 3422 2743 3476 nomine
2788 3421 2945 3488 hujus
2992 3422 3227 3477 edidisse
3265 3423 3532 3481 videntur.
3565 3441 3584 3475 ›
3631 3421 3763 3477 Cum

2190 3512 2334 3566 enim
2387 3511 2751 3567 Christianum
2799 3512 2983 3566 orbem
3033 3512 3089 3566 in
3144 3511 3405 3567 factiones
3458 3513 3769 3581 dissipasset

2190 3601 2358 3671 ipsius
2387 3602 2655 3669 doctrina,
2704 3609 2763 3655 ut
2808 3601 2975 3657 multa
3010 3600 3134 3658 huic
3170 3601 3306 3657 falso
3346 3604 3413 3657 ab
3445 3603 3770 3658 adversariis

2188 3692 2420 3762 impacta
2450 3701 2597 3759 sunt,
2643 3694 2713 3747 ita
2760 3709 2865 3747 non
2904 3709 3074 3763 pauca
3118 3703 3375 3764 tanquam
3405 3696 3474 3750 ab
3506 3695 3620 3766 ipso
3654 3706 3765 3749 tra-

2187 3784 2295 3838 dita
2327 3794 2737 3854 propugnarunt
2767 3784 2937 3853 ipsius
2987 3787 3245 3850 asseclaz;
3297 3786 3380 3840 vel
3426 3801 3548 3857 quae
3594 3787 3765 3856 reipsa

2185 3872 2405 3929 fuerant
2479 3875 2547 3929 ab
2616 3875 2705 3930 illo
2777 3876 3016 3941 tradita,
3086 3878 3137 3931 in
3209 3879 3370 3932 aliam
3441 3881 3763 3934 sententiam

2185 3964 2595 4021 detorserunt:
2646 3982 2874 4037 quorum
2932 3983 3097 4023 causa
3147 3969 3344 4024 insonti
3396 3969 3615 4039 Origeni
3670 3971 3763 4026 de-

2184 4058 2486 4131 legabatur.
2554 4060 2723 4114 Caute
2775 4075 2907 4128 ergo
2960 4071 3016 4116 et
3067 4062 3355 4134 diligenter
3403 4064 3759 4131 Origenistica

2184 4152 2439 4221 dogmata
2472 4151 2540 4206 ab
2566 4149 2875 4222 Origenicis
2900 4163 3150 4223 seponat,
3184 4165 3239 4209 et
3283 4155 3336 4210 i'n
3376 4154 3607 4209 diversis
3635 4170 3761 4208 cau-

2183 4243 2258 4297 sis
2284 4240 2574 4313 Origenem
2621 4258 2689 4298 ac
2718 4242 3054 4314 Origenistas
3083 4247 3288 4301 versari
3324 4248 3479 4312 sciat,
3520 4247 3760 4315 quisquis

2181 4333 2463 4389 historiam
2520 4334 2660 4390 hanc
2692 4345 2946 4393 accurate
2980 4337 3166 4392 rimari
3196 4347 3251 4392 et
3291 4348 3622 4408 perspectam
3657 4338 3759 4393 ha-

2180 4424 2308 4479 bere
2340 4426 2503 4480 volet.

499 4502 800 4555 censendus
842 4502 1096 4573 Didymus
1141 4504 1560 4571 Alexandrinus,
1590 4509 1682 4577 qui
1718 4522 1814 4577 pro
1845 4508 2075 4577 Origene
2105 4509 2151 4565 D
2255 4516 2315 4571 V.
2352 4517 2465 4587 (45)
2500 4516 2695 4573 Nocuit
2724 4526 2778 4573 et
2813 4519 2941 4574 illud
2969 4518 3188 4590 Origeni
3216 4521 3358 4589 quod
3397 4521 3644 4576 maximae
3677 4521 3761 4576 lu-

496 4595 904 4661 Apologeticum
946 4597 1136 4663 edidit,
1171 4607 1238 4665 ,ει
1282 4595 1438 4653 Titus
1492 4599 1824 4665 Bostrensis,
1855 4614 1907 4654 et
1937 4600 2077 4657 Gre-

495 4689 634 4758 gorii
667 4690 845 4750 ambo,
884 4688 1284 4743 Nazianzenum
1334 4692 1479 4757 dico,
1520 4703 1576 4745 et
1619 4691 1945 4762 Nyssenum,
1978 4694 2071 4763 qui

497 4795 527 4831 a
558 4777 773 4834 Gobaro
807 4790 1327 4847 commemorantur,
1358 4792 1412 4836 et
1451 4780 1686 4837 Joannes
1719 4782 2070 4855 Jerosolymi-

498 4881 655 4927 tanus
685 4874 918 4928 assiduis
944 4890 1063 4929 eam
1086 4875 1156 4930 ob
1187 4890 1298 4929 rem
1336 4876 1624 4947 Epiphanii
1655 4888 1707 4930 et
1744 4876 2060 4949 Hieronymi

499 4965 710 5036 probris
757 4965 1064 5024 lacessitus.
1107 4966 1437 5023 Methodium
1502 4984 1742 5040 quoque,
1794 4970 2067 5025 infensum

500 5057 650 5113 illum
682 5058 934 5129 Origenis
955 5060 1352 5123 adversarium,
1381 5061 1461 5114 sui
1492 5059 1785 5129 aliquando
1813 5060 1919 5114 odii
1948 5075 2071 5131 pce-

498 5152 676 5218 nituit,
708 5161 763 5205 et
805 5152 945 5206 inter
971 5153 1089 5221 ejus
1113 5151 1472 5209 admiratores
1510 5167 1573 5206 ac
1614 5152 1928 5207 defensores
1964 5168 2066 5206 no-

498 5260 617 5298 men
669 5260 822 5299 suum
862 5244 1135 5313 professus
1181 5254 1285 5298 est.
1334 5245 1483 5299 Tulit
1513 5246 1700 5300 eadem
1742 5254 1874 5299 aetas
1905 5244 2061 5298 addi-

496 5339 793 5392 ctissimum
825 5337 1044 5409 Origcni
1085 5338 1337 5393 Ruﬁnum
1363 5339 1789 5409 Aquileiensem,
1816 5347 1869 5394 et
1899 5338 2057 5393 innu-

495 5446 673 5487 meros
703 5448 796 5501 per
825 5432 1116 5503 Egyptum
1157 5435 1430 5503 dispersos
1464 5435 1780 5497 monachos,
1811 5432 2066 5486 maximis

496 5525 680 5579 eadem
723 5526 788 5579 de
819 5540 979 5580 causa
1017 5540 1157 5589 cum,
1188 5525 1489 5595 Theophila
1524 5524 1896 5580 Alexandrino
1935 5523 2067 5578 veli-

573 5642 595 5672 ⁹
627 5639 788 5694 Prov.
832 5658 925 5708 xx,
967 5643 1051 5697 10.

565 5736 677 5803 (45)
706 5722 893 5790 Nocuit
939 5748 985 5789 et
1035 5737 1169 5790 illud
1200 5736 1436 5806 Origeni,
1478 5738 1615 5803 quod
1644 5738 1887 5791 maxima:
1912 5735 2062 5789 lucu-

497 5806 791 5859 brationum
815 5821 1029 5858 suarum
1057 5809 1217 5862 variis
1246 5807 1500 5861 Rufinum
1524 5810 1857 5876 interpretem
1880 5816 2064 5861 nactus

2181 4614 2559 4669 cubrationum
2611 4632 2828 4672 suarum
2882 4618 3056 4688 partis
3106 4617 3354 4672 Ruﬁnum
3409 4618 3758 4689 interpretem

2185 4716 2378 4760 nactus
2434 4715 2535 4763 est.
2586 4707 2753 4777 Cujus
2790 4718 2938 4762 tanta
2989 4708 3089 4761 fuit
3136 4708 3189 4761 in
3229 4709 3420 4765 Latine
3468 4711 3759 4769 reddendis

2181 4808 2423 4853 veterum
2456 4800 2696 4870 scriptis,
2727 4809 2781 4854 et
2803 4810 2910 4854 tam
2936 4801 3285 4855 immoderata
3312 4803 3549 4868 licentia,
3578 4818 3759 4874 quem-

2181 4890 2467 4945 admodum
2500 4907 2642 4962 szepe
2671 4894 3001 4955 monuimus,
3036 4908 3156 4947 cum
3190 4895 3356 4948 multa
3400 4896 3756 4963 detrahendo,

2179 4980 2265 5034 vel
2296 4980 2664 5049 inferciendo,
2705 4993 2817 5035 tum
2856 4980 3113 5052 pleraque
3161 4983 3535 5053 interpoiando
3569 4994 3623 5040 et
3668 5000 3755 5040 re-

2179 5072 2483 5140 coquendo,
2515 5082 2570 5127 ut
2603 5072 2902 5145 intelligere
2948 5073 3141 5127 debeat
3172 5075 3482 5144 quicunque
3533 5090 3753 5130 conver-

2176 5176 2295 5215 sum
2328 5177 2356 5215 a
2382 5161 2577 5217 Rulino
2604 5164 2928 5234 scriptorem
2962 5162 3192 5232 aliquem
3228 5166 3388 5235 leget,
3424 5180 3530 5219 non
3568 5176 3675 5219 tam
3698 5180 3755 5221 se

2177 5252 2418 5305 auctoris
2462 5253 2651 5321 ipsius,
2709 5269 2873 5322 quam
2926 5252 3106 5307 Ruﬁni
3151 5256 3448 5310 sententias
3489 5264 3545 5311 et
3591 5257 3752 5311 verba

2174 5340 2374 5410 legere.
2418 5342 2494 5396 Eo
2542 5359 2673 5398 vero
2716 5346 2876 5400 latius
2918 5355 3067 5415 patet
3116 5346 3167 5399 id
3216 5347 3428 5411 vitium,
3477 5348 3620 5417 quod
3672 5349 3753 5418 ip-

2176 5445 2293 5484 sum
2352 5430 2693 5501 Origeniante
2750 5436 3015 5489 doctrinae
3074 5433 3321 5500 fontem,
3390 5436 3558 5493 libros
3612 5438 3752 5503 Περὶ

2174 5521 2407 5592 ἀρχῶν,
2439 5539 2579 5580 unus
2609 5524 2700 5580 ille
2731 5526 2798 5580 ad
2832 5541 2941 5596 _nos
2969 5526 3224 5581 derivarit
3245 5565 3261 5593 ,
3296 5537 3351 5581 et
3381 5528 3495 5582 suis
3535 5530 3751 5598 quidem

2170 5744 2264 5790 est.
2314 5735 2449 5790 Vide
2477 5733 2862 5806 Praefationem
2889 5740 3130 5789 nostram
3165 5739 3309 5788 tomo
3352 5732 3527 5803 primo
3573 5730 3745 5806 praell-

2176 5821 2297 5861 xam
2324 5822 2443 5877 pag.
2473 5805 2529 5873 2,
2561 5807 2594 5862 5
2625 5818 2680 5862 et
2706 5806 2764 5861 4.
