4170 6476
376 508 513 562 I097

1425 505 1989 563 OHIGENIANOIIUM
2030 504 2154 560 LIB.
2200 504 2262 569 11,
2301 506 2449 561 CAP.
2489 504 2578 561 111.

3479 510 3615 567 1098

378 628 630 681 sordibus
677 626 1034 696 inquinatos;
1089 626 1243 693 cujus
1292 635 1481 679 testem
1530 627 1759 679 citatnus
1803 623 1947 677 Ruli-
1979 622 2367 689 Adugmalicis
2406 621 2813 684 assertionibus,
2864 631 2919 673 et
2975 620 3051 674 sic
3104 621 3157 673 in
3211 636 3323 684 eas,
3364 630 3613 690 tanquam

376 734 503 771 num
559 719 733 787 ipsum
787 718 839 771 in
887 718 1133 786 Prologo.
1183 728 1235 771 et
1271 718 1322 771 in
1352 716 1671 771 Praafatione
1704 717 1823 769 libri
1859 731 1942 769 Ill.

376 808 546 864 Nemo
613 817 793 865 autem
880 812 1172 878 superioris
1252 808 1444 877 capitis
1510 808 1944 863 dissertationum

376 901 532 956 fidem
571 901 698 957 hinc
728 902 927 957 elevari
961 916 1119 969 posse
1164 912 1341 969 putet;
1393 915 1515 955 cum
1560 900 1704 954 enim
1753 914 1946 968 magna

320 1007 324 1016 '
373 992 818 1047 criminationum
869 1007 1015 1059 pars,
1069 1007 1205 1061 quas
1247 991 1496 1060 Origenis
1547 999 1946 1059 oppugnatores

372 1083 602 1151 jactaut,
637 1084 760 1137 inde
794 1084 959 1152 petita
991 1083 1104 1149 sit;
1151 1085 1278 1152 quid
1313 1083 1490 1152 aptius
1524 1098 1683 1151 quam
1724 1096 1947 1151 respon-

374 1176 558 1229 siones
591 1175 827 1227 indidem
860 1176 1199 1241 depromere,
1232 1176 1371 1229 unde
1399 1175 1806 1230 criminationes
1852 1188 1946 1241 pe-

377 1265 487 1317 tita:
526 1263 695 1317 sunt?
767 1262 822 1317 Si
876 1267 998 1333 quis
1060 1281 1189 1335 ergo
1240 1281 1271 1319 e
1325 1275 1581 1334 corrupto
1627 1265 1763 1320 libro
1818 1280 1943 1333 pro-

376 1354 513 1407 latas
563 1354 903 1409 defensiones
963 1366 1259 1418 causetur,
1315 1357 1480 1409 cadat
1538 1356 1941 1410 accusationum

374 1461 437 1500 ex
492 1450 680 1500 eodem
732 1447 1122 1500 accersitarum
1178 1446 1311 1502 fides
1360 1462 1584 1502 necesse
1627 1456 1730 1503 est.
1791 1446 1942 1515 Quod

374 1535 418 1588 si
475 1550 630 1588 suum
680 1534 764 1590 his
807 1543 1054 1591 servetur
1078 1537 1265 1601 robur,
1296 1537 1461 1593 stabit
1489 1536 1703 1591 illarum
1728 1551 1944 1607 quoque

374 1627 691 1681 auctoritas.

363 1722 368 1754 ι
446 1712 533 1770 Vl.
571 1714 791 1769 Multum
838 1716 999 1769 etiam
1033 1716 1102 1771 ad
1149 1716 1516 1773 defensionem
1543 1717 1789 1790 Origenis
1816 1732 1942 1774 con-

373 1803 479 1860 fert
507 1804 727 1861 Patrum
751 1807 978 1866 aliorum
1011 1808 1313 1879 exemplum
1334 1849 1349 1874 ,
1381 1810 1576 1879 quibus
1603 1825 1815 1865 errores
1841 1811 1941 1865 ali-

372 1898 464 1966 qui
490 1896 806 1953 exciderunt
840 1898 1187 1964 humanitus,
1225 1902 1472 1971 quamvis
1500 1902 1856 1957 orthodoxam
1885 1902 1936 1956 in

2054 715 2312 768 adversus
2377 729 2542 771 novas
2587 714 2868 783 opiniones
2920 714 2972 767 in
3026 714 3323 769 Ecclesiam
3375 715 3616 773 invectas

2048 805 2249 859 velitati
2279 816 2423 860 sunt.

2122 896 2211 950 IX.
2259 897 2368 951 Nec
2397 897 2571 952 fraudi
2598 898 2723 953 huic
2752 912 2873 953 esse
2916 899 3093 963 oebet,
3123 898 3265 966 quod
3293 897 3412 951 Man
3437 899 3614 953 clueo-

2049 1001 2189 1052 rum,
2218 987 2668 1053 Sabellianorum,
2725 990 3073 1054 Arianorum,
3136 989 3613 1051 Eunomianorum,

2047 1081 2433 1133 Anomceorum
2492 1079 3009 1149 Pelagianorumque
3042 1089 3227 1148 pater,
3260 1088 3313 1133 et
3364 1079 3604 1133 omnium

2048 1168 2319 1222 haereseou
2356 1169 2474 1224 fons
2519 1186 2549 1223 a
2602 1170 2874 1224 nonnullis
2919 1170 3237 1239 appellatur.
3282 1168 3415 1223 Nam
3455 1179 3511 1222 ut
3544 1170 3611 1222 ad

2045 1258 2430 1329 conﬁngendas
2457 1261 2691 1315 haereses
2722 1260 3051 1315 incentivum
3081 1260 3284 1327 scripta
3312 1260 3430 1327 ejus
3460 1262 3616 1316 malis

2046 1348 2275 1418 ingeniis
2313 1351 2617 1405 subdidisse
2669 1352 2879 1417 demus,
2926 1350 3261 1405 Iectorumne
3299 1351 3509 1420 culpam
3561 1362 3615 1406 et

2045 1455 2298 1511 perversa
2345 1440 2543 1509 judicia
2580 1451 2837 1509 prmstare
2888 1442 3147 1497 tenetur?
3192 1442 3454 1497 meritone
3486 1442 3612 1511 a'gri

2043 1534 2307 1587 stomachi
2359 1534 2545 1587 vitium
2597 1534 2648 1587 in
2710 1534 2886 1587 cibum
2917 1534 3189 1588 sincerum
3247 1532 3612 1588 transfertur?

2045 1622 2156 1679 lmo
2188 1640 2335 1688 vero,
2372 1640 2596 1680 summa:
2627 1626 2744 1696 ejus
2776 1627 2828 1681 in
2860 1627 3101 1682 Ecclesia
3146 1626 3483 1681 auctoritatis
3529 1626 3613 1683 vel

2041 1729 2110 1769 ex
2139 1729 2207 1770 eo
2230 1715 2601 1785 praeiudicium
2628 1717 2764 1771 sumi
2799 1725 2991 1786 potest,
3029 1716 3170 1785 quod
3201 1731 3267 1770 ex
3303 1715 3471 1786 ipsius
3500 1713 3611 1769 suf-

2041 1805 2214 1877 fragio
2251 1822 2502 1875 magnam
2548 1807 2826 1861 erroribus
2852 1807 2970 1862 suis
2999 1808 3105 1860 vim
3152 1809 3409 1861 accedere
3458 1816 3614 1875 puta~

2041 1908 2170 1953 runt
2210 1899 2542 1954 heterodoxi.
2600 1899 2791 1953 Annon
2826 1911 3005 1954 autem
3032 1902 3360 1969 praacipuam
3399 1899 3617 1968 figmen-

370 1989 493 2043 aliis
544 1990 815 2045 tenuerint
850 1991 1045 2058 (idem,
1096 2002 1151 2047 et
1204 1970 1348 2047 inter
1392 1996 1726 2049 orthodoxos
1783 1994 1939 2064 positi
1972 1970 2016 2025 Β
2047 1988 2114 2042 tis
2147 1989 2263 2044 suis
2300 1990 2455 2045 [idem
2486 2004 2549 2045 ex
2591 1989 2867 2059 Scriptura
2912 2005 3065 2045 sacra
3113 1990 3401 2046 conciliare
3429 1992 3611 2045 itidem

370 2081 501 2137 sint.
537 2080 670 2135 Nam
720 2091 778 2135 ut
808 2082 943 2137 alios
974 2082 1256 2139 brevitatis
1300 2101 1466 2139 causa
1508 2086 1939 2154 praetermittam,

368 2183 504 2242 quot
530 2189 813 2229 recensere
841 2190 1130 2244 possumus
1170 2176 1316 2230 nulla
1348 2178 1619 2233 haereseos
1639 2181 1943 2247 suspicione

368 2278 655 2333 aspersas,
684 2275 738 2319 et
771 2265 837 2318 de
864 2263 1128 2319 Trinitate
1180 2276 1359 2321 tamen
1415 2266 1551 2322 falsa
1599 2278 1654 2323 et
1708 2269 1938 2324 absurda

367 2354 750 2409 commentos?
796 2353 1026 2408 Venient
1083 2355 1136 2408 in
1193 2355 1338 2411 hunc
1383 2358 1637 2411 ordinem
1694 2342 1941 2415 Justinus

368 2454 615 2515 martyr,
678 2444 1098 2512 Athenagoras,
1165 2442 1495 2515 Theopnilus
1546 2448 1937 2515 Antiochenus,

366 2534 615 2590 Clemens
666 2534 961 2600 Romanus,
1011 2536 1306 2609 Gregorius
1340 2536 1797 2608 Thaumaturgus,
1831 2538 1940 2593 Me-

368 2626 605 2691 thodius,
660 2626 955 2693 Lucianus,
1006 2636 1061 2682 et
1112 2627 1361 2699 Origeois
1411 2629 1681 2698 praecipue
1710 2629 1942 2700 discipu-

366 2719 451 2776 lus
506 2721 795 2792 Dionysius
849 2723 1265 2789 Alexandrinus,
1324 2738 1480 2789 quem
1548 2723 1751 2778 idcirco
1803 2724 1939 2779 Ano-

366 2826 633 2867 mtnorum
678 2826 958 2883 parentem
1000 2816 1237 2885 appellat
1281 2816 1509 2872 Basilius
1563 2818 1723 2885 epist.
1749 2818 1843 2885 41,
1886 2828 1942 2873 et

365 2902 657 2959 Arianislui
713 2905 918 2961 fontem
972 2906 1281 2963 Gennadius
1331 2909 1425 2963 lib.
1455 2923 1517 2972 ιι,
1572 2907 1649 2962 De
1704 2909 1937 2978 dogmat.

364 3010 487 3064 cap.
519 2997 576 3061 2,
608 3012 731 3051 cum
758 3013 880 3052 eum
911 3007 1096 3054 tamen
1126 3004 1194 3053 ah
1224 2999 1309 3054 his
1350 2999 1786 3055 accusationibus
1830 3001 1941 3054 vin-

361 3085 507 3140 dicet
532 3087 887 3154 Athanasius,
938 3100 994 3144 et
1053 3100 1248 3160 praeter
1275 3090 1630 3143 Athanasium
1682 3090 1939 3162 llierony-

363 3193 505 3241 mus,
541 3179 631 3248 qui
663 3195 787 3233 eum
818 3181 874 3233 in
903 3179 1162 3235 Trinitate
1192 3180 1518 3235 Catholicam
1557 3198 1667 3235 esse
1714 3191 1939 3236 testatur

2042 2081 2263 2137 student
2313 2081 2599 2137 haeretici?
2648 2097 2824 2135 annon
2860 2096 2927 2135 ex
2971 2082 3169 2137 divinis
3196 2081 3373 2137 Libris
3407 2082 3457 2136 in
3483 2082 3611 2135 alie-

2043 2186 2141 2227 nos
2167 2183 2221 2227 et
2250 2173 2485 2228 nefarios
2529 2188 2719 2227 sensus
2766 2188 2795 2227 a
2844 2188 2901 2228 se
2929 2174 3197 2229 contortis
3226 2173 3481 2243 pestifera
3513 2190 3609 2229 sua

2041 2262 2289 2333 dogmata
2328 2266 2697 2319 extuderunt?
2744 2264 2867 2318 Pari
2903 2280 3034 2335 ergo
3068 2265 3191 2336 jure
3216 2280 3463 2319 errorum
3489 2280 3609 2320 om—

2042 2355 2211 2419 nium,
2241 2355 2286 2410 si
2321 2355 2396 2410 ita
2438 2355 2585 2425 loqui
2615 2355 2757 2418 licet,
2795 2357 3076 2426 Scriptura
3111 2372 3290 2424 sacra,
3332 2358 3470 2411 male
3499 2359 3609 2413 sci-

2040 2442 2166 2499 licet
2197 2452 2442 2513 accepta,
2479 2444 2600 2499 fons
2630 2445 2840 2500 dicatur
2885 2456 2940 2501 et
2970 2446 3141 2516 origo,
3173 2447 3245 2501 ob
3285 2457 3608 2517 praepostera

2041 2551 2232 2605 nempe
2277 2536 2654 2592 hereticorum
2711 2538 2944 2609 ingenia,
2977 2540 3179 2608 optima
3215 2553 3440 2608 qumque
3483 2553 3609 2609 per-

2040 2626 2384 2682 vertentium.

2108 2718 2175 2772 Χ.
2210 2718 2322 2788 (44)
2353 2717 2595 2787 Denique
2637 2719 2976 2787 potissimum
2999 2718 3211 2790 Origeni
3246 2734 3312 2774 ex
3347 2720 3607 2775 librorum

2040 2811 2208 2881 ipsius
2239 2810 2622 2879 depravatione
2658 2811 3017 2878 patrocinium
3045 2811 3387 2865 conciliatur.
3434 2811 3611 2879 Argu-

2042 2912 2279 2956 mentum
2325 2900 2453 2954 illud
2497 2902 2727 2970 arripuit
2777 2918 3078 2972 anonymus
3136 2904 3304 2971 ipsius
3359 2904 3611 2959 defensor

2036 2994 2178 3061 apud
2208 2989 2458 3045 Photium
2487 2991 2607 3045 cod.
2633 3006 2799 3046 cxvu.
2824 2992 2968 3047 Idem
2990 3008 3120 3048 vero
3150 2994 3405 3063 peculiari
3428 2994 3610 3049 libello

2040 3083 2285 3137 dilatavit
2312 3082 2559 3147 Rufinus,
2594 3082 2749 3150 cujus
2772 3099 2982 3139 summa
3020 3085 3143 3140 haec
3171 3095 3296 3141 est:
3329 3085 3456 3141 Inde
3482 3086 3605 3142 Orio

2039 3174 2191 3245 genis
2222 3174 2440 3229 codices
2470 3174 2537 3227 ab
2577 3174 2850 3229 haereticis
2886 3185 2942 3230 et
2975 3176 3252 3232 malevolis
3288 3178 3610 3247 depravstos

362 3265 583 3337 Apolog.
626 3268 719 3322 lib.
749 3284 785 3323 ll
811 3308 828 3332 ,
875 3283 995 3338 cap.
1024 3270 1077 3324 4.
1128 3268 1300 3337 Quam
1362 3270 1559 3324 multos
1616 3270 1834 3340 integra:
1883 3280 1935 3325 et
1961 3304 2005 3358 α
2039 3266 2215 3335 argui,
2241 3266 2384 3335 quod
2409 3267 2679 3321 contraria
2706 3278 2761 3320 et
2788 3270 3166 3339 repugnantia,
3203 3285 3308 3324 non
3344 3271 3396 3325 in
3427 3272 3608 3326 diver-

360 3372 507 3411 sana:
543 3358 661 3412 ﬁdei
693 3360 839 3415 viros
872 3361 992 3414 tulit
1017 3360 1278 3425 Ecclesia,
1302 3361 1590 3417 calumniis
1612 3361 1933 3430 proscissos,

359 3456 413 3501 et
444 3448 757 3516 ignominiis
787 3449 1048 3504 notatos?
1083 3448 1259 3504 Unum
1292 3450 1521 3504 laudabo
1560 3466 1672 3520 prae
1715 3453 1935 3520 reliquis

356 3536 619 3593 Joannem
648 3539 1119 3608 Chrysostomum,
1168 3541 1247 3594 vel
1294 3542 1433 3597 hanc
1481 3543 1820 3611 potissimum
1865 3546 1934 3597 ob

357 3642 601 3693 causam,
649 3630 793 3698 quod
841 3630 940 3685 has
994 3632 1094 3700 ipsi
1139 3632 1577 3690 conﬂictationes
1606 3634 1930 3705 Origenismi

358 3717 595 3786 Suspicio
621 3720 848 3788 peperit.
911 3720 1049 3775 Nam
1104 3737 1226 3776 cum
1256 3723 1591 3795 Origenistas
1634 3728 1933 3782 monachos

357 3809 616 3864 adversus
648 3810 931 3880 Theophili
970 3813 1321 3868 Alexandrini
1379 3815 1603 3883 injurias
1663 3827 1929 3885 tueretur,

264 3896 267 3899 ’
358 3900 411 3955 ἰιι
447 3903 808 3969 suspicionem
843 3903 990 3958 venit
1015 3903 1249 3960 alfectati
1274 3906 1624 3976 Origenismi,
1656 3911 1931 3979 variisque

354 3989 565 4045 artibus
595 3992 907 4062 episcopatu
941 3995 1221 4064 depulsus,
1259 3996 1725 4069 Constantinopoli
1756 4002 1931 4055 detur-

355 4082 535 4145 batus,
565 4083 619 4136 in
649 4084 902 4138 exsiliqu
939 4095 1113 4151 actus,
1152 4101 1362 4142 summa
1397 4105 1461 4144 ac
1493 4105 1661 4160 prope
1694 4093 1863 4146 ferina
1898 4110 1926 4145 a

355 4171 648 4227 submissis
670 4176 997 4231 satellitibus
1025 4177 1367 4232 inclementia
1394 4181 1687 4247 adhibitus,
1718 4183 1929 4249 aegritu-

353 4264 480 4319 dine
505 4267 723 4321 tandem
748 4268 939 4334 animi,
964 4286 1027 4325 ac
1050 4272 1297 4339 corporis
1326 4272 1604 4327 doloribus
1628 4276 1927 4330 exstinctus

352 4365 471 4422 est;
509 4354 877 4428 Origenisque
926 4360 1291 4415 calamitatem
1338 4372 1394 4417 et
1434 4362 1700 4420 fortunam
1739 4364 1930 4437 Orige-

356 4446 531 4500 nistas
556 4456 845 4517 protegens
869 4451 921 4504 in
948 4465 1008 4505 se
1034 4453 1324 4521 expressit.

434 4535 544 4591 VII.
601 4536 909 4594 Notandum
974 4555 1191 4612 quoque
1252 4543 1308 4597 in
1369 4544 1596 4611 gratiam
1648 4544 1927 4618 Origenis,

2037 3360 2113 3413 sis
2137 3358 2309 3413 solum
2338 3359 2503 3429 ipsius
2525 3358 2930 3429 scriptionibus,
2960 3362 3051 3415 sed
3077 3362 3265 3416 iisdem
3287 3364 3449 3417 etiam
3476 3364 3607 3418 locis

2035 3454 2457 3523 comperiantur,
2491 3454 2669 3524 qualia
2706 3455 2774 3510 ab
2826 3456 3045 3510 homine
3091 3473 3199 3511 non
3253 3457 3467 3525 insano,
3510 3475 3609 3513 nec

2036 3547 2253 3615 penitus
2302 3558 2484 3602 mente
2530 3557 2805 3602 commoto
2856 3548 3057 3617 scripta
3116 3548 3293 3601 nullus
3346 3550 3606 3616 suspicari

2036 3640 2244 3709 possit;
2281 3639 2500 3694 Patrum
2534 3639 2764 3694 aliorum
2800 3640 2970 3694 libros
3013 3640 3127 3709 pari
3160 3642 3319 3695 modo
3350 3640 3607 3696 Ecclesia:

2036 3730 2343 3798 perduelles
2406 3733 2755 3801 corrupisse,
2815 3742 2942 3801 puta
2994 3732 3287 3788 Clementis
3356 3734 3606 3798 Romani,

2033 3824 2331 3879 Clementis
2386 3824 2609 3880 alterius
2638 3827 3029 3894 Alexandrini,
3092 3844 3156 3881 ac
3198 3828 3431 3897 Dionysii
3478 3829 3604 3884 item

2034 3915 2432 3983 Alexandrini;
2475 3919 2593 3987 ejus
2626 3919 2776 3974 libris
2808 3936 3000 3975 manus
3039 3923 3107 3975 ah
3135 3921 3404 3976 haereticis
3432 3921 3606 3977 illatas

2031 4008 2389 4062 Athanasium
2444 4010 2879 4075 demonstrasse;
2920 4013 3166 4065 eumdem
3212 4026 3394 4066 casum
3435 4013 3602 4065 Atha-

2034 4098 2170 4152 nasii
2213 4097 2387 4167 ipsius
2413 4100 2631 4154 codices
2668 4101 3017 4166 sustinuisse;
3066 4102 3248 4156 I-Iilarii
3293 4118 3506 4174 quoque
3550 4116 3605 4158 et

2029 4190 2331 4261 Cypriani;
2386 4206 2485 4248 nec
2535 4193 2706 4249 sacris
2765 4195 2896 4264 ipsis
2937 4195 3309 4252 Voluminibus
3364 4198 3604 4252 nefarios

2027 4278 2277 4335 homines
2315 4278 2694 4339 Marcionistas
2735 4293 2792 4338 et
2830 4284 3091 4353 Apellilas
3119 4287 3461 4356 pepercisse;
3496 4304 3601 4342 non

2028 4387 2191 4426 unam
2242 4373 2673 4428 lucubrationum
2725 4390 2943 4431 suarum
2998 4380 3356 4445 corruptelam
3390 4378 3458 4432 ab
3500 4378 3601 4431 ad-

2027 4464 2287 4521 versariis
2333 4467 2450 4522 suis
2497 4466 2794 4537 profectam
2838 4466 3125 4535 Origenem
3175 4470 3347 4540 ipsum
3403 4472 3599 4541 depre-

2028 4554 2303 4624 hendisse,
2337 4558 2411 4611 uti
2467 4559 2582 4628 ipse
2619 4561 2759 4629 apud
2799 4562 3002 4616 amicos
3035 4561 3426 4617 Alexandrinos
3463 4578 3599 4632 que-

351 4635 690 4695 quaacunque
733 4627 889 4682 nobis
932 4629 1101 4697 ipsius
1149 4632 1368 4687 exhibet
1396 4632 1694 4688 Philocalia
1731 4637 1923 4703 (multa

2036 4656 2144 4703 stus
2177 4659 2261 4703 est
2288 4648 2341 4702 in
2365 4627 2616 4719 epistola,
2643 4627 2803 4719 quam
2837 4651 3123 4721 descripsit
3151 4653 3374 4707 Ruﬁnus
3395 4671 3411 4720 ;
3433 4627 3600 4723 [cam-

349 4724 532 4769 autem
563 4717 803 4783 exhibet,
832 4719 996 4774 etiam
1033 4722 1101 4777 ab
1133 4720 1253 4790 ejus
1276 4724 1712 4781 criminatoribus
1751 4743 1927 4797 repre-

350 4800 540 4874 hensa)
584 4808 837 4874 quoniam
872 4824 902 4863 a
926 4808 1188 4881 Gregorio
1221 4812 1495 4882 Theologo
1530 4826 1585 4868 et
1622 4816 1821 4872 Basilio
1848 4833 1930 4873 se-

350 4892 491 4948 lecta
523 4894 834 4953 Philocaliw
862 4904 1080 4956 nomine
1105 4901 1299 4957 affecta
1325 4917 1471 4971 sunt,
1504 4906 1741 4974 ipsorum
1770 4909 1927 4978 quasi

351 4983 606 5056 suﬂragio
638 4997 693 5042 et
751 4992 1149 5058 approbatione
1198 4996 1404 5050 munita
1456 4998 1657 5064 videri;
1707 5015 1830 5053 nam
1878 5002 1923 5055 si

349 5089 509 5129 secus
530 5080 596 5129 de
625 5078 690 5132 iis
713 5082 1028 5147 sensissent,
1045 5098 1180 5140 cane
1212 5086 1470 5155 Ἐκλογὰς
1485 5088 1787 5159 χρησίμους
1813 5093 1925 5155 τοῖς

349 5166 651 5236 φιλολόγοις
674 5168 966 5239 Gregorius
989 5176 1307 5245 appellasset
1332 5178 1384 5233 in
1406 5180 1634 5249 epistola
1658 5181 1725 5234 ad
1747 5179 1923 5235 Theo-

349 5257 540 5311 dorum
573 5257 852 5329 Tyaneum
880 5263 1236 5334 episcopum?

422 5346 554 5403 VIII.
594 5350 909 5421 Allegorica:
938 5364 1199 5423 praeterea
1237 5357 1409 5427 ipsius
1447 5357 1923 5429 interpretationes

349 5436 580 5496 lectores
628 5458 1015 5513 nonnunquam
1063 5445 1377 5504 fefellerunt
1406 5466 1422 5503 :
1451 5466 1573 5505 cum
1601 5453 1746 5506 enim
1782 5468 1925 5525 saepe

345 5534 416 5588 sb
461 5535 797 5603 expositione
850 5537 1044 5592 litterae
1091 5540 1158 5594 ad
1214 5540 1513 5611 spiritalem
1571 5556 1792 5598 sensum
1847 5545 1921 5599 ita

347 5634 611 5692 transeat,
666 5638 725 5682 ut
781 5631 871 5685 vix
940 5632 1226 5701 utriusque
1287 5635 1616 5706 percipiatur
1670 5639 1925 5695 commis-

346 5730 511 5783 sura,
559 5719 878 5791 allegoricas
928 5723 1403 5794 interpretationes
1461 5728 1766 5785 habuerunt
1826 5748 1922 5801 pro

416 5852 530 5933 (μ)
581 5852 831 5933 Denique,
883 5859 1487 5933 potissimumiorigeni
1553 5876 1618 5917 ea:
1666 5863 1921 5920 librarum

346 5922 510 5991 ipsius
559 5922 933 5993 depravatione
987 5932 1337 5996 patrocinium
1371 5922 1740 5989 vconciliatur.
1813 5937 1913 5991 Adi

670 6020 943 6083 ΡΑτιιοι..
987 6024 1103 6085 Gn.
1140 6025 1336 6089 XVII.

2033 4739 2153 4791 dem
2182 4754 2396 4808 quoque
2439 4741 2712 4809 querelam
2758 4744 2809 4797 in
2865 4743 2968 4797 alia
3011 4743 3187 4814 ipsum
3221 4743 3442 4812 epistola
3503 4744 3602 4797 ite—

2032 4844 2198 4884 rasse.
2237 4828 2351 4885 Prae
2386 4832 2505 4887 aliis
2532 4848 2662 4887 vero
2686 4833 3004 4902 depravatos
3044 4835 3212 4891 fuisse
3252 4834 3420 4891 libros
3459 4837 3599 4904 Περὶ

2027 4917 2231 4986 ἀρχῶν
2268 4921 2405 4975 idem
2437 4924 2600 4977 tradit
2628 4923 2858 4979 Rufinus
2900 4926 2952 4978 in
2993 4924 3220 4995 Prologo
3250 4926 3317 4979 iis
3356 4926 3596 4995 praefixo.

2031 5007 2171 5064 Huic
2210 5011 2439 5066 adsonat
2467 5012 2776 5068 Vincentius
2804 5013 3099 5070 Lirinensis
3132 5016 3184 5069 in
3206 5016 3386 5070 libello
3412 5018 3596 5070 adver-

2032 5117 2120 5152 sus
2152 5101 2408 5169 hereses,
2443 5104 2610 5171 capit.
2642 5104 2731 5157 23.
2787 5122 2806 5154 ι
2836 5103 2940 5158 Sed
2969 5105 3113 5159 dicet
3143 5106 3358 5175 aliquis,
3396 5108 3591 5175 inquit,

2030 5202 2313 5260 corruptos
2355 5206 2476 5247 esse
2504 5191 2753 5263 Origenis
2799 5193 2967 5248 libros
3002 5212 3016 5248 :
3051 5209 3159 5249 non
3206 5195 3420 5260 resisto,
3468 5197 3597 5265 quin

2030 5282 2206 5348 potius
2228 5292 2285 5338 et
2324 5284 2466 5338 malo
2496 5303 2509 5338 :
2544 5299 2667 5338 nam
2716 5286 2767 5338 id
2814 5301 2843 5338 a
2890 5286 3210 5353 quibusdam
3238 5294 3293 5340 et
3322 5287 3597 5352 traditum,

2028 5381 2084 5426 et
2135 5376 2395 5442 scriptum
2452 5384 2555 5440 est,
2617 5390 2721 5430 non
2777 5375 3072 5431 Catholicis
3122 5386 3353 5441 tantum,
3411 5393 3597 5432 verum

2028 5464 2193 5519 etiam
2221 5464 2514 5521 hmreticis.
2543 5485 2561 5519 ι
2595 5466 2798 5520 Auctor
2833 5466 3074 5535 Calalogi
3109 5468 3175 5521 ad
3223 5467 3591 5523 Desiderium:

2036 5555 2228 5609 «Multi
2293 5566 2472 5611 tamen
2530 5558 2741 5627 aliquos
2792 5558 2910 5625 ejus
2969 5555 3264 5629 (Urigenis)
3331 5559 3597 5627 pessimos

2031 5646 2323 5716 discipulos
2362 5646 2527 5702 multa
2577 5662 2847 5703 venenosa
2899 5647 3001 5702 sub
3052 5646 3168 5713 ejus
3213 5650 3429 5703 nomine
3485 5652 3600 5704 edi-

2032 5732 2179 5788 disse
2212 5741 2509 5787 testamur:
2539 5751 2557 5784 ι
2611 5749 2733 5804 quae
2774 5733 2937 5787 verba
2970 5733 3164 5801 repetit
3190 5731 3347 5787 Beda.
3389 5735 3601 5796 Auctor

2029 5866 2403 5945 Prazl‘ationem
2431 5869 2584 5945 Διοιιιί
2632 5870 2787 5940 primi
2836 5884 2956 5940 pag.
2992 5865 3062 5932 2,
3102 5866 3136 5922 5
3163 5868 3310 5945 etI,
3349 5870 3440 5926 ubi
3483 5872 3598 5926 haec

2023 5940 2290 5994 sententia
2318 5938 2648 5995 confutatur.

3197 6037 3273 6098 35
