4170 6422
596 460 726 514 10⁸19

1863 456 1922 510 Ρ.
1964 455 2280 512 DANIELIS
2315 456 2548 514 HUETH

3701 463 3836 519 “00

597 581 984 643 Prii-destinati,
1019 580 1145 632 harr.
1183 577 1252 632 22
1285 587 1339 631 et
1377 579 1468 640 45,
1503 579 1721 632 minime
1748 579 1824 632 ‘ab
1854 579 1936 633 his
1961 580 2161 634 discre-
2195 585 2238 639 Α
2267 580 2403 632 alii?
2434 581 2568 635 Tum
2609 580 2794 649 objicit
2845 580 2946 634 sibi
2981 579 3380 652 Hieronymus:
3418 601 3435 632 ι
3466 581 3745 648 Quomodo
3781 583 3832 636 in

590 683 701 740 pat,
727 671 980 740 additque
999 672 1396 738 Ampulliauum
1421 674 1709 741 quemdam
1744 672 2157 726 haeresiarcltam

589 764 875 834 Bithynum
913 762 1194 816 astruendi
1231 765 1312 815 sui
1356 763 1622 832 dogmatis
1661 764 1834 832 gratia
1865 764 2082 815 vitiatos
2129 776 2158 815 a

586 871 645 910 se
669 854 926 924 Origenis
974 855 1139 907 libros
1183 854 1496 924 protulisse.
1547 855 1784 922 Denique
1819 853 2024 924 llaytuo
2067 854 2161 909 Al-

586 948 942 1003 berslalensis
973 947 1024 1001 ilt
1069 948 1210 1002 libro
1247 948 1321 1000 De
1356 947 1779 1001 Christianarum
1832 964 2004 1000 rerum
2051 965 2160 1001 me-

587 1043 755 1094 moria
788 1041 862 1093 ita
886 1041 1102 1094 disserit
1137 1057 1150 1092 :
1187 1059 1204 1090 ι
1234 1037 1344 1108 Ego
1381 1054 1512 1093 sane
1541 1039 1607 1091 de
1639 1037 1876 1107 Origene
1905 1039 2019 1090 viro
2051 1049 2156 1090 tam

586 1133 802 1197 illustri,
857 1133 1331 1187 abstinentissimac
1379 1132 1500 1184 vita:
1541 1141 1596 1183 et
1633 1131 1979 1191 castissimae,
2014 1145 2155 1199 prae-

583 1226 745 1280 clara:
773 1225 1052 1287 doctrinae,
1089 1226 1210 1292 puri
1254 1235 1308 1276 et
1347 1223 1510 1277 lucidi
1556 1223 1845 1286 sermonis,
1874 1223 2019 1276 salva
2054 1223 2157 1276 fide

585 1317 802 1371 Patrum
843 1316 1094 1382 dixerim,
1141 1315 1280 1384 quod
1308 1315 1422 1370 haec
1460 1317 1687 1368 omnino
1717 1330 1820 1368 non
1851 1315 2153 1382 scripserit,

582 1413 678 1464 sed
710 1409 779 1462 ab
811 1407 1078 1461 haereticis
1134 1407 1203 1462 ob
1247 1408 1564 1475 praeclarum
1613 1421 1806 1461 nomen
1855 1407 1972 1474 ejus
2011 1405 2149 1459 offu-

581 1500 864 1563 scandum,
905 1498 1136 1567 maligne
1158 1496 1393 1550 conﬁcta
1452 1506 1577 1549 sunt
1630 1506 1684 1549 et
1731 1497 2057 1565 conscripta,
2103 1504 2158 1550 et

583 1589 784 1644 nomini
821 1605 921 1643 suo
946 1589 1290 1658 praetitulata.
1325 1608 1343 1639 ι

646 1680 875 1736 Constat
908 1680 1147 1748 profecto
1167 1681 1407 1734 solemne
1436 1680 1487 1734 id
1511 1693 1631 1733 esse
1652 1679 1922 1733 haereticis
1949 1687 2158 1732 veteres

581 1773 746 1828 libros
769 1773 1108 1828 arcessenda:
1125 1773 1226 1826 sibi
1246 1772 1584 1826 auctoritatis
1601 1786 1764 1826 causa
1790 1769 2010 1824 violare.
2037 1770 2160 1824 Fre

579 1867 795 1934 quentia
837 1875 1133 1920 occurrunt
1187 1864 1433 1932 exempla
1475 1864 1527 1917 in
1562 1861 1806 1916 Panario
1841 1862 2150 1932 Epiphanii.

579 1958 783 2019 Scribit
816 1958 943 2012 item
972 1957 1236 2025 Evagrius
1265 1955 1356 2010 lib.
1397 1972 1481 2017 ιιι,
1520 1971 1640 2021 cap.
1665 1957 1755 2022 51,
1801 1955 2148 2010 Nestorianos

577 2060 633 2103 et
677 2051 1037 2121 Eutychianos
1093 2058 1403 2103 sanctorum
1465 2048 1683 2102 Patrum
1742 2046 2150 2102 lucubrationes

576 2158 720 2211 saepe
748 2143 1088 2214 depravasse,
1127 2140 1431 2208 multosque
1460 2137 1777 2208 Apollinarii
1821 2137 1989 2191 libros
2015 2134 2150 2190 Gre-

575 2237 728 2308 gorio
761 2234 1188 2303 Thaumaturgo,
1226 2232 1527 2288 Athanasio
1577 2229 1792 2285 ctJulio
1825 2229 2042 2284 mutatis
2083 2228 2148 2281 ti-

578 2327 704 2380 tulis
754 2324 1096 2393 ascripsisse.
1154 2320 1575 2390 Apollinaristas
1620 2331 1835 2388 quoque
1867 2315 2050 2387 Cyrilli
2083 2315 2147 2368 li-

577 2418 707 2471 bros
741 2416 1068 2486 pervertisse
1093 2424 1282 2468 auctor
1312 2420 1392 2466 est
1418 2411 1702 2466 Leontius.
1745 2409 1994 2464 Notarios
2019 2423 2149 2478 prae-

577 2520 725 2566 terea
771 2509 1022 2563 homilias
1055 2506 1338 2574 Origenis,
1375 2513 1428 2559 et
1467 2503 1670 2556 dictata
1724 2517 1790 2555 ex
1829 2502 1996 2571 ipsius
2053 2516 2146 2556 ore

575 2603 906 2672 excipientes
933 2616 1030 2669 per
1066 2600 1284 2652 nimiam
1320 2597 1719 2652 festinationem
1749 2594 2026 2649 erroribus
2051 2593 2145 2646 ali-

575 2695 770 2764 quibus
804 2692 1126 2762 respersisse
1151 2690 1474 2746 crediderim
1503 2703 1519 2753 ;
1562 2701 1770 2742 necnon
1811 2693 1866 2740 et
1904 2684 2146 2738 indoctas

573 2782 798 2855 puellas,
851 2796 1078 2851 quarum
1107 2795 1268 2850 opera
1295 2781 1362 2834 ad
1398 2777 1699 2834 exarandos
1733 2775 1920 2831 nitidis
1952 2775 2146 2829 litteris

573 2876 786 2929 codices
814 2874 1087 2927 utebatur.

645 2967 752 3022 Sed
796 2965 1154 3034 Hieronymus
1203 2971 1373 3019 totam
1429 2965 1569 3016 hanc
1591 2959 1864 3030 Origenis,
1912 2975 2030 3030 quae
2078 2973 2140 3011 ex

573 3060 834 3114 librorum
886 3057 1057 3126 ipsius
1106 3055 1492 3123 depravatione
1523 3054 1744 3123 petitur,
1776 3050 2141 3106 defensionem

571 3150 722 3206 flocci
751 3149 880 3204 facit
909 3150 1002 3204 lib.
1035 3163 1073 3202 ιι
1126 3147 1346 3216 Apolog.
1380 3147 1585 3199 advers.
1620 3143 1796 3212 Ruﬁn.
1819 3183 1834 3207 ,
1875 3157 1992 3210 cap.
2026 3142 2060 3194 4
2090 3153 2143 3194 et

2262 671 2413 725 libris
2461 687 2646 726 eorum
2699 672 2942 744 (Patrum
2993 673 3270 746 Ecclesiae)
3331 675 3522 729 vitiosa
3578 677 3834 729 nonnulla

2261 765 2427 818 sunt?
2455 785 2474 816 ι
2511 767 2819 836 respondet,
2859 785 2878 817 ι
2909 766 2964 821 Si
3003 783 3090 822 me
3125 782 3320 823 causas
3341 767 3593 822 vitiorum
3622 768 3834 822 nescire

2261 858 2610 925 respondero,
2648 873 2753 910 non
2806 858 2991 912 statim
3048 859 3170 914 illos
3203 859 3492 914 haereticos
3533 858 3833 926 iudicabo:

2259 949 2374 1003 fieri
2403 950 2546 1003 enim
2577 961 2786 1017 potest,
2819 963 2878 1005 ut
2910 953 2992 1007 vel
3031 953 3351 1023 simpliciter
3378 952 3720 1017 erraverint,
3751 950 3834 1006 vel

2259 1038 2365 1094 alio
2419 1054 2580 1094 sensu
2635 1041 2996 1110 scripserint,
3053 1043 3136 1097 vel
3190 1058 3220 1096 a
3284 1042 3523 1097 librariis
3569 1043 3836 1111 imperitis

2258 1145 2444 1185 eorum
2493 1132 2753 1200 paulatim
2801 1135 3002 1203 scripta
3045 1143 3297 1204 corrupta
3343 1134 3451 1188 sint
3484 1151 3497 1188 :
3531 1134 3615 1188 vel
3664 1145 3831 1196 certe,

2259 1231 2548 1291 antequam
2581 1225 2632 1276 in
2662 1223 3009 1287 Alexandria,
3037 1225 3191 1293 quasi
3217 1225 3539 1279 daemonium
3569 1225 3829 1279 meridiao

2256 1328 2421 1375 num,
2471 1315 2632 1368 Arius
2688 1325 3040 1382 nasceretur,
3106 1318 3425 1371 innocenter
3477 1318 3723 1387 quaedam
3778 1327 3834 1372 et

2258 1403 2436 1458 minus
2463 1415 2624 1460 caute
2675 1405 2834 1460 locuti
2884 1419 3032 1474 sunt,
3076 1418 3128 1462 et
3175 1423 3296 1476 qua:
3330 1424 3434 1464 non
3472 1409 3679 1479 possint
3708 1425 3833 1480 per-

2261 1509 2537 1550 versorum
2565 1497 2841 1551 hominum
2865 1500 3189 1552 calumniam
3219 1500 3516 1554 declinare.
3544 1519 3563 1553 ι
3597 1501 3834 1555 Excusa-

2261 1590 2458 1643 tionem
2510 1591 2736 1659 accipio,
2787 1606 2884 1644 cur
2927 1603 2981 1646 tu
3029 1593 3272 1646 eamdem
3302 1609 3399 1660 pro
3424 1594 3656 1663 Origene
3680 1596 3832 1649 adhi-

2258 1681 2423 1736 bitam
2468 1682 2819 1752 repttdiabis?
2862 1701 2889 1737 a
2937 1685 3174 1741 librariis
3215 1687 3417 1757 scripta
3443 1687 3559 1757 ejus
3604 1688 3835 1744 fortasse

2257 1784 2514 1844 corrupta
2558 1775 2723 1830 fuisse
2777 1777 3043 1844 dicimus;
3096 1787 3222 1834 ante
3257 1780 3446 1833 Arium
3475 1782 3652 1834 minus
3676 1791 3834 1835 caute

2259 1867 2501 1920 locutttm
2539 1869 2974 1937 pronuntiamus,
3017 1871 3100 1926 vel
3153 1869 3260 1924 alio
3307 1887 3468 1926 sensu
3518 1871 3829 1942 scripsisse,

2256 1958 2336 2013 vel
2390 1959 2620 2028 denique
2677 1975 2928 2026 errasse;
2988 1963 3261 2019 idcircone
3316 1965 3584 2019 haereseos
3650 1966 3824 2034 ipsum

2250 2051 2568 2107 damnabis?
2591 2053 2764 2107 Allata
2794 2055 3010 2108 demum
3043 2055 3262 2110 Patrum
3307 2057 3540 2110 aliorum
3575 2055 3820 2122 exempla

2249 2143 2499 2196 deridens
2549 2143 2626 2196 ait
2673 2159 2774 2196 non
2817 2144 3081 2198 haereseos
3126 2145 3436 2214 suspicione
3482 2158 3674 2199 vacare
3703 2142 3831 2200 Ori-

2249 2248 2460 2304 genem,
2482 2234 2692 2288 etiamsi
2731 2236 2782 2288 in
2815 2237 3002 2290 haeresi
3033 2235 3220 2292 Patres
3252 2237 3341 2292 alii
3389 2237 3610 2292 fuerint.
3641 2237 3833 2291 Dicen-

2249 2327 2370 2379 dum
2401 2328 2578 2396 potius
2608 2329 2798 2382 baeresi
2825 2344 3016 2382 vacare
3043 2329 3352 2400 Origenem,
3383 2331 3628 2399 quamvis
3660 2332 3710 2382 in
3738 2344 3826 2383 er-

2249 2431 2397 2470 rores
2433 2415 2610 2484 lapsus
2661 2418 2771 2481 sit,
2807 2419 2949 2485 quod
2999 2417 3219 2486 paribus
3268 2419 3513 2488 impliciti
3549 2418 3833 2474 erroribus

2247 2507 2456 2574 Patres,
2511 2510 2658 2562 οιιιιιί
2693 2519 2869 2562 tamen
2909 2510 3182 2564 haereseos
3225 2519 3349 2563 uola
3393 2509 3506 2563 sint
3536 2508 3828 2562 immunes.

2248 2597 2502 2653 Mutilatae
2531 2599 2866 2667 postmodum
2894 2600 3135 2668 epistolae
3172 2600 3480 2653 Adamantii
3522 2601 3590 2654 ad
3625 2601 3830 2655 amicos

2245 2692 2641 2745 Alexandrinos
2682 2691 2936 2744 Hufinum
2988 2690 3167 2762 arguit
3218 2691 3613 2763 Hieronymus;
3669 2701 3728 2745 ut
3779 2692 3828 2746 si

2245 2783 2368 2850 quis
2418 2784 2726 2837 mutilatum
2767 2798 2794 2838 a
2838 2797 2924 2838 me
2968 2783 3286 2852 scriptorem
3339 2797 3459 2838 esse
3487 2784 3649 2848 dicat,
3703 2797 3826 2836 cum

2247 2875 2613 2928 testimonium
2648 2875 2864 2944 aliquod
2895 2891 2960 2930 ex
2991 2891 3057 2930 eo
3087 2879 3171 2930 vel
3197 2874 3555 2945 fragmentum
3604 2875 3670 2928 ad
3710 2890 3828 2930 rem

2246 2965 2298 3018 in
2329 2965 2702 3033 disputatione
2735 2965 2967 3034 positam
2991 2966 3268 3035 pertinens
3289 2965 3532 3019 adduco:
3566 2979 3829 3033 quorsum

2244 3056 2387 3110 enim
2415 3056 2664 3126 Origenis
2705 3057 2966 3111 adversus
2999 3056 3326 3111 Demetrium
3373 3055 3625 3124 querelas
3654 3096 3668 3121 ,
3707 3071 3832 3124 quae

2245 3147 2299 3201 in
2335 3148 2537 3218 reliqua
2573 3147 2816 3216 epistolae
2833 3159 2991 3216 parte
3022 3149 3385 3210 continentur,
3419 3147 3694 3202 retulisset
3722 3146 3829 3201 Ru-

570 3244 627 3307 5,
678 3252 734 3298 et
777 3257 900 3298 cum
929 3241 1123 3295 Rufino
1156 3242 1342 3307 pedem
1384 3238 1625 3301 confert.
1660 3253 1722 3292 ac
1755 3237 1870 3292 loca
1897 3235 2142 3304 Origenis
2171 3265 2212 3322 ο
2252 3245 2411 3308 fintts,
2436 3244 2504 3297 de
2535 3243 2797 3298 librorum
2826 3245 2994 3314 ipsius
3027 3243 3464 3312 constupratioue
3491 3243 3705 3310 agens?
3743 3244 3830 3298 Ad

572 3337 624 3389 in
657 3335 854 3404 quibus
887 3334 1242 3404 repugnantia
1274 3343 1495 3387 exstare
1531 3330 1746 3384 dixerat
1775 3329 2022 3392 Rufinus,
2048 3329 2144 3381 de-

569 3427 772 3498 signari
801 3427 902 3481 sibi
934 3425 1187 3494 postulat.
1232 3424 1341 3478 Nos
1375 3431 1525 3478 certe
1569 3423 1622 3476 in
1663 3419 1945 3489 superiore
1972 3420 2146 3486 capite

571 3517 883 3572 testimonia
936 3515 1216 3569 attulimus
1246 3524 1353 3568 tam
1397 3513 1500 3567 sibi
1535 3509 1830 3573 contraria,
1866 3519 1924 3563 ttt
1953 3507 2146 3563 Hiero-

571 3625 740 3681 nymo
785 3607 1101 3664 satisfacere
1144 3609 1375 3678 possint.
1427 3605 1520 3660 Ait
1566 3604 1760 3659 deinde
1792 3603 1894 3658 hac
1925 3617 2146 3672 respou-

571 3703 724 3758 sioue
762 3715 916 3754 usum
965 3713 1070 3752 non
1125 3713 1249 3752 esse
1299 3698 1604 3767 Didymum,
1669 3711 1772 3750 non
1831 3696 2140 3750 Eusebium.

573 3793 712 3863 Quid
745 3803 854 3846 tum
886 3800 1066 3845 autem
1092 3791 1115 3845 ?
1148 3789 1204 3845 Si
1233 3804 1355 3859 quae
1389 3788 1457 3843 ab
1490 3789 1757 3842 haereticis
1780 3787 1977 3842 inserta
1997 3795 2144 3849 sunt,

571 3887 804 3956 benigna
839 3885 1286 3954 interpretatione
1313 3883 1542 3938 mollivit
1582 3881 1865 3952 Didymus,
1904 3881 1991 3934 vel
2021 3895 2144 3948 per-

569 3993 756 4047 peram
785 3976 1024 4032 defeudit
1055 3976 1351 4038 Eusebius;
1382 3975 1427 4029 si
1457 3974 1726 4043 obiectum
1776 3972 2141 4027 testimonium

572 4070 788 4126 solvere
832 4069 1160 4132 maluerunt,
1201 4068 1343 4137 quod
1373 4074 1489 4120 erat
1516 4067 1568 4120 in
1605 4073 1876 4132 promptu,
1901 4079 2062 4133 quam
2089 4075 2146 4117 ut

574 4163 766 4217 falsum
800 4160 1107 4231 repudiare,
1142 4157 1284 4228 quod
1313 4158 1544 4228 probatu
1577 4154 1845 4211 difﬁcilius
1873 4165 2017 4222 erat,
2046 4155 2147 4208 mi-

575 4269 748 4308 nusne
774 4253 977 4307 idcirco
1009 4256 1214 4305 incerta
1254 4259 1310 4303 et
1332 4248 1624 4303 adventitia
1661 4247 1830 4303 sunt?
1862 4246 2005 4302 Usus
2031 4256 2147 4300 erat

574 4345 769 4399 deinde
801 4342 1030 4397 Rufinus
1059 4341 1284 4396 aliorum
1318 4337 1538 4394 Patrum
1591 4339 1862 4408 exemplo,
1911 4353 2144 4407 quorum

574 4435 977 4489 lucubrationes
1005 4432 1220 4486 fuerant
1252 4431 1480 4485 violatae.
1514 4431 1604 4485 Ait
1635 4445 1763 4486 vero
1786 4428 2147 4498 Hieronymus

572 4525 815 4580 futurum
847 4536 904 4580 ut
944 4527 988 4580 si
1016 4526 1065 4578 id
1091 4525 1444 4588 concedatur,
1479 4522 1590 4590 jam
1623 4523 1813 4577 incerti
1837 4521 1945 4576 sint
1983 4521 2148 4576 libro-

2248 3336 2299 3390 id
2336 3345 2518 3390 autem
2550 3337 2696 3405 quod
2729 3347 2986 3392 causatus
3018 3337 3194 3391 fuerat
3219 3334 3480 3404 Origenes
3507 3337 3561 3389 in
3598 3336 3830 3405 epistola

2245 3427 2312 3481 ad
2358 3428 2772 3493 Alexandrinos,
2818 3429 3184 3483 adulteratum
3235 3444 3264 3482 a
3309 3427 3554 3482 Candida
3595 3428 3836 3484 Valenti-

2246 3520 2409 3574 niano
2460 3520 2724 3576 haeretica
2756 3521 2924 3575 habiti
2960 3536 3146 3575 secum
3173 3519 3383 3591 Dialegi
3417 3522 3683 3587 codicem,
3709 3521 3838 3577 sub-

2239 3611 2360 3680 jicit
2413 3609 2826 3682 Hieronymus:
2884 3611 3288 3682 «Intelligimus
3353 3612 3406 3666 in
3461 3612 3568 3666 hoc
3626 3623 3834 3666 tantum

2245 3701 2466 3772 Dialogo
2501 3703 2568 3757 ab
2602 3701 2836 3771 Origene
2877 3703 3030 3773 argui
3078 3703 3389 3757 haereticam
3427 3701 3750 3767 falsitatem,
3782 3714 3839 3758 et

2246 3809 2348 3847 non
2397 3794 2449 3847 in
2496 3795 2710 3849 caeteris
2760 3795 2937 3862 libris,
2981 3795 3048 3850 de
3079 3795 3275 3864 quibus
3305 3811 3581 3864 nunquam
3609 3795 3838 3865 quaestio

2243 3882 2391 3938 fuit:
2427 3884 2631 3952 alioqui
2692 3884 2736 3939 si
2800 3886 2981 3938 omnia
3042 3899 3162 3954 quae
3208 3884 3465 3939 haeretica
3523 3896 3672 3951 sunt,
3727 3901 3834 3940 non

2243 3986 2397 4030 erunt
2457 3977 2742 4047 Origenis,
2792 3979 2884 4031 sed
2941 3979 3344 4040 haereticorum,
3408 3991 3599 4031 oumes
3653 3985 3832 4030 autem

2244 4069 2635 4137 propemodum
2697 4069 2841 4123 illius
2893 4069 3020 4122 tomi
3064 4068 3148 4122 his
3181 4068 3463 4122 erroribus
3495 4067 3638 4137 pleni
3683 4073 3831 4130 sunt,

2246 4161 2376 4212 nihil
2403 4159 2655 4231 Origenis
2705 4161 2828 4223 erit,
2876 4160 2970 4215 sed
3020 4175 3209 4214 eorum
3255 4174 3484 4228 quorum
3521 4159 3836 4227 ignoramus

2244 4248 2532 4303 vocabula.
2562 4267 2581 4300 ι
2635 4248 2773 4315 Quid
2833 4249 2925 4302 fiet
2982 4258 3161 4302 autem
3213 4247 3382 4302 altera
3425 4247 3674 4316 Origenis
3716 4247 3836 4314 epi-

2246 4337 2422 4401 stola,
2471 4338 2524 4392 in
2587 4352 2692 4407 qua
2749 4337 2939 4392 scribit
2992 4335 3224 4392 Ruﬁnus
3289 4352 3496 4406 parem-
3529 4336 3714 4390 haberi
3765 4336 3837 4389 de

2247 4425 2399 4480 libris
2448 4427 2565 4497 ejus
2625 4427 2839 4483 violatis
2892 4427 3325 4497 querimoniam?
3375 4427 3578 4481 Deinde
3622 4441 3727 4480 non
3781 4426 3832 4479 id

2249 4516 2383 4570 velle
2428 4515 2684 4571 Rufinum
2735 4518 2988 4580 diximus,
3026 4531 3363 4586 quaecunque
3407 4517 3661 4570 haeretica
3698 4527 3828 4571 sunt

573 4632 695 4672 rum
724 4627 992 4680 auctores,
1024 4615 1159 4668 nihil
1190 4615 1256 4667 ad
1295 4627 1392 4667 eos
1421 4613 1648 4668 relatum
1697 4613 1760 4666 iri
1786 4612 1879 4681 qui
1905 4613 2138 4680 scripse-
2171 4621 2218 4682 ο
2249 4599 2300 4658 in
2329 4604 2578 4678 Origenis
2614 4607 3100 4671 lucubrationibus,
3136 4607 3512 4661 haereticorum
3543 4610 3699 4670 esse,
3731 4607 3828 4661 sed

571 4719 721 4773 runt,
756 4707 848 4762 sed
881 4707 946 4760 ad
978 4715 1326 4774 corruptores
1353 4704 1553 4769 omnia,
1581 4718 1645 4757 ac
1681 4718 1748 4757 ne
1774 4703 1839 4756 ad
1876 4702 1993 4757 illos
2025 4703 2145 4772 qui-

571 4801 718 4862 dem,
741 4813 864 4851 cum
887 4797 1051 4866 ignoti
1075 4796 1205 4850 sint.
1233 4813 1251 4846 ι
1280 4792 1393 4848 Hac
1419 4791 1768 4856 defensionis,
1797 4791 1991 4861 inquit,
2018 4806 2142 4861 per-

571 4889 898 4954 turbatione,
933 4903 1030 4944 nec
1051 4885 1310 4950 Marcion,
1343 4899 1443 4939 nec
1464 4882 1814 4949 Manichacus,
1848 4897 1945 4937 nec
1961 4883 2141 4948 Arius,

572 4999 672 5039 nec
697 4983 992 5038 Eunomius
1028 4977 1271 5034 accusari
1315 4985 1587 5049 poterunt.
1613 4994 1632 5027 ι
1659 4973 1989 5028 Attendisset
2015 4988 2146 5028 vero

574 5075 933 5145 Hieronymus
959 5075 1024 5127 ad
1052 5073 1326 5140 superiora
1361 5087 1374 5122 :
1419 5068 1609 5122 scribit
1640 5067 1865 5120 Rufinus
1911 5065 2030 5120 falsi
2079 5081 2142 5121 ea

572 5181 695 5222 esse
741 5175 1012 5236 suspecta,
1069 5165 1265 5234 quibus
1309 5163 1412 5216 alia
1461 5161 1514 5214 in
1564 5159 1752 5214 eodem
1787 5159 2049 5226 scriptore
2076 5173 2144 5213 ex

572 5257 800 5311 adverso
832 5254 1078 5324 opposita
1124 5262 1388 5308 exstant:
1442 5251 1524 5305 his
1581 5249 1840 5303 duntaxat
1897 5247 2148 5301 falsitatis

574 5356 752 5401 notam
771 5345 990 5413 apponit
1013 5343 1288 5398 Ruflnusu
1311 5342 1422 5395 Non
1441 5339 1608 5402 enim,
1636 5357 1654 5390 ι
1677 5339 1848 5408 inquit
1878 5337 2074 5393 invect.
2113 5337 2138 5390 1

571 5445 626 5490 in
651 5435 979 5504 Hieronym.,
1005 5452 1025 5486 ι
1061 5433 1387 5502 generaliter
1409 5432 1629 5503 promisi
1672 5446 1761 5485 me
1807 5431 2144 5500 prolaturum

574 5541 693 5595 quae
725 5536 911 5580 essent
942 5525 1064 5580 fidei
1102 5526 1379 5580 contraria
1406 5564 1421 5588 ,
1468 5524 1562 5579 sed
1610 5539 1730 5593 qua:
1773 5521 1873 5591 ipsi
1910 5520 2009 5575 sibi
2053 5535 2144 5575 es-

574 5626 697 5670 sent
735 5617 1042 5681 contraria;
1071 5634 1089 5666 ι
1129 5617 1320 5670 ideone
1357 5629 1518 5684 porro
1559 5614 1753 5668 incerti
1791 5622 1951 5666 erunt
1979 5611 2143 5664 libro-

579 5721 694 5759 rum
733 5716 1004 5771 auctores,
1057 5709 1100 5760 si
1155 5721 1219 5760 ea
1265 5708 1526 5759 duntaxat
1580 5705 1682 5758 illis
1733 5703 2136 5772 abjudicentur,

576 5810 697 5865 quae
725 5795 948 5859 reliquis
978 5795 1391 5848 contradicunt?
1425 5795 1633 5862 ecquod
1669 5794 1798 5848 hinc
1826 5794 1928 5846 sibi
1959 5805 2142 5862 patro-

580 5883 776 5937 cinium
801 5884 1064 5949 spondere
1097 5894 1348 5950 poterunt
1379 5883 1647 5948 Marcion,
1689 5883 2036 5950 Manichacus,
2091 5892 2144 5940 et

2250 4713 2312 4752 ea
2347 4709 2553 4752 tantum
2599 4699 2798 4768 quibus
2842 4705 3208 4767 repugnantes
3243 4699 3544 4752 sententias
3569 4695 3832 4767 Origenes

2251 4793 2508 4844 asseruit.
2544 4789 2600 4844 In
2636 4788 2861 4860 epistola
2888 4803 3103 4856 quoque
3137 4787 3208 4844 65
3250 4790 3317 4842 ad
3347 4787 3751 4844 Patnmachium
3776 4799 3832 4844 et

2250 4881 2547 4946 Oceanum,
2577 4895 2692 4950 cap.
2723 4881 2777 4946 4,
2810 4879 2974 4933 multa
3001 4879 3052 4932 in
3087 4881 3336 4934 eamdem
3365 4882 3689 4935 sententiam
3715 4880 3835 4937 Hie-

2253 4987 2509 5041 ronymus
2539 4972 2783 5038 colligit,
2812 4971 3064 5038 idemque
3094 4971 3280 5035 habet,
3315 4973 3458 5040 quod
3490 4971 3543 5024 in
3576 4973 3834 5041 Apologia

2251 5065 2499 5117 adversus
2536 5061 2784 5131 Ruﬁnum
2817 5061 3149 5129 propositum
3179 5071 3285 5125 est,
3315 5072 3370 5117 et
3421 5077 3452 5116 a
3485 5062 3639 5115 nobis
3667 5077 3830 5130 supra

2248 5155 2604 5214 confutatum.
2658 5167 2849 5221 nempe
2890 5151 3203 5208 defensores
3237 5153 3485 5224 Origenis
3536 5153 3830 5207 Eusebium

2248 5255 2303 5299 et
2327 5245 2638 5316 Didymum,
2660 5247 2760 5299 hac
2785 5244 3133 5314 responsione
3153 5258 3272 5312 quae
3293 5260 3358 5298 ex
3376 5246 3631 5297 librorum
3663 5242 3832 5311 ipsius

2247 5337 2698 5406 constupratioue
2736 5338 2958 5407 petitur,
3006 5335 3229 5389 minime
3283 5350 3408 5389 usos
3449 5335 3639 5388 fuisse.
3692 5333 3830 5388 Tum

2249 5427 2371 5480 ait:
2422 5446 2440 5478 ι
2466 5427 2625 5482 Solus
2666 5429 2924 5482 inventus
2974 5436 3056 5480 est
3101 5425 3387 5496 Origenes,
3436 5427 3588 5495 cujus
3623 5427 3826 5494 scripta

2253 5516 2306 5570 in
2341 5527 2454 5572 toto
2481 5518 2612 5572 orbe
2644 5517 2999 5572 falsarentur.
3025 5538 3045 5572 ι
3082 5521 3232 5574 Itane
3256 5520 3422 5574 vero?
3448 5521 3641 5574 Annon
3667 5537 3836 5574 evan-

2252 5609 2565 5679 gelistarum
2596 5611 3074 5678 apostolorumque
3121 5612 3320 5678 scripta
3349 5611 3623 5664 adulteras
3655 5611 3831 5664 haere-

2252 5703 2480 5756 ticorum
2510 5716 2706 5756 manus
2730 5703 3056 5754 senserunt?
3082 5699 3276 5754 Parttm
3293 5717 3507 5771 quoque
3528 5703 3668 5757 valet
3685 5706 3834 5772 quod

2249 5792 2620 5848 subnectitur:
2660 5813 2678 5844 ι
2704 5792 2822 5862 Ipse
2849 5791 3112 5861 Origenes
3151 5793 3202 5846 in
3230 5795 3454 5861 epistola
3502 5809 3662 5863 quam
3694 5798 3836 5850 scri-

2251 5885 2330 5941 bit
2357 5886 2422 5940 ad
2457 5884 2758 5940 Fabianum
2784 5923 2808 5961 ,_
2835 5882 3206 5952 pteuitentiam
3232 5887 3363 5953 agit,
3395 5900 3492 5939 cur
3548 5885 3670 5940 talia
3698 5889 3842 5943 scri-
