4170 6482
427 445 560 502 1201

1501 435 2078 501 ORIGENIANORUM
2120 439 2250 498 LIB.
2293 442 2360 510 ll,
2401 441 2551 501 CAP.
2596 438 2693 499 111.

3559 445 3700 501 “0'2

424 559 630 628 pserit;
672 566 730 614 et
761 573 980 614 causam
1009 559 1334 614 temeritatis
1363 558 1416 614 in
1440 561 1782 617 Ambrosium
1817 563 2005 630 refert,
2037 573 2082 630 Α
2116 562 2424 631 requirendi
2458 577 2578 616 esse
2617 563 2902 629 discussa;
2933 580 2951 614 ι
2985 569 3039 616 et
3073 563 3230 631 paulo
3256 571 3397 632 post,
3436 577 3584 619 num.
3620 567 3689 621 ὃς

423 653 568 720 quod
601 661 816 707 secreto
847 652 990 706 edita
1043 652 1096 706 in
1148 653 1419 722 publicum
1461 655 1790 724 protulerit:
1820 675 1840 708 ι
1875 671 1999 710 nam

425 759 525 798 nec
559 745 847 798 haereticus
880 744 968 797 ille
996 753 1096 808 est,
1135 759 1233 798 nec
1263 746 1542 801 habendus
1569 758 1678 813 cst,
1713 763 1874 817 quem
1922 759 2004 804 te-

426 851 576 891 mere
610 836 881 891 dictorum
911 837 1169 905 paenituit
1233 837 1387 892 Aliud
1421 849 1684 907 praeterea
1713 840 1795 895 his
1824 841 2002 897 verbis

427 931 667 1000 sugg-erit
714 929 870 984 nobis
923 928 1246 983 defendendi
1303 929 1559 1001 Origenis
1620 942 2000 999 argumentum

427 1019 816 1091 Hieronymus;
869 1036 1150 1091 perperam
1203 1022 1412 1077 scilicet
1447 1023 1514 1076 ab
1563 1022 1851 1077 Ambrosio
1887 1023 2005 1077 vul—

425 1122 578 1184 gatos
608 1114 773 1168 fuisse
811 1113 1056 1178 codices,
1092 1129 1228 1183 quos
1272 1113 1683 1169 exercitationis
1714 1115 1884 1182 gratia
1917 1129 2004 1168 se-

423 1215 578 1259 creto
615 1202 874 1274 Origenes
899 1204 1334 1260 elucubraveret.
1387 1204 1522 1259 Hinc
1552 1204 1791 1273 denique
1839 1204 2000 1260 refel—

422 1297 552 1352 litur
589 1297 718 1351 illud
749 1296 964 1351 Barouii
1007 1298 1074 1350 ad
1107 1312 1195 1351 an.
1227 1296 1369 1361 252,
1411 1311 1531 1364 cap.
1562 1295 1631 1350 10
1660 1311 1673 1350 :
1709 1313 1728 1347 ι
1756 1296 1825 1349 At
1853 1295 1908 1349 in
1933 1309 2001 1351 eo

421 1394 570 1442 certe
600 1387 778 1441 minus
805 1387 1158 1442 excusatione
1183 1385 1378 1456 dignus
1405 1399 1527 1441 esse
1570 1386 1802 1453 videtur,
1854 1385 1998 1454 quod

421 1495 546 1534 cum
593 1479 760 1535 sciret
805 1494 901 1534 sua
933 1479 1002 1534 ab
1029 1480 1285 1534 omnibus
1319 1479 1645 1549 impugnari,
1681 1488 2002 1534 retractato-

419 1571 561 1624 rium
597 1570 799 1624 nullum
830 1571 1063 1625 ediderit
1094 1572 1578 1634 commentarium;
1617 1586 1741 1624 cum
1778 1570 1876 1640 ipsi
1915 1579 2000 1624 ta-

421 1677 544 1716 men
573 1663 708 1719 satis
733 1663 828 1716 otii
866 1672 921 1716 et
955 1664 1214 1734 temporis
1240 1661 1591 1733 superfuerit,
1625 1672 1683 1716 ut
1712 1667 1778 1718 ad
1813 1679 2003 1720 omnes

421 1755 702 1811 catholicae
733 1755 854 1810 fidei
889 1771 1166 1820 numeros,
1206 1767 1401 1811 cuncta
1449 1769 1570 1826 quae
1619 1773 1648 1808 a
1686 1770 1745 1811 se
1792 1758 2001 1826 scripta

419 1859 624 1914 essent,
655 1858 1070 1918 attemperaret:
1093 1868 1112 1901 ι
1149 1865 1271 1903 nam
1297 1858 1350 1904 et
1381 1864 1478 1919 pro
1509 1849 1823 1903 retractario
1851 1863 1999 1903 com-

2114 675 2132 706 «
2172 656 2293 710 Ilaec
2327 665 2485 725 prout
2513 657 2783 725 potuimus
2825 657 2892 710 de
2941 655 3246 710 rationabili
3296 658 3474 711 anima
3500 658 3689 712 discu-

2111 747 2295 801 tienda
2330 751 2502 817 magis
2532 764 2560 800 a
2585 747 2906 818 legentibus,
2945 761 3109 816 quam
3134 757 3335 802 statuta
3364 764 3427 802 ac
3467 751 3688 804 definita

2107 842 2450 912 protulimus.
2499 860 2516 893 ι
2565 840 2728 894 Plena
2779 849 2904 895 sunt
2953 841 3212 911 ejusmodi
3261 843 3686 896 obtestationum

2107 935 2311 1001 omnia,
2367 948 2398 988 e
2457 934 2652 1003 quibus
2723 933 3008 989 nonnullas
3075 935 3293 988 adducit
3372 933 3686 1004 Pamphilus

2107 1040 2256 1080 suam
2283 1040 2377 1093 pro
2411 1023 2635 1094 Origene
2659 1024 2974 1094 Apologiam
3007 1027 3316 1089 exordiens,
3347 1039 3414 1078 ex
3453 1023 3680 1091 ejusque

2106 1114 2444 1170 haasitatione
2465 1113 2856 1166 validissimqu
2889 1114 3072 1167 tuendi
3106 1113 3273 1183 ipsius
3304 1123 3684 1184 argumentum

2106 1207 2293 1271 sumit,
2333 1207 2493 1276 idque
2531 1221 2639 1260 non
2672 1206 2838 1261 semel
2883 1207 3210 1261 adversariis
3253 1206 3509 1274 objectat.
3549 1206 3684 1261 Hinc

2105 1300 2404 1356 Gulielmus
2457 1298 2776 1355 Parisiensis
2831 1299 2886 1354 in
2953 1309 3090 1367 part.
3145 1311 3186 1365 ι,
3260 1298 3336 1353 De
3397 1299 3682 1364 universo,

2105 1408 2223 1463 cap.
2259 1393 2348 1461 19,
2378 1397 2493 1450 haec
2523 1397 2710 1452 scribit
2741 1415 2755 1451 :
2793 1412 2813 1448 ι
2853 1395 2990 1450 Hinc
3017 1404 3104 1450 est
3140 1405 3295 1447 error
3322 1392 3412 1460 qui
3458 1393 3684 1460 imposh

2106 1497 2192 1543 tus
2222 1489 2324 1543 fuit
2367 1504 2396 1541 a
2437 1488 2758 1556 quibusdam
2807 1488 2896 1541 uni
2947 1500 2979 1541 e
3035 1484 3320 1555 praecipuis
3372 1483 3684 1539 doctoribus

2105 1581 2561 1648 Christianorum,
2590 1591 2645 1636 et
2682 1583 2783 1635 iste
2829 1580 2930 1633 fuit
2974 1594 3005 1634 e
3040 1577 3376 1648 sapientibus
3419 1559 3682 1644 theologis

2103 1673 2439 1738 Graecorum,
2470 1683 2525 1728 et
2543 1682 2765 1728 vocatus
2805 1671 2904 1726 fuit
2931 1671 3219 1740 Origenes.
3249 1668 3548 1738 Apparebit
3583 1683 3683 1722 au-

2107 1772 2212 1818 tem
2239 1763 2332 1818 tibi
2366 1765 2538 1834 ipsum
2559 1763 2860 1817 nullatenus
2887 1776 2952 1816 ex
2998 1762 3264 1817 sententia
3297 1769 3352 1814 et
3381 1760 3682 1814 assertione

2107 1855 2332 1910 dixisse.
2363 1873 2381 1904 ι
2411 1853 2510 1920 Qui
2553 1856 2728 1909 minus
2759 1863 2934 1908 autem
2959 1854 3099 1908 hanc
3133 1867 3231 1922 pro
3253 1851 3485 1922 Origene
3523 1865 3682 1906 excu-

419 1943 678 1996 mentario
709 1941 894 1997 haberi
931 1951 1110 2012 potest
1160 1941 1248 1995 illa
1291 1941 1357 1995 ad
1397 1941 1696 1996 Fabianum
1743 1939 1996 2009 epistola,
2031 1922 2072 1978 Β
2102 1945 2366 2000 sationem
2400 1945 2808 2014 usurpabimus,
2839 1959 2962 1998 cum
3001 1943 3247 1998 eamdem
3292 1957 3391 2012 pro
3428 1941 3679 2009 Origenis

418 2041 477 2085 et
508 2031 639 2086 alios
669 2032 890 2102 insuper
942 2030 1168 2086 fortasse
1218 2030 1457 2100 scripsit,
1506 2038 1776 2084 vetustate
1805 2030 1999 2085 deinde

419 2132 789 2192 consumptos.

495 2211 585 2268 XI.
621 2214 752 2281 ρυω
788 2215 855 2269 ad
902 2211 1224 2285 frangendas
1257 2212 1507 2285 Origenis
1556 2222 1994 2284 oppugnatorum

419 2305 814 2372 accusationes,
841 2319 1078 2374 eumque
1103 2306 1362 2361 adversus
1390 2303 1691 2361 calumnias
1717 2308 1997 2374 tuendum,

418 2408 475 2452 et
519 2401 813 2453 immunem
861 2399 1015 2470 culpa
1071 2401 1436 2469 praestandum
1497 2397 1681 2454 valere
1727 2409 1996 2466 poterant,

420 2493 737 2562 collegimus
769 2511 782 2547 :
817 2509 960 2548 nunc
997 2493 1126 2564 quid
1160 2495 1225 2548 ad
1258 2508 1380 2548 eum
1410 2492 1805 2557 excusandum,
1846 2501 1903 2547 et
1930 2492 1996 2546 ad

418 2586 819 2641 conciliandum
861 2586 1010 2652 huic,
1054 2587 1218 2642 etiam
1264 2587 1494 2655 erranti,
1533 2588 1810 2642 hominum
1844 2585 1998 2641 favo-

419 2689 534 2730 rein
569 2675 834 2740 conferat,
865 2676 1162 2732 videamus.
1195 2676 1555 2732 Utilissimum
1579 2686 1665 2732 est
1703 2676 1756 2730 in
1783 2677 1994 2745 primis,

421 2771 565 2840 quod
597 2769 798 2823 nullam
849 2767 902 2822 in
949 2770 1316 2838 proponendis
1358 2770 1706 2839 Opinionibus
1751 2772 1996 2833 pervica-

421 2859 585 2924 ciam,
645 2858 846 2913 nullam
905 2859 958 2913 in
1012 2858 1368 2920 defendendis
1427 2860 1818 2930 pertinaciam,
1880 2874 1999 2929 qua:

419 2955 691 3025 prtccipua
749 2955 1018 3009 haereseos
1066 2961 1193 3007 nota
1246 2961 1366 3016 est,
1429 2966 1542 3022 prae
1600 2965 1660 3007 se
1708 2949 1854 3017 fert,
1903 2951 1998 3006 sed

417 3044 687 3100 ﬂuctuans
716 3059 932 3114 semper
961 3053 1017 3098 et
1038 3044 1280 3099 incertus
1307 3044 1540 3114 cogitata
1575 3059 1672 3099 sua
1704 3043 1910 3112 profert
1942 3045 1996 3098 in

419 3139 678 3204 medium,
708 3137 935 3192 solemni
963 3137 1064 3192 hac
1096 3135 1284 3192 vocula
1319 3137 1554 3208 μήποτε,
1596 3152 1716 3208 quae
1747 3137 2000 3192 haesitan-

419 3235 490 3288 tis
516 3243 618 3299 est,
645 3233 910 3288 lectorum
945 3231 1158 3288 animos
1185 3246 1477 3301 occupans,
1513 3243 1568 3288 et
1599 3233 1993 3303 disputationes
2022 3271 2069 3334 ο

416 3341 545 3382 suas
573 3327 810 3394 ordiens,
835 3327 1161 3396 easdemque
1185 3337 1439 3382 consueta
1468 3328 1829 3382 obtestatione
1858 3342 1990 3382 con-

418 3421 670 3484 cludens,
695 3434 800 3490 qua
831 3421 1115 3476 universos
1147 3421 1212 3474 ad
1235 3421 1340 3474 alia
1373 3421 1762 3490 perscrutanda
1788 3429 1843 3473 et
1866 3436 1994 3490 pro-

417 3514 667 3579 pauenda
710 3513 996 3579 hortatur,
1045 3522 1298 3582 paratum
1348 3528 1406 3566 se
1450 3512 1764 3582 significans
1803 3526 1832 3566 a
1883 3514 1996 3569 suis

416 3605 716 3668 discedere,
761 3605 829 3658 ad
881 3603 1102 3658 meliora
1157 3605 1417 3658 transire.
1467 3602 1621 3672 Saepe
1668 3604 1883 3673 quidem
1940 3605 1996 3659 in

417 3695 574 3752 libris
601 3696 740 3764 Περὶ
773 3688 975 3765 ἀρχῶν
1003 3695 1393 3752 dubitationem
1417 3711 1571 3752 suam
1608 3696 1830 3763 fatetur,
1879 3696 1991 3750 vel-

415 3798 478 3842 ut
510 3787 602 3842 lib.
633 3804 670 3851 ι,
702 3803 820 3858 cap.
855 3786 912 3852 6,
949 3803 1097 3842 num.
1142 3787 1166 3842 1
1205 3805 1220 3842 :
1265 3808 1282 3839 ι
1323 3788 1454 3854 Quae
1501 3789 1714 3858 quidem
1759 3803 1791 3842 a
1838 3788 1997 3844 nobis

340 3932 345 3944 ,
417 3875 584 3931 etiam
620 3890 744 3931 cum
773 3892 968 3948 magno
998 3887 1142 3933 metu
1167 3887 1222 3932 et
1252 3878 1463 3933 cautela
1492 3879 1766 3944 dicuntur,
1816 3878 1997 3933 discu-

419 3971 681 4026 tientibus
717 3972 889 4043 magis
917 3981 966 4028 et
1011 3971 1494 4043 pertractantibus,
1529 3985 1692 4040 quam
1726 3985 1823 4040 pro
1843 3982 1994 4026 certo

417 4079 484 4118 ac
506 4063 730 4118 definito
758 4065 1140 4120 statuentibus.
1192 4063 1490 4119 lndicatnm
1517 4079 1789 4134 namquea
1833 4063 1989 4117 nobis

417 4156 472 4211 in
503 4156 876 4225 superioribus
911 4163 1014 4222 est,
1047 4171 1172 4225 quae
1213 4156 1326 4211 sint
1353 4157 1418 4211 de
1461 4157 1658 4225 quibus
1701 4155 1989 4209 manifesto

416 4248 668 4320 dogmate
701 4250 1102 4304 terminandum
1136 4249 1227 4313 sit,
1253 4249 1395 4317 quod
1437 4257 1492 4303 et
1519 4264 1616 4318 pro
1653 4248 1862 4303 viribus
1893 4261 1994 4302 nos

416 4339 612 4396 fecisse
654 4349 802 4409 puto,
858 4354 980 4394 cum
1021 4340 1088 4395 de
1113 4339 1380 4395 Trinitate
1421 4339 1785 4409 loqueremur.
1840 4337 1994 4393 Nunc

415 4445 596 4488 autem
650 4432 957 4502 disputandi
1004 4433 1188 4502 specie
1228 4434 1417 4502 magis,
1473 4448 1634 4501 quam
1678 4431 1993 4496 definiendi,

416 4537 578 4596 prout
607 4539 912 4596 possumus,
955 4535 1318 4581 exercemur:
1357 4542 1375 4574 ι
1420 4524 1566 4592 quod
1603 4524 1769 4576 itcrat
1797 4523 1849 4576 in
1887 4523 1994 4584 fine

2099 2036 2364 2104 discipulo
2410 2029 2670 2104 Gregorio
2699 2035 3106 2104 Thaumaturgo
3149 2036 3494 2104 usurpaverit
3527 2034 3679 2088 Basia

2099 2128 2224 2193 lius,
2259 2131 2422 2198 epist.
2461 2128 2568 2183 64?
2622 2126 2818 2182 Merito
2857 2128 3041 2197 itaque
3095 2125 3542 2195 Joannes,Picus
3575 2126 3680 2180 Μία

2100 2220 2452 2286 randuianus,
2486 2222 2726 2276 secundo
2755 2220 2984 2274 articulo
3014 2218 3284 2288 Apologia:
3305 2233 3402 2286 pro
3424 2216 3672 2287 Origene.

2098 2313 2290 2384 probat
2328 2329 2472 2378 eum,
2506 2314 2550 2368 si
2579 2313 2704 2378 quid
2739 2312 2859 2366 fidei
2889 2313 3067 2366 minus
3095 2326 3394 2366 consonum
3423 2310 3672 2379 scripsit,

2105 2424 2125 2460 α
2173 2422 2344 2477 neque
2377 2408 2704 2478 dogmatice,
2733 2419 2907 2475 neque
2943 2407 3222 2470 assertive,
3254 2404 3347 2460 sed
3376 2404 3676 2458 dubitative

2099 2518 2310 2572 semper
2336 2500 2714 2571 etinquisitive
2743 2499 3068 2570 procedere;
3107 2517 3126 2550 ι
3165 2498 3438 2566 multaque
3484 2496 3674 2564 Orige-t

2100 2595 2184 2648 nis
2201 2591 2640 2662 congregatioca,
2662 2590 2713 2643 in
2732 2589 2926 2659 quibus
2947 2597 3169 2657 apparet
3191 2587 3356 2657 ipsius
3377 2584 3674 2641 ﬂuctuatio.

2170 2683 2393 2740 Multum
2419 2684 2580 2740 etiam
2624 2683 2942 2737 modestiam
2970 2679 3240 2748 Origenis,
3282 2689 3339 2733 et
3379 2681 3678 2737 submissos

2099 2794 2163 2833 ac
2187 2776 2416 2832 humiles
2443 2777 2508 2831 de
2549 2791 2628 2840 se,
2651 2789 2859 2843 suaque
2905 2774 3152 2828 doctrina
3191 2787 3380 2827 sensus
3420 2773 3679 2842 praedicat

2099 2868 2410 2939 Pamphilus
2451 2867 2606 2921 initio
2637 2867 2906 2936 Apologia:
2933 2880 2953 2918 :
2985 2874 3040 2920 et
3087 2868 3318 2933 merito;
3361 2867 3492 2935 quid
3527 2869 3674 2922 enim

2101 2970 2209 3016 tam
2251 2960 2318 3014 ab
2349 2958 2538 3012 hatresi
2566 2957 2825 3024 alienum,
2871 2955 3024 3024 cujus
3052 2965 3232 3012 certus
3256 2957 3546 3014 charaCter
3590 2963 3678 3011 est

2099 3052 2390 3125 superbia?
2422 3051 2647 3106 Factum
2692 3052 2875 3121 itaque
2913 3051 3118 3119 optime
3160 3061 3244 3105 est
3291 3051 3358 3105 ab
3406 3050 3673 3115 lialloxio,

2100 3163 2222 3203 cum
2269 3148 2324 3200 in
2374 3145 2491 3216 ejus
2527 3144 2883 3200 contestanda
2933 3143 3262 3197 demissione
3301 3152 3358 3196 et
3411 3143 3676 3198 modestia

2100 3253 2321 3306 cperam
2352 3251 2504 3289 suam
2537 3233 2737 3303 posuit,
2784 3241 2838 3286 et
2859 3231 2974 3288 loca
3024 3231 3194 3301 ipsius
3246 3232 3414 3287 multa
3453 3247 3676 3288 coaceré

2099 3330 2262 3392 vavit,
2289 3327 2440 3396 Orig.
2465 3327 2665 3393 deletis.
2690 3321 2783 3377 lib.
2805 3337 2866 3388 II,
2893 3337 3013 3390 cap.
3038 3321 3093 3376 9.

2173 3419 2284 3475 XII.
2344 3420 2484 3487 Quid
2537 3419 2680 3489 quod
2739 3418 3134 3473 interneciuum
3206 3423 3328 3469 eum
3406 3414 3678 3469 haereticis

2099 3515 2292 3569 bellum
2313 3522 2572 3584 perpetuo
2602 3513 2742 3582 gerit
2774 3510 3058 3580 Origenes,
3088 3508 3502 3575 Valentinianis,
3533 3507 3679 3563 Mars

2099 3603 2363 3668 cionistis,
2397 3601 2768 3666 Basilidianis,
2799 3600 3069 3669 Apellitis,
3101 3597 3416 3654 Helcesaitis
3443 3615 3458 3663 ;
3496 3613 3672 3668 eaque

2099 3693 2270 3746 teneri
2305 3708 2369 3748 ac
2407 3693 2553 3748 credi
2573 3692 2835 3747 duntaxat
2854 3691 3026 3761 jubet,
3054 3703 3174 3758 (lum
3214 3690 3280 3744 ab
3320 3688 3564 3744 Ecclesia
3590 3703 3676 3741 res

2097 3799 2252 3858 cepta
2298 3796 2444 3841 sunt.
2487 3805 2506 3838 ‹
2544 3783 2639 3838 Illa
2668 3783 2806 3848 sola,
2856 3801 2876 3835 ι
2918 3781 3093 3852 inquit
3122 3780 3190 3847 lin
3223 3778 3497 3836 Prooemio
3532 3779 3673 3834 lib.t

2097 3877 2238 3948 Περὶ
2263 3877 2484 3948 ἀρχῶν,
2511 3892 2661 3931 num.
2693 3875 2754 3940 2,
2805 3893 2823 3926 ‹
2869 3873 3134 3930 credenda
3182 3881 3266 3928 est
3300 3874 3524 3935 veritas,
3557 3883 3677 3941 quat

2097 3971 2150 4024 in
2196 3968 2344 4024 nullo
2393 3969 2462 4023 ab
2510 3964 2879 4021 ecclesiastica
2933 3974 2989 4018 et
3047 3963 3342 4033 apostolica
3400 3964 3678 4018 discordat

2099 4061 2410 4125 traditione,
2461 4078 2480 4112 ι
2529 4058 2671 4128 quod
2726 4071 2866 4127 sape
2919 4057 3162 4121 repetit;
3199 4064 3256 4108 et
3309 4055 3495 4109 homil.
3531 4054 3676 4110 l6it‘t

2097 4154 2226 4208 Luc.
2259 4169 2277 4206 :
2309 4169 2329 4203 ι
2371 4150 2483 4222 Ego
2510 4164 2638 4203 vero
2664 4149 2787 4218 quia
2826 4157 2955 4216 opto
3012 4161 3131 4201 esse
3159 4145 3578 4212 ecclesiasticus,
3619 4152 3676 4200 et

2098 4262 2204 4300 non
2240 4245 2306 4298 ab
2343 4240 2704 4297 haresiarcha
2738 4238 2937 4309 aliquo,
2978 4239 3072 4294 sed
3106 4251 3136 4291 a
3171 4237 3373 4292 Christi
3408 4237 3675 4292 vocabulo

2098 4334 2422 4404 nuncupari,
2462 4342 2516 4388 et
2545 4333 2745 4388 habere
2780 4345 2976 4417 nomen
3022 4329 3164 4400 quod
3200 4328 3553 4384 benedit-etur
3579 4339 3674 4382 su;

2099 4445 2194 4501 per
2224 4439 2450 4494 terram,
2487 4439 2543 4483 et
2599 4427 2757 4497 cupio
2809 4437 2916 4480 tam
2964 4441 3146 4496 Opere,
3193 4441 3354 4496 quam
3406 4440 3567 4481 sensu
3616 4423 3674 4480 et

2097 4539 2218 4579 esse
2249 4533 2304 4578 et
2348 4523 2454 4578 dici
2484 4521 2850 4586 Christianus,
2880 4519 3142 4588 aequalem
3175 4529 3231 4574 et
3260 4519 3312 4574 in
3340 4519 3509 4573 veteri
3531 4529 3586 4573 et
3617 4521 3671 4575 in

417 4617 615 4686 capitis
661 4615 900 4685 ejusdem
969 4625 1023 4670 et
1069 4613 1222 4668 initio
1263 4613 1561 4682 sequentis.
1619 4612 1691 4665 De
1739 4612 1992 4666 incarna~
2024 4629 2069 4685 ι)
2100 4632 2234 4671 nova
2286 4616 2404 4685 lege
2455 4630 2640 4685 quaero
2716 4614 3000 4668 rationem.
3070 4631 3088 4664 ι
3154 4611 3309 4669 Unde
3359 4611 3674 4683 Pamphilus

418 4709 563 4764 tione
606 4708 808 4765 Christi
851 4707 1095 4763 dicturus
1143 4706 1258 4760 haec
1319 4704 1578 4774 praefatur
1624 4704 1713 4758 lib.
1762 4719 1801 4757 ll
1847 4703 1992 4771 Περὶ

414 4797 637 4868 ἀρχῶν,
667 4814 789 4870 cap.
823 4798 897 4864 6,.
921 4814 1071 4853 num.
1115 4799 1191 4852 Ξῖ
1229 4816 1247 4849 ι
1287 4798 1364 4854 De
1395 4812 1503 4867 quo
1531 4812 1629 4852 nos
1671 4811 1774 4850 non
1825 4809 1995 4851 teme-

418 4894 579 4946 ritate
603 4891 804 4961 aliqua,
849 4892 944 4948 sed
987 4893 1244 4961 quoniam
1293 4891 1427 4945 ordo
1470 4889 1574 4944 loci
1626 4890 1890 4958 deposcit,
1921 4904 1990 4943 ea

417 4985 592 5053 magis
629 4998 750 5052 quae
779 4985 911 5039 fides
938 4995 1124 5038 nostra
1156 4984 1415 5050 continet,
1453 4997 1612 5052 quam
1653 4997 1773 5050 quae
1798 4985 1992 5035 huma»

417 5093 505 5134 na:
536 5077 765 5131 rationis
799 5078 1032 5132 assertio
1057 5077 1338 5132 vindicare
1371 5075 1532 5142 solet,
1569 5091 1730 5144 quam
1769 5075 1991 5145 paucis-

417 5169 570 5224 simis
597 5167 952 5238 proferemus,
988 5168 1328 5237 suspiciones
1351 5168 1532 5236 potius
1564 5177 1796 5232 nostras,
1831 5181 1991 5235 quam

416 5261 737 5318 manifestas
769 5258 977 5328 aliquas
1006 5255 1391 5315 afﬁrmationcs
1425 5259 1480 5313 in
1532 5258 1767 5314 medium
1812 5257 1992 5325 profe-

416 5367 620 5413 rentes.
653 5372 674 5408 ι
707 5351 818 5408 Nec
849 5352 1012 5406 aliter
1047 5367 1200 5407 suam
1246 5353 1312 5407 de
1336 5352 1518 5408 anima
1571 5351 1990 5420 disputationem

415 5445 591 5514 accipi
642 5443 786 5507 vult;
837 5443 914 5495 ait
964 5441 1109 5495 enim
1154 5441 1206 5494 in
1255 5441 1446 5496 eodem
1498 5441 1592 5496 lib.
1634 5457 1671 5494 ιι
1712 5441 1850 5508 Περὶ
1885 5441 1991 5509 ἀρ-

413 5533 559 5610 χῶν,
589 5548 708 5603 cap.
735 5533 788 5597 8,
825 5547 976 5588 num.
1009 5531 1082 5585 4:
1124 5548 1144 5583 ‹
1172 5529 1734 5602 Verumtamenquod
1756 5532 1994 5586 diximus

415 5636 652 5685 mentem
688 5624 742 5679 in
779 5623 1014 5678 animam
1044 5622 1205 5689 verti,
1238 5621 1324 5676 vel
1350 5622 1397 5677 si
1421 5637 1524 5692 qua
1551 5622 1655 5677 alia
1695 5623 1749 5678 in
1780 5625 1886 5679 hoc
1911 5625 1992 5679 vi-

415 5720 614 5774 dentur
637 5717 904 5785 aspicere,
935 5715 1189 5771 discutiat
1215 5717 1358 5784 apud
1397 5730 1457 5770 se
1490 5715 1582 5785 qui
1609 5717 1740 5784 legit
1763 5717 1995 5789 diligen-

409 5815 525 5876 tius
577 5822 632 5868 et
671 5820 1004 5882 pertractet;
1067 5825 1099 5866 a
1151 5809 1306 5866 nobis
1356 5818 1536 5865 tamen
1592 5825 1700 5864 non
1737 5819 1994 5880 putentur

408 5883 565 5969 .Ivelut
597 5906 848 5980 dogmata
875 5920 998 5964 esse
1029 5903 1260 5977 prolata,
1302 5895 1397 5961 sed
1441 5902 1709 5961 tractandi
1746 5918 1896 5963 more
1929 5919 1994 5963 ac

2095 4709 2364 4779 Apologia:
2418 4695 2541 4778 cap.
2598 4708 2625 4762 1
2664 4726 2678 4763 :
2734 4726 2753 4760 ‹
2813 4707 2925 4763 Hoc
2965 4708 3106 4763 idem
3144 4705 3274 4762 facit
3317 4707 3480 4762 etiam
3522 4704 3670 4774 (Ori-

2095 4801 2278 4872 genes)
2330 4815 2452 4855 cum
2496 4799 2872 4856 haereticorum
2933 4799 3155 4854 discutit
3207 4806 3406 4862 sectas,
3472 4799 3673 4868 quibus

2094 4892 2348 4946 omnibus
2390 4889 2684 4946 confutatis
2732 4899 2899 4960 atque
2947 4890 3232 4956 convictis,
3277 4905 3440 4944 unam
3496 4889 3671 4944 solam

2093 4997 2343 5052 eamque,
2371 4997 2532 5052 quam
2578 4998 2740 5053 supra
2792 4985 3064 5051 exposuit,
3113 4982 3394 5038 catholicae
3425 4983 3671 5037 veritatis

2094 5074 2418 5128 sententiam
2459 5081 2626 5128 tenet.
2667 5073 2742 5129 De
2793 5073 2991 5143 quibus
3031 5073 3254 5143 singulis
3299 5074 3530 5142 qualiter
3586 5087 3672 5127 re-

2093 5165 2372 5236 sponderit
2415 5165 2706 5231 haereticis,
2767 5175 2822 5219 et
2867 5165 3136 5234 quomodo
3195 5165 3445 5219 universa
3483 5179 3668 5220 eorum

2093 5260 2343 5328 dogmata
2393 5257 2681 5312 destruens
2726 5257 2840 5327 ipse
2882 5271 3097 5326 semper
3143 5251 3492 5326 apostolicam
3530 5272 3664 5312 con.

2094 5346 2602 5411 firmaveritfidem,
2634 5347 2680 5400 si
2716 5345 3170 5401 velimus'omnes
3211 5348 3508 5400 sententias
3551 5349 3669 5416 ejus

2093 5454 2447 5511 congregare,
2477 5449 2534 5494 et
2559 5437 2778 5508 longum
2815 5437 2950 5493 satis
2982 5447 3085 5503 est,
3111 5447 3167 5491 et
3196 5437 3302 5491 erit
3349 5448 3456 5492 tam
3509 5440 3668 5496 nobis

2093 5534 2184 5603 qui
2213 5531 2503 5588 scribimus
2540 5545 2853 5594 onerosum,
2899 5544 3060 5600 quam
3119 5529 3424 5600 legentibus
3483 5533 3667 5588 taedio-

2093 5639 2234 5680 sum.
2277 5641 2298 5674 ι
2331 5620 2582 5677 Profecto
2613 5620 2872 5687 haereses,
2911 5621 3304 5691 haereseonque
3337 5622 3610 5692 principes
3638 5638 3668 5677 a

2094 5718 2324 5788 pueritia
2357 5730 2529 5786 usque
2554 5715 2689 5770 adeo
2705 5716 3079 5781 aversabatur,
3107 5726 3166 5770 ut
3187 5715 3356 5771 Paulo
3385 5717 3666 5784 haeretico,

2095 5809 2408 5866 excellentis
2467 5807 2593 5863 licet
2645 5807 2915 5864 facundiae
2960 5810 3099 5874 viro,
3152 5807 3207 5864 in
3263 5811 3669 5880 precationibus

2097 5901 2349 5963 assistere
2380 5915 2657 5974 nunquam
2688 5900 2951 5975 ,voluerit,
2997 5901 3208 5960 etiamsi
3242 5903 3433 5960 eodem
3479 5917 3540 5959 ac
3581 5901 3669 5957 ille
