4170 6398
510 379 656 440 1103

1783 378 1843 433 Ρ.
1886 379 2203 437 DANIELIS
2237 382 2472 442 HUETII

3631 389 3770 444 1104

513 496 872 553 contubernio
930 502 1171 549 uteretur
1212 512 1225 548 :
1270 494 1579 559 Φυλάττων,
1615 494 1787 564 inquit
1828 496 2087 551 Eusebius
2115 505 2159 560 Α
2188 515 2306 569 quae
2334 515 2438 554 non
2467 501 2669 568 possint
2706 515 3089 569 perversorum
3129 500 3405 556 hominum
3441 501 3765 557 calumniam

514 590 609 645 lib.
643 604 693 642 Vt
725 586 953 651 Histor.,
993 602 1111 654 cap.
1130 586 1186 649 2,
1212 586 1272 649 ἐξ
1298 586 1581 649 ἕτιπαιδὸς
1612 586 1811 640 κανόνα.
1845 587 2080 657 Ἐκκλη-

516 680 658 744 σίας,
694 678 1106 750 βδελυττόμενός
1147 694 1228 742 τε,
1263 676 1339 741 ὡς
1382 676 1530 748 αὐτῷ
1562 679 1764 749 ῥήματί
1814 679 1947 749 φησι
1980 695 2085 731 που

515 771 699 835 αὐτὸς,
751 770 850 834 τὰς
908 770 1016 822 τῶν
1066 770 1325 843 αἱρεσέων
1363 770 1730 834 διδασκαλίας.
1788 789 1807 822 ι
1853 771 2087 825 Servans

517 860 770 916 Ecclesia!
800 860 1039 931 regulam
1064 861 1175 931 jam
1211 861 1335 915 inde
1369 877 1399 915 a
1439 876 1626 930 puero,
1660 872 1714 915 et
1756 872 1813 913 ut
1858 862 2087 933 ipsemet

517 953 715 1009 alicubi
747 953 1003 1023 loquitur,
1031 953 1305 1009 haereseon
1330 953 1602 1009 doctrinas
1628 956 1965 1009 abominatis.
1993 973 2011 1004 ι

590 1043 726 1098 XIII.
765 1044 928 1099 Suam
968 1055 1224 1113 przeterea
1265 1045 1317 1099 in
1359 1045 1647 1100 scribendo
1680 1044 2086 1099 festinationem

516 1133 732 1205 Origeni
766 1135 1016 1190 nocuisse
1042 1135 1300 1191 credibile
1335 1144 1420 1189 est
1451 1150 1467 1201 ;
1498 1150 1621 1189 nam
1660 1150 1782 1190 cum
1829 1145 1906 1190 tot
1950 1137 2089 1190 inter

516 1241 677 1283 curas
701 1227 939 1281 animum
976 1228 1324 1294 distraheret,
1358 1243 1462 1298 qua
1533 1229 1696 1283 verba
1744 1228 1989 1283 faciendo
2018 1231 2084 1285 ad

517 1318 793 1389 p0pulunt,
836 1334 941 1387 qua
988 1319 1414 1376 catechumenos
1448 1320 1796 1385 instituendo,
1830 1335 1933 1390 qua
1968 1337 2089 1374 mtt-

517 1410 606 1464 nia
628 1410 808 1463 omnia
833 1411 1048 1479 pietatis
1075 1411 1441 1480 exsequendo,
1485 1427 1591 1466 non
1626 1412 1849 1465 multum
1873 1413 2088 1468 scilicet

521 1500 777 1555 succisivi
802 1510 1081 1570 supererat
1108 1501 1205 1555 otii
1237 1501 1303 1556 ad
1336 1502 1693 1556 elaborandas
1725 1503 2086 1571 scriptiones;

518 1590 851 1660 proindeque
887 1591 1027 1660 quod
1064 1591 1168 1660 piis
1208 1590 1688 1645 exercitationibus
1750 1590 2092 1660 impenderat

520 1682 800 1752 temporis,
832 1697 1038 1737 summa
1064 1683 1339 1754 diligentia
1376 1685 1823 1753 repraesentabat,
1869 1694 1925 1739 ut
1967 1685 2091 1756 plus

518 1785 727 1844 septem
775 1777 1015 1832 notarios
1049 1778 1337 1834 scribendo
1386 1778 1731 1847 defatigaret,
1773 1789 2087 1850 tantumque

518 1870 778 1925 librorum
831 1871 1062 1925 ediderit
1108 1871 1162 1926 in
1220 1871 1526 1941 publicum,
1562 1844 1647 1927 ‘ut
1702 1872 1947 1927 mirabile
1990 1844 2082 1929 sit.
2118 1844 2161 1903 Β

520 1959 638 2026 Quo
685 1958 888 2014 factum
938 1970 1058 2025 est,
1107 1971 1165 2015 ut
1208 1976 1349 2031 saepe
1394 1977 1518 2016 eunt
1571 1960 1939 2028 σολοικίζοντα
1997 1964 2090 2017 de-

520 2053 995 2122 prehenderimus;
1038 2053 1218 2108 animo
1248 2055 1412 2108 rebus
1465 2054 1690 2117 intento,
1729 2054 1795 2108 ad
1832 2053 2092 2109 orationis

520 2144 941 2212 composituram
970 2144 1261 2199 incurioso.
1293 2144 1431 2213 Quid
1481 2160 1612 2214 ergo
1663 2146 1857 2200 mirum
1910 2145 2090 2216 aliqua

521 2248 629 2290 non
659 2233 789 2287 satis
820 2242 977 2287 caute
1001 2233 1145 2287 dicta
1190 2232 1318 2286 hinc
1349 2231 1619 2285 interdum
1646 2230 1951 2286 excidisse?

591 2323 731 2380 XIV.
788 2314 1132 2379 Potissimum
1186 2338 1317 2378 vero
1361 2323 1515 2391 juvat
1568 2324 1891 2395 Origenem,
1950 2321 2093 2392 quod

521 2415 845 2484 quaestiones
872 2415 1138 2485 pleraeque
1186 2416 1419 2469 nondum
1455 2414 1670 2470 fuerant
1719 2414 2091 2483 theologorum

524 2507 975 2577 disputationibus
1002 2507 1276 2561 ventilata:
1326 2516 1380 2561 et
1417 2506 1723 2571 illustrataa,
1765 2520 1867 2562 nec
1907 2504 2093 2560 Eccle-

523 2598 621 2654 sia
662 2598 896 2652 decretis
942 2607 998 2654 et
1049 2597 1424 2653 sanctionibus
1475 2598 1735 2654 definitae.
1784 2597 1918 2652 Avia
1963 2609 2095 2664 ergo

523 2688 667 2756 locs,
686 2697 742 2745 et
762 2689 963 2745 nullius
984 2698 1112 2745 ante
1141 2690 1259 2746 solo
1295 2691 1420 2743 trita
1449 2698 1803 2760 peragrantes
1830 2688 2092 2758 theologi,

523 2795 643 2852 qua:
665 2780 911 2851 proxima
946 2782 1015 2836 ad
1048 2795 1235 2836 verum
1265 2780 1547 2836 videbatur
1573 2782 1681 2843 via,
1714 2781 1816 2835 hac
1841 2777 2093 2834 fereban-

528 2877 617 2929 tur
643 2872 952 2939 confestim,
978 2881 1033 2927 et
1052 2872 1382 2928 aberrabant
1408 2888 1570 2943 saepe,
1606 2873 1701 2927 sed
1732 2874 1886 2928 venia
1931 2874 2094 2943 digno

524 2980 733 3030 errore,
774 2966 1006 3020 nondum
1038 2974 1187 3021 recto
1222 2966 1438 3022 tramite
1477 2980 1572 3036 per
1613 2965 1905 3021 Ecclesiam
1948 2980 2098 3021 mon-

523 3065 715 3115 strato.
750 3056 902 3124 Quod
940 3058 1065 3113 aliis
1130 3056 1292 3128 igitur
1340 3056 1593 3116 Patribus
1640 3056 1869 3127 benigne
1898 3056 2100 3111 condo-

525 3149 643 3205 nari
685 3148 843 3214 solet,
869 3149 1012 3203 idem
1041 3158 1100 3202 ut
1145 3146 1485 3217 indulgeatur
1529 3145 1743 3216 Origeni
1776 3162 1987 3216 aequum
2035 3160 2096 3201 ac

2188 591 2476 645 declinare.
2538 610 2557 643 ι
2624 590 2916 646 Reddimns
2966 593 3147 662 itaque
3206 591 3538 664 Hieronymo
3611 609 3774 651 voces
3846 658 3851 661 η

2187 693 2332 747 suas,
2364 690 2417 734 et
2446 680 2590 750 quod
2612 695 2708 748 pro
2732 681 2851 735 aliis
2880 680 3055 736 valere
3084 681 3225 744 vult,
3259 682 3493 750 idipsum
3528 698 3623 752 pro
3648 681 3773 740 Ori-

2191 785 2325 841 gene
2346 778 2403 823 ut
2429 770 2624 834 valeat,
2651 770 2773 839 jure
2802 781 2987 825 nostro
3017 773 3374 840 postulamus.

2258 858 2375 914 XV.
2403 861 2643 929 Denique
2668 876 2787 914 cum
2820 862 2872 914 in
2899 861 3120 931 epistola
3140 860 3228 925 65,
3266 876 3386 930 quae
3413 869 3499 916 est
3528 862 3594 914 ad
3618 859 3774 916 Pam-

2190 951 2454 1005 machiqu
2497 959 2552 1005 et
2596 949 2891 1018 Oceanum,
2942 967 3065 1020 cap.
3108 952 3163 1016 4,
3220 951 3538 1007 testificetur
3577 950 3770 1006 Hiero-
3808 962 3811 965 ‘

2188 1059 2419 1115 nymus,
2473 1054 2531 1099 ut
2572 1046 2773 1100 dictum
2833 1045 3078 1113 superius
3137 1062 3166 1098 a
3226 1045 3380 1100 nobis
3460 1056 3561 1109 est,
3615 1060 3770 1098 erro-

2190 1151 2308 1189 rum
2389 1149 2608 1191 suorum
2678 1133 2962 1204 Origenem
3033 1135 3386 1204 pmnituisse,
3452 1136 3611 1206 idque
3658 1134 3762 1189 Fa-

2188 1226 2351 1281 biano
2428 1242 2581 1297 papa
2646 1227 2817 1294 ipsum
2874 1227 3205 1298 significasse
3276 1242 3372 1297 per
3429 1226 3660 1292 litteras,
3715 1239 3773 1283 et

2190 1318 2511 1374 temeritatis
2560 1332 2780 1374 causam
2834 1318 2886 1372 in
2932 1318 3282 1373 Ambrosium
3332 1318 3597 1378 retulisse.
3628 1319 3772 1388 quod

2189 1420 2399 1465 secreto
2432 1408 2575 1463 edita
2601 1409 2957 1479 publicasset;
2992 1410 3037 1465 is
3081 1410 3148 1464 ab
3188 1408 3332 1464 omni
3388 1410 3656 1467 haereseos
3683 1411 3765 1465 in-

2190 1501 2350 1556 famia
2385 1500 2545 1571 plane
2596 1502 2922 1564 vindicatur,
2973 1518 3077 1571 qua
3113 1502 3149 1556 ii
3194 1512 3452 1556 notantur
3487 1503 3768 1567 duntaxat,

2189 1594 2281 1662 qui
2339 1602 2540 1648 temere
2614 1594 2957 1663 pronuntiata
3024 1595 3371 1665 pertinaciter
3440 1593 3753 1649 defendunt.

2191 1682 2404 1751 Optime
2450 1683 2500 1737 id
2546 1698 2643 1753 pro
2695 1685 2897 1752 ingenii
2945 1684 3028 1740 sui
3087 1684 3504 1755 perspicacitate
3560 1686 3773 1739 notavit

2194 1775 2351 1831 Picus
2381 1775 2781 1832 Mirandnlanus
2834 1787 2940 1831 art.
2985 1776 3019 1831 4
3060 1776 3328 1848 Apologia:
3371 1792 3482 1832 suae
3524 1794 3618 1845 pro
3642 1776 3770 1831 Ori-

2187 1882 2313 1937 gene
2346 1883 2365 1921 :
2415 1866 2747 1939 (45):,terum
2793 1870 2969 1924 minus
3022 1877 3168 1923 recte
3215 1867 3418 1922 addidit
3479 1866 3770 1938 Origenein

2190 1969 2315 2014 ante
2349 1960 2745 2030 sexagesimum
2799 1961 2974 2015 anatis
3017 1973 3126 2014 suae
3168 1973 3367 2013 annum
3419 1958 3585 2012 multa
3643 1958 3773 2012 titu-

2188 2046 2381 2104 banter
2412 2049 2754 2119 proposuisse
2782 2088 2797 2112 ,
2846 2057 3033 2118 utpote
3074 2048 3130 2102 in
3162 2047 3475 2116 theologicis
3515 2049 3773 2116 questio-

2192 2142 2347 2197 nibus
2374 2143 2607 2196 nondum
2632 2143 2766 2197 satis
2802 2142 3083 2197 sub‘actum
3114 2158 3129 2207 ;
3179 2157 3300 2212 quae
3332 2157 3465 2198 vero
3517 2143 3774 2211 deinceps

2190 2232 2543 2296 elucubravit,
2580 2243 2703 2300 puta
2729 2232 2892 2289 libros
2923 2244 3106 2289 contra
3138 2234 3367 2302 Celsum,
3394 2244 3448 2290 et
3498 2232 3777 2289 Commen-

2194 2325 2332 2377 taria
2379 2323 2433 2376 in
2474 2322 2830 2389 Mattha'um-,
2863 2338 2926 2378 ea
2972 2330 3083 2377 tum
3134 2325 3447 2393 scripsisse,
3495 2340 3617 2380 cum
3661 2324 3771 2392 jam

2193 2417 2459 2474 catholica
2494 2417 2693 2471 veritas
2726 2415 2825 2487 ipsi
2873 2414 3061 2471 fuisset
3097 2426 3379 2484 comperta
3421 2434 3434 2471 :
3476 2418 3632 2486 quasi
3665 2432 3773 2471 non

2194 2509 2357 2566 iidem
2394 2517 2743 2578 compareant
2786 2507 2842 2561 in
2872 2506 2941 2562 iis
2965 2521 3206 2575 errores,
3234 2522 3371 2577 quos
3399 2508 3454 2563 in
3496 2508 3772 2579 prioribus

2195 2601 2505 2655 admiserat.

2266 2691 2404 2747 XVI.
2446 2674 2727 2758 Quoniam
2778 2698 2959 2746 autem
3011 2689 3321 2746 defensores
3366 2690 3616 2762 Origenis
3653 2707 3775 2761 per.

2195 2798 2476 2841 censemus
2506 2783 2607 2839 hoc
2633 2783 2831 2853 capite,
2865 2792 2920 2839 et
2948 2798 3071 2854 qum
3118 2782 3188 2837 illi
3243 2785 3445 2839 tuendo
3490 2785 3771 2840 commoda

2195 2890 2319 2931 esse
2345 2883 2592 2945 possunt,
2631 2875 2944 2929 summatim
2985 2875 3311 2944 colligimus,
3347 2874 3500 2930 locus
3534 2889 3634 2931 nos
3677 2876 3773 2931 ad-

2197 2976 2399 3035 monet,
2434 2974 2495 3021 ut
2521 2966 2791 3036 Apologia:
2836 2967 2937 3021 sub
2988 2967 3207 3021 nomine
3260 2965 3528 3037 Pamphili
3574 2981 3672 3036 pro
3705 2979 3774 3021 eo

2197 3059 2434 3128 scriptae,
2477 3057 2630 3128 cujus
2684 3057 3059 3112 testimonium
3108 3066 3219 3113 toto
3265 3059 3367 3113 hoc
3414 3072 3578 3128 opere
3631 3073 3773 3128 saepe

2200 3149 2563 3214 adhibuimus,
2594 3164 2782 3204 verum
2819 3163 2883 3204 ac
2923 3147 3220 3220 legitimum
3255 3158 3529 3204 auctorem
3566 3149 3772 3205 indice-

528 3252 717 3293 verum
751 3250 847 3294 est.
880 3239 1138 3306 Quaenam
1168 3249 1350 3293 autem
1376 3238 1648 3294 communi
1688 3236 1942 3292 Ecclesiae
1974 3252 2097 3292 con-
2123 3239 2165 3297 C
2200 3255 2338 3294 mus.
2392 3239 2771 3295 Lucubrationi
2824 3240 2947 3295 huic
2991 3256 3021 3293 a
3060 3255 3121 3294 se
3177 3239 3383 3295 Latinis
3431 3239 3627 3295 litteris
3659 3239 3775 3294 red-

527 3346 688 3385 sensn
711 3345 805 3385 sua
829 3339 988 3384 aetate
1014 3340 1227 3396 recepta
1254 3339 1309 3384 et
1342 3330 1561 3401 probata
1600 3338 1805 3393 essent,
1835 3337 1947 3382 tum
1982 3342 2100 3395 qua:

530 3424 584 3478 in
625 3431 908 3492 utramque
941 3429 1151 3493 partem
1198 3431 1419 3491 possent
1444 3421 1735 3491 disputari,
1786 3435 1950 3475 causa
1986 3419 2098 3473 dis-

532 3513 791 3567 tinctione
806 3513 1037 3567 secrevit
1068 3512 1181 3582 ipse
1209 3510 1468 3583 Origenes
1515 3511 1569 3567 in
1603 3510 1874 3566 Prooemio
1911 3508 2030 3563 libri
2082 3523 2097 3562 I

529 3602 673 3672 Περὶ
694 3601 915 3673 ἀρχῶν.
954 3604 1008 3657 In
1041 3613 1371 3672 postremum
1416 3602 1559 3658 hunc
1606 3616 1826 3657 sensum
1882 3600 2101 3670 conjicit

531 3695 855 3763 quaestiones
875 3694 941 3749 de
968 3694 1162 3750 animae
1199 3694 1433 3764 origine,
1455 3694 1521 3747 de
1549 3701 1740 3746 natura
1782 3691 2098 3763 angelorum

530 3796 586 3841 et
618 3786 942 3851 daemonum,
982 3785 1048 3842 de
1090 3787 1155 3841 iis
1183 3800 1303 3855 quae
1335 3784 1516 3839 mundi
1566 3791 1745 3839 ortum
1792 3792 2102 3838 antecesse-

532 3886 679 3944 runt,
716 3886 771 3932 et
798 3892 917 3946 quae
941 3885 1064 3948 post
1093 3878 1211 3947 ejus
1250 3876 1528 3931 interitum
1563 3873 1746 3929 futura
1778 3884 1926 3940 sunt,
1959 3874 2097 3927 alia-

530 3983 635 4038 que
666 3968 941 4023 nonnulla.
988 3967 1188 4023 Eadem
1239 3967 1291 4022 in
1337 3966 1498 4038 simili
1528 3980 1688 4021 causa
1722 3982 1853 4022 usus
1893 3976 1975 4021 est
2001 3981 2100 4021 ex-

530 4058 777 4128 ceptione
804 4058 1158 4129 Hieronymus
1190 4058 1281 4113 lib.
1313 4074 1352 4113 II
1402 4058 1624 4129 Apolog.
1649 4059 1854 4113 advers.
1882 4056 2095 4127 Ruﬁn.,

530 4163 652 4219 cap.
684 4148 741 4216 4,
772 4163 893 4204 cum
924 4157 1133 4204 veteres
1186 4147 1440 4204 Ecclesiae
1487 4150 1805 4219 scriptores,
1856 4163 2085 4218 quorum

532 4240 749 4294 codices
798 4239 1077 4295 erroribus
1132 4240 1317 4294 infecti
1377 4249 1521 4308 sunt,
1569 4254 1835 4296 excusare
1881 4239 2043 4294 vellet
2082 4256 2096 4292 :

538 4349 557 4382 ι
600 4327 742 4385 Fieri
775 4340 949 4402 potest
990 4340 1047 4386 ut
1092 4339 1377 4401 antequam
1438 4332 1493 4387 In
1540 4332 1892 4396 Alexandria,
1944 4330 2098 4400 quasi

533 4420 854 4477 daemonium
902 4421 1279 4485 meridianum,
1330 4423 1491 4478 Arius
1547 4432 1886 4487 nasceretur,
1944 4422 2102 4476 inno-

533 4521 719 4569 center
744 4515 988 4585 quaedam
1039 4523 1094 4567 et
1139 4514 1317 4570 minus
1357 4526 1514 4571 caute
1563 4515 1725 4571 locuti
1758 4536 1776 4569 ι
1804 4514 1948 4581 sint,
1988 4532 2008 4567 ι
2044 4524 2101 4570 et

2198 3331 2323 3385 diue
2362 3330 2620 3402 Pamphili
2648 3346 2843 3386 nomen
2878 3331 3107 3387 Ruﬁnus
3154 3333 3501 3401 ascripserat,
3553 3332 3629 3385 uti
3676 3331 3774 3386 ho-

2197 3419 2389 3489 dieque
2413 3420 2704 3488 ascriptum
2737 3431 2950 3486 exstat;
2986 3429 3040 3474 et
3074 3422 3124 3474 in
3168 3420 3443 3476 lnvectiva
3493 3422 3673 3492 priore
3719 3421 3774 3474 in

2207 3506 2587 3580 Hteronymum
2625 3520 2877 3581 tanquam
2908 3527 2938 3565 a
2973 3509 3257 3579 Pamphilo
3290 3512 3623 3569 elaboratam
3655 3511 3773 3567 Iau-

2198 3600 2421 3655 daverat
2465 3620 2480 3657 :
2536 3617 2695 3673 quem
2753 3604 2923 3658 secuti
2974 3616 3099 3659 sunt
3135 3605 3328 3661 deinde
3380 3615 3568 3661 auctor
3625 3603 3774 3659 Prte-

2197 3693 2441 3747 destinati
2486 3692 2582 3748 lib.
2628 3710 2667 3759 ι,
2719 3695 2853 3751 ἣξει.
2900 3696 3003 3763 45;
3063 3697 3317 3753 Socrates
3359 3697 3454 3752 lib.
3507 3713 3561 3752 tv
3612 3694 3779 3755 Hist-

2196 3784 2402 3852 eecles.,
2437 3800 2556 3854 cap.
2590 3786 2680 3851 27;
2704 3797 2759 3841 et
2778 3787 3113 3859 Nicephorus
3150 3788 3243 3843 lib.
3277 3805 3331 3853 x,
3363 3804 3485 3860 cap.
3527 3790 3615 3846 Ην.
3651 3790 3765 3845 Ru-

2198 3875 2308 3931 fino
2346 3876 2661 3932 reclamavit
2693 3877 3083 3951 Hieronymus,
3136 3879 3428 3950 fucumque
3478 3881 3776 3937 lectoribus

2198 3965 2399 4021 factum
2435 3978 2762 4037 conquestus
2788 3980 2872 4025 est
2914 3987 2928 4025 :
2974 3980 3029 4024 at
3067 3970 3120 4025 in
3159 3971 3486 4041 assignando
3531 3972 3776 4042 scriptio-

2199 4058 2283 4113 nis
2317 4058 2475 4129 hujus
2502 4070 2725 4117 auctore
2766 4062 2914 4115 varia
2942 4062 3215 4117 disseruit.
3244 4062 3379 4118 Nam
3418 4064 3472 4118 in
3507 4067 3774 4134 promtnlo

2199 4148 2252 4203 in
2300 4149 2546 4221 Dialogos
2619 4154 2823 4208 advers.
2881 4152 3215 4225 Pelagianos,
3270 4164 3325 4211 et
3371 4154 3589 4225 Apolog.
3636 4154 3663 4209 1
3717 4155 3773 4208 in

2202 4240 2407 4313 Ruﬁn.,
2456 4259 2575 4315 cap.
2622 4245 2678 4310 2,
2726 4260 2844 4300 eam
2885 4246 3043 4303 docet
3083 4247 3315 4318 primum
3348 4262 3466 4303 esse
3510 4247 3703 4301 librum
3742 4261 3773 4299 e

2198 4350 2293 4391 sex
2338 4335 2509 4399 libris,
2552 4338 2751 4407 quibus
2783 4339 3067 4394 constabat
3112 4340 3372 4410 Apologia
3415 4340 3631 4395 Eusebii
3673 4356 3769 4408 pro

2203 4425 2461 4496 Origene;
2485 4442 2549 4482 ex
2580 4443 2753 4498 eoque
2799 4430 2851 4484 id
2877 4444 2997 4486 esse
3028 4430 3396 4497 manifestum,
3424 4434 3563 4499 quod
3608 4430 3660 4484 in
3693 4447 3776 4486 se-

2203 4520 2494 4587 quentibus
2523 4519 2739 4575 Eusebii
2780 4521 2933 4576 Iibris
2982 4522 3180 4578 citetur
3217 4520 3305 4577 ille
3357 4522 3597 4592 primus;
3635 4533 3691 4578 et
3716 4523 3771 4577 in

606 4737 719 4811 I45)
735 4736 922 4792 Veram
947 4739 1116 4817 minus
1140 4747 1278 4792 recte
1294 4738 1793 4817 addidit-Origenem
1809 4748 1930 4793 ante
1952 4757 2106 4796 sexa-
2137 4747 2183 4803 Ι)
2211 4758 2340 4817 suos
2368 4747 2630 4814 quosdam
2656 4748 2935 4817 scrupulos
2964 4763 3027 4805 ac
3048 4747 3521 4810 dubitatiunculas,
3563 4746 3630 4802 ad
3656 4748 3781 4803 cla-7

533 4807 784 4879 gestmitm
814 4811 984 4879 tutetis
1020 4824 1129 4879 sua:
1157 4825 1353 4879 annum
1400 4807 1566 4861 multa
1595 4807 1874 4879 titubanter
1906 4827 2097 4878 propo-

533 4877 722 4943 suisse,
747 4889 856 4932 etc.
880 4877 1043 4931 Miror
1066 4878 1179 4931 haec
1205 4877 1487 4931 Miranduli
1515 4879 1676 4932 verba
1704 4877 2097 4947 reprehendere

536 4947 813 5013 Huetinm,
844 4948 933 5016 qui
962 4948 1076 5015 ipse
1107 4947 1232 5000 alibi
1262 4949 1337 5000 ait
1366 4963 1381 4997 :
1413 4966 1432 4998 ι
1471 4949 1584 5001 Alia
1627 4963 1787 5002 senex
1825 4949 2097 5003 Adaman-

536 5020 666 5084 tius,
709 5019 923 5087 ingenio
970 5032 1066 5085 per
1100 5026 1310 5087 aetatem
1355 5018 1533 5087 magis
1550 5018 1791 5081 subacto,
1818 5017 2093 5085 elimavit;

537 5088 640 5141 alia
691 5086 948 5141 ell‘erente
998 5101 1119 5141 sese
1174 5088 1225 5139 in
1269 5086 1568 5156 iuventutis
1601 5098 1731 5140 aestu
1772 5089 2099 5146 fecunditate

536 5156 819 5228 profudit:
852 5174 872 5209 ι
903 5157 967 5228 de
1001 5157 1200 5228 quibus
1246 5157 1501 5226 praeclare
1551 5158 1687 5228 dixit
1740 5158 2095 5228 Hieronymus

537 5224 590 5281 in
622 5226 851 5296 prologo,
884 5224 953 5279 ad
986 5224 1399 5279 Commentarios
1442 5228 1518 5296 fin
1558 5224 1773 5290 Lucam,
1818 5224 2100 5295 Origenem

536 5298 591 5351 in
622 5295 945 5365 quibusdam
993 5298 1331 5357 tractatibus,
1364 5313 1385 5347 ι
1426 5295 1587 5363 Quasi
1620 5298 1813 5352 iterum
1862 5300 1982 5353 talis
2022 5298 2104 5352 lu-

537 5366 685 5428 dere,
714 5366 818 5420 alia
839 5380 960 5418 esse
989 5366 1161 5419 virilia
1191 5365 1305 5432 ejus
1330 5376 1383 5420 et
1411 5367 1703 5421 senectutis
1733 5371 1893 5422 seria.
1931 5387 1950 5421 ι
1976 5367 2100 5423 Cer-

539 5443 605 5505 te
624 5434 728 5488 alia
761 5435 1086 5505 adauricos
1115 5437 1570 5505 secretoscripsit
1611 5438 1687 5505 {ut
1727 5440 1902 5492 verbis
1928 5438 2100 5493 Geor-

537 5504 608 5579 g-ii
663 5514 784 5557 utar
816 5502 1256 5579 A[Defens._ﬂdei
1303 5502 1507 5579 Niceten.
1556 5502 1624 5560 de
1648 5505 1780 5561 Filii
1802 5507 1878 5579 τῷ
1909 5510 2102 5578 ὁμοθυ-

537 5574 640 5644 σίῳ
667 5587 784 5645 cap.
810 5572 866 5635 9',
897 5589 1045 5627 num.
1080 5572 1161 5644 3].
1207 5590 1326 5641 quat
1374 5576 1545 5629 lucem
1594 5572 1864 5645 nunquani
1915 5572 2097 5631 visura

537 5644 805 5714 speravit;
838 5644 888 5695 in
913 5645 1107 5711 quibus
1125 5645 1292 5699 libere
1313 5660 1376 5697 ac
1396 5659 1528 5711 pene
1554 5644 1789 5714 sceptice
1817 5649 2092 5711 disseruit,

537 5712 602 5766 ac
627 5712 937 5781 plerumque
987 5729 1092 5765 non
1144 5724 1249 5766 tant
1292 5730 1438 5765 suam
1478 5712 1678 5767 certain
1719 5732 1779 5769 ac
1817 5717 2093 5770 definitam

538 5780 882 5845 sententiam,
916 5796 1075 5849 quam
1105 5784 1190 5837 vel
1225 5783 1451 5837 aliorum
1495 5786 1955 5851 ratiocinationes,
2014 5787 2096 5840 vel

2213 4816 2407 4888 riorem
2425 4818 2677 4888 veritatis
2708 4816 3121 4873 elucidationem
3157 4818 3457 4888 pr0posuit.
3503 4817 3623 4888 Alia
3661 4819 3774 4886 ipse

2202 4883 2254 4939 in
2290 4886 2562 4953 publicum
2606 4888 2805 4953 emisit,
2848 4888 2961 4941 sive
2989 4883 3173 4941 contra
3210 4883 3474 4951 inﬁdeles,
3523 4887 3635 4942 sive
3677 4883 3772 4942 ad—

2202 4968 2400 5026 versus
2416 4958 2718 5021 haereticos,
2746 4972 2841 5011 seu
2888 4957 3119 5026 denique
3147 4958 3212 5011 ad
3254 4957 3624 5011 instruendam
3660 4958 3773 5024 ple-

2200 5024 2321 5096 bent
2361 5024 2729 5096 @liristianam
2755 5044 2769 5092 ;
2799 5028 2852 5081 in
2875 5024 3070 5095 quibus
3102 5029 3212 5079 vita
3239 5028 3362 5080 trita
3391 5042 3456 5080 ac
3487 5035 3599 5080 tuta
3623 5028 3771 5081 ince-

2201 5093 2356 5159 dens,
2375 5093 2662 5165 'receptam
2697 5099 2749 5151 in
2774 5093 3014 5152 Ecclesia
3040 5097 3307 5152 catholica
3335 5097 3634 5150 doctrinam
3659 5107 3773 5151 stne

2200 5165 2423 5237 (tiosius
2458 5167 2697 5237 tradidit.
2738 5167 2953 5237 Negari
3005 5176 3181 5220 autem
3231 5180 3335 5219 non
3384 5175 3582 5234 potest,
3638 5166 3770 5237 quin

2211 5231 2458 5306 Origenis
2484 5235 2795 5306 suﬂ'raginm
2841 5231 2913 5290 Ire
2946 5237 3210 5291 catholica
3262 5231 3508 5306 docti-ina
3543 5231 3772 5306 peti'de-

2209 5304 2331 5375 beat
2369 5320 2436 5358 ex
2469 5306 2535 5375 iis
2569 5304 2837 5375 praecipue
2866 5307 3105 5374 scriptis,
3156 5322 3275 5374 qua:
3319 5305 3545 5374 publicis
3589 5305 3776 5359 usibus

2209 5372 2324 5442 ipse
2363 5372 2677 5445 destinavit,
2728 5372 2849 5444 Quae
2890 5372 3128 5445 cogitate
3168 5372 3223 5429 et
3259 5372 3463 5429 attente
3503 5376 3769 5438 exaravit,

2209 5457 2325 5509 qua:
2352 5443 2582 5514 denique
2606 5444 2718 5513 jam
2749 5443 2915 5499 Senex
2943 5443 2995 5500 et
3022 5446 3175 5514 longo
3200 5461 3377 5497 rerum
3402 5461 3499 5497 usu
3524 5453 3577 5497 et
3610 5460 3772 5514 expe-

2208 5513 2401 5565 rientia
2422 5516 2644 5567 edoctus
2674 5519 2996 5581 composuit.
3025 5513 3338 5581 Hujusniodi
3362 5525 3507 5581 sunt,
3531 5513 3771 5568 omuium

2207 5595 2492 5651 consensu,
2529 5584 2649 5638 libri
2680 5595 2803 5639 octo
2851 5595 3037 5637 contra
3090 5584 3300 5637 Celsum
3344 5583 3661 5649 Epicureum
3694 5588 3772 5651 (et

2200 5648 2587 5723 Commentario
2614 5656 2666 5707 in
2698 5653 3052 5723 Matt/imum).
3087 5673 3106 5705 ι
3134 5648 3514 5708 Αιιειιιιθιιίιιοιι
3541 5648 3771 5722 negave-

2204 5720 2305 5800 rim
2358 5721 2647 5800 plerosque
2696 5739 2911 5780 errores
2970 5720 3024 5779 in
3058 5724 3126 5779 iis
3160 5738 3494 5792 comparere,
3542 5720 3679 5792 quos
3719 5722 3771 5778 in

2205 5791 2477 5860 prioribus
2499 5793 2817 5850 admiserat.
