4170 6440
424 432 449 485 ’ἔ
463 432 568 488 105
1475 444 1986 508 ORIGENIANORU

2087 452 2208 508 LIB.
2248 453 2314 521 Il,
2353 455 2504 512 CAP.
2545 453 2633 514 Ill.
3535 457 3681 514 “06

425 555 599 648 primo
633 554 871 611 vicissim
903 570 1227 629 sequentes;
1271 564 1412 618 nihil
1462 566 1821 637 Pamphilum,
1867 582 1998 629 teste
2027 579 2073 635 Α
2100 589 2219 645 cap.
2254 576 2321 644 4,
2362 592 2469 646 quo
2492 586 2761 648 postremo
2802 576 2919 631 loco
2957 575 3134 646 aliqua
3165 575 3327 633 etiam
3359 574 3674 631 orthodoxa

426 640 681 712 Eusebio,
734 651 937 720 proprii
996 655 1181 722 operis
1232 659 1536 715 condidisse
1582 680 1594 716 :
1643 674 1695 717 et
1751 664 1803 717 in
1858 664 1997 719 libro

429 736 636 793 advers.
678 736 865 812 Pelag.
899 744 969 797 ad
995 742 1247 814 Ctesiph.,
1282 764 1400 819 cap.
1442 752 1498 815 2,
1537 772 1554 804 ι
1592 752 1818 809 Fecerat
1873 757 1993 821 hoc,

426 827 623 897 inquit,
680 833 816 887 etin
870 839 1045 893 sancti
1099 839 1364 909 Pamphili
1425 847 1686 917 martyris
1758 850 1996 916 nomine,

426 929 484 974 nt
518 920 712 977 librum
751 926 979 994 primum
1025 946 1118 985 sex
1151 931 1408 989 librorum
1459 937 1784 993 defensionis
1812 937 1998 1010 Orige-

428 1014 532 1081 nis,
579 1015 791 1072 Eusebii
851 1018 1224 1089 Caesariensis,
1288 1042 1446 1095 quem
1509 1028 1677 1084 fuisse
1734 1030 1994 1085 Arianum

426 1120 584 1159 nemo
625 1115 710 1162 est
759 1110 851 1178 qui
895 1114 1135 1182 nesciat,
1174 1117 1390 1172 nomine
1432 1117 1696 1190 Pamphili
1740 1123 1998 1193 martyris

425 1207 747 1264 pramotaret
783 1218 797 1256 :
831 1220 850 1254 ι
884 1211 937 1257 ει
974 1204 1065 1260 lib.
1109 1222 1157 1261 vt
1212 1211 1269 1261 in
1300 1206 1519 1276 Each"
1550 1227 1669 1282 cap.
1701 1212 1765 1268 l8
1796 1231 1809 1267 :
1842 1232 1861 1264 ι
1888 1213 1997 1271 Nec

426 1291 619 1344 mirum
656 1290 700 1346 si
748 1294 1004 1362 gentilem
1051 1298 1428 1369 philosophum
1487 1302 1541 1356 in
1601 1312 1894 1375 martyrem
1941 1314 1998 1359 et

429 1376 681 1436 Numanae
712 1383 860 1440 urbis
888 1386 1196 1457 episcopum
1230 1391 1598 1458 transtulerit;
1623 1408 1744 1448 cum
1778 1395 1994 1452 Eusebii

426 1483 642 1536 quoque
674 1470 1022 1531 Caesariensis
1074 1478 1302 1547 primum
1353 1496 1449 1550 pro
1493 1480 1725 1551 Origene
1773 1484 1994 1552 librum,

424 1559 687 1632 Pamphili
712 1568 969 1638 martyris
1000 1571 1261 1626 voeabulo
1292 1576 1669 1636 commutarit;
1701 1586 1759 1629 ut
1786 1574 1996 1633 facilius

424 1656 514 1709 tali
549 1655 824 1713 laudatore
850 1660 1015 1716 libros
1041 1662 1386 1732 impiissimos
1411 1666 1551 1736 Περὶ
1575 1668 1775 1737 ἀρχῶν
1801 1668 1993 1725 Roma-

425 1747 508 1801 nis
540 1750 853 1804 conciliaret
898 1753 1138 1811 auribus.
1180 1775 1197 1808 ι
1241 1756 1354 1828 (46)
1400 1759 1470 1815 At
1530 1761 1583 1814 in
1633 1762 1862 1830 epistola
1904 1763 1993 1829 41,

425 1840 560 1897 alias
579 1841 668 1899 65.
709 1844 774 1899 ad
804 1843 1116 1902 Pamniacb.
1147 1858 1200 1904 et
1225 1851 1452 1918 Ocean.,
1491 1866 1611 1922 cap.
1642 1852 1698 1916 4,
1728 1856 1991 1925 composi-

422 1943 535 1988 tum
563 1934 630 1989 ab
660 1936 847 1991 amicis
869 1936 1115 2008 Origenis
1138 1955 1192 1996 et
1217 1944 1573 1998 sectatoribus
1596 1945 1790 1999 librum
1815 1948 1989 2016 suspi-

420 2035 595 2093 catur,
623 2040 796 2095 eoque
819 2027 1031 2083 facilius
1069 2032 1449 2100 compositum,
1482 2034 1646 2103 quod,
1682 2035 1836 2090 nullis
1871 2037 1992 2091 aliis

423 2134 451 2170 a
476 2116 752 2189 Pamphilo
791 2121 951 2174 editis
994 2123 1398 2192 scriptiunibus,
1432 2140 1495 2178 ει
1537 2128 1988 2184 earumconﬁictu

418 2229 606 2267 verum
660 2214 981 2283 deprehendi
1021 2232 1124 2270 non
1175 2225 1357 2286 posset
1404 2218 1552 2290 (47),
1582 2220 1835 2291 additque
1863 2238 1990 2292 sup-

423 2306 720 2374 positilium
762 2306 863 2360 ltuc
903 2322 1037 2375 opus
1090 2308 1156 2362 ad
1206 2308 1349 2362 mille
1404 2324 1594 2366 versus
1654 2327 1685 2367 ε
1730 2313 1990 2382 principio

418 2396 695 2452 librisexti
735 2397 1050 2454 Eusebiante
1088 2399 1355 2470 Apologia:
1397 2405 1701 2457 continere.
1761 2403 1989 2474 Subjun-

420 2492 501 2561 εει
552 2493 889 2561 postmodum
957 2491 1085 2546 Pam
1104 2493 1307 2562 pbilnm
1381 2494 1522 2549 inter
1574 2505 1629 2551 et
1698 2495 1985 2551 Eusebium

422 2599 666 2653 magnam
690 2582 855 2638 fuisse
881 2585 1182 2638 animorum
1229 2586 1574 2641 concordiam
1604 2606 1617 2642 :
1657 2606 1676 2640 ι
1706 2587 1985 2653 Quomodo

418 2673 618 2742 igitur,
665 2673 869 2742 inquit,
923 2672 1063 2726 inter
1108 2688 1168 2728 se
1216 2674 1501 2731 dissentire
1552 2686 1874 2745 potuerunt,
1928 2686 1985 2731 ut

418 2762 674 2817 Eusebius
705 2762 755 2816 in
800 2772 911 2816 toto
937 2778 1098 2832 Opere
1144 2779 1242 2819 suo
1273 2764 1558 2834 Origenetn
1590 2766 1771 2822 Ariani
1800 2770 1988 2838 probet

415 2853 703 2920 dogmatis,
737 2865 793 2906 et
838 2854 1151 2921 Pamphilus
1202 2852 1430 2910 Nicaeum
1472 2857 1684 2926 synodi,
1733 2873 1853 2926 quae
1887 2859 1986 2913 fuit

415 2954 623 3013 postea,
665 2943 1047 2999 defensorem?
1080 2964 1099 2997 ι
1140 2945 1291 3001 Unde
1330 2947 1606 3003 concludit
1644 2948 1729 3002 vel
1774 2948 1983 3019 Didymi

415 3050 535 3089 esse
570 3035 697 3088 illud
737 3034 1073 3103 opusculum,
1130 3037 1213 3089 vel
1248 3037 1469 3091 alterius
1517 3038 1839 3106 cujuslibet,
1893 3042 1982 3111 qui

414 3127 551 3180 sexti
576 3125 791 3181 Eusebii
819 3127 939 3182 libri
979 3144 999 3179 s
1042 3127 1218 3197 capite
1246 3129 1569 3185 detruncato
1591 3144 1790 3187 caatera
1822 3150 1985 3187 mem-

2102 668 2224 723 ﬁdei
2261 670 2439 724 minus
2467 685 2700 739 congrua
2725 668 2777 722 in
2805 668 2983 723 Ruﬁni
3012 669 3459 738 interpretatione
3487 670 3653 724 exsti-

2103 760 2233 815 tisse
2261 761 2425 815 tradit
2465 760 2848 831 Hieronymus,
2873 773 2992 831 quze
3026 774 3296 829 nusquam
3331 758 3490 815 hodie
3527 774 3671 814 com-

2098 862 2321 921 parent;
2353 851 2466 923 (48)
2499 867 2528 905 a
2560 852 2776 916 Ruﬁno,
2800 863 2857 906 ut
2879 853 3092 921 opinor,
3119 867 3295 917 erasa,
3318 867 3424 921 quo
3450 867 3666 907 omnem

2099 940 2334 1012 querela:
2372 958 2560 997 ansam
2601 942 2940 1011 praecideret.
2986 942 3132 997 Libri
3166 941 3404 1011 ejusdem
3447 941 3667 996 secundi

2100 1035 2284 1104 capite
2336 1044 2488 1090 sexto
2572 1044 2761 1089 narrat
2823 1033 3182 1105 Hieronymus
3257 1031 3669 1103 Apologeticum

2104 1126 2272 1190 hunc,
2302 1127 2535 1197 primum
2574 1127 2675 1181 sibi
2714 1126 2767 1181 in
2810 1126 2998 1182 codice
3048 1124 3223 1180 Ruﬁni
3267 1126 3463 1189 visum,
3507 1121 3670 1178 Pam-

2098 1215 2228 1284 phili
2292 1216 2510 1271 nomine
2566 1216 2919 1285 inscriptum,
2970 1216 3243 1270 diversum
3309 1213 3377 1269 ab
3446 1210 3663 1266 Eusebii

2101 1306 2437 1376 Apologetico
2484 1307 2773 1374 aliquando
2822 1306 3160 1362 existimasse
3211 1322 3227 1360 :
3276 1304 3375 1359 sed
3437 1302 3669 1373 pellecto

2099 1407 2329 1467 utroque
2362 1398 2517 1453 facile
2569 1398 2894 1453 intellexisse
2936 1398 3168 1466 primum
3221 1412 3285 1451 ex
3345 1393 3669 1450 Eusebianis

2098 1506 2189 1546 εει
2222 1491 2395 1556 libris,
2423 1505 2545 1545 eum
2576 1504 2696 1545 esse
2729 1489 2816 1545 cui
2856 1504 2884 1543 a
2921 1488 3115 1543 Rufino
3146 1486 3407 1555 Pamphili
3464 1498 3663 1538 nomen

2098 1582 2373 1636 inductum
2417 1589 2520 1645 est,
2566 1560 2775 1649 quique
2820 1582 2921 1636 hoc
2957 1579 3110 1634 titulo
3149 1578 3341 1632 Latine
3381 1590 3445 1630 ac
3476 1573 3665 1630 Graece

2096 1675 2275 1730 editus
2297 1684 2406 1738 est,
2446 1691 2468 1726 s
2503 1673 2800 1727 immutatis
2832 1673 3094 1725 duntaxat
3135 1670 3385 1724 sensibus
3422 1669 3488 1722 de
3526 1665 3666 1720 Filio

2104 1772 2158 1818 et
2185 1764 2390 1833 Spiritu
2432 1770 2639 1827 sancto,
2682 1763 2772 1831 qui
2813 1773 3054 1831 apertam
3098 1760 3484 1831 blasphemiam
3527 1772 3663 1827 prte-

2098 1852 2385 1907 ferebant:
2427 1871 2446 1905 s
2487 1867 2553 1906 eo
2587 1851 2787 1906 factum
2834 1861 2889 1905 ut
2932 1852 2985 1905 iit
3034 1851 3169 1905 libro
3218 1849 3291 1903 De
3322 1847 3664 1916 scriptoribus

2094 1943 2465 1998 ecclesiasticis
2506 1942 2788 2011 Pamphilo
2829 1941 3257 1997 lucubrationem
3320 1941 3458 1994 hanc
3490 1938 3663 1993 ascri-

2091 2036 2277 2103 pserit.
2330 2033 2501 2090 Verba
2553 2034 2672 2104 ejus
2723 2042 2851 2089 sunt
2894 2052 2908 2088 :
2964 2051 2983 2084 ‹
3017 2030 3296 2103 |Scripsit,
3369 2040 3660 2099 antequam

2091 2124 2353 2181 Eusebius
2396 2127 2690 2193 scriberet,
2741 2126 3140 2196 Apologeticum
3190 2140 3283 2196 pro
3335 2122 3589 2192 Origene.
3636 2140 3656 2175 ι

2091 2218 2147 2275 Id
2182 2219 2255 2273 ita
2289 2221 2501 2274 demum
2536 2218 2870 2275 excusatlib.
2893 2234 2931 2272 tt
2956 2217 3176 2287 Apolog.
3206 2216 3412 2270 advers.
3453 2214 3658 2283 "alim,

2090 2322 2209 2377 cap.
2246 2307 2278 2363 6
2311 2326 2327 2364 :
2373 2328 2393 2361 ι
2432 2307 2538 2363 Sed
2568 2323 2693 2365 cum
2728 2308 2842 2378 ipse
2870 2308 3010 2363 dicat
3036 2306 3299 2360 Eusebius
3322 2304 3658 2375 Pamphilum

2092 2400 2225 2456 nihil
2262 2402 2563 2471 scripsisse,
2598 2399 2838 2470 exceptis
2859 2400 3119 2458 brevibus
3142 2397 3385 2465 epistolis
3430 2398 3496 2451 ad
3520 2398 3659 2451 anti-

2097 2505 2215 2553 eos,
2244 2499 2298 2544 et
2331 2491 2536 2559 primus
2556 2489 2691 2544 liber
2716 2504 2810 2544 sex
2844 2487 3177 2543 voluminum
3211 2488 3353 2541 illius
3385 2489 3575 2542 eadem
3600 2494 3660 2541 et

2092 2578 2279 2633 iisdem
2312 2579 2491 2633 verbis
2520 2577 2816 2641 contineat,
2854 2591 2975 2646 qua:
3002 2574 3103 2630 sub
3142 2575 3357 2629 nomine
3395 2572 3659 2643 Pamphili

2091 2686 2121 2725 a
2163 2681 2214 2726 te
2260 2672 2383 2725 ficta
2417 2678 2569 2737 sunt,
2604 2670 2949 2740 perspicuum
2980 2677 3065 2723 est
3111 2676 3163 2722 te
3215 2667 3419 2722 idcirco
3459 2666 3659 2721 librum

2091 2763 2232 2819 hunc
2256 2762 2614 2817 disseminare
2636 2762 2891 2827 voluisse,
2928 2770 2985 2815 ut
3018 2759 3119 2815 sub
3141 2773 3373 2828 persona
3403 2758 3660 2828 martyris

2088 2854 2337 2909 haeresim
2369 2854 2776 2919 inti-educeres;
2808 2868 3037 2921 cumque
3066 2852 3131 2906 de
3156 2852 3275 2921 ipso
3309 2850 3471 2915 libro,
3496 2862 3657 2919 quem

2086 2942 2354 3013 Pamphili
2410 2943 2657 3008 simulas,
2711 2943 2877 2996 multa
2926 2942 3277 3011 perveneris,
3308 2949 3363 2996 et
3391 2940 3550 2995 aliter
3602 2940 3655 2994 in

2085 3033 2293 3100 Graeco,
2328 3035 2483 3088 aliter
2527 3035 2577 3088 in
2614 3033 2805 3089 Latino
2837 3035 2930 3098 sit,
2982 3033 3227 3089 fraudem
3282 3041 3429 3088 tuam
3484 3030 3657 3087 erroni

2086 3140 2205 3181 meo
2239 3125 2504 3196 imputare
2544 3142 2650 3180 non
2680 3126 2880 3192 debes;
2936 3126 3141 3180 credidi
3176 3123 3321 3179 enim
3369 3123 3487 3192 ejus
3532 3137 3659 3177 esse

413 3220 509 3273 bra
533 3218 793 3274 sociarit:
830 3238 849 3272 ι
886 3218 989 3275 hoc
1037 3229 1141 3285 est,
1177 3221 1267 3288 qui
1306 3220 1430 3276 libri
1480 3225 1617 3278 sexti
1663 3225 1873 3281 initium
1932 3229 1981 3282 itt

2089 3218 2307 3284 librum,
2345 3232 2507 3288 quem
2548 3217 2732 3271 titulus
2758 3215 3121 3285 praeferebat:
3159 3234 3178 3269 ι
3214 3226 3381 3285 atque
3419 3214 3537 3269 lucc
3570 3228 3660 3268 re-

410 3311 648 3381 priorem
683 3312 994 3368 inseruerit.
1027 3312 1161 3366 Nam
1202 3313 1343 3370 libro
1393 3330 1455 3370 ιιι
1500 3317 1721 3389 Apolog.
1775 3321 1981 3376 advers.

411 3399 616 3469 Ruﬁn.,
638 3417 759 3469 cap.
786 3403 841 3466 4,
870 3403 983 3457 liarc
1015 3403 1177 3458 habet
1209 3423 1222 3458 :
1256 3422 1274 3457 ι
1316 3405 1374 3459 In
1402 3405 1719 3464 Caesariensi
1785 3411 1982 3466 biblio-

417 3494 572 3548 theca
596 3492 809 3548 Eusebii
833 3510 927 3551 sex
950 3495 1216 3550 volumina
1261 3500 1433 3569 reperi
1488 3501 1782 3572 ἀπολογίας
1840 3507 1981 3579 Ὠρι-

416 3585 627 3657 γένους,
683 3600 803 3653 quae
835 3600 956 3639 cum
1008 3587 1280 3655 legissem,
1337 3591 1567 3660 primum
1610 3609 1731 3648 eum
1789 3598 1982 3653 librum

413 3677 764 3746 deprehendi,
807 3691 963 3745 quem
1009 3689 1062 3732 ttt
1116 3679 1264 3734 solus
1311 3681 1412 3737 sub
1464 3685 1684 3739 nomine
1733 3686 1984 3761 Martyris

406 3768 645 3834 edidisti,
676 3768 741 3823 de
765 3768 903 3823 Filio
929 3777 984 3823 et
1004 3769 1206 3838 Spiritu
1244 3783 1433 3827 sancto
1463 3774 1515 3829 in
1545 3777 1741 3832 bonam
1772 3792 1979 3848 partem

410 3860 683 3933 plerisque
752 3860 1095 3929 blaspliemiis
1161 3867 1542 3933 commutatis;
1621 3877 1677 3923 et
1750 3871 1855 3927 hoc
1899 3875 1981 3929 vel

411 3950 715 4023 Didymum,
757 3952 840 4004 vel
876 3961 945 4018 te,
979 3953 1063 4007 vel
1106 3954 1269 4009 alium
1324 3954 1519 4012 fecisse
1581 3961 1764 4016 nescio
1792 3980 1977 4032 quem,

408 4046 552 4114 quod
610 4055 665 4099 tu
709 4045 1047 4114 apertissime
1081 4046 1132 4099 in
1176 4046 1328 4102 libris
1372 4049 1515 4119 Περὶ
1545 4051 1747 4122 ἀρχῶν
1791 4055 1982 4113 fecisse

408 4138 747 4193 convinceris
779 4155 792 4192 :
824 4138 1057 4195 maxime
1087 4155 1209 4193 cum
1251 4140 1389 4194 idem
1449 4143 1734 4207 Eusebius,
1771 4156 1827 4199 ttt
1865 4146 1978 4215 jam

409 4227 616 4282 duobus
646 4227 798 4282 libris
818 4229 996 4293 docui,
1054 4231 1260 4283 scribat
1314 4230 1650 4302 Pamphilum
1687 4236 1824 4291 nihil
1852 4254 1979 4307 pro-

408 4321 510 4390 prii
540 4322 718 4391 operis
753 4320 1005 4376 edidisse.
1062 4339 1081 4374 ι
1130 4322 1205 4376 Ει
1265 4323 1347 4377 his
1396 4326 1622 4380 eﬁicitur
1673 4329 1976 4400 Didymum,

407 4423 499 4465 aut
537 4412 699 4466 alium
733 4412 1051 4482 quemlibet,
1078 4414 1129 4466 in
1158 4416 1395 4484 priorem
1424 4416 1741 4474 Eusebiana:
1779 4421 1976 4489 Apolo-

406 4506 506 4573 gia:
556 4505 752 4559 librum
802 4506 948 4560 mille
1000 4505 1215 4560 circiter
1272 4523 1461 4563 versus
1514 4524 1579 4566 ex
1633 4512 1770 4566 sexti
1824 4513 1978 4567 initio
2011 4550 2053 4601 ο

407 4596 679 4652 detractos
737 4597 1068 4663 inseruisse,
1139 4598 1392 4652 Ruﬁnum
1464 4615 1591 4656 vero
1659 4605 1976 4673 exposuisse

406 4681 617 4750 Latine,
655 4695 709 4741 et
738 4686 837 4741 sub
880 4684 1146 4756 Pamphili
1201 4688 1418 4743 nomine
1469 4690 1793 4759 publicasse,
1851 4707 1973 4747 cum

409 4774 625 4830 Eusebii
658 4779 836 4845 potius
859 4777 1122 4834 dicendus
1144 4790 1325 4843 esset;
1368 4795 1433 4833 ac
1466 4782 1719 4836 nonnulla
1761 4798 1976 4854 quoque

406 4864 473 4916 de
498 4864 634 4921 Filio
664 4866 754 4921 Dei
791 4877 843 4922 et
874 4868 1077 4938 Spiritu
1113 4883 1325 4939 saneto,
1360 4874 1415 4924 iii
1445 4886 1511 4925 eo
1538 4884 1619 4927 vet
1662 4873 1862 4942 ipsum,
1892 4875 1975 4931 vcl

408 4953 712 5026 Didytnutn,
745 4961 827 5014 vel
867 4960 1031 5014 alium
1068 4971 1449 5018 commutasse.
1491 4963 1601 5019 Hoc
1638 4966 1776 5020 idem
1816 4983 1970 5036 repe—

409 5046 544 5099 ritur
570 5045 667 5103 lib.
700 5062 718 5101 l
766 5048 987 5119 Apolog.
1015 5052 1221 5106 advers.
1246 5052 1449 5121 Rat/im,
1481 5069 1599 5124 cap.
1628 5055 1683 5121 2,
1709 5065 1761 5111 et
1787 5058 1881 5112 lib.
1900 5074 1980 5127 tv,

478 5200 588 5271 (46)
622 5201 687 5254 At
714 5201 767 5255 in
796 5199 1035 5267 Epistula
1057 5204 1145 5265 41,
1178 5204 1313 5258 alias
1342 5206 1433 5271 65,
1469 5208 1539 5259 ad
1576 5205 1975 5263 I’ammachium

407 5281 454 5349 et
492 5274 914 5349 (ὶεφιιιιηῃειε.
950 5271 1081 5328 Vide
1116 5274 1374 5329 Munituin
1407 5288 1651 5331 nostrum
1684 5278 1736 5331 itt
1779 5279 1975 5349 Apolo-

402 5344 552 5412 giamﬁ
575 5339 862 5412 Pamphili.

477 5410 593 5490 (47)
627 5412 1302 5493 ᾼιιάριφιις.ευρροείιὶιξξιηι
1334 5415 1430 5493 hoc
1453 5432 1581 5493 opus
1603 5417 1677 5493 ad
1698 5418 1839 5493 mille
1858 5436 1971 5473 ver-

404 5478 497 5556 sus
524 5478 551 5534 ἑ
576 5478 844 5556 principio
868 5478 988 5537 libri
1021 5483 1153 5535 sexti
1186 5478 1498 5556 Ειηρὸξαηίε
1546 5487 1817 5556 Apologia:
1842 5506 1968 5544 con-

405 5554 590 5627 linere.
650 5550 977 5627 putollalur
1015 5555 1545 5627 _ape_rta__verboruut
1596 5550 1967 5627 repugnantia,

407 5620 867 5675 eminentissimus
900 5620 1190 5676 cardinalis
1212 5620 1458 5677 Norisius
1491 5620 1970 5682 DissertfhistoriL

405 5706 469 5744 ca
503 5690 571 5744 de
589 5693 806 5762 synodo
836 5692 1046 5760 quinta,
1073 5707 1190 5760 cap.
1232 5692 1318 5753 13,
1357 5707 1476 5746 eam
1522 5696 1693 5762 i-ejicit
1740 5697 1791 5748 in
1820 5714 1969 5752 ama-

410 5760 695 5815 nuensium
721 5775 986 5824 errorem,
1017 5763 1107 5829 qui
1132 5778 1253 5815 cum
1273 5764 1325 5815 in
1354 5765 1454 5816 hac
1475 5766 1541 5816 ad
1568 5760 1968 5822 Pammachium

404 5839 460 5881 et
488 5830 761 5902 Oceanum
787 5831 1011 5902 epistola
1044 5833 1283 5902 legerent
1321 5834 1669 5889 abbreviatas
1696 5836 1857 5890 hasce
1884 5854 1971 5890 no-

409 5907 490 5954 tas
528 5917 587 5953 :s
637 5898 701 5955 Vl
743 5898 833 5956 lib.
870 5898 1298 5974 Eusebii'super
1346 5903 1590 5975 Origenis
1657 5904 1968 5966 defensione

2093 3308 2228 3380 petit
2278 3308 2371 3363 lib.
2420 3324 2477 3362 III
2523 3308 2766 3377 Apolog.,
2798 3324 2919 3378 cap.
2966 3308 3022 3361 4.
3058 3306 3317 3374 Quamvis
3370 3313 3551 3360 autem
3602 3306 3660 3360 in

2083 3398 2408 3469 assignando
2445 3399 2765 3470 Apologatici
2799 3400 2957 3469 hujus
2985 3408 3206 3453 auctore
3236 3398 3430 3452 dubius
3459 3398 3660 3451 haereat

2085 3492 2462 3567 llierunymus,
2497 3492 2768 3547 Marianus
2820 3503 2996 3546 tamen
3043 3489 3326 3546 Victorius
3368 3497 3659 3545 accuratus

2085 3586 2395 3658 llierOnymi
2440 3586 2615 3641 editor
2661 3600 2784 3639 eum
2843 3582 2962 3639 sine
3018 3582 3356 3639 dubitatione
3417 3583 3653 3641 Eusebio

2082 3679 2350 3735 ascribere
2375 3693 2477 3732 non
2519 3676 2804 3732 dubitavit.

2152 3768 2351 3824 Verum
2370 3772 2825 3824 concertationem
2848 3768 3056 3825 dirimit
3070 3770 3294 3829 Pbotius
3308 3772 3428 3828 cod.
3446 3788 3612 3829 cxvtu
3638 3791 3656 3841 ;

2082 3861 2238 3916 docet
2276 3861 2420 3914 enim
2455 3859 2792 3931 Pamphilum
2820 3901 2836 3926 ,
2870 3876 2992 3915 cum
3024 3863 3349 3919 attineretur
3384 3866 3436 3919 in
3466 3880 3654 3921 carce-

2083 3967 2165 4017 re,
2195 3951 2432 4021 quinque
2466 3952 2676 4020 priores
2726 3951 3048 4022 Apologstici
3100 3953 3244 4009 illius
3272 3956 3461 4021 libros,
3513 3972 3655 4025 prae-

2082 4053 2237 4095 sente
2275 4040 2531 4100 Eusebio.
2567 4042 2912 4108 elaborasse;
2944 4052 3155 4099 sextum
3206 4052 3367 4111 vero,
3401 4061 3655 4116 perpesso

2084 4132 2396 4202 martyrium
2431 4130 2733 4200 Pamphilo.
2766 4133 2835 4187 ab
2868 4134 3098 4189 Eusebio
3128 4133 3299 4190 fuisse
3322 4137 3651 4193 absolutum.

2082 4222 2413 4292 Prmcipuum
2474 4240 2664 4293 nempe
2726 4225 2907 4293 operis
2974 4236 3251 4280 auctorem
3311 4227 3652 4296 Pamphilum

2082 4317 2349 4385 agnoscit,
2385 4317 2589 4370 socium
2640 4331 2770 4372 vero
2809 4317 3094 4372 Eusebium
3153 4328 3208 4373 et
3252 4320 3650 4374 administrum.

2084 4409 2188 4463 [les
2211 4424 2274 4463 ex
2304 4410 2470 4478 ipsius
2500 4410 2677 4465 verbis
2700 4410 2889 4465 melius
2914 4412 3247 4479 Spectabitur
3272 4410 3651 4483 εἈνεγνώσθη

2084 4500 2366 4572 Παμφίλου
2388 4502 2479 4556 τοῦ
2510 4503 2803 4576 μάρτυρος,
2835 4505 2927 4558 καὶ
2955 4504 3213 4558 Εὑσεϐίου
3268 4506 3408 4577 ὑπὲρ
3446 4505 3654 4576 Ὠριγέ-

2080 4609 2232 4655 νους*
2271 4593 2426 4664 τόμοι
2457 4594 2514 4648 δὲ
2538 4595 2597 4647 τὸ
2625 4595 2826 4665 βιϐλίον
2854 4595 2933 4662 ἓξ,
2961 4590 3036 4651 ὧν
3070 4598 3119 4650 οἱ
3146 4597 3243 4669 μὲν
3275 4597 3433 4650 πέντε
3497 4598 3648 4668 Παμ-

2079 4684 2215 4754 φίλῳ
2243 4685 2302 4737 τὸ
2320 4686 2689 4760 δεσμωτήριον
2719 4687 2975 4753 οἰκοῦντι,
3017 4690 3394 4762 συμπαρόντος
3422 4690 3515 4743 καὶ
3543 4690 3653 4743 Εὑ-

2080 4777 2258 4831 σε6ίου
2288 4777 2706 4849 ἐξεπονήθησαν.
2737 4778 2795 4832 '0
2809 4779 2866 4832 δὲ
2887 4780 3041 4843 ἕκτος
3070 4781 3192 4833 ἐπεὶ
3221 4784 3249 4835 ὁ
3279 4781 3485 4854 μάρτυς
3506 4780 3651 4851 ξίφει

2076 4866 2170 4920 τοῦ
2198 4867 2296 4939 ζῇν
2327 4869 2613 4938 ἀπαχθεὶς,
2642 4869 2868 4923 ἁνέλυσε
2901 4870 3034 4941 πρὸς
3062 4871 3120 4925 ὂν
3145 4872 3328 4926 ἐπόθει
3359 4872 3491 4927 Θεὸν
3512 4915 3525 4937 ,
3548 4873 3652 4926 Εὑ-

2080 4959 2245 5031 σεῦίῳ
2287 4959 2472 5013 λοιπὸν
2503 4961 2884 5032 ἀπαρτίζεται.
2938 4981 2958 5014 ι
2996 4962 3192 5018 Lectus
3241 4973 3326 5018 est
3385 4962 3651 5032 Pamphili

2080 5054 2372 5123 martyris,
2402 5064 2457 5108 et
2482 5055 2697 5110 Eusebii
2754 5072 2853 5126 pro
2904 5057 3138 5126 Origene
3185 5056 3322 5111 liber
3353 5071 3449 5112 sex
3490 5061 3650 5112 tomis

2118 5211 2398 5279 rincipium
2430 5229 2450 5262 ι
2479 5211 2821 5265 reddiderunt
2844 5228 2864 5262 s
2898 5214 3034 5266 sexti
3067 5213 3209 5278 libri,
3258 5231 3277 5264 s
3314 5227 3439 5266 cum
3480 5231 3499 5263 ι
3552 5228 3646 5267 εει

2118 5225 2398 5279 rtnctptum
2430 5229 2450 5262 ι
2479 5225 2821 5265 reddiderunt
2844 5228 2864 5262 s
2898 5225 3034 5266 sexti
3067 5225 3209 5278 Iinrt,
3258 5231 3277 5264 s
3314 5227 3439 5266 cum
3480 5231 3499 5263 ι
3552 5228 3646 5267 εει

2077 5225 2334 5334 rihrorum
2364 5280 2577 5335 Eusebii
2614 5297 2775 5351 super
2818 5281 3067 5350 Origenis
3099 5284 3413 5337 defensione
3443 5283 3647 5350 princi-

2077 5351 2221 5422 pium
2261 5369 2279 5401 ι
2317 5352 2555 5406 scribere
2604 5352 2933 5406 debuissent.
2968 5353 3060 5406 Sic
3096 5354 3262 5406 etiam
3320 5353 3480 5421 paulo
3525 5365 3648 5422 post

2076 5421 2397 5489 legentibus,
2437 5437 2457 5470 s
2490 5422 2580 5490 qui
2626 5436 2676 5475 vi
2704 5422 2828 5477 libr.
2872 5424 3047 5490 capite
3084 5424 3423 5486 dotrttncato,
3459 5440 3481 5475 ι
3528 5421 3644 5479 non

2075 5491 2487 5614 asseribenduin
2511 5492 2592 5545 eis
2621 5503 2762 5556 erat,
2795 5510 2814 5543 ι
2853 5495 2990 5548 sexti
3019 5492 3162 5557 libri,
3193 5510 3214 5545 ι
3253 5493 3369 5558 sed,
3407 5509 3429 5544 s
3457 5505 3552 5548 sex
3574 5494 3643 5548 li-

2116 5575 2316 5614 rorum.
2360 5579 2379 5611 ι

2116 5575 2238 5613 1⁸01³11
2246 5575 2316 5616 m.
2360 5579 2379 5611 ι

2148 5630 2258 5700 (48)
2280 5632 2322 5682 Α
2352 5630 2561 5699 Ruﬁno,
2580 5640 2636 5685 ut
2653 5635 2859 5701 opinor,
2883 5647 3052 5695 erasa,
3071 5647 3174 5700 quo
3194 5647 3396 5685 omnem
3417 5632 3644 5698 querela

2077 5705 2612 5770 ansumﬁprwctderel.
2653 5703 2779 5756 Vide
2805 5702 3065 5755 Munitutn
3090 5712 3334 5755 nostrum
3366 5702 3420 5755 in
3450 5704 3644 5770 Apolo-

2079 5771 2219 5836 giam
2256 5769 2541 5842 Pamphili,
2575 5789 2724 5829 num.
2749 5773 2805 5842 7,
2832 5774 2920 5827 ubi
2948 5774 3061 5828 haec
3095 5771 3272 5828 Huetii
3304 5769 3644 5843 oplttiocon-

2080 5845 2303 5896 tutatur.
