4170 6470
443 485 582 541 “07

1711 480 1772 536 P.
1816 479 2129 536 DANIELIS
2168 478 2402 535 HUETII

3557 474 3696 530 “08

444 611 705 658 constans
731 639 748 667 ,
792 612 1018 669 quorum
1052 597 1288 668 quinque
1332 614 1361 652 a
1405 599 1686 671 Pamphilo
1712 601 1764 656 in
1805 615 2022 656 carcere
2048 607 2092 663 Α
2126 600 2397 666 inveniri,
2443 613 2566 654 cum
2608 598 2850 668 quinque
2882 596 3037 652 libris
3067 594 3370 650 mutilatum
3414 594 3516 649 hoc
3562 608 3698 648 onus

448 694 668 748 detento
691 733 708 757 ,
743 699 1014 760 praesente
1040 691 1203 745 etiam
1259 691 1488 746 Eusebio
1511 731 1527 757 ,
1566 691 1829 746 elaborati
1864 701 2015 746 sunt.

450 783 648 839 Sextus
672 792 849 838 autem
876 821 892 846 ,
927 793 1211 852 postquam
1243 783 1422 852 gladio
1461 794 1676 854 martyr
1708 785 1818 840 vita
1847 786 2024 856 priva-

467 887 555 929 tus
588 874 836 943 migravit
863 874 930 929 ad
968 873 1137 928 Deum
1168 890 1326 947 quem
1363 877 1798 943 concupiscebat,
1830 878 1898 931 ab
1921 877 2027 931 Eu-

451 967 600 1022 sebio
631 977 715 1022 est
752 967 1033 1024 absolutus
1061 985 1076 1034 ;
1111 989 1130 1023 ι
1166 979 1222 1023 et
1251 971 1440 1025 deinde
1467 989 1481 1026 :
1513 971 1623 1042 Τὴν
1644 972 1701 1024 δὲ
1733 972 2028 1044 ὑπὲρὨρι-

452 1056 642 1123 γένους
675 1055 990 1124 ἀπολογίαν,
1024 1057 1102 1120 ὡς
1131 1057 1359 1130 ἔφημεν,
1403 1061 1432 1112 ὁ
1478 1060 1761 1131 Πάμφιλος
1794 1064 1890 1116 σὺν
1924 1062 2024 1114 Εὐ-

453 1145 618 1214 σεόίῳ
644 1145 1033 1217 καθειργμένος
1065 1149 1145 1219 τῷ
1189 1151 1446 1222 οἰκήματι
1493 1151 1886 1222 συνεγράψατο,
1937 1152 2030 1204 καὶ

453 1238 654 1309 ταύτην
679 1239 815 1310 πρὸς
841 1241 966 1304 τοὺς
985 1243 1042 1293 ὲν
1079 1241 1358 1311 μετάλλοις
1379 1242 1466 1296 διὰ
1493 1243 1725 1313 Χριστὸν
1757 1243 2032 1296 ταλαιπω-

456 1327 751 1400 ρουμένους
781 1329 1142 1401 διεπέμψατο.
1199 1350 1220 1384 σ
1251 1332 1564 1402 Apologiam
1590 1343 1769 1386 autem
1801 1348 1897 1400 pro
1917 1332 2035 1388 Ori-

455 1433 612 1489 gene,
642 1431 700 1472 ut
722 1420 984 1486 diximus,
1011 1421 1326 1492 Pamphilus
1363 1440 1466 1478 una
1505 1441 1626 1479 cum
1657 1425 1890 1482 Eusebio
1917 1441 2027 1481 car-

457 1523 582 1563 cere
630 1508 874 1566 inclusus
903 1510 1275 1577 elucubravit,
1312 1517 1669 1595 eamdemque
1698 1517 1764 1570 ad
1803 1532 1896 1573 eos
1941 1518 2030 1586 qui

457 1601 514 1656 in
545 1602 778 1658 metallis
817 1617 914 1670 pro
958 1603 1176 1661 Christo
1207 1611 1627 1675 exercebantur,
1661 1610 1829 1662 misit.
1871 1628 1891 1661 ι
1928 1610 2036 1664 En-

461 1692 642 1748 sebius
687 1694 800 1761 ipse
826 1696 1085 1765 scriptam
1128 1711 1246 1750 eam
1291 1714 1318 1750 a
1351 1713 1407 1751 se
1435 1709 1490 1751 et
1521 1697 1802 1767 Pamphilo
1833 1699 2038 1754 fatetur

463 1782 672 1839 Hister.
701 1784 826 1840 libr.
879 1802 956 1850 vl,
985 1802 1102 1857 cap.
1135 1788 1228 1852 55,
1252 1787 1393 1841 Ὅσα
1416 1788 1472 1841 δὲ
1513 1790 1806 1856 ἀναγκαῖα,
1846 1790 2032 1858 inquit,

461 1872 572 1926 τῶν
599 1875 727 1944 περὶ
753 1875 930 1929 αὐτῶν
948 1876 1238 1944 διαγνῶναι
1263 1872 1539 1947 ἦν,ταῦτα
1558 1878 1652 1930 καὶ
1673 1881 1737 1932 ἐκ
1768 1882 1866 1950 τῆς
1897 1879 2039 1949 ὑπὲρ

461 1963 628 2018 αὐτοῦ
662 1966 1045 2038 πεπονημένης
1071 1969 1201 2038 ἡμῖν
1221 1985 1280 2020 τε
1309 1970 1403 2022 καὶ
1442 1967 1520 2039 τῷ
1549 1968 1671 2022 καθ’
1727 1971 1872 2040 ἡμᾶς
1909 1971 2038 2041 ἱερῴ

466 2054 705 2126 μάρτυρι
749 2057 1020 2128 Παμφίλῳ
1059 2058 1393 2128 ἀπολογίας,
1461 2060 1722 2133 πάρεστιν
1775 2061 2027 2125 ἀναλέξα-

468 2142 614 2198 «Bon.
655 2163 673 2195 ι
709 2144 1050 2216 Quaecunque
1096 2161 1225 2203 vero
1276 2149 1342 2204 de
1382 2149 1472 2204 illo
1506 2152 1811 2205 necessario
1838 2167 2037 2220 cogno-

466 2238 665 2291 scenda
688 2248 835 2304 sunt,
857 2253 919 2293 ea
950 2251 1133 2308 petere
1159 2240 1288 2296 licet
1328 2256 1395 2296 ex
1427 2241 1703 2311 Apologia,
1731 2257 1891 2311 quam
1943 2258 2041 2312 pro

467 2343 535 2384 eo
581 2345 681 2401 ego
735 2339 790 2385 et
828 2332 1001 2386 sancti
1036 2333 1292 2402 temporis
1332 2333 1505 2388 nostri
1539 2345 1748 2404 martyr
1782 2332 2037 2403 Pamphi-

468 2421 552 2477 las
571 2422 990 2478 elaboravimns.
1035 2442 1054 2475 ›
1086 2423 1426 2494 Pamphilum
1471 2426 1633 2495 igitur
1673 2435 1726 2481 et
1752 2425 2041 2482 Eusebium

469 2525 720 2572 auctores
754 2517 916 2571 habet
950 2515 1318 2586 Apologeticua
1350 2519 1452 2573 iste
1483 2559 1498 2585 ,
1544 2527 1600 2573 et
1627 2557 1644 2583 ,
1692 2520 1736 2574 si
1793 2518 2042 2574 Photium

469 2609 740 2673 audimus,
776 2610 1093 2679 primarium
1123 2609 1342 2679 quidem
1369 2619 1423 2666 et
1445 2612 1770 2682 praecipuum
1798 2610 2048 2681 Pamphi.

470 2698 603 2752 lum.
636 2697 976 2753 Postremum
1008 2700 1271 2752 duntaxat
1303 2713 1333 2752 e
1377 2700 1529 2754 libris
1569 2715 1662 2754 sex
1711 2714 1849 2754 unus
1879 2701 2047 2758 Euse-

473 2789 597 2844 bius
624 2789 970 2858 conscripsit.
994 2790 1078 2844 Ad
1103 2790 1154 2845 id
1189 2800 1372 2844 autem
1403 2792 1546 2860 quod
1573 2792 1757 2860 objicit
1783 2792 2047 2864 Hierony-

473 2896 628 2947 mus,
663 2881 808 2936 mille
832 2897 1022 2937 versus
1052 2882 1324 2937 detractos
1378 2892 1432 2936 et
1483 2895 1758 2951 postremo
1783 2884 2048 2954 Apologia:

475 2975 650 3038 libro,
681 2975 772 3044 qui
804 2975 1022 3031 Eusebii
1060 2975 1195 3040 fuit,
1238 2975 1293 3029 in
1340 2976 1573 3046 priorem
1605 2976 1754 3030 illum
1785 2976 2047 3046 Pamphili

476 3064 642 3121 fuisse
668 3067 921 3122 inductos
944 3107 960 3134 ,
994 3067 1330 3136 proindeqne
1363 3083 1468 3122 non
1500 3077 1669 3122 totum
1705 3084 1734 3122 a
1766 3068 2051 3143 Pamphilo

476 3157 644 3213 fuisse
681 3157 1060 3224 lucubratum;
1101 3158 1402 3228 respondeo
1451 3173 1552 3214 nec
1598 3168 1768 3214 totum
1803 3159 2054 3216 lucubra-

2125 694 2438 748 habeamus.

2195 782 2358 838 XVII.
2391 783 2647 850 Quamvts
2691 791 2873 837 autem
2923 780 3093 837 multa
3142 781 3226 834 vel
3261 779 3327 834 ad
3379 777 3701 834 refellendos

2125 876 2378 945 Origenis
2401 875 2764 940 adversarios,
2797 874 2881 930 vel
2924 873 2991 928 ad
3022 873 3196 942 ipsum
3228 870 3594 926 excusandum
3618 879 3702 922 at-

2130 965 2412 1020 tulerimus
2432 1003 2448 1030 ,
2474 964 2527 1018 in
2572 963 2756 1018 multis
2788 972 2967 1017 tamen
3005 975 3262 1031 peccasse
3289 959 3563 1014 fatendum
3593 967 3700 1013 est.

2126 1058 2207 1112 Ac
2239 1056 2523 1124 plerosque
2543 1070 2673 1110 sane
2697 1055 2866 1124 ipsius
2901 1069 3124 1109 errores
3149 1069 3306 1123 supra
3338 1051 3450 1122 jam
3484 1053 3552 1106 ab
3581 1051 3704 1106 aliis

2129 1147 2496 1218 deprehensos
2539 1148 2898 1217 agnovimus,
2967 1145 3048 1200 vel
3103 1146 3339 1200 nondum
3393 1154 3706 1214 perspectos

2132 1241 2457 1304 notavimus,
2484 1255 2607 1295 cum
2633 1241 2752 1310 ejus
2778 1242 3027 1310 dogmata
3066 1239 3546 1308 perpenderemus.
3569 1236 3706 1292 Pec-

2132 1334 2290 1390 candi
2329 1347 2492 1389 causa
2535 1333 2796 1402 judicium
2830 1346 3070 1401 praeceps
3095 1371 3110 1395 ,
3149 1339 3204 1385 et
3234 1330 3586 1384 immoderata
3620 1329 3706 1383 in-

2133 1423 2274 1495 genii
2323 1423 2540 1478 lascivia
2591 1431 2644 1478 et
2695 1423 2954 1486 licentia,
2990 1423 3076 1476 cui
3140 1431 3247 1475 tam
3282 1421 3710 1489 intemperanter

2138 1515 2592 1584 Inorigerabatur,
2613 1524 2671 1569 ut
2711 1515 2947 1584 cogitata
2983 1515 3186 1576 omnia,
3218 1514 3383 1567 cruda
3413 1514 3711 1568 etiamnum

2137 1617 2192 1661 et
2215 1608 2502 1661 immatura
2535 1606 2906 1676 profunderet.
2952 1605 3196 1661 Accessit
3242 1606 3418 1674 inepta
3466 1607 3712 1674 quaedam

2140 1697 2438 1767 Scriptura;
2471 1698 2786 1772 plerumque
2806 1699 3141 1769 explicanda:
3171 1699 3340 1766 ratio,
3377 1713 3568 1753 vocum
3593 1700 3713 1754 sin-

2140 1791 2387 1860 gnlarum
2412 1793 2725 1847 notionibus
2763 1795 3016 1847 eruendis
3040 1803 3094 1847 et
3136 1793 3503 1862 expendendis
3527 1794 3715 1849 odiose

2153 1899 2217 1938 ac
2241 1884 2424 1953 putide
2455 1883 2702 1950 studens,
2729 1895 2784 1938 et
2814 1885 2866 1937 in
2914 1884 3135 1938 minutis
3187 1885 3489 1954 quibusque
3523 1899 3715 1940 conse—

2142 1975 2354 2030 ctandis
2385 1990 2450 2029 ac
2471 1975 2697 2030 invicem
2725 1975 3074 2044 conﬂigendis
3099 1990 3311 2031 morose
3337 1985 3391 2030 et
3425 1974 3617 2045 frigide
3639 1975 3719 2029 Ia-

2140 2073 2359 2127 borans.
2389 2072 2542 2126 Adde
2571 2072 2795 2126 nimium
2828 2071 3178 2141 profanarum
3227 2071 3592 2125 doctrinarum
3612 2111 3626 2134 ,
3653 2085 3718 2124 ac

2155 2163 2449 2219 Platonica:
2493 2165 2791 2232 praesertim
2834 2163 3208 2234 philosophiae,
3240 2177 3400 2232 quam
3428 2162 3717 2217 Tertullia-

2143 2272 2247 2312 nus
2277 2256 2372 2310 lib.
2411 2255 2487 2310 De
2511 2239 2863 2325 anima‘icap.
2895 2255 2989 2320 25,
3014 2275 3032 2306 ι
3066 2256 3444 2312 haereticorum
3475 2255 3717 2310 omnium

2144 2347 2640 2404 condimentarium
2673 2362 2794 2404 esse
2826 2347 3029 2404 factum
3057 2368 3076 2400 ι
3105 2351 3204 2413 ait,
3240 2349 3499 2413 studium,
3540 2348 3605 2401 ad
3627 2363 3723 2402 cu-

2141 2439 2229 2508 jus
2253 2453 2496 2495 normam
2545 2437 2844 2508 theologica
2886 2439 3138 2509 dogmata
3171 2454 3295 2494 cum
3321 2440 3593 2508 exigeret,
3629 2438 3723 2492 ab-

2146 2531 2326 2586 surdis
2359 2530 2702 2600 opinionibus
2726 2533 2839 2600 ipse
2870 2532 3105 2598 primum
3150 2531 3415 2594 imbums,
3439 2545 3563 2585 mox
3621 2528 3725 2584 Ec-

2148 2623 2370 2679 clesiam
2418 2623 2782 2679 conturbavit.
2841 2621 3085 2677 Platonis
3114 2621 3332 2690 quidem
3383 2620 3721 2690 disciplinam

2150 2717 2404 2772 assectati
2440 2725 2567 2771 sunt
2610 2716 2808 2771 vetusti
2844 2714 3036 2770 Patres
3063 2713 3474 2784 quamplurimi,
3527 2711 3723 2782 partim

2150 2810 2472 2865 vetustiores
2521 2808 2753 2879 Origene
2784 2849 2799 2872 ,
2846 2807 3044 2875 partim
3106 2806 3296 2861 eodem
3354 2805 3724 2866 recentiores,

2151 2901 2459 2970 quicunque
2487 2902 2788 2971 praesertim
2833 2898 3110 2953 Nicmnum
3153 2897 3441 2953 concilimn
3475 2906 3722 2949 anteces-

2151 3002 2338 3048 serunt
2369 3010 2382 3046 :
2415 3002 2472 3047 at
2498 3007 2563 3047 ea
2587 2993 2760 3049 solum
2790 2992 2858 3045 ab
2910 2991 3000 3046 illo
3037 2991 3265 3045 mutuati
3307 2998 3454 3053 sunt,
3485 3002 3602 3056 qua:
3635 2987 3725 3040 de-

2152 3085 2318 3140 cretis
2345 3085 2601 3140 Ecclesia:
2633 3084 3046 3140 consentiebant
3069 3100 3082 3149 ;
3118 3082 3381 3152 Origenes
3409 3095 3534 3133 vero
3558 3087 3724 3133 totam

2155 3177 2490 3231 academiam
2521 3177 2669 3232 visus
2692 3186 2774 3232 est
2799 3176 2850 3229 in
2877 3175 3179 3230 .Ecclesiam
3200 3172 3570 3226 transtulisse:
3601 3171 3728 3223 licet

476 3259 592 3305 ῑυηι
638 3250 804 3307 fuisse
851 3252 920 3308 ³1)
953 3252 1220 3317 Eusebio;
1269 3261 1324 3307 θῑ
1373 3255 1590 3323 uirique
1620 3254 1818 3308 ascribi
1872 3270 2049 3324 Posse-
2081 3284 2123 3342 ο
2159 3267 2391 3323 fateatur
2418 3269 2565 3323 hom.
2591 3268 2659 3322 M
2682 3269 2737 3322 in
2757 3265 2967 3331 Genea.,
3006 3283 3155 3320 num.
3179 3265 3237 3328 '5,
3285 3285 3303 3314 ι
3336 3262 3728 3333 philosophiam

475 3343 628 3398 Vana
659 3353 743 3399 est
766 3358 894 3399 vero
915 3344 1083 3398 altera
1108 3343 1419 3416 Hieronymi
1439 3347 1647 3415 petitio,
1665 3363 1789 3401 cum
1816 3349 1889 3402 ait
1911 3365 2059 3403 sum-

479 3454 625 3492 mum
657 3438 822 3493 fuisse
873 3436 1162 3492 Eusebium
1192 3439 1334 3494 inter
1388 3450 1444 3495 et
1487 3438 1824 3510 Pamphilum
1852 3441 2060 3510 opinio-

480 3545 611 3584 num
654 3543 1014 3588 consensum:
1065 3545 1184 3585 cum
1247 3541 1427 3585 autem
1481 3531 1744 3586 Eusebius
1770 3532 2056 3601 Origenem

485 3633 598 3678 toto
626 3623 678 3676 in
709 3637 874 3692 opere
905 3637 1003 3677 suo
1035 3623 1264 3693 probare
1290 3625 1539 3677 videatur
1559 3625 1746 3678 Ariani
1772 3625 1938 3678 fuisse
1969 3625 2064 3679 de-

484 3717 758 3772 fensorem
783 3716 1068 3786 dogmatis,
1095 3715 1403 3786 Pamphilus
1437 3731 1565 3770 vero
1601 3715 1818 3770 Nicena:
1842 3717 2052 3786 synodi,

484 3827 606 3882 qua:
629 3810 732 3866 fuit
756 3821 938 3880 postea
965 3851 981 3878 ,
1027 3811 1407 3875 defensorem;
1461 3809 1585 3863 hinc
1613 3807 1753 3863 eIIici
1803 3824 1906 3862 non
1946 3824 2065 3864 esse

485 3903 751 3972 Pamphili
782 3913 838 3958 et
870 3904 1091 3960 Eusebii
1122 3913 1293 3959 totum
1335 3901 1466 3958 illud
1509 3917 1642 3971 Opus
1663 3941 1680 3966 ,
1730 3901 1824 3956 sed
1857 3913 2064 3971 partem

487 4011 609 4053 esse
637 3997 850 4053 Eusebii
870 4037 886 4062 ,
931 3998 1168 4066 priorem
1203 4011 1332 4051 vero
1363 3997 1557 4050 librum
1597 3994 1817 4050 alterius
1842 3994 2066 4064 cujusli-

487 4091 600 4154 bet,
655 4099 782 4159 puta
817 4090 1053 4160 Didymi.
1088 4088 1204 4144 Non
1243 4089 1414 4158 magis
1446 4089 1590 4142 enim
1627 4089 1823 4141 mirum
1866 4097 1953 4142 est
1985 4087 2069 4140 di..-

490 4198 651 4238 versa
685 4183 752 4238 de
805 4183 1058 4252 Origenis
1109 4182 1352 4235 doctrina
1409 4179 1647 4235 sensisse
1694 4188 1749 4233 et
1786 4177 2072 4247 scripsisse

489 4276 832 4346 Pamphilum
857 4288 910 4330 et
932 4275 1245 4338 Eusebium,
1272 4289 1434 4345 quam
1467 4275 1534 4328 de
1558 4272 1761 4327 Christi
1788 4271 2073 4326 divinitate

491 4370 848 4423 orthodoxam
885 4367 1052 4422 fuisse
1103 4365 1370 4436 Pamphili
1423 4366 1736 4435 opinionem
1768 4405 1784 4430 ,
1813 4364 2072 4418 Arianam

494 4478 626 4517 vero
655 4470 714 4516 et
758 4462 1070 4516 lnereticam
1099 4459 1339 4516 Eusebii.
1377 4458 1562 4513 Facile
1602 4471 1820 4526 quoque
1848 4455 2075 4509 diluitur

497 4555 642 4610 aliud
669 4564 1046 4625 argumentum
1094 4553 1404 4624 Hieronymi
1432 4593 1448 4617 ,
1481 4550 1616 4605 nihil
1642 4548 1847 4618 proprii
1895 4549 2077 4615 operis

2160 3375 2336 3430 neque
2367 3360 2421 3414 in
2458 3360 2710 3415 omnibus
2739 3359 2840 3430 legi
2876 3360 2967 3415 Dei
3000 3358 3327 3413 centrariam
3364 3370 3483 3410 esse
3507 3395 3523 3417 ,
3558 3367 3733 3421 neque

2163 3452 2215 3507 in
2255 3452 2508 3507 omnibus
2537 3466 2854 3507 consonam.
2896 3473 2914 3504 ο
2947 3452 3072 3506 Inde
3118 3461 3266 3504 tanta
3307 3462 3554 3503 errorum
3581 3459 3736 3515 seges

2163 3545 2315 3599 bonzr
2343 3545 2484 3615 frugi
2522 3545 2815 3602 succrevit.
2867 3545 2943 3599 Ex
2975 3545 3061 3598 his
3085 3545 3219 3598 satis
3249 3543 3416 3612 liquet
3441 3554 3599 3610 quam
3631 3539 3740 3592 ina—

2163 3652 2259 3690 nes
2283 3637 2391 3689 sint
2411 3636 2591 3697 Rufini
2623 3648 2871 3701 conatus,
2897 3651 3020 3690 cum
3057 3634 3317 3704 quidquid
3355 3631 3549 3686 falsum
3597 3627 3739 3696 apud

2165 3727 2454 3794 Origenem
2503 3728 2765 3795 occurrit,
2817 3742 2916 3796 pro
2950 3729 3134 3795 spurio
3162 3737 3217 3780 et
3247 3728 3315 3780 ab
3344 3721 3614 3778 haereticis
3655 3721 3736 3772 in-

2169 3830 2317 3875 truso
2345 3821 2531 3876 haberi
2561 3821 2744 3892 jubet;
2775 3820 2887 3890 (49)
2924 3835 3047 3874 nam
3078 3819 3244 3873 multa
3273 3817 3490 3887 quidem
3519 3809 3741 3880 Origeni

2167 3911 2338 3966 allicta
2385 3912 2550 3968 fuisse
2592 3928 2778 3967 verum
2839 3922 2945 3975 est,
3002 3911 3094 3967 sed
3139 3911 3287 3980 plura
3337 3918 3533 3970 tamen,
3575 3916 3744 3972 eaque

2171 4003 2331 4056 noxia
2359 4011 2414 4056 et
2467 4002 2727 4056 damnosa
2783 4001 2852 4056 ab
2903 4000 2994 4055 illo
3033 3999 3273 4070 profecta
3305 4009 3428 4050 esse
3453 3989 3741 4047 candidum

2169 4091 2344 4144 virum
2374 4091 2525 4144 fateri
2562 4092 2735 4144 decet.

2241 4181 2428 4236 XVIII.
2463 4180 2620 4236 Nunc
2666 4180 3014 4250 quterendnm
3065 4187 3312 4250 superest
3360 4193 3466 4246 quo
3519 4188 3748 4230 numero

2173 4272 2406 4326 habendi
2439 4273 2549 4326 sint
2574 4273 2695 4326 libri
2721 4271 2990 4341 Origenis,
3020 4271 3240 4340 ipseque
3271 4268 3404 4323 adeo
3433 4266 3696 4333 Origenes
3729 4301 3743 4315 .

2175 4374 2354 4418 utrum
2401 4363 2488 4417 hic
2517 4363 2661 4417 inter
2689 4363 2976 4416 hmreticos
2997 4400 3012 4426 ,
3039 4361 3138 4422 illi;
3173 4361 3314 4414 inter
3349 4358 3631 4412 damnatas
3686 4367 3751 4406 ac

2179 4455 2498 4524 reprobatas
2528 4454 2859 4524 scriptiones
2897 4453 3126 4522 ponendi
3164 4453 3293 4506 sint.
3319 4448 3470 4515 Quod
3509 4446 3614 4501 erit
3652 4460 3749 4498 ca-

2179 4549 2307 4616 pilis
2340 4547 2502 4621 hujus
2544 4545 2691 4599 velut
2723 4545 3097 4600 corollarium.
3131 4541 3472 4609 Disputemus
3520 4537 3752 4605 primum

498 4645 838 4714 Pamphilum
879 4643 1188 4700 condidisse
1236 4641 1532 4696 asserentis
1558 4658 1570 4693 :
1600 4654 1699 4693 nec
1750 4637 1893 4692 cui!“
1947 4650 2073 4704 pI‘O-
2110 4641 2153 4695 D
2182 4641 2248 4692 de
2279 4637 2453 4692 libris.
2490 4635 2546 4689 In
2580 4635 2762 4688 varios
2795 4632 3082 4702 Origenem
3115 4629 3401 4698 impegisse
3427 4641 3642 4680 errores
3664 4639 3754 4678 sa-

498 4740 676 4808 prium
704 4737 824 4808 ejus
844 4751 978 4806 opus
1002 4735 1373 4805 Apologeticus
1403 4733 1492 4788 ille
1515 4732 1619 4787 dici
1647 4738 1825 4800 petest
1857 4769 1872 4791 ,
1912 4744 2074 4798 quem

501 4830 724 4886 alterius
750 4845 912 4899 opera
961 4828 1178 4898 adjutus
1204 4868 1218 4889 ,
1247 4826 1462 4881 Eusebii
1494 4825 1725 4888 scilicet,
1755 4822 2075 4877 elaboravit.

502 4922 660 4978 Nune
690 4935 820 4975 vero
846 4920 1180 4975 arbitrentur
1199 4919 1337 4988 arqui
1369 4927 1424 4972 et
1450 4917 1648 4973 eruditi
1681 4915 1934 4976 lectores,
1962 4926 2078 4965 me-

502 5016 688 5068 ritone
719 5011 972 5064 Ilulinum
1001 5009 1365 5078 Hieronymus
1393 5005 1832 5077 reprehenderit,
1864 5013 2082 5072 propter

507 5104 827 5174 inscriptum
855 5101 1122 5171 Pamphili
1160 5114 1358 5154 nomen
1407 5097 1574 5168 priori
1625 5095 1786 5165 hujus
1812 5094 2082 5164 Apologia:

505 5199 665 5254 libro.
700 5198 968 5252 Caeterum
1003 5210 1127 5251 cum
1159 5209 1251 5248 sex
1286 5201 1566 5246 constaret
1599 5190 1752 5244 libris
1787 5189 1901 5242 bam
1925 5186 2084 5241 Pam-

508 5291 641 5362 phili
670 5289 956 5360 Apologia,
987 5287 1145 5356 cujus
1191 5285 1339 5354 prior
1373 5285 1634 5340 duntaxat
1674 5297 1705 5335 a
1734 5279 1927 5334 Ruﬁno
1955 5293 2086 5333 con-

513 5403 701 5443 versus
747 5388 813 5442 ad
857 5399 956 5440 nos
979 5382 1247 5453 pervenit,
1275 5395 1378 5434 non
1404 5388 1488 5434 est
1514 5393 1613 5432 cur
1646 5379 1875 5431 miretur
1921 5374 2088 5427 Baro-

514 5479 634 5534 niua
657 5475 905 5548 Gregorii
930 5474 1180 5529 Neocaasa
1191 5472 1384 5527 riensis
1404 5469 1846 5532 encomiasticam
1881 5466 2089 5519 oratio-

515 5587 636 5627 nem
675 5570 894 5638 Origeni
927 5569 1167 5633 dictam,
1205 5581 1364 5635 quam
1414 5580 1440 5616 a
1489 5561 1767 5632 Pamphilo
1821 5558 2090 5628 Apologia:

519 5681 627 5722 sua:
656 5665 917 5719 insertam
960 5659 1128 5716 fuisse
1164 5659 1434 5729 proditum
1483 5664 1589 5719 est,
1626 5655 1680 5708 in
1705 5668 1770 5707 ea
1803 5649 1961 5706 hodie
1989 5664 2093 5702 non

2185 4735 2251 4784 tis
2279 4748 2307 4782 ει
2346 4729 2500 4784 nobis
2529 4726 2838 4782 confessum
2870 4734 2974 4779 est.
3007 4724 3074 4776 At
3100 4719 3346 4789 quamvis
3373 4733 3468 4773 eos
3498 4716 3759 4784 cperibus

2184 4818 2354 4886 ipsius
2390 4817 2610 4871 aliunde
2632 4825 2844 4871 assutos
2875 4817 3144 4872 daremus,
3169 4809 3311 4877 quod
3335 4807 3486 4860 multi
3516 4805 3758 4859 allii-ma-

2184 4921 2328 4978 runt,
2376 4911 2640 4980 planeque
2685 4910 2751 4964 iis
2784 4909 3079 4962 immunem
3115 4903 3401 4976 Origenem
3428 4915 3756 4972 agnoscere-

2187 5016 2334 5070 ntus,
2368 5001 2573 5057 valeret
2608 5001 2659 5055 id
2683 5000 2899 5069 quidem
2933 4999 2998 5051 ad
3035 4996 3446 5051 excusationem
3487 4992 3760 5054 auctoris;

2189 5111 2294 5150 non
2332 5094 2399 5148 ad
2421 5093 2798 5164 purgationem
2828 5090 3114 5145 librorum.
3143 5090 3274 5143 Cum
3311 5098 3519 5142 certum
3550 5085 3624 5138 sit
3665 5083 3767 5152 igi—

2191 5199 2278 5248 tur
2307 5188 2458 5243 falsis
2490 5203 2585 5243 eos
2631 5195 2687 5241 et
2740 5184 2922 5253 impiis
2949 5191 3162 5238 scatere
3195 5179 3485 5237 sententiis
3509 5215 3527 5243 ,
3557 5187 3614 5231 et
3653 5177 3768 5244 jam

2192 5281 2319 5335 inde
2368 5296 2398 5334 a
2461 5279 2693 5334 vetustis
2737 5277 3073 5347 temporibus
3125 5274 3265 5328 malo
3302 5271 3574 5326 fermento
3603 5268 3773 5322 fuisse

2193 5375 2446 5437 infectos,
2490 5373 2756 5441 quzeritur
2795 5372 3083 5440 penitusne
3133 5363 3402 5434 repudiari
3447 5375 3543 5414 eos
3586 5358 3776 5428 jubeat

2196 5464 2462 5525 Ecclesia,
2497 5474 2554 5515 et
2583 5463 2768 5530 abjici,
2803 5457 3256 5530 quemadmodum
3292 5453 3670 5508 haereticorum
3713 5449 3779 5500 Ii-

2202 5557 2282 5610 hri
2318 5555 2514 5619 solent,
2553 5569 2618 5606 an
2660 5554 2900 5621 ipsorum
2935 5567 3091 5606 usum
3119 5549 3309 5603 eadem
3346 5545 3430 5600 vel
3471 5543 3662 5614 probet
3695 5538 3780 5594 vel

2205 5657 2353 5701 certe
2385 5643 2682 5714 permittat.

594 5935 708 6008 (ιω
763 5934 900 5988 Nam
957 5934 1120 5985 multa
1161 5930 1371 6000 quidem
1423 5927 1633 5998 Oriqeni
1687 5925 1858 6000 afﬁcto
1905 5923 2066 5992 fuisse
2105 5939 2282 5978 verum
2326 5932 2418 5976 est.
2464 5919 2595 5977 Vide
2646 5913 3023 5974 Praefationem
3067 5910 3195 5964 Iomi
3237 5908 3278 5976 I,
3329 5921 3451 5978 pag.
3483 5904 3596 5960 Ξει
3625 5901 3678 5957 St
