4170 6480
454 413 592 468 1109

1548 403 2122 464 ORIGENIA‘NORUM
2164 403 2290 457 LIB.
2335 403 2399 465 ll,
2441 401 2592 456 CAP.
2633 402 2721 455 Ill.

3583 401 3720 454 1110

526 528 734 581 Auctor
761 533 844 580 est
879 523 1190 594 Pamphilus
1221 522 1274 576 in
1307 522 1562 592 Apologia
1593 565 1608 588 ,
1657 522 2031 576 haereticorum
2064 527 2108 583 Α
2139 534 2258 573 mus
2291 519 2610 571 Tomitanus
2667 529 2721 571 et
2752 515 2990 570 Joannes
3034 514 3472 586 Chrysoslomus,
3521 516 3719 583 aliique

455 619 578 674 loco
632 632 729 673 sua
777 628 938 671 (etate
975 631 1001 668 a
1038 614 1223 668 multis
1253 615 1470 669 habitos
1494 653 1510 677 ,
1547 614 1859 683 quicunque
1887 613 2036 667 libris

453 707 709 778 Origenis
743 712 1047 766 uterentur,
1083 718 1182 756 nec
1215 716 1334 755 eam
1361 702 1581 771 quidem
1611 715 1926 755 concessam
1957 698 2037 766 ip-

456 797 534 849 sis
569 794 732 849 l'uisse
761 793 997 854 veniam,
1032 810 1051 842 I
1077 805 1195 859 quae
1249 790 1511 858 impertiri
1540 789 1694 854 solet,
1727 789 1875 844 verbi
1911 803 2035 858 gra-

459 886 556 953 tia,
586 886 670 941 his
709 886 798 955 qui
828 882 1142 938 Graecorum
1185 883 1529 938 saecularium
1568 883 1755 945 libros,
1785 881 1872 934 vel
1905 895 2039 934 non-

461 993 735 1048 nunquam
763 978 924 1032 etiam
958 974 1340 1030 haereticorum
1361 975 1717 1044 percontandi
1749 982 1917 1043 atque
1942 988 2037 1028 co-

459 1070 752 1142 gnoscendi
803 1067 984 1123 studio
1027 1067 1348 1122 decurrunt.
1410 1087 1428 1119 l
1489 1065 1757 1136 Pamphili
1819 1065 2040 1120 circiter

460 1163 793 1232 temporibus
818 1160 1042 1214 ﬂorebat
1073 1159 1397 1214 Pachomius
1427 1159 1597 1214 abbas
1617 1201 1632 1224 ,
1676 1159 1803 1213 vitae
1831 1158 2036 1213 sancti-

461 1263 572 1309 tate
600 1255 848 1318 illustris,
872 1269 1031 1323 quem
1060 1253 1170 1320 jam
1201 1253 1358 1306 morti
1387 1254 1716 1320 proximum,
1747 1252 2039 1307 monachos

458 1361 585 1400 suos
619 1347 686 1400 ab
717 1362 902 1401 earum
947 1345 1384 1400 lucubrationum
1435 1344 1670 1399 lectione
1699 1344 2038 1415 gravissimis

458 1437 641 1492 verbis
676 1438 1022 1505 prohibuisse
1063 1446 1248 1490 narrat
1275 1474 1290 1500 ,
1339 1436 1431 1505 qui
1479 1437 1644 1489 vitam
1679 1437 1794 1505 ejus
1844 1435 2039 1490 litteris

457 1531 793 1600 consignavit
821 1545 837 1584 :
872 1530 964 1584 sed
1000 1528 1159 1583 [idem
1215 1529 1516 1582 narrationi
1548 1528 1783 1582 detrahit
1816 1542 2038 1597 perspe-

458 1633 601 1678 ctum
631 1622 930 1692 Scriptoris
959 1621 1221 1675 adversus
1255 1619 1656 1690 Origenismum
1681 1620 1884 1674 odium.
1907 1618 2040 1673 Mul-

460 1725 573 1770 tum
605 1715 799 1770 deinde
852 1729 882 1768 a
937 1713 1237 1781 TheOphilo
1284 1722 1340 1768 et
1384 1713 1685 1782 Epiphanio
1737 1711 2036 1767 laboratum

457 1817 560 1870 est,
594 1806 836 1861 omnium
873 1806 939 1860 de
985 1805 1244 1860 manibus
1286 1805 1324 1860 ii
1362 1805 1484 1861 libri
1514 1813 1573 1858 ut
1601 1810 1984 1859 excuterentur
2021 1820 2036 1856 :

2139 611 2446 680 complures
2475 610 2736 679 episcopi,
2764 619 2817 661 et
2846 607 3204 679 καθαιρετικὰ
3232 608 3318 661 illa
3358 608 3718 676 Origeniauo-

2139 716 2262 756 rum
2287 715 2531 771 operum,
2566 715 2685 768 qua:
2715 698 3234 764 Constantinopolim
3277 699 3562 754 invexerat
3589 699 3718 768 Epi-

2141 794 2374 864 phanius
2397 831 2412 855 ,
2439 790 2841 860 subscriptione
2871 805 2968 844 sua
3002 791 3083 843 vel
3123 804 3348 844 assensu
3387 791 3720 845 conﬁrmare

2143 895 2458 939 renuerunt.
2496 884 2566 938 Ea
2593 884 2753 937 etiam
2787 883 3058 947 videntur,
3091 884 3133 936 si
3165 897 3270 936 non
3311 882 3488 951 palam
3524 898 3719 952 appro-

2141 977 2299 1032 basse
2325 1015 2341 1041 ,
2372 986 2427 1032 at
2472 987 2618 1031 certe
2658 991 2764 1030 non
2809 976 3023 1045 penitus
3074 975 3343 1044 respuisse
3366 1011 3383 1038 ,
3411 974 3720 1042 quicunque

2141 1085 2268 1126 suas
2292 1085 2358 1123 ex
2411 1069 2478 1124 iis
2507 1068 2801 1137 Scriptum
2846 1082 3019 1122 sacrae
3053 1066 3532 1134 interpretationes
3565 1074 3716 1118 tran-

2141 1163 2430 1225 stuleruut,
2463 1175 2598 1229 quos
2619 1160 2674 1214 in
2705 1158 3178 1214 observationibus
3201 1174 3297 1228 pro
3334 1167 3578 1225 tempore
3600 1156 3718 1210 lau-

2141 1253 2408 1307 davimus.
2463 1251 2530 1306 Et
2577 1253 2828 1321 quamvis
2867 1251 3122 1306 Ecclesia:
3149 1251 3388 1306 decretis
3425 1249 3719 1320 aliquando

2140 1345 2308 1399 vetita
2324 1352 2472 1400 esset
2500 1358 2689 1399 eorum
2723 1344 2907 1410 lectio,
2930 1344 3014 1398 bis
3050 1352 3227 1397 tamen
3257 1344 3564 1398 contrarius
3590 1357 3721 1397 usus

2142 1433 2430 1504 derogasse
2452 1435 2750 1489 diceretur.

2213 1524 2545 1595 IEquissima
2595 1527 2710 1580 haec
2743 1525 2989 1603 profecto
3013 1565 3026 1589 ,
3068 1533 3117 1579 et
3154 1533 3414 1594 perpetua
3462 1523 3721 1579 Ecclesia:

2142 1617 2501 1672 consensione
2532 1617 2747 1672 ﬁrmata
2781 1618 2996 1672 videtur
3022 1631 3146 1671 esse
3176 1617 3464 1681 sententia,
3499 1632 3619 1684 quae
3651 1616 3716 1669 Ii-

2143 1708 2361 1760 brorum
2397 1705 2650 1777 Origenis
2683 1723 2838 1762 usum
2870 1707 3027 1776 vulgo
3067 1706 3478 1761 concedendum
3505 1705 3716 1768 deﬁnit,

2143 1798 2314 1868 ipsius
2361 1797 2523 1853 modo
2557 1813 2774 1854 errores
2814 1798 3112 1868 l'ugiautur.
3147 1799 3223 1852 lta
3253 1800 3427 1854 sensit
3452 1796 3719 1868 Hierony-

457 1899 728 1969 proditum
760 1899 956 1966 quippe
991 1907 1075 1952 est
1104 1913 1132 1951 a
1161 1896 1388 1953 Socrate
1438 1897 1562 1951 libr.
1594 1911 1668 1961 vr,
1702 1911 1822 1964 cap.
1853 1895 1908 1962 9,
1946 1895 2034 1958 12,
2072 1869 2114 1925 Β
2142 1905 2294 1952 mus,
2353 1890 2754 1958 quantumlibet
2805 1890 3133 1945 Adamantio
3180 1889 3427 1946 infensus
3467 1908 3481 1944 :
3525 1908 3544 1941 ι
3579 1889 3716 1955 Quia

457 2004 514 2048 et
559 1993 863 2048 Sozomeno
896 1993 1020 2047 libr.
1056 2008 1174 2055 vut,
1203 2006 1325 2060 cap.
1366 1992 1455 2056 H,
1492 1989 1636 2045 solas
1665 1988 1916 2060 Origenis
1956 1988 2036 2042 lu-

457 2083 804 2137 cubratioues
853 2083 1199 2138 criminatum
1244 2096 1365 2140 esse
1411 2080 1791 2150 Theophilum,
1847 2094 2034 2134 earum

459 2171 585 2226 licet
625 2170 954 2225 auctoritate
981 2171 1242 2224 adversus
1272 2171 1505 2225 Arianos
1546 2168 1658 2238 jam
1699 2179 1824 2222 ante
1866 2169 2037 2222 Atha-

457 2264 641 2319 nasius
671 2273 998 2333 pugnasset;
1023 2264 1366 2318 Alexandria:
1405 2263 1694 2318 concilium
1743 2261 2031 2326 conﬂasse,

460 2354 516 2409 in
562 2370 736 2423 eoque
763 2355 864 2408 illae
891 2364 948 2408 ut
985 2354 1400 2423 repudiareutur
1442 2354 1770 2424 perfecisse;
1819 2355 2033 2407 easdem

459 2446 512 2499 in
536 2445 732 2516 Cypria
760 2446 969 2516 synodo
1001 2460 1162 2500 suasu
1195 2447 1362 2515 ipsius
1389 2446 1749 2516 Epiphanium
1781 2446 2033 2500 damnas-

455 2552 535 2602 se,
566 2548 621 2592 et
661 2553 730 2592 ne
757 2539 878 2606 quis
906 2538 974 2592 iis
1019 2536 1260 2606 legendis
1295 2553 1518 2606 cperam
1569 2538 1726 2592 daret
1763 2539 2031 2604 sanxisse,

456 2630 731 2683 decretum
761 2629 1288 2699 Constantinpolim
1317 2630 1533 2684 misisse
1557 2670 1573 2692 ,
1604 2631 1856 2700 idemque
1879 2641 1938 2684 ttt
1965 2629 2036 2684 fa-

455 2730 628 2787 ceret,
651 2720 1096 2792 Cbrysostomum
1118 2722 1274 2778 valde
1305 2722 1475 2777 fuisse
1509 2722 1814 2789 hortatum;
1843 2722 2032 2778 eodem

457 2813 632 2882 ipsum
654 2815 1033 2878 contendisse,
1079 2815 1364 2885 episcopos
1400 2814 1454 2867 in
1490 2829 1644 2868 suam
1707 2814 2032 2868 sententiam

457 2905 712 2974 pellicere
742 2907 1000 2971 voluisse,
1031 2915 1085 2960 et
1112 2905 1438 2975 Origeniana
1473 2905 1707 2974 denique
1748 2905 1949 2973 scripta
1979 2906 2030 2958 itt

455 2997 835 3068 Apostolorum
885 2998 1084 3066 templo
1129 2998 1353 3067 publica
1383 2997 1800 3051 denuntiatione
1839 3011 2030 3064 repro-

455 3089 588 3143 bare
615 3099 899 3156 parantem
930 3086 1244 3157 Serapionis
1287 3086 1495 3140 monitu
1523 3086 1870 3141 absterritum
1903 3085 2031 3140 l‘uis-

452 3193 533 3235 se.
573 3178 619 3233 A
648 3178 913 3234 Faustino
945 3193 1160 3248 quoque
1186 3179 1408 3232 vetitum
1436 3192 1624 3231 eorum
1653 3193 1806 3231 usum
1841 3177 2030 3232 testili-

454 3281 614 3326 catur
645 3270 1005 3342 Hieronymus
1032 3272 1190 3342 epist.
1220 3270 1310 3336 76,
1347 3270 1412 3324 ad
1449 3269 1750 3338 Tranquill.
1785 3268 1896 3324 Nec
1929 3269 2033 3323 Ba-

457 3363 614 3418 ronio
645 3365 935 3430 assentior,
963 3375 1162 3426 contra.
1185 3362 1407 3432 Sulpicii
1447 3360 1661 3427 Severi,
1691 3361 1931 3416 Socratis
1977 3371 2032 3416 et

458 3456 753 3510 Sozomeni
802 3454 1180 3510 auctoritatem
1233 3453 1428 3508 falsum
1482 3470 1605 3509 esse
1657 3455 1918 3509 assereuti
1969 3454 2033 3520 ιο,

462 3547 822 3615 Epipbattium
872 3545 1031 3611 inter,
1064 3546 1419 3614 Theophilum
1471 3555 1526 3600 et
1585 3546 2033 3616 Chrysostomutn

454 3640 522 3693 de
551 3637 704 3693 libris
755 3636 1010 3706 Origenis
1043 3637 1396 3706 prohibendis
1430 3639 1532 3693 hac
1579 3647 1900 3707 tempestate
1945 3654 2037 3692 ac-

456 3737 569 3782 tttm
597 3766 614 3792 ,
652 3727 739 3782 vel
788 3743 885 3783 eos
941 3730 994 3782 in
1043 3727 1411 3784 Alexandrina
1456 3729 1662 3799 synodo
1695 3739 1790 3782 aut
1837 3729 2035 3800 Cypria

455 3820 623 3875 fuisse
651 3821 1020 3890 proscriptos;
1062 3835 1160 3873 nec
1200 3818 1508 3886 Geunadio,
1550 3821 1641 3889 qui
1679 3819 1941 3875 Severum
1983 3823 2034 3876 in

459 3910 678 3980 Dtalogo
713 3913 894 3980 priore
927 3908 1131 3964 referre
1164 3910 1263 3975 ait,
1288 3929 1308 3961 ι
1349 3925 1449 3965 suo
1475 3919 1717 3978 tempore
1742 3912 1883 3978 apttd
1913 3911 2038 3965 Ale-

456 4003 782 4057 xandrinam
815 4002 1080 4072 synodum
1111 4001 1484 4072 episcoporum
1520 4003 1819 4065 decretum,
1851 4002 2037 4071 Orige-

454 4109 582 4148 nem
609 4102 666 4145 et
695 4091 909 4146 cautius
940 4106 969 4143 a
1020 4091 1359 4160 sapientibus
1408 4100 1508 4158 pro
1542 4087 1697 4145 bonis
1724 4089 2032 4159 legendum,

455 4196 512 4239 et
534 4200 563 4237 a
589 4184 768 4239 minus
796 4183 1088 4252 capacibus
1113 4197 1211 4252 pro
1259 4182 1418 4237 malis
1451 4180 1867 4251 repudiandum.
1902 4202 1920 4235 ι
1948 4184 2037 4237 Ait

455 4278 675 4348 quidem
726 4275 999 4345 Sulpicius
1046 4276 1338 4328 maximam
1373 4275 1539 4329 fuisse
1569 4276 1865 4329 monachos
1898 4275 2037 4330 inter

455 4379 513 4425 et
547 4369 832 4438 episcopos
855 4369 1316 4423 concertationem
1344 4385 1364 4419 ι
1393 4381 1462 4422 ex
1492 4381 1556 4421 ea
1584 4366 1893 4431 occasione,
1911 4368 2036 4436 quia

455 4462 768 4532 congregati
797 4462 850 4515 in
881 4477 1048 4514 unum
1087 4461 1286 4529 sa‘pius
1325 4460 1640 4515 sacerdotes
1664 4459 2038 4528 frequentibus

2137 1994 2270 2035 mea:
2303 1980 2610 2050 parvitatis,
2669 2000 2688 2033 ι
2746 1982 2922 2051 inquit
2961 1982 3123 2052 epist.
3176 1982 3242 2036 76
3292 1983 3361 2037 ad
3391 1981 3715 2050 Tranquill.,

2140 2091 2160 2124 ι
2229 2075 2423 2142 quaeris
2474 2076 2835 2140 sententiam,
2897 2085 3078 2130 utrum
3139 2075 3437 2130 secundum
3487 2072 3712 2128 fratrem

2134 2164 2452 2220 Faustinum
2503 2166 2722 2236 penitus
2768 2168 3107 2236 respuendtts
3159 2167 3262 2229 sit,
3316 2184 3385 2221 an
3418 2168 3714 2223 secundum

2135 2258 2396 2326 quosdam
2432 2255 2693 2328 legendus
2729 2271 2792 2311 ex
2827 2268 2980 2326 parte
3007 2279 3020 2312 :
3047 2257 3160 2326 Ego
3189 2256 3475 2327 Origeuem
3499 2265 3720 2326 propter

2135 2349 2498 2404 eruditionem
2529 2350 2609 2404 sic
2636 2349 2908 2403 interdum
2954 2348 3242 2418 legendum
3284 2350 3548 2413 arbitror,
3581 2363 3719 2418 quo-

2138 2442 2297 2495 modo
2345 2439 2738 2495 Tertullianum
2764 2481 2780 2505 ,
2813 2439 3116 2508 Novatum,
3157 2441 3478 2506 Arnobium,
3508 2442 3718 2511 Apolli-

2137 2532 2370 2594 narium,
2408 2541 2463 2586 et
2497 2531 2782 2586 nonnullos
2821 2531 3220 2588 ecclesiasticos
3260 2536 3559 2602 scriptores
3577 2531 3721 2587 Gras-

2136 2637 2228 2677 cos
2257 2623 2465 2688 pariter
2493 2632 2549 2678 et
2579 2623 2805 2680 Latinos
2831 2664 2848 2686 ,
2880 2633 2939 2677 ut
2976 2624 3118 2679 bona
3168 2639 3356 2679 eorum
3406 2625 3717 2694 diligamus,

2137 2717 2478 2785 vitemusque
2505 2719 2808 2782 contraria,
2855 2719 3008 2786 juxta
3040 2714 3361 2787 Apostolum
3394 2717 3665 2772 dicentem
3696 2735 3714 2772 :

2137 2809 2327 2862 Omnia
2354 2809 2586 2877 probate,
2608 2812 2747 2880 quod
2775 2811 2964 2864 bonum
2998 2819 3077 2864 est
3112 2819 3277 2863 tenete
3301 2808 3365 2863 ²¹.
3391 2828 3410 2859 ι
3445 2809 3512 2864 Et
3547 2825 3671 2864 mox
3695 2828 3714 2866 :

2140 2919 2158 2950 ι
2185 2898 2293 2954 Nec
2316 2901 2459 2955 enim
2478 2912 2698 2971 propter
2715 2901 3022 2956 doctrinam
3042 2902 3159 2970 ejus
3180 2917 3343 2970 prava
3367 2903 3713 2972 suscipienda

2133 3001 2258 3048 sunt
2285 2994 2532 3061 dogmata
2560 3033 2574 3058 ,
2631 3007 2728 3049 nec
2759 3003 2976 3062 propter
3021 2995 3333 3063 dogmatum
3365 2996 3709 3063 pravitatem,

2133 3086 2178 3138 si
2208 3099 2346 3154 quos
2379 3085 2816 3140 Connuentarios
2842 3086 2893 3138 in
2929 3085 3245 3155 Scripturas
3287 3096 3508 3140 sanctas
3550 3087 3711 3142 utiles

2137 3176 2326 3240 edidit,
2355 3177 2572 3244 penitus
2609 3179 2896 3246 respuendi
2939 3190 3086 3236 sunt.
3126 3198 3144 3230 ι
3182 3179 3293 3233 Hac
3324 3181 3564 3234 imbutus
3594 3193 3717 3248 per-

2136 3269 2391 3324 suasione
2442 3269 2771 3338 Theophilus
2813 3269 2905 3324 ille
2935 3270 3380 3341 Origeuitnastix,
3409 3281 3529 3340 post
3551 3287 3718 3326 vexa-

2137 3371 2250 3416 tum
2299 3363 2495 3418 misere
2537 3362 2984 3433 Cltrysostomum
3013 3403 3027 3427 ,
3067 3364 3536 3434 Constantinopoli
3585 3365 3714 3420 Ale-

2137 3454 2420 3508 xandriatn
2480 3457 2645 3510 redux
2673 3498 2689 3524 ,
2732 3475 2854 3513 cum
2905 3465 3049 3512 esset
3095 3459 3146 3510 in
3179 3456 3430 3526 Origenis
3485 3457 3720 3512 lectione

2137 3547 2527 3615 deprehensus,
2542 3550 2676 3604 scite
2702 3550 2836 3604 dixit
2868 3567 2882 3604 :
2907 3549 2990 3602 Τὰ
3033 3549 3338 3619 Ὠριγένους
3364 3549 3509 3602 ἔοικε
3538 3548 3718 3619 βιϐλία

2137 3637 2363 3709 λειμῶνι
2395 3639 2611 3693 πάντων
2641 3640 2867 3697 ἀνθέων
2911 3641 2964 3694 εἴ
2989 3660 3040 3694 τι
3065 3637 3156 3695 οὖν
3190 3643 3247 3696 ὲν
3283 3641 3468 3705 αὐτοῖς
3501 3641 3716 3713 ἐφεύρω

2139 3729 2321 3796 καλὸν,
2352 3729 2508 3783 τοῦτο
2544 3730 2834 3802 δρέπομαι·
2866 3733 2914 3785 εἰ
2940 3732 2999 3785 δέ
3027 3733 3080 3784 τί
3129 3750 3219 3803 μοι
3269 3732 3577 3795 ἀκανθῶδες
3619 3748 3722 3800 φα-

2138 3823 2276 3894 νείη,
2307 3823 2465 3876 τοῦτο
2497 3824 2572 3888 ὡς
2601 3824 2824 3896 κέντρον
2858 3825 3192 3897 ὑπερϐαίνω.
3229 3846 3246 3877 ι
3287 3825 3433 3880 Libri
3470 3827 3719 3896 Origenis

2137 3915 2344 3968 similes
2370 3924 2497 3968 sunt
2537 3925 2694 3985 prato
2734 3918 2883 3971 omni
2921 3916 3114 3970 ﬂorum
3160 3931 3358 3986 genere
3387 3917 3619 3970 consito.
3658 3916 3716 3970 Si

2138 4007 2268 4074 quid
2295 4007 2346 4060 in
2390 4007 2457 4061 iis
2493 4023 2622 4077 ergo
2651 4009 2849 4064 bonum
2882 4009 3101 4064 invenio
3127 4050 3142 4074 ,
3173 4010 3223 4062 id
3257 4010 3492 4077 decerpo
3523 4025 3537 4062 :
3570 4009 3713 4077 quod

2139 4101 2184 4153 si
2242 4101 2374 4168 quid
2429 4105 2710 4169 spinosum
2767 4102 3000 4166 videtur,
3057 4103 3108 4156 id
3159 4113 3413 4170 tauquam
3465 4103 3715 4156 aculeum

2142 4191 2408 4246 transilio.
2451 4211 2470 4243 ι
2509 4192 2766 4247 Eamdem
2819 4194 3064 4262 regulam
3119 4199 3170 4247 in
3222 4195 3452 4263 Origene
3494 4192 3719 4260 legendo

2140 4283 2498 4341 Cassiodorus
2549 4286 2756 4340 servari
2801 4285 2968 4355 jussit
3007 4285 3131 4340 libr.
3183 4285 3256 4338 De
3286 4286 3516 4338 institut.
3549 4284 3715 4338 divin.

2143 4375 2405 4442 δεῖ-ἤρων.
2433 4390 2554 4444 cap.
2582 4376 2634 4439 1,
2671 4376 3026 4444 habendaque
3061 4378 3140 4430 ait
3165 4375 3282 4444 ejus
3315 4377 3519 4445 scripta
3567 4391 3717 4430 more

2141 4465 2322 4519 anethi
2344 4484 2358 4532 ;
2383 4465 2501 4534 ejus
2531 4481 2695 4521 succo
2729 4467 3090 4522 condiendam
3115 4482 3285 4522 sacra:
3314 4468 3610 4536 Scriptura:
3642 4465 3724 4521 le-

456 4555 766 4610 decrevisse
793 4553 1016 4624 synodis
1053 4552 1395 4615 videbantur,
1437 4567 1506 4608 ne
1537 4552 1661 4622 quis
1689 4552 1938 4620 Origenis
1975 4553 2038 4606 li-
2070 4571 2114 4626 ι)
2143 4559 2410 4622 ctionem,
2449 4558 2732 4614 decoctum
2767 4559 2943 4630 ipsum
2980 4574 3385 4630 exsuccumque
3432 4574 3555 4613 esse
3590 4573 3718 4626 pro-

457 4649 586 4700 bros
615 4645 823 4722 legeret
857 4656 954 4698 aut
998 4645 1244 4699 haberet.
1290 4663 1308 4696 ι
1361 4644 1746 4700 Gratissimum
1779 4655 2041 4714 praeterea

455 4739 560 4793 sibi
594 4739 763 4794 fuisse
789 4749 1068 4793 asseverat
1094 4737 1418 4793 Anastasius
1464 4753 1600 4807 papa
1629 4737 1681 4791 in
1712 4738 1943 4805 epistola
1969 4739 2037 4792 ad

456 4829 720 4886 Joannem
777 4830 1290 4901 Jerosolymitanum
1316 4871 1331 4894 ,
1370 4831 1514 4900 quod
1561 4831 1630 4886 ab
1675 4830 1926 4900 Origeuis
1961 4830 2038 4885 le!

458 4921 640 4976 ctione
680 4920 1024 4977 Christianos
1076 4929 1404 4976 revocarunt
1447 4920 1715 4975 Arcadius
1759 4927 1815 4974 et
1854 4918 2038 4974 Hono-

458 5011 592 5068 rius.
609 5012 686 5066 Eo
701 5027 914 5082 quoque
933 5013 1202 5068 inclinare
1225 5012 1434 5067 videtur
1455 5011 1769 5066 Vincentius
1788 5011 2036 5066 Lirinen-

456 5103 558 5166 sis,
581 5117 703 5172 cap.
724 5102 817 5168 23,
844 5103 1028 5159 Contr.
1055 5106 1269 5169 haeres"
1301 5113 1361 5157 ιιι
1387 5105 1455 5158 ab
1486 5118 1583 5158 usu
1604 5101 2036 5158 Christianorum

459 5192 582 5248 libri
613 5194 703 5248 isti
733 5205 1136 5251 removeantur.
1183 5195 1424 5266 Denique
1469 5195 1810 5251 Justiuianus
1839 5197 1900 5251 in
1925 5196 2038 5265 epi-

458 5285 596 5341 stola
614 5286 890 5354 encyclica
921 5285 989 5340 ad
1007 5285 1215 5341 Menam
1244 5297 1300 5341 et
1322 5287 1456 5343 alios
1479 5289 1790 5358 episcopos,
1841 5301 2040 5358 cupere

458 5391 518 5432 se
567 5377 760 5433 scribit
809 5393 1000 5433 omnes
1056 5377 1399 5432 Christianos
1449 5394 1781 5448 cognoscere
1829 5381 2036 5448 scripta

456 5467 710 5540 Origenis
735 5484 960 5540 prorsus
988 5485 1018 5524 a
1049 5468 1365 5526 Christiana
1409 5471 1513 5528 [ide
1553 5488 1676 5529 esse
1720 5472 1894 5530 aliena
1917 5514 1933 5541 ,
1979 5486 2043 5526 ac

460 5562 678 5632 penitus
711 5561 1074 5632 explodenda.

530 5650 638 5708 Sed
669 5661 862 5709 contra
885 5666 992 5724 pro
1012 5651 1167 5710 libris
1189 5653 1500 5711 Adamantii
1533 5662 1803 5714 steterunt
1822 5654 2046 5712 Theoti-

531 5862 579 5898 "
631 5863 828 5920 Baron.
874 5879 1001 5922 ann.
1036 5864 1187 5934 402,
1235 5881 1357 5937 cap.
1419 5865 1497 5920 l5.

2134 4647 2466 4718 jicicud-um;
2503 4665 2736 4719 cumque
2762 4653 2829 4706 de
2878 4666 2944 4707 eo
2974 4652 3176 4706 dictum
3218 4651 3286 4705 sit
3323 4668 3338 4703 :
3369 4670 3387 4702 ι
3429 4650 3530 4706 Ubi
3558 4652 3718 4715 bene,

2149 4755 2308 4794 nemo
2342 4740 2570 4807 melius;
2608 4742 2698 4797 ubi
2733 4741 2893 4808 male,
2932 4759 3093 4797 nemo
3124 4744 3294 4812 pejus,
3342 4761 3360 4795 ι
3402 4757 3591 4810 magna
3639 4743 3722 4811 ip-

2142 4847 2259 4888 sum
2295 4833 2548 4888 cautione
2581 4849 2702 4888 esse
2731 4836 3074 4889 tractandum
3109 4853 3122 4888 :
3171 4854 3189 4886 ‹
3244 4834 3607 4904 Quapropter,
3638 4835 3721 4888 itt-

2141 4925 2281 4993 quit,
2311 4925 2362 4978 in
2396 4927 2654 4994 operibus
2680 4925 2924 4996 ejusdem
2948 4927 3221 4998 Origeuis,
3251 4937 3512 4998 quantum
3543 4937 3721 4982 trans-

2141 5015 2260 5071 iens
2304 5017 2549 5074 invenire
2603 5020 2896 5088 prrevalui,
2939 5020 3058 5075 loca
3104 5036 3224 5090 qua:
3284 5030 3470 5075 contra
3507 5019 3719 5089 regulas

2142 5109 2362 5166 Patrum
2397 5112 2540 5166 dicta
2574 5123 2720 5179 sunt,
2754 5113 2992 5168 achresti
3019 5113 3396 5181 dispunctioue
3425 5110 3528 5184 (sic
3573 5112 3720 5166 enim

2150 5202 2290 5272 lego,
2323 5219 2442 5274 pro,
2483 5205 2721 5259 Itmresim
2751 5203 3124 5275 disputatione)
3147 5205 3378 5276 signavi,
3429 5214 3486 5258 ut
3514 5205 3722 5274 decipe-

2145 5309 2204 5349 re
2233 5310 2338 5350 nou
2368 5297 2679 5369 praevaleat,
2713 5298 2806 5367 qui
2854 5297 2949 5351 tali
2976 5299 3131 5367 signo
3166 5297 3218 5350 in
3246 5297 3432 5366 pravis
3471 5297 3720 5352 sensibus

2145 5385 2418 5439 cavendus
2465 5400 2586 5441 esse
2640 5396 2990 5441 monstratur.
3050 5384 3382 5441 Posteriores
3431 5396 3611 5442 autem
3670 5389 3722 5441 iu

2149 5484 2262 5530 toto
2295 5477 2483 5530 dicunt
2510 5492 2630 5531 esse
2659 5476 2994 5547 fugiendum,
3029 5487 3314 5546 propterea
3339 5479 3466 5546 quia
3506 5478 3722 5533 subtili-

2150 5576 2233 5621 ter
2261 5569 2459 5638 decipit
2489 5570 2827 5626 innocentes.
2867 5569 3021 5625 »Jam
3054 5583 3210 5624 antea
3262 5587 3390 5626 vero
3432 5573 3722 5627 conctlinm

2152 5656 2479 5727 Romanum,
2497 5660 2638 5730 quod
2673 5661 2773 5716 sub
2814 5660 3034 5718 Gelasio
3064 5663 3388 5719 celebratum
3423 5671 3526 5729 est,
3556 5661 3632 5718 ita
3662 5662 3727 5716 tlt-

1582 5867 1619 5897 “
1674 5867 1690 5920 Ι
1733 5865 1930 5923 Thess.
1979 5881 2027 5932 ν,
2059 5863 2145 5931 21,
2179 5864 2264 5920 22.
