4170 6478
454 387 580 441 Mil

451 520 513 557 ea
549 518 607 557 re
633 501 949 556 decreverat
997 517 1012 554 :

451 595 680 664 quae'vir
718 594 907 648 beatus
954 592 1314 661 Hieronymus
1345 606 1452 645 non
1490 592 1756 661 repudiat,
1793 591 2016 658 legenda

451 685 812 753 suscipimus,
847 683 1051 751 reliqua
1084 693 1262 737 autem
1289 684 1472 735 omnia
1514 697 1636 735 cum
1671 691 1895 735 auctore
1922 695 2020 735 suo

453 776 687 831 dicimus
727 788 848 830 esse
902 774 1200 828 retinenda.
1255 792 1274 824 ι
1312 772 1651 840 Quapropter
1702 781 1848 825 recte
1886 770 2022 824 scri-

454 854 626 935 psisse
651 866 867 920 videtur
922 863 1179 919 Socrates
1207 863 1331 917 libr.
1383 878 1460 927 vi,
1506 877 1625 930 cap.
1673 863 1763 925 15,
1814 861 2022 916 nobiles

452 957 702 1027 Origenis
727 956 1089 1017 adversarios,
1112 954 1460 1019 Methodinm,
1487 952 1847 1017 Eustathium,
1870 953 2024 1023 Apol-

455 1049 706 1105 linariu’m
740 1058 793 1101 et
825 1046 1205 1115 Theophilum,
1257 1060 1285 1097 a
1318 1045 1534 1113 ’quibus
1564 1042 1745 1097 multis
1791 1042 1878 1096 ille
1916 1042 2024 1096 cri-

455 1140 689 1196 minibus
717 1138 1068 1209 compellatus
1110 1145 1236 1201 est,
1285 1136 1417 1190 satis
1461 1136 1768 1191 ostendisse
1804 1134 2023 1203 probari

452 1233 579 1299 sibi,
608 1246 941 1302 quaecunque
967 1230 1187 1284 minime
1212 1228 1703 1297 reprehemlissent.
1724 1226 1875 1294 Quod
1898 1241 2021 1281 cum

454 1327 531 1382 ita
581 1325 672 1391 sit,
720 1340 825 1378 non
856 1324 1030 1379 cuivis
1062 1333 1239 1376 tamen
1282 1337 1313 1374 e
1354 1319 1515 1390 vulgo
1542 1319 1980 1374 Christianorum
2003 1359 2019 1383 ,

455 1417 550 1475 sed
602 1418 670 1473 iis
721 1417 895 1472 solum
930 1414 1349 1485 permittendum
1406 1427 1527 1468 esse
1575 1413 2022 1483 Origenianarum

455 1510 813 1580 scriptionum
862 1524 1017 1562 usum
1051 1521 1287 1569 censeo,
1338 1520 1567 1574 quorum
1624 1514 1907 1574 perspecta
1953 1504 2026 1559 sit

456 1604 593 1659 fides
622 1613 677 1657 et
712 1601 984 1657 diuturnis
1015 1598 1402 1670 experimentis
1431 1597 1660 1667 probata
1695 1596 2023 1651 constantia.

459 1694 570 1749 Hos
606 1704 787 1748 autem
815 1694 1072 1762 probatos
1096 1689 1229 1745 efﬁci
1263 1690 1561 1759 trapezitas
1602 1688 1788 1751 velim,
1816 1687 2028 1742 adulte-

457 1786 607 1851 rinos
638 1785 900 1840 doctrina:
931 1800 1176 1840 nummos
1211 1800 1240 1839 a
1288 1783 1544 1854 legitimis
1571 1792 1729 1836 caute
1761 1793 2027 1850 seponere

456 1880 710 1934 scientes.

526 1968 676 2025 XlX.
728 1967 975 2022 Diximus
1019 1969 1087 2022 de
1129 1967 1318 2031 libris;
1364 1966 1575 2035 deipso
1616 1963 1849 2033 Origene
1892 1961 2022 2031 quid

455 2060 795 2115 sentiendum
826 2060 917 2124 sit,
938 2059 1296 2126 exploremus.
1320 2057 1433 2111 Etsi
1468 2056 1734 2126 geminam
1761 2056 2024 2109 adversus

455 2165 579 2206 eum
606 2149 935 2204 conflaverat
981 2149 1246 2219 synodum
1280 2148 1585 2203 Demetrius
1622 2145 2025 2200 Alexandrinus

456 2239 744 2310 cpiscopus
767 2280 784 2307 ,
817 2256 846 2293 a
875 2241 1080 2310 'quibus
1104 2240 1393 2295 sacerdmii
1445 2239 1651 2293 honore
1683 2247 1908 2301 exutus,
1953 2236 2023 2291 ab

458 2330 717 2386 Ecclesia:
766 2330 1147 2387 communione
1202 2331 1539 2399 prohibitus,
1585 2339 1642 2384 et
1695 2328 2021 2383 Alexandria

456 2422 644 2493 pulsus
668 2432 773 2487 est,
810 2424 1183 2477 consentiente
1230 2423 1284 2476 in
1314 2422 1364 2476 id
1394 2423 1668 2477 decretum
1702 2428 1813 2475 toto
1831 2433 2026 2488 prope-

459 2514 677 2569 modum
700 2516 831 2569 orbe
856 2530 872 2567 :
898 2529 1003 2568 non
1031 2522 1159 2568 ante
1190 2522 1369 2567 tamen
1405 2514 1649 2568 haeretici
1686 2513 2022 2567 notaiterum

459 2605 560 2673 ipsi
592 2605 732 2659 inuri
763 2614 937 2673 empta
967 2614 1071 2667 est,
1101 2618 1263 2673 quam
1297 2603 1622 2674 Epiphanius
1661 2617 1784 2657 cum
1813 2600 2023 2656 Joanne

457 2696 945 2761 Jerosolymitano,
977 2695 1301 2775 Thepphilns
1343 2711 1465 2775 eum
1506 2694 1866 2749 Nitriensibus
1912 2707 2025 2746 mo-

457 2788 668 2852 nachis,
692 2786 1049 2856 Hieronymus
1067 2754 1189 2843 eum
1218 2754 1411 2843 Rufiho
1438 2787 1729 2842 altercatus
1755 2794 1856 2841 est.
1888 2785 2022 2839 Nam

461 2890 745 2949 postquam
783 2880 1041 2948 synodum
1071 2877 1411 2932 Alexandria:
1443 2878 1623 2949 coegit
1668 2876 2021 2947 Theophilus,

456 2983 510 3026 et
553 2971 803 3039 Origenis
833 2969 1084 3025 colubros
1113 2967 1422 3039 evangelica
1462 2982 1594 3023 ense
1630 2970 1918 3032 truncavit,
1965 2978 2024 3023 ut

457 3065 571 3132 ipse
600 3067 696 3124 ait,
728 3061 1083 3135 Epiphanium
1119 3062 1328 3131 rogavit
1356 3074 1452 3129 per
1487 3059 1772 3129 epistolam
1793 3098 1809 3124 ,
1843 3070 1900 3113 ut
1932 3075 2022 3129 sy-

457 3157 652 3210 nodum
686 3162 800 3225 ipse
848 3163 1219 3224 congregaret,
1249 3153 1659 3223 perficeretque.
1694 3172 1712 3204 ι
1747 3162 1805 3208 ιιι
1830 3153 2020 3223 Orige-

457 3260 550 3301 nes
581 3247 992 3305 nominatim.et
1010 3244 1213 3299 nefaria
1244 3244 1467 3298 haeresis
1498 3245 1968 3311 condemnaretur;
1996 3263 2015 3296 ι

457 3339 609 3406 cujus
659 3336 885 3392 consilio
928 3335 1260 3405 Epiphanius
1301 3334 1519 3388 demum
1587 3334 1876 3389 obsecutus
1916 3344 2018 3388 est.

458 3427 642 3481 Refert
682 3426 1040 3494 Hieronymus
1087 3424 1179 3478 tib.
1238 3438 1274 3477 ιι
1322 3425 1538 3493 Apolog.
1582 3426 1783 3478 advers.
1818 3422 2023 3491 Ruﬁn.,

456 3534 577 3588 cap.
610 3519 665 3585 6,
693 3530 745 3573 et
776 3519 829 3571 in
876 3524 1031 3586 epist.
1060 3520 1126 3572 ad
1155 3516 1470 3571 Pammach.
1500 3527 1554 3571 et
1582 3516 1844 3583 Marcell.,
1880 3519 2023 3571 Ana-

458 3612 680 3667 stasium
717 3609 1017 3662 Romanum
1046 3607 1375 3677 pontiﬁcem,
1412 3608 1766 3678 Theophilum
1794 3610 2022 3663 Alexan-

456 3704 706 3766 drinum,
758 3700 1051 3755 Venerium
1116 3699 1607 3765 Mediolanensem,
1653 3699 2022 3757 Chromatium

458 3796 858 3865 Aquileiensem
881 3834 898 3859 ,
931 3804 984 3848 et
1011 3808 1224 3849 omnem
1258 3806 1365 3849 tam
1411 3792 1647 3848 Orientis
1674 3810 1835 3863 quam
1867 3795 2021 3851 Occi-

458 3888 636 3942 dentis
669 3885 1067 3942 Catholicorum
1101 3885 1363 3956 synodum
1397 3885 1510 3952 pari
1535 3888 1801 3940 sententia
1829 3896 1886 3939 et
1910 3887 2024 3955 pari

458 3981 649 4049 spiritu
680 3979 988 4033 haereticum
1023 3977 1168 4031 illum
1199 3978 1544 4032 denuntiasse
1579 3994 1591 4030 :
1624 3993 1732 4047 quo
1760 3994 1881 4033 eum
1913 3980 2027 4048 ipse

458 4086 672 4141 quoque
733 4070 886 4123 titulo
938 4069 1182 4123 infamat.
1253 4068 1584 4136 TbeOphilus
1637 4070 1859 4141 hydram
1902 4085 2024 4126 eum

457 4166 696 4220 omnium
728 4163 1003 4217 haereseon
1045 4171 1098 4216 et
1123 4162 1327 4217 erroris
1371 4162 1686 4231 magistrum
1720 4178 1783 4218 ac
1823 4163 2025 4232 princi-

459 4274 580 4326 pem
613 4257 878 4322 nominat,
906 4254 1100 4312 Pasch.
1132 4272 1174 4318 ι,
1204 4255 1651 4323 quemadmodum
1695 4263 1752 4310 et
1790 4255 2028 4310 Zonaras

462 4353 516 4405 in
548 4350 731 4405 Decio.
765 4349 1011 4406 Gelasius
1068 4364 1201 4419 papa
1237 4350 1290 4403 in
1321 4348 1567 4404 Romano
1607 4350 1839 4405 concilio
1879 4350 2027 4405 schi-

462 4442 746 4497 smaticum
772 4458 895 4496 eum
913 4442 1160 4511 appellat.
1184 4441 1514 4496 Antiochena
1549 4442 1833 4511 Ephraemii
1865 4458 2027 4513 syno-

1726 382 1784 437 P.
1825 382 2139 437 DANIELIS
2187 380 2416 436 HUETII

1060 518 1079 553 ι
1137 496 1387 570 Origenis
1436 499 1689 554 nonnulla
1740 499 2021 567 opuscula,
2053 502 2099 559 Α
2130 496 2313 565 Itaque
2360 497 2704 551 anathemate
2760 496 3035 566 perculsus
3079 497 3147 551 ab
3194 511 3256 550 ea
3314 504 3369 549 et
3410 496 3693 551 haereticus

3554 383 3693 437 Hi2

2122 590 2383 660 Origenes
2414 587 2715 659 appellatus
2742 596 2842 642 est.
2880 588 3031 655 Quod
3083 603 3112 640 a
3159 597 3310 641 sexta
3337 587 3563 641 subinde
3603 601 3694 656 sy-

2123 681 2260 732 nodo
2291 679 2388 733 fuit
2415 680 2801 747 approbatum;
2842 692 2963 731 nam
2993 678 3153 746 hujus
3193 678 3331 731 inter
3359 677 3491 730 Acta
3525 678 3691 730 relata

2121 779 2202 821 est
2236 766 2526 837 Sophronii
2554 768 2619 820 ad
2644 766 2890 834 Sergium
2920 764 3170 833 epistola,
3201 780 3304 833 qua
3331 765 3519 819 eodem
3549 764 3693 818 Ada-

2124 862 2358 913 mantius
2390 857 2663 926 appetitur
2690 854 2978 909 maledicto
3003 871 3017 919 ;
3050 863 3107 909 et
3136 855 3348 910 actione
3376 853 3444 920 8,
3491 854 3691 922 repeti-

2126 958 2213 1002 tur
2253 946 2516 1017 professio
2555 946 2675 1000 fidei
2730 961 2758 999 a
2823 943 3058 999 Macario
3108 944 3444 999 Antiocheno
3509 941 3691 997 oblata

2123 1040 2477 1095 Constantino
2508 1040 2859 1106 imperatori,
2895 1039 2950 1092 in
2990 1053 3095 1106 qua
3129 1037 3349 1091 damnat
3380 1035 3689 1103 Origenem,

2135 1130 2421 1198 Didymum
2448 1138 2503 1183 et
2547 1128 2861 1198 Evagrium,
2890 1141 3185 1196 eorumque
3211 1124 3565 1179 deliramenta
3590 1139 3608 1190 ;
3638 1133 3696 1179 et

2127 1222 2341 1275 actione
2385 1220 2450 1274 17
2498 1229 2553 1275 et
2603 1219 2700 1284 18,
2748 1223 3007 1288 probatur
3049 1220 3335 1273 anathema
3396 1215 3615 1286 Origeni
3660 1230 3693 1269 a

2128 1311 2314 1380 quinta
2360 1312 2565 1382 synodo
2609 1309 2903 1376 inflictum,
2944 1319 2999 1365 et
3044 1310 3096 1363 in
3136 1310 3311 1363 edicto
3349 1304 3692 1362 Constantini

2132 1402 2476 1471 imperatoris
2532 1402 2599 1456 ad
2650 1401 2900 1471 p0pulum
2953 1400 3285 1455 habitantem
3337 1399 3389 1453 in
3440 1397 3697 1455 Occiduis

2125 1493 2417 1563 partibus;
2451 1492 2713 1564 probatur
2769 1494 3002 1562 denique
3048 1493 3099 1545 in
3142 1489 3369 1561 epistola
3415 1488 3612 1544 Leonis
3653 1488 3695 1543 Il

2127 1602 2275 1657 papa:
2318 1589 2385 1641 ad
2443 1586 2878 1642 Constantinum.
2935 1586 3221 1641 Facundus
3286 1594 3547 1654 praeterea
3604 1584 3693 1653 qui

2130 1681 2288 1733 trium
2326 1681 2685 1749 capitulorum
2714 1680 3084 1737 defensionem
3118 1680 3377 1749 suscepit,
3405 1676 3694 1747 Origenem

2129 1773 2272 1828 inter
2305 1774 2586 1849 hmretieos
2628 1775 2750 1830 libr.
2801 1791 2908 1841 xu,
2945 1791 3065 1844 cap.
3096 1775 3123 1828 1
3152 1815 3168 1841 ,
3208 1783 3394 1842 aperte
3426 1779 3691 1833 recenset,

2056 1844 2099 1900 Β
2129 1867 2266 1933 Quin
2297 1877 2352 1922 et
2379 1846 2597 1921 Patrum
2630 1868 2917 1923 multorum
2950 1868 3220 1937 suffragiis
3253 1867 3445 1921 eodem
3472 1878 3697 1918 numero

2129 1959 2370 2014 habitum
2404 1961 2568 2014 tradit
2611 1961 2964 2016 Cassiodorus
2992 1960 3113 2017 libr.
3140 1958 3217 2013 De
3260 1960 3487 2017 institui.
3530 1958 3694 2011 divin.

2129 2055 2413 2122 Scriptum,
2445 2072 2562 2126 cap.
2601 2057 2627 2111 1
2650 2098 2667 2123 ,
2702 2058 3184 2113 lneresiarcharum
3220 2057 3572 2111 deterrimum
3602 2071 3697 2123 ap-

2131 2153 2299 2219 pellat
2335 2152 2582 2224 Pelagius
2616 2153 2654 2208 ll
2688 2170 2846 2225 papa.
2872 2154 2955 2208 Ab
2998 2153 3238 2209 Ecclesia
3270 2168 3391 2207 cum
3436 2152 3558 2207 aliis
3590 2154 3698 2206 hae-

2130 2246 2314 2300 reticis
2354 2247 2713 2315 proscriliitur
2755 2262 2784 2300 a
2834 2248 3002 2315 prima
3064 2245 3414 2300 Lateranensi
3468 2245 3695 2315 synodo.

2128 2336 2369 2405 Denique
2406 2336 2575 2393 ϐιτῐεί
2620 2339 2950 2393 recentiores
2980 2376 2996 2402 ,
3041 2338 3240 2407 aliique
3274 2338 3437 2393 etiam
3482 2335 3698 2406 plurimi

2128 2428 2315 2483 eodem
2357 2429 2530 2498 ipsum
2584 2431 2822 2484 convitio
2875 2429 3245 2498 proscindunt.
3290 2428 3414 2482 Haec
3460 2441 3590 2496 ergo
3644 2427 3697 2480 in

2128 2521 2494 2590 pra-judicium
2516 2522 2738 2575 trahunt
2752 2521 2999 2590 Origeuis
3017 2519 3339 2586 adversarii,
3359 2532 3459 2572 nec
3486 2518 3701 2573 hiscere

2128 2622 2317 2666 contra
2345 2611 2509 2667 licere
2533 2610 2622 2665 ulli
2650 2611 2987 2666 existimant.

2198 2703 2300 2768 Qui
2334 2704 2638 2759 contrarias
2668 2712 2849 2758 autem
2899 2711 3178 2758 sectantur
3210 2709 3415 2771 partes,
3447 2700 3575 2756 talia
3604 2714 3697 2756 re-

2128 2804 2340 2865 gerunt,
2372 2810 2402 2849 a
2442 2795 2714 2850 Demetrio
2744 2796 2905 2855 licet,
2951 2793 3302 2864 plurimisque
3337 2793 3436 2862 ipsi
3474 2807 3698 2847 consen-

2131 2886 2390 2940 tientibus
2436 2885 2709 2955 episcopis
2757 2893 3069 2954 segregatus
3133 2883 3297 2936 fuerit
3341 2883 3409 2938 ab
3458 2880 3696 2936 Ecclesia

2129 2976 2390 3046 Origenes
2413 3019 2428 3044 ,
2461 2977 2633 3044 ipsius
2661 2984 2838 3030 tamen
2880 2990 3098 3031 causam
3143 2975 3449 3042 suscepisse
3475 2981 3529 3028 et
3570 2988 3694 3042 pro-

2128 3082 2393 3138 pugnasse
2457 3067 2845 3133 Palaestinam,
2901 3066 3194 3132 Arabiam,
3257 3065 3583 3120 thniciam
3642 3072 3700 3119 et

2128 3160 2386 3214 Achaiam
2414 3176 2429 3224 ;
2462 3169 2516 3213 et
2552 3160 2706 3228 juxta
2736 3159 3171 3214 testificationem
3209 3158 3514 3229 Hieronymi
3536 3196 3552 3219 ,
3588 3171 3695 3209 non

2128 3251 2296 3320 ipsius
2337 3264 2571 3314 errores,
2620 3251 2712 3305 sed
2758 3251 3194 3306 adversariorum
3237 3248 3486 3303 invidiam
3518 3247 3618 3302 has
3646 3247 3695 3301 ei

2126 3341 2314 3395 tuc‘ias
2347 3341 2661 3410 peperisse:
2714 3341 2915 3394 nullam
2958 3341 3419 3396 Demetrianarum
3464 3338 3701 3409 synodo-

2132 3448 2248 3485 rmn
2293 3432 2616 3487 mentionem
2662 3431 2860 3486 factam
2897 3447 2926 3486 a
2974 3432 3276 3500 Theophila
3304 3446 3359 3486 et
3402 3430 3703 3501 Epiphanio

2131 3523 2512 3578 infensissimis
2577 3523 2825 3593 Origenis
2908 3523 3281 3587 adversariis,
3347 3538 3408 3577 ac
3495 3520 3700 3576 nullam

2129 3616 2351 3684 proinde
2399 3615 2636 3685 ipsarum
2688 3616 2953 3671 rationem
3010 3615 3279 3669 duxisse:
3338 3614 3587 3668 eumdem
3630 3612 3700 3667 ab

2133 3706 2477 3775 Hieronymo,
2501 3714 2556 3759 et
2597 3704 2707 3772 jam
2754 3715 2881 3759 ante
2926 3720 2957 3759 a
2996 3703 3223 3776 Didymo
3252 3704 3481 3757 alterum
3509 3702 3695 3758 Eccle-

2132 3797 2335 3850 siarum
2374 3805 2495 3863 post
2521 3795 2791 3864 apostolos
2831 3795 3150 3864 magistrum
3189 3794 3527 3861 nuncupari;
3556 3791 3698 3862 quod

2130 3888 2250 3956 quis
2277 3889 2341 3941 de
2385 3888 2602 3942 homine
2634 3888 2890 3941 heretico
2933 3887 3138 3941 dictum
3185 3888 3368 3956 putet?
3397 3889 3589 3941 horum
3612 3900 3702 3939 au-

2130 3980 2382 4034 ctoritate
2407 3979 2575 4033 refelli
2622 3978 2977 4049 Theophilum
2996 4023 3012 4047 ,
3040 3996 3164 4035 cum
3197 3980 3483 4050 Origenem
3509 3981 3697 4046 queri-

2133 4084 2222 4126 tur
2260 4072 2514 4127 Ecclesia:
2547 4073 2826 4127 doctorem
2870 4073 3169 4143 appellari:
3209 4075 3355 4141 pium
3384 4073 3697 4142 episcopum

2133 4164 2476 4219 Theotimum
2532 4164 2831 4233 Epiphanio
2878 4164 3137 4218 librorum
3184 4162 3430 4233 Origenis
3474 4166 3701 4218 damna-

2137 4256 2333 4309 tionem
2362 4257 2572 4325 urgenti
2622 4256 2988 4322 respondisse,
3021 4254 3161 4309 Οὔτε
3216 4257 3362 4309 ὅσιον
3422 4252 3560 4308 εἶναι
3609 4255 3701 4307 τὸν

2132 4348 2298 4401 πάλαι
2325 4347 2747 4419 τετελευτηκότα
2780 4348 3039 4419 ὑϐρίζειν,
3062 4347 3185 4401 οὔτε
3227 4348 3576 4419 βλασφημίας
3607 4351 3699 4401 ὲκ-

2131 4436 2220 4500 τὸς
2248 4437 2345 4507 τὴν
2385 4436 2493 4489 τῶν
2529 4436 2896 4507 παλαιοτέρων
2922 4438 3225 4492 διαϐάλλειν
3259 4439 3456 4509 κρίσιν,
3508 4438 3603 4490 καὶ
3630 4436 3699 4490 τὰ

459 4533 562 4585 dus
590 4533 879 4586 anathema
906 4533 1043 4586 dixit
1074 4532 1287 4602 Origeni
1309 4550 1324 4599 ;
1350 4533 1485 4587 dixit
1510 4544 1564 4588 et
1592 4534 1779 4602 quinta
1809 4535 2024 4588 univer-

2131 4531 2259 4599 παρ’
2304 4529 2525 4581 ἐκείνων
2570 4528 3004 4600 δεδοκιμασμένοι
3039 4531 3284 4584 ἀθετεῖν.
3332 4548 3351 4582 ι
3387 4529 3570 4599 Neque
3615 4530 3700 4583 fas

459 4622 611 4679 salis.
637 4621 693 4675 In
715 4638 777 4677 ea
808 4631 988 4677 autem
1014 4634 1138 4676 ante
1159 4623 1339 4677 omnia
1369 4625 1651 4691 qumsitum
1680 4634 1863 4678 narrat
1891 4625 2027 4679 Eva-

460 4715 613 4785 grius
645 4713 769 4768 libr.
802 4729 872 4781 tv,
903 4728 1023 4782 cap.
1046 4714 1135 4777 58,
1156 4723 1331 4767 utrum
1361 4714 1603 4770 homines
1627 4715 1738 4785 jam
1768 4716 1872 4769 vita
1904 4715 2028 4770 fun-

461 4810 535 4866 cti
566 4807 925 4862 anathematis
956 4805 1148 4873 subjici
1182 4808 1429 4875 possint;
1477 4806 1768 4878 Eutychius
1792 4809 1882 4877 qui
1914 4809 2027 4875 epi-

459 4915 627 4970 scopo
670 4903 941 4954 Amaseno
988 4907 1106 4949 erat
1150 4914 1179 4952 a
1228 4900 1539 4969 reSponsis,
1569 4910 1624 4954 et
1658 4902 2026 4970 episcopatum

459 4990 1001 5058 Constantinopoleos
1026 4993 1366 5059 postmodum
1389 4992 1615 5057 adeptus
1637 5000 1739 5053 est,
1774 4990 2028 5061 quastio-

460 5099 583 5139 nem
616 5084 775 5138 solvit
799 5084 1045 5153 exetnplo
1072 5083 1231 5141 .losia:
1271 5085 1431 5152 regis.
1464 5085 1556 5153 qui
1589 5099 1692 5138 non
1726 5086 2027 5139 daemonum

459 5177 636 5231 solum
681 5178 990 5232 sacerdotes
1025 5177 1313 5241 interfecit,
1347 5177 1438 5232 sed
1488 5186 1819 5231 mortuorum
1862 5177 2026 5232 etiam

462 5266 664 5321 loculos
693 5264 920 5333 refodit,
944 5268 1084 5335 quod
1111 5282 1303 5335 magno
1331 5268 1595 5334 omnium,
1614 5267 1705 5321 sed
1736 5265 2027 5322 Justiniani

460 5358 759 5429 praesertim
810 5358 1066 5428 applausu
1128 5368 1408 5427 exceptum
1455 5370 1560 5412 est.
1611 5359 1795 5428 Neque
1839 5357 2025 5423 semel,

460 5451 555 5505 sed
581 5450 776 5505 iterum
805 5450 1106 5517 iterumque
1134 5449 1185 5502 in
1211 5451 1371 5503 variis
1396 5449 1583 5518 synodi
1622 5449 1780 5517 hujus
1800 5449 2028 5504 actioni-

462 5541 565 5596 bus
597 5541 648 5594 id
679 5541 1034 5609 disceptatum
1076 5551 1196 5604 est;
1246 5555 1382 5609 quas
1427 5540 1845 5609 disceptationes
1879 5556 2027 5595 sum-

463 5633 650 5687 matim
682 5633 865 5687 retulit
888 5630 1180 5688 Gratianus
1223 5632 1431 5687 Decret.
1472 5642 1614 5700 part.
1644 5647 1717 5698 tt,
1752 5647 1899 5687 caus.
1936 5632 2028 5698 24,

465 5736 656 5794 quaest.
682 5726 740 5791 2,
775 5726 1122 5794 decrevitque
1152 5726 1366 5781 demum
1398 5730 1635 5793 synodus
1663 5726 1948 5780 haereticos
1977 5739 2031 5780 et

463 5818 519 5874 in
555 5818 662 5873 vita
704 5827 758 5874 et
790 5826 908 5885 post
937 5825 1164 5873 mortem
1197 5815 1555 5872 anathematis
1596 5831 1713 5873 esse
1746 5818 2027 5875 obnoxios.

2131 4638 2250 4675 esse
2307 4623 2577 4675 hominem
2626 4620 2949 4690 jampridem
3016 4621 3325 4675 defunctum
3373 4620 3698 4675 contumelia

2132 4710 2375 4774 allicere,
2414 4725 2589 4779 neque
2617 4710 2823 4777 absque
2861 4710 3124 4764 calumnia
3160 4720 3399 4764 veterum
3435 4710 3701 4778 judicium

2134 4804 2458 4871 improbare,
2479 4812 2533 4857 et
2554 4816 2674 4871 qua:
2691 4802 2759 4854 ab
2780 4803 2913 4870 ipsis
2931 4803 3147 4856 decreta
3165 4810 3292 4856 sunt
3315 4802 3645 4858 rescindere:
3675 4819 3695 4853 ι

2135 4896 2310 4964 ipsum
2334 4895 2694 4964 Epiphanium
2718 4910 2820 4947 non
2846 4892 3095 4963 Origenis
3115 4895 3584 4964 proscriptionem,
3609 4893 3701 4947 sed

2133 4988 2391 5041 librorum
2409 4987 2523 5055 ejus
2539 4988 2798 5040 duntaxat
2820 4985 3216 5039 damnationem
3241 4986 3568 5054 postulasse:
3589 4988 3703 5041 Οὐκ

2139 5080 2300 5134 αὑτὸν
2345 5080 2625 5151 Ὠριγένην
2659 5077 3017 5148 ἀκοινώνητον
3056 5072 3194 5133 εἶναι
3234 5078 3525 5151 ὑπέφηνεν,
3568 5080 3705 5134 ἀλλὰ

2135 5172 2202 5227 τὰ
2254 5171 2433 5242 βιϐλία
2480 5173 2620 5242 μόνα
2660 5169 2895 5223 διέϐαλε.
2961 5188 2980 5221 ι
3034 5169 3150 5225 Non
3200 5171 3373 5241 ipsum
3414 5171 3702 5241 Origenem

2134 5276 2285 5319 extra
2320 5269 2751 5319 communionem
2809 5279 2930 5319 esse
2976 5263 3236 5329 decrevit,
3281 5263 3374 5318 sed
3409 5263 3578 5318 libros
3610 5278 3702 5318 so-

2138 5355 2245 5412 lum
2274 5356 2594 5410 criminatus
2621 5367 2725 5421 est,
2764 5375 2783 5408 ι
2822 5358 2997 5427 inquit
3025 5355 3286 5427 Georgius
3304 5357 3703 5411 Alesandrinns

2134 5451 2423 5518 cpiscopus
2472 5450 2526 5502 in
2565 5448 2689 5502 Vita
2732 5448 3121 5514 Clirysostomi,
3167 5464 3291 5517 cap.
3337 5449 3444 5515 45,
3480 5464 3586 5502 non
3630 5450 3701 5501 ita

2139 5559 2267 5598 vero
2304 5542 2710 5613 intelligendum
2758 5539 3032 5595 Gelasium
3060 5582 3075 5606 ,
3128 5556 3251 5595 cum
3294 5542 3703 5595 schismaticmn

2136 5652 2260 5690 eum
2291 5635 2544 5703 appellat,
2581 5633 2740 5702 quasi
2768 5635 3134 5689 secessionem
3168 5648 3198 5685 a
3230 5647 3482 5701 supremo
3514 5632 3702 5686 Eccle-

2138 5730 2439 5797 siae-capite
2469 5728 2662 5783 fecisse
2696 5743 2818 5783 eum
2852 5727 3102 5790 voluerit,
3129 5727 3221 5782 sed
3254 5726 3471 5781 dissidia
3504 5742 3564 5778 ac
3592 5736 3704 5777 tur-

2136 5822 2233 5878 bas
2284 5820 2336 5876 in
2390 5820 2684 5877 Ecclesiam
2733 5821 3022 5886 intulisse;
3069 5819 3340 5888 σχίσματα
3376 5818 3601 5887 βαλόντα
3644 5818 3704 5868 ἐν
