4170 6482
474 440 616 494 1115

1544 426 2110 490 ORIGENIANORUM
2150 425 2280 480 LIB.
2316 423 2383 489 11,
2422 422 2576 479 CAP.
2614 419 2704 475 111.

3592 405 3732 461 HM

490 557 803 629 Ἐκκλησιᾳ.
826 576 845 609 ι
869 558 1002 614 Cum
1021 558 1312 614 schismata
1333 556 1385 610 in
1406 556 1641 609 Ecclesia
1663 552 2042 610 concitasset.»
2078 554 2124 608 Α
2153 544 2317 600 semel
2344 545 2523 597 forent
2546 536 2785 595 damnati
2812 533 3113 629 [recede-re
3146 543 3205 629 se
3237 527 3378 583 noue
3410 524 3727 629 ηειξξῐίιιιιξηι

476 661 532 701 ut
566 651 630 703 de
658 665 723 705 eo
750 651 942 706 scribit
970 651 1160 705 Petrus
1185 648 1587 704 Alexandrinus
1610 647 1661 699 in
1688 643 2044 715 Mystagogin:

474 739 615 807 quod
649 741 717 794 ad
747 742 992 800 auintam
1023 742 1286 811 synodum
1340 742 1553 805 attinet,
1603 739 1850 807 judicare
1889 748 2047 804 posse

476 831 713 901 synodos
737 840 804 886 de
857 831 982 891 iide.
1020 848 1126 885 non
1160 833 1224 885 de
1255 831 1504 899 personis
1526 870 1541 893 ,
1570 828 1868 893 praesertim
1902 841 2046 879 mor-

479 923 617 988 tuis;
654 925 780 980 hinc
810 923 1008 978 factum
1040 933 1097 977 ut
1119 939 1236 992 quas
1258 925 1325 977 de
1345 923 1655 985 Theodoro,
1680 921 2040 982 Theodoreto,

475 1025 529 1069 et
564 1016 652 1069 Iba
696 1016 937 1071 decrevit
976 1017 1223 1087 quintum
1282 1016 1411 1069 illud
1444 1014 1754 1068 concilium.
1788 1010 2045 1079 temporis

476 1109 761 1175 progressu
793 1107 898 1159 vim
928 1118 983 1161 et
1012 1106 1390 1161 auctoritatem
1420 1120 1557 1175 pene
1588 1103 1907 1157 amiserint:
1937 1101 2044 1155 sci-

476 1206 585 1249 tum
616 1195 742 1251 illud
787 1213 907 1252 esse
943 1196 1001 1253 S.
1037 1196 1257 1251 Thomw
1299 1195 1618 1263 Quodlibeto
1665 1208 1831 1257 nono,
1881 1192 2041 1246 artic.

473 1287 595 1348 ult.,
638 1288 909 1343 neminem
941 1289 1009 1343 ad
1055 1303 1342 1343 assensum
1390 1286 1643 1341 Ecclesia:
1681 1284 2042 1339 adhibendum

472 1379 783 1433 necessario
827 1380 1051 1447 astringi
1096 1380 1148 1432 in
1197 1380 1295 1443 iis,
1341 1392 1461 1447 qua
1509 1378 1575 1431 ad
1617 1394 1637 1428 ι
1680 1376 2040 1431 substantiam

472 1469 593 1524 ﬂdei
632 1488 651 1522 ι
696 1486 799 1525 non
850 1471 1121 1541 pertinent
1159 1489 1173 1524 :
1210 1469 1461 1540 Vigilium
1514 1484 1707 1539 papam
1741 1469 1794 1522 in
1827 1468 2041 1522 (Ionsti-

472 1570 589 1615 tuto
623 1562 689 1616 ad
726 1560 1111 1625 Iustinianum,
1141 1561 1445 1624 Theodori,
1504 1559 1826 1615 Theodoreti
1857 1568 1913 1612 et
1939 1559 2041 1612 Iba:

467 1660 682 1702 errores
708 1648 951 1702 refellere
981 1657 1035 1703 et
1068 1650 1347 1714 damnare,
1382 1648 1717 1713 auctoribus,
1744 1649 1872 1717 ipsis
1906 1663 2041 1717 quo-

468 1738 612 1790 niam
643 1738 694 1791 in
718 1752 848 1808 pace
878 1739 1130 1795 Ecclesia:
1161 1742 1435 1804 obierunt,
1465 1741 1613 1809 parci
1641 1740 1831 1809 jubere
1858 1758 1870 1793 :
1895 1738 2037 1808 quod

464 1837 690 1881 eatenus
732 1830 1067 1898 probandum
1112 1831 1187 1886 ait
1231 1830 1494 1885 Baronius
1533 1830 1600 1885 ad
1632 1847 1719 1884 an.
1758 1831 1885 1895 555,
1913 1846 2033 1899 cap.

2147 637 2423 706 professus
2468 642 2779 689 estzerror
2825 626 2923 680 fuit
2950 624 3004 677 in
3054 620 3370 685 intellectu;
3400 615 3720 686 pertinaciae

2145 730 2352 782 crimen
2401 728 2453 779 in
2485 723 2762 778 voluntate
2796 732 2901 771 non
2952 715 3074 768 fuit.
3111 710 3225 783 (50)
3284 710 3526 776 Denique
3567 720 3724 761 suam

2145 817 2361 887 Origeni
2394 816 2590 870 famam
2616 824 2673 869 et
2703 823 2897 865 nomen
2924 807 3056 862 satis
3086 802 3316 859 asseruit
3336 799 3446 855 Leo
3470 798 3559 860 ill,
3587 812 3720 866 pon-

2147 910 2274 965 tifex
2311 908 2601 969 maximus,
2627 919 2749 960 cum
2796 902 2940 957 inter
2979 899 3240 954 lectiones
3268 910 3333 948 ex
3372 891 3594 945 Patrum
3645 888 3726 941 lu-

2143 1000 2554 1055 cubrationibus
2595 997 2912 1065 decerptas,
2943 1000 2999 1046 et
3050 988 3295 1043 Romano
3326 985 3560 1040 insertas
3590 981 3723 1035 Bre-

2143 1091 2337 1154 viario,
2365 1084 2650 1142 nonnullas
2675 1096 2888 1153 quoque
2922 1094 2989 1136 ex
3016 1075 3360 1147 Origenianis
3401 1072 3554 1127 libris
3583 1069 3726 1140 peti-

2145 1194 2227 1240 tas
2257 1183 2430 1238 eidem
2465 1177 2713 1234 inseruit.

2212 1274 2312 1342 Qui
2344 1287 2475 1343 ergo
2520 1283 2738 1326 omnem
2786 1266 3060 1321 haereseos
3103 1258 3468 1329 suspicionem
3508 1254 3578 1311 ab
3604 1252 3725 1309 Ori-

2141 1384 2277 1439 gene
2304 1366 2495 1422 abesse
2525 1362 2750 1427 volunt,
2781 1373 2902 1413 cum
2937 1356 3005 1411 iis
3036 1355 3127 1425 qui
3165 1353 3430 1406 invidioso
3474 1346 3720 1402 tueretici

2142 1459 2361 1516 nomine
2388 1456 2565 1526 ipsum
2588 1452 2873 1511 infamant.
2893 1448 2966 1501 ita
2991 1444 3275 1502 conciliari
3305 1456 3464 1512 posse
3486 1453 3717 1504 censeo;

2141 1553 2183 1607 si
2216 1548 2413 1618 duplici
2446 1545 2669 1601 notione
2712 1539 2850 1596 sumi
2890 1536 3129 1593 haeretici
3171 1532 3589 1604 appellationem
3636 1530 3723 1583 di-

2140 1658 2345 1707 canms,
2374 1638 2455 1694 vel
2491 1638 2557 1691 ad
2585 1649 2707 1690 eum
2750 1631 3164 1703 signiﬁcandum
3204 1627 3297 1697 qui
3340 1625 3592 1680 haeresim
3624 1632 3721 1678 aut

2141 1729 2494 1787 fabrefecerit
2524 1734 2618 1781 aut
2643 1734 2864 1778 secutus
2888 1722 2982 1783 sit,
3005 1735 3125 1774 eam
3152 1719 3281 1773 licet
3316 1715 3531 1785 ejurare
3561 1730 3718 1785 para-

2143 1836 2247 1890 tus,
2281 1821 2443 1879 simul
2476 1830 2638 1888 atque
2666 1816 2861 1871 fuisset
2891 1814 2960 1869 ab
3001 1811 3237 1867 Ecclesia
3274 1808 3584 1879 repudiata;
3633 1805 3720 1862 vel

467 1918 590 1985 185,
638 1920 682 1973 si
730 1921 890 1976 modo
937 1931 1150 1977 consrct
1186 1937 1310 1979 eum
1353 1923 1445 1994 qui
1494 1924 1550 1977 in
1604 1922 1862 1977 Ecclesiae
1909 1939 2026 1992 pact

2141 1916 2206 1969 ad
2240 1910 2625 1982 designandum
2674 1921 2797 1961 eum
2841 1904 2932 1975 qui
2987 1918 3092 1958 non
3138 1901 3407 1956 haereseos
3454 1900 3721 1954 duntaxat

463 2012 680 2075 obierit,
722 2028 897 2082 neque
943 2015 1189 2071 haeresim
1237 2015 1365 2071 dum
1407 2016 1638 2083 viveret,
1686 2016 2041 2086 pertinaciter

464 2102 789 2169 defendisse,
814 2120 988 2175 neque
1016 2108 1068 2161 in
1095 2107 1348 2163 Ecclesiae
1379 2108 1761 2163 communione
1786 2108 2037 2163 simulate

463 2210 878 2264 perseverasse;
920 2197 1206 2269 Origenem
1250 2210 1431 2253 autem
1465 2201 1587 2268 quis
1619 2200 1888 2270 dogmatis
1921 2201 2038 2255 suis

461 2288 813 2356 pertinaciter
858 2289 1077 2344 haesisse
1116 2290 1292 2357 dicat,
1325 2306 1484 2360 quem
1517 2301 1627 2345 tam
1676 2292 1941 2347 submisse
1971 2292 2038 2347 de

461 2393 521 2433 se
548 2390 603 2433 et
638 2384 914 2437 moderate
943 2382 1182 2437 sensisse
1211 2384 1578 2444 ostendimus.
1624 2390 1883 2453 tantaque
1916 2396 2036 2437 mo-

458 2467 662 2533 destia,
702 2484 822 2539 qua;
874 2472 1177 2538 sentiebat,
1220 2473 1569 2528 declarasse?
1606 2474 1730 2544 quis
1782 2473 2035 2529 Ecclesia!

459 2560 891 2614 communionem
923 2563 1171 2619 simulate
1196 2572 1440 2618 secutum
1470 2579 1594 2619 eum
1620 2566 1921 2632 existimet,
1939 2566 2031 2633 qui

458 2645 579 2701 fidei
608 2647 1001 2715 professionem
1031 2652 1098 2705 ad
1130 2652 1425 2706 Fabianum
1456 2669 1648 2725 papam
1678 2655 1860 2722 dedit,
1893 2671 2027 2714 exo-

457 2736 661 2790 rientes
690 2738 925 2793 haereses
953 2742 1217 2797 acerrime
1244 2743 1538 2799 insectatus
1554 2754 1655 2810 est,
1676 2747 1874 2802 nullam
1906 2764 2029 2804 cum

457 2826 723 2885 haereticis
764 2832 1079 2888 societatem
1126 2834 1279 2901 iniit,
1309 2835 1709 2891 Catholicorum
1743 2840 2029 2909 episcopo-

457 2932 575 2971 rum
604 2919 978 2979 familiaritate
1011 2927 1077 2980 ad
1104 2937 1330 2981 mortem
1360 2942 1531 2997 usque
1555 2938 1871 2984 constanter
1898 2948 2029 2987 usus

451 3010 580 3063 est?
606 3010 833 3066 (laverat
884 3024 1033 3070 certe
1071 3015 1182 3085 jam
1235 3028 1362 3071 ante
1407 3018 1770 3075 Justinianum
1810 3020 2027 3078 Nicaena

451 3104 711 3170 synodus,
742 3122 809 3160 ne
838 3107 1062 3163 absente
1089 3092 1175 3172 eo,
1211 3110 1364 3180 cujus
1394 3114 1653 3181 agebatur
1678 3129 1836 3168 causa
1857 3154 1871 3178 ,
1901 3131 2027 3170 sen-

451 3193 615 3248 tentia
648 3193 897 3252 ferretur.
938 3198 1085 3253 Unde
1125 3202 1382 3269 praeclare
1416 3200 1711 3259 Pontianus
1739 3207 2023 3277 episcopus

454 3283 510 3338 in
537 3286 764 3354 epistola
801 3291 866 3343 ad
909 3289 1308 3357 Justiniauum,
1348 3312 1367 3345 ι
1405 3294 1462 3347 In
1500 3304 1745 3351 extremo
1782 3299 2025 3368 epistolae

451 3384 644 3430 vestra:
672 3381 1040 3446 cognovimus,
1067 3383 1209 3448 quod
1248 3398 1345 3438 nos
1392 3400 1497 3440 non
1547 3385 1896 3443 mediocriter
1934 3403 2025 3444 ret-

449 3467 679 3532 mordet,
705 3470 900 3525 debere
932 3488 1027 3526 nos
1057 3473 1431 3541 Theodorum,
1459 3485 1513 3531 et
1546 3480 1748 3549 scripta
1777 3480 2025 3537 Theodo-

449 3557 571 3621 reti,
606 3565 660 3611 et
708 3560 989 3627 epistolam
1040 3564 1144 3618 Iba:
1186 3565 1469 3623 damnare.
1524 3570 1723 3623 Eorum
1759 3572 1901 3626 dicta
1955 3575 2021 3627 ad

450 3660 547 3699 nos
589 3661 759 3716 usque
801 3665 944 3705 nunc
986 3653 1208 3709 minime
1269 3669 1653 3723 pervenerunt.
1702 3660 1856 3727 Quod
1898 3664 1942 3717 si
1969 3675 2024 3719 et

451 3750 831 3803 pervenerunt,
864 3750 919 3795 et
949 3742 1125 3812 aliqua
1174 3745 1247 3799 ibi
1296 3750 1604 3819 apocrypha
1629 3790 1645 3814 ,
1683 3766 1804 3820 qua:
1831 3767 2019 3809 contra

450 3828 571 3880 lidei
615 3829 855 3896 regulam
884 3833 1023 3896 sint,
1059 3833 1348 3903 legerimus
1381 3854 1397 3902 ;
1435 3840 1577 3893 dicta
1617 3857 1905 3911 possumus
1935 3859 2023 3900 re-

445 3933 672 3987 spuere,
706 3936 811 3975 non
853 3935 1104 3980 auctores
1141 3926 1254 3997 jam
1298 3939 1539 3986 mortuos
1588 3935 1850 4001 praecipiti
1890 3950 2021 3991 con-

443 4011 786 4068 demnatione
821 4016 1102 4073 damnare.
1147 4019 1300 4084 Quod
1353 4022 1396 4077 si
1441 4025 1620 4079 adhuc
1650 4025 1932 4092 viverent,
1965 4037 2019 4082 ct

442 4109 674 4159 correcti
701 4121 941 4161 errorem
991 4124 1146 4164 suum
1190 4129 1295 4168 non
1334 4117 1787 4187 condemnarent,
1824 4121 2016 4189 justis-

441 4196 575 4250 sime
604 4197 1009 4257 damnarentur.
1047 4225 1066 4255 ι
1112 4203 1247 4259 Cum
1293 4206 1369 4260 ait
1409 4223 1539 4279 ergo
1582 4209 1917 4269 Justinianus
1963 4216 2016 4270 in

442 4286 633 4344 Edicto
680 4291 940 4347 adversus
989 4294 1087 4348 tria
1142 4296 1431 4365 Capitula:
1468 4316 1488 4353 ς
1528 4300 1585 4356 Si
1618 4317 1746 4357 vero
1797 4306 2017 4374 quidam

436 4379 627 4436 dicunt
667 4398 771 4439 non
800 4396 1052 4455 oportere
1090 4388 1430 4445 Theodorum
1465 4405 1588 4462 post
1629 4409 1856 4453 mortem
1883 4416 2018 4455 ana-

439 4474 805 4544 thematizari,
830 4481 1007 4534 sciant
1032 4482 1123 4549 qui
1153 4485 1314 4537 talem
1349 4484 1660 4540 luere-ticum
1691 4488 2013 4556 defendunt,

2142 2014 2329 2059 auctor
2350 2013 2405 2058 et
2431 1999 2661 2062 assecla,
2691 1998 2785 2053 sed
2830 2006 3121 2067 perpetuus
3145 1994 3308 2048 etiam
3344 1999 3716 2063 propugnator

2140 2106 2189 2151 et
2221 2094 2464 2165 pertinax
2503 2092 2761 2145 adversus
2790 2087 3043 2142 Ecclesiae
3071 2086 3447 2140 auctoritatem
3481 2090 3721 2137 assertor

2139 2187 2335 2242 fuerit:
2369 2186 2547 2254 priore
2588 2184 2753 2253 igitur
2794 2181 3016 2235 notione
3053 2177 3293 2233 hzeretici
3326 2187 3523 2230 nomen
3554 2189 3584 2227 a
3613 2172 3716 2227 Pa-

2140 2281 2312 2336 tribus
2340 2277 2665 2331 Adamantio
2693 2271 2932 2342 imponi,
2964 2279 3023 2325 ut
3054 2262 3325 2325 haereseos
3360 2276 3574 2329 auctor,
3607 2278 3714 2318 non

2138 2378 2377 2425 assertor
2415 2367 2779 2439 significetur.
2811 2365 2929 2431 Quo
2959 2378 3121 2418 sensu
3176 2358 3460 2415 orthodoxi
3494 2370 3718 2427 quoque

2137 2461 2327 2518 Patres
2355 2460 2734 2531 quamplurimi
2764 2457 2999 2512 haeretici
3024 2456 3129 2511 dici
3158 2462 3408 2523 possunt,
3433 2448 3580 2504 velut
3600 2450 3719 2504 Ire-

2138 2570 2302 2617 naeus,
2333 2553 2549 2623 Papias,
2576 2552 2907 2621 Cyprianus,
2931 2561 2985 2605 et
3015 2550 3125 2603 alii.
3158 2547 3283 2603 Haec
3306 2548 3526 2617 insuper
3556 2543 3718 2598 adhic

2134 2646 2249 2702 beri
2298 2654 2477 2717 potest
2521 2644 2824 2714 responsio,
2874 2642 3291 2713 ignominiosam
3337 2638 3581 2694 haeretici
3623 2650 3716 2706 ap-

2134 2737 2478 2810 pellationem
2519 2752 2625 2791 non
2656 2737 2813 2790 aliter
2856 2738 2920 2789 ab
2952 2733 3220 2799 Ecclesia,
3248 2746 3411 2803 quam
3442 2746 3511 2787 ex
3539 2731 3715 2801 hypo-

2134 2834 2274 2888 thesi
2303 2831 2554 2900 cuiquam
2584 2830 2773 2900 inﬂigi,
2800 2830 2873 2883 ita
2896 2829 2941 2882 si
2966 2828 3165 2897 spretis
3194 2824 3453 2881 Ecclesiae
3480 2824 3716 2880 decretis

2133 2926 2186 2980 in
2215 2922 2403 2979 hazresi
2427 2922 2658 2987 obierit;
2691 2936 2813 2991 qua:
2836 2921 3054 2991 quidem
3080 2921 3133 2974 in
3162 2919 3456 2989 Origenem
3483 2918 3711 2973 minime

2131 3016 2275 3071 cadit
2306 3012 2635 3068 criminatio.
2683 3011 3104 3081 Acquiescamus
3138 3011 3303 3080 igitur
3348 3010 3399 3063 in
3437 3009 3540 3065 hoc
3585 3007 3710 3063 Ilie-

2131 3104 2338 3175 rouymi
2388 3103 2584 3172 placito
2625 3116 2657 3156 e
2709 3099 3107 3155 Traditionibus
3153 3100 3432 3154 Hebraicis
3459 3115 3478 3153 :
3533 3118 3552 3151 ι
3591 3099 3709 3154 Hoc

2132 3211 2296 3249 umtm
2323 3194 2442 3248 dico
2478 3211 2491 3247 :
2520 3192 2714 3248 vellem
2759 3206 2882 3245 cum
2913 3194 3109 3246 invidia
3154 3193 3390 3247 nominis
3420 3192 3538 3262 ejus
3562 3233 3578 3257 ,
3609 3192 3711 3245 ha-

2129 3288 2256 3343 bere
2286 3286 2446 3340 etiam
2475 3286 2758 3341 scientiam
2797 3285 3231 3354 Scripturarmn,
3272 3284 3426 3341 flocci
3463 3288 3709 3356 pendens

2129 3379 2408 3449 imagines,
2436 3379 2767 3446 umbrasque
2789 3376 3087 3445 larvarum,
3110 3395 3338 3450 quarum
3366 3390 3561 3434 natura
3586 3392 3709 3434 esse

2126 3471 2323 3525 dicitur
2358 3480 2558 3524 terrere
2595 3471 2872 3538 parvulos,
2896 3481 2951 3527 et
2976 3472 3032 3526 in
3065 3472 3279 3542 angulis
3307 3473 3518 3539 garrire
3556 3482 3710 3527 tene-

2126 3564 2336 3631 brosis;
2395 3580 2415 3615 ι
2450 3574 2504 3617 et
2542 3563 2595 3617 in
2640 3564 2729 3619 illo
2765 3581 2831 3619 ex
2873 3565 3033 3634 epist.
3079 3566 3148 3620 65
3185 3566 3250 3619 ad
3301 3564 3624 3622 Pammacb.
3654 3577 3714 3623 et

2122 3656 2348 3719 Ocean.,
2374 3672 2495 3727 cap.
2522 3659 2585 3713 ὅτ
2624 3678 2643 3711 ι
2678 3658 2830 3727 Quod
2855 3660 2899 3715 si
2934 3661 3054 3730 quis
3080 3658 3247 3716 Judas
3281 3659 3493 3719 Zelotes
3544 3676 3711 3735 oppo-

2123 3750 2293 3805 suerit
2320 3751 2477 3804 nobis
2499 3766 2713 3807 errores
2734 3753 2869 3821 ejus,
2904 3753 3085 3807 audiat
3115 3753 3283 3808 libere
3310 3770 3325 3808 :

2347 3839 2624 3895 Interdum
2651 3860 2870 3912 magnus
2900 3847 3151 3899 dormitat
3183 3845 3469 3912 Homerus,

2202 3908 2395 3964 Varum
2422 3915 2562 3978 operi
2599 3908 2758 3983 longo
2781 3914 2865 3983 fas
2905 3924 2979 3968 est
3011 3918 3255 3984 obrepere
3288 3908 3529 3970 somnum
3565 3916 3632 3970 ¹¹.

2119 4021 2238 4077 Νοη
2269 4024 2545 4078 imitemur
2575 4025 2693 4093 ejus
2720 4027 2872 4095 vitia,
2904 4028 3062 4096 cujus
3095 4029 3329 4083 virtutes
3361 4046 3467 4084 non
3519 4045 3707 4100 possu-

2121 4130 2241 4171 mus
2264 4116 2441 4186 sequi.
2467 4118 2797 4173 Erraverunt
2829 4120 2879 4173 in
2910 4120 3013 4175 fide
3034 4119 3152 4185 alii,
3175 4129 3285 4173 tam
3314 4119 3512 4183 Graeci,
3541 4137 3702 4187 quam

2120 4208 2294 4263 Latini
2323 4228 2337 4264 :
2366 4224 2594 4279 quorum
2633 4226 2739 4265 non
2791 4226 3015 4267 necesse
3057 4222 3143 4266 est
3175 4211 3427 4282 proferre
3461 4213 3701 4278 nontina,

2118 4317 2187 4356 ne
2219 4301 2501 4355 videamur
2533 4317 2655 4356 eum
2697 4316 2801 4356 non
2846 4302 2927 4358 sui
2960 4303 3155 4358 merito
3177 4343 3192 4369 ,
3222 4304 3316 4359 sed
3350 4303 3584 4357 aliorum
3609 4320 3703 4357 er-

2121 4408 2244 4449 rore
2274 4394 2652 4450 defenderem.
2683 4394 2837 4451 Nunc
2866 4412 2996 4451 vero
3030 4412 3153 4452 cum
3195 4396 3516 4467 simpliciter
3546 4414 3701 4452 erro-

2119 4503 2231 4541 rem
2267 4487 2384 4555 ejus
2412 4488 2603 4552 fatear,
2632 4489 2713 4545 sic
2755 4489 2927 4561 legam
2960 4500 3017 4544 ut
3042 4498 3268 4544 caeteros
3291 4531 3308 4555 ,
3342 4489 3466 4559 quia
3498 4489 3578 4544 sic
3606 4503 3701 4543 er-

436 4566 581 4634 quod
613 4568 792 4623 omnis
820 4570 1106 4625 haereticus
1144 4588 1316 4641 usque
1349 4574 1414 4628 ad
1466 4577 1623 4630 linem
1658 4579 1782 4632 vita;
1816 4579 1869 4633 in
1915 4595 2013 4635 suo
2045 4591 2088 4646 ι)
2120 4581 2567 4635 ravit'utcmteri.
2601 4582 2706 4636 Sed
2742 4583 2898 4638 dicas
2935 4601 2949 4637 :
2984 4582 3041 4637 Si
3073 4582 3367 4636 multorum
3395 4584 3703 4637 communis

435 4668 625 4712 errore
670 4671 1026 4727 permanens,
1058 4662 1206 4729 juste
1252 4676 1514 4733 perpetuo
1556 4668 1929 4733 anathemati,
1958 4679 2015 4725 et

437 4756 559 4811 post
588 4760 819 4804 mortem
846 4748 1135 4817 subjicitur
1168 4769 1182 4806 :
1216 4763 1269 4805 et
1304 4754 1407 4808 hoc
1434 4756 1485 4808 in
1526 4755 1710 4810 multis
1742 4756 2014 4812 haereticis

434 4846 490 4889 ct
524 4839 920 4908 antiquioribus
954 4852 1010 4897 et
1055 4844 1396 4913 propioribus
1444 4845 1645 4902 factum
1687 4857 1805 4912 est,
1848 4846 1899 4902 id
1930 4859 2015 4906 est

440 4929 744 4997 Valentino,
773 4931 1031 5000 Basilide,
1060 4934 1351 5001 Marcione,
1384 4937 1663 5006 Cerintho,
1692 4939 2008 5010 Manicbazo,

435 5019 697 5076 Eunomio
726 5036 783 5077 et
824 5024 1035 5083 Bonoso
1083 5046 1097 5081 :
1127 5027 1229 5083 hoc
1264 5038 1446 5083 autem
1476 5030 1615 5085 idem
1650 5041 1704 5085 et
1746 5032 1799 5087 in
1828 5032 2009 5089 Theo-

434 5112 569 5166 doro
598 5111 797 5167 factum
821 5125 928 5184 est,
954 5130 1009 5174 et
1040 5121 1095 5175 in
1115 5124 1223 5177 vita
1251 5134 1528 5190 accusato,
1551 5132 1607 5179 et
1630 5133 1753 5193 post
1777 5136 2006 5181 mortem

433 5205 892 5264 anathematizato
927 5227 957 5265 a
1006 5217 1209 5272 sanctis
1260 5214 1568 5282 Patribus;
1619 5235 1638 5269 ι
1684 5217 1903 5272 minime
1952 5217 2008 5274 id

430 5299 666 5368 pertinet
706 5301 774 5354 ad
811 5300 1134 5373 Origenem;
1170 5323 1293 5362 nam
1328 5310 1429 5364 etsi
1467 5310 1519 5363 in
1563 5326 1780 5366 errores
1828 5311 2008 5380 lapsus

428 5386 502 5443 sit
528 5387 842 5457 aliquando,
878 5394 948 5448 ab
992 5395 1059 5450 iis
1088 5406 1288 5465 tamen,
1317 5409 1602 5469 postquam
1655 5403 1725 5456 ab
1764 5402 2004 5459 Ecclesia

502 5481 546 5513 “
576 5477 766 5536 Horat.
812 5484 890 5539 De
927 5499 1040 5542 arte
1077 5500 1216 5559 poet.
1250 5505 1397 5548 vers.
1426 5493 1562 5549 360.

499 5573 878 5656 (Bm-Denique
898 5597 1053 5656 suam
1084 5583 1303 5656 Qrigeni
1353 5586 1550 5656 famam
1575 5598 1626 5643 et
1659 5605 1844 5644 nomen
1873 5595 2005 5649 satis

427 5645 656 5701 asseruit
693 5645 911 5705 Leolll
959 5645 1205 5723 pontifea?
1226 5645 1487 5713 maximus
1508 5698 1524 5727 ,
1558 5671 1665 5716 etc.
1717 5660 1849 5717 Vide
1877 5645 1994 5718 'in;

2119 4680 2203 4725 est
2229 4687 2402 4736 error,
2426 4689 2524 4729 cur
2548 4676 2720 4730 solum
2753 4676 3179 4744 persequimini?
3206 4674 3343 4741 Quia
3375 4689 3472 4730 vos
3504 4674 3698 4728 lauda-

2122 4764 2191 4817 tis
2219 4772 2277 4819 ut
2308 4765 2651 4833 Apostolum.
2682 4765 2875 4822 Tollite
2911 4767 3114 4823 amoris
3138 4765 3443 4839 ὑπερὸολὴν
3462 4807 3479 4832 ,
3516 4776 3570 4820 et
3598 4781 3697 4821 nos

2122 4856 2362 4912 tollimus
2387 4858 2492 4912 odii
2525 4860 2988 4929 magnitudinem;
3023 4880 3041 4913 ι
3074 4870 3129 4916 et
3156 4861 3260 4916 isto
3289 4874 3319 4915 e
3350 4859 3561 4930 Prolog.
3600 4859 3692 4914 lib.

2124 4962 2160 5001 ll
2196 4947 2251 4999 in
2287 4945 2448 5003 Mich.
2482 4964 2502 5002 :
2536 4968 2556 5001 ι
2590 4948 2724 5003 Nam
2770 4952 2912 5021 quod
2941 4954 3124 5007 dicunt
3147 4953 3395 5022 Origenis
3422 4970 3508 5008 me
3545 4955 3699 5007 voln-

2119 5038 2261 5094 mina
2307 5056 2426 5096 com
2446 5041 2613 5111 pilare
2635 5081 2651 5107 ,
2679 5052 2735 5098 et
2772 5046 3126 5099 contaminari
3177 5062 3280 5101 non
3312 5048 3503 5101 decere
3545 5057 3694 5100 vcte-

2118 5144 2236 5184 rum
2270 5132 2514 5202 scripta;
2553 5134 2695 5204 quod
2743 5135 2818 5188 illi
2869 5136 3215 5191 maledictum
3248 5137 3540 5192 vehemens
3571 5152 3694 5192 esse

2114 5223 2465 5290 existimant,
2515 5230 2757 5284 eamdem
2803 5229 3014 5284 laudem
3058 5246 3158 5300 ego
3202 5232 3494 5284 maximam
3529 5229 3690 5295 duco,

2114 5330 2235 5370 cum
2280 5317 2429 5373 illum
2476 5322 2674 5376 imitari
2702 5322 2845 5388 volo,
2876 5337 3038 5392 quem
3074 5325 3284 5379 cunctis
3336 5323 3693 5395 prudentibus

2113 5416 2169 5461 et
2194 5410 2345 5467 vobis
2370 5412 2585 5482 placere
2614 5430 2719 5493 non
2747 5415 2953 5471 dubito.
2985 5435 3005 5469 ι

2113 5609 2276 5663 super
2318 5595 2598 5721 Epistulam
2634 5602 3077 5675 nuncupatoriam
3116 5611 3264 5661 tomo
3316 5599 3336 5657 1
3388 5603 3687 5675 ρι’ωιίιειηι,

2113 5680 2292 5721 versus
2362 5682 2503 5721 nem.

2106 5680 2292 5722 versus
2324 5680 2354 5721 ll
2362 5682 2503 5724 nem.
