4170 6398
496 371 633 422 illi)

1763 376 1819 430 Ρ.
1862 377 2178 434 DANIELIS
2215 379 2448 435 HUETII

3616 388 3750 444 1116

559 522 3738 556 ww

1803 689 2184 780 CAPUT
2259 693 2422 781 IV.

1498 880 1830 938 FORTUNA
1869 878 2239 937 DOCTRINE
2278 881 2742 940 ORIGENIANE.

558 1169 776 1252 Castris
806 1184 1004 1232 ousnrt
1037 1169 1584 1252 assurgit—Tribus
1601 1169 1944 1252 sectionibus
1976 1179 2190 1252 constat
2213 1182 2370 1252 caput
2406 1174 2569 1230 istud.
2613 1175 2654 1230 l.
2688 1177 2934 1252 Explicat
2983 1183 3110 1252 quid
3137 1185 3462 1252 Origeniana
3495 1189 3742 1246 doctrina

488 1239 542 1292 in
572 1241 794 1320 Oriente
840 1257 999 1322 passa.
1030 1241 1098 1294 sit
1128 1242 1197 1322 ab
1231 1240 1480 1322 Origenis
1505 1240 1685 1322 ipsius
1696 1249 1903 1322 aetate;
1938 1241 2020 1322 ad.
2055 1241 2669 1322 altercationemnusque
2723 1239 3035 1322 Hieronymi
3077 1264 3131 1309 et
3152 1239 3353 1310 iRu'lini
3380 1239 3559 1321 ﬁt";
3573 1239 3741 1314 etiam

486 1324 717 1398 (ξέιειιιῖιειιὶ
755 1310 1143 1398 I‘l‘leCtl'itItt-IIIE
1164 1310 1375 1398 fortuna
1394 1307 2123 1398 ljaictzit1;sit.rll.“(Pontium
2140 1312 2426 1398 quidquid
2454 1307 2774 1386 Origenismi
2798 1307 2984 1398 causa
3013 1307 3353 1398 actum‘est,

485 1378 705 1431 dissulio
751 1393 870 1459 cum
904 1379 1148 1459 @gyptis
1197 1381 1475 1432 monarhis
1499 1390 1552 1433 et
1585 1378 1805 1459 “iamne
1838 1380 2245 1459 CI_ir_ysostomo,
2289 1378 2354 1435 ad
2400 1378 2639 1459 tempora
2686 1391 2875 1459 synodi
2925 1378 3739 1456 Chalcedonensis.-lib-ibe;

486 1456 831 1517 tempestate,
868 1453 933 1505 ad
969 1450 1108 1506 hanc
1135 1464 1304 1520 usque
1336 1459 1549 1504 aetatem
1578 1450 1906 1520 Origenismi
1934 1452 2200 1504 fortunam
2233 1450 2597 1523 persequitur.

1003 1743 1250 1798 SECTIO
1288 1742 1523 1798 PRIMA.

481 1836 520 1888 I.
561 1832 921 1891 Procellarum
955 1840 1202 1892 adversus
1244 1838 1486 1906 Origenis
1511 1837 1802 1890 etiamnum
1833 1836 2050 1890 viventis

550 1907 851 1960 doctrinam
887 1910 1212 1961 concitarum
1241 1911 1401 1960 series
1438 1908 1740 1961 summatim
1773 1909 2046 1972 repetitur.

554 1978 616 2029 II.
665 1976 859 2030 Sedata
897 1976 1147 2042 Origenis
1196 1989 1362 2030 morte
1410 1979 1533 2030 odia
1588 1993 1692 2029 non
1738 1977 1903 2028 multo
1932 1987 2048 2041 post

549 2049 941 2101 recrudescunt.
972 2046 1056 2100 ΙΙΙ.
1091 2045 1297 2100 Pierius
1349 2047 1741 2101 Alexandrinus
1799 2044 2050 2115 Origenes

542 2117 730 2184 jnnior
777 2119 967 2172 dictus.
1026 2117 1408 2184 Tlteognostnm
1449 2117 1870 2172 Alexandrinum
1913 2118 2050 2169 inter

551 2184 794 2254 Origenis
823 2189 1050 2241 asseclas
1085 2188 1226 2254 ponit
1272 2187 1535 2241 Pltotins.‘
1557 2185 1643 2239 IV.
1672 2186 1887 2238 Arionis
1919 2195 2049 2238 tem-

548 2261 763 2322 poribus
792 2256 1038 2324 Origenis
1075 2259 1314 2310 doctrina
1339 2257 1509 2310 demto
1544 2256 1840 2323 impugnari
1883 2265 2047 2319 coepta

545 2335 620 2378 est
661 2331 724 2378 ab
753 2329 1075 2390 orthodoxis,
1103 2328 1240 2396 quod
1269 2327 1380 2396 ejus
1403 2328 1500 2380 sibi
1529 2326 1879 2396 patrocinium
1909 2328 2049 2378 asci-

541 2406 739 2448 scerent
785 2398 1010 2449 Ariani:
1070 2395 1315 2465 V.quain
1361 2411 1532 2450 tamen
1566 2395 2049 2465 benigneinterpre-

551 2467 657 2518 tari
687 2473 985 2520 maluerunt
1022 2464 1360 2531 Athanasius,
1392 2467 1623 2520 Basilius
1677 2475 1722 2518 et
1759 2464 2046 2533 Gregorius

549 2533 946 2606 Nazianzenus.
981 2536 1064 2592 Vl.
1101 2537 1450 2606 Origenianas
1488 2544 1664 2603 partes
1706 2544 1916 2587 tuentur
1942 2535 2046 2589 Hi-

546 2606 737 2666 larius,
781 2604 1016 2660 Euzoins
1035 2651 1049 2674 ,
1081 2604 1228 2660 Titus
1254 2605 1540 2660 Bostrenus
1560 2647 1574 2666 ,
1609 2606 2046 2675 Didymus,_Am-

546 2676 772 2740 brosius,
826 2675 1080 2729 Eusebius
1137 2675 1495 2738 Vercellensis,
1535 2673 1836 2729 Victorinus
1886 2673 2047 2728 Peta-

544 2744 831 2806 bionensis,
863 2744 1147 2816 Gregorius
1180 2747 1450 2816 Nyssenus
1472 2788 1485 2809 ,
1517 2757 1563 2799 et
1593 2746 1702 2805 ipse
1737 2747 1894 2816 etiam
1921 2748 2048 2798 Hie-

537 2830 814 2883 .ronymus,
845 2817 936 2882 qui
971 2813 1200 2870 subinde
1238 2813 1417 2870 lumen
1457 2815 1678 2868 mutavit
1723 2813 2043 2880 consilium;

543 2901 674 2951 quas
708 2897 1006 2954 oppugnant
1033 2886 1334 2939 Theodorus
1362 2885 1412 2939 Μ
1423 2895 1783 2954 opsuestenus,
1809 2895 1856 2937 et
1885 2885 2046 2948 Apol-

553 2956 760 3010 linaris.
805 2953 910 3009 VII.
943 2956 1144 3024 Duplex
1185 2957 1623 3025 Urigenisraruni
1650 2971 1833 3021 genus,
1864 2959 2044 3008 ortho-

545 3027 799 3076 tlorcorum
837 3036 887 3079 et
917 3024 1371 3080 Iteteroriaxorum.
1410 3025 1544 3081 VIII.
1589 3024 1903 3093 Origenistte
1950 3027 2040 3078 lte-

544 3096 787 3169 terodoxi
836 3111 900 3169 ea:
927 3095 1148 3169 {Egypti
1189 3096 1675 3169 monasteriisufere
1719 3093 2040 3169 prodierunt.
2075 3101 2118 3155 Β

551 3163 638 3216 IX.
663 3165 885 3219 Joannis
914 3163 1346 3231 Jeroso‘gttititaiti
1372 3183 1488 3218 cum
1516 3163 1806 3230 Epiphanio
1835 3173 1882 3216 et
1915 3164 2041 3218 Ilie-

545 3250 761 3303 ronymo
799 3238 1094 3300 dissensio;
1125 3222 1198 3290 Χ.
1244 3247 1289 3288 et
1319 3222 1626 3303 Hieronymi
1653 3250 1771 3287 cunt
1807 3232 1996 3299 Ruﬁno
2023 3247 2043 3286 :

547 3301 794 3372 Xl.’quos
821 3306 876 3358 in
910 3309 1132 3372 gratiam
1159 3306 1403 3359 reducere
1442 3301 1651 3358 student
1681 3303 1967 3372 Archelaus
1993 3314 2042 3357 et

545 3371 882 3440 Theophilus.
912 3371 1026 3428 XII.
1065 3376 1258 3445 Scrilgit
1305 3377 1377 3445 ad
1423 3374 1820 3445 Pammachiunt
1853 3371 2044 3445 Hiero-

543 3459 728 3510 nymus
773 3447 1019 3498 adversus
1062 3443 1263 3496 errores
1300 3443 1526 3497 Joannis
1565 3443 2040 3513 Jerosolymitani;

547 3508 680 3564 XIII.
715 3524 760 3566 et
789 3516 856 3564 ad
893 3513 1253 3568 Tlteonhilum.
1282 3513 1420 3567 XIV.
1462 3513 1809 3568 Auaustinum
1843 3529 2045 3568 auoaue

667 3551 680 3564 ο
715 3534 760 3566 ει
789 3534 855 3564 aa
895 3534 1253 3568 ιηεοωιιιιιηι.
1285 3534 1420 3567 ΛΗ.
1462 3534 1809 3568 Αυσιιειιηυηι

547 3529 680 3564 λιιι.
715 3529 760 3566 et
789 3529 855 3564 aa
895 3529 1253 3580 taeopmtum.
1285 3529 1420 3567 λιν.
1462 3529 1809 3582 Αιιςιιειιηιιιιι
1843 3529 2042 3582 quoque

541 3599 636 3647 per
661 3583 864 3636 litteras
894 3585 958 3635 ab
991 3582 1320 3652 Origenismo
1356 3584 1632 3652 absterret.
1667 3581 1782 3635 XV.
1823 3581 2042 3652 (lentam

543 3655 820 3705 revertitur
852 3651 1239 3706 Melania’cum
1282 3655 1468 3706 comite
1516 3651 1742 3719 Rufino;
1774 3651 1910 3706 XVI.
1954 3656 2043 3720 qui

542 3737 661 3774 cum
705 3722 1020 3792 Apologiam
1055 3720 1354 3792 'Pampltili,
1390 3722 1623 3792 libellum
1663 3723 1736 3775 De
1774 3724 2046 3774 adultera-

543 3793 687 3863 tione
727 3791 958 3863 ()perum
1007 3791 1276 3862 Origenis,
1317 3793 1518 3863 etwejus
1558 3791 1724 3863 libros
1764 3794 1901 3860 Περὶ
1937 3793 2042 3861 ἀρ-

542 3859 686 3928 χῶν,
717 3859 924 3914 ἱηίιιιιὸε
950 3859 1283 3930 publicasset,
1311 3881 1340 3915 a
1365 3859 1619 3915 Marcella
1653 3859 1915 3930 repressus
1943 3859 2039 3916 est.

544 3922 704 4003 XVII.
734 3922 1020 3984 lierttor'tte
1037 3935 1116 3986 Itis
1143 3922 1314 4002 [dctus
1343 3922 1886 4003 Hiergttyntus'libros
1905 3934 2043 4003 Περὶ

536 4001 743 4070 ἀρχῶν
786 4006 1177 4068 interpretatur.
1225 4003 1410 4057 XVIII.
1467 4001 1590 4055 Tres
1628 4002 1815 4070 libros
1859 4001 2043 4057 contra

545 4069 923 4141 lliertmyntunt
980 4073 1160 4125 scribit
1224 4071 1469 4137 Ruﬁnus.
1526 4069 1666 4125 XIX.
1729 4077 2042 4127 Anastasius

539 4160 674 4210 papa
712 4144 926 4211 dmnnat
959 4159 1162 4194 errores
1190 4141 1455 4211 Origenis.
1489 4141 1606 4197 XX.
1635 4141 1704 4194 Et
1731 4145 1898 4206 ipsum
1934 4143 2044 4196 Ilu-

538 4212 726 4280 ﬁnum.
751 4210 892 4268 XXI.
920 4212 1274 4282 Hieronymus
1296 4210 1352 4265 et
1381 4211 1602 4280 Ruﬁnus
1634 4215 1841 4282 scriptis
1860 4225 2041 4266 mutuo

541 4299 594 4334 se
631 4284 914 4335 lacessunt.
947 4280 1369 4335 XXIIfMortem
1403 4294 1649 4348 oppetunt
1696 4281 1928 4335 Melania
1961 4300 2043 4336 se-

543 4353 680 4415 nior,
713 4363 759 4404 et
798 4351 1037 4420 lla/inus.
1072 4351 1254 4404 XXIII.
1291 4351 1608 4420 Origeutsmi
1658 4354 1855 4404 tradita:
1889 4352 2041 4403 Pela-

540 4424 831 4489 gianismus
858 4463 872 4485 ,
909 4422 1284 4489 I'elagianismi
1327 4421 1798 4476 Nestorianismus.
1852 4420 2037 4475 XXIV.

545 4492 856 4545 llenascitur
885 4495 936 4544 in
979 4491 1238 4559 Hispania
1279 4490 1662 4560 Origemsmus,
1703 4493 1794 4544 sed
1826 4493 2042 4544 eliditur

537 4578 695 4628 opera
719 4562 1050 4628 Augustini;
1085 4563 1391 4628 penitusque
1415 4563 1625 4614 tandem
1662 4564 1718 4615 in
1758 4561 2040 4616 Occidente

537 4632 874 4700 proﬂigatur.

539 4725 581 4779 I.
630 4726 800 4792 Quam
853 4725 1001 4778 varia
1072 4724 1348 4780 hominum
1406 4723 1608 4794 judicia
1662 4733 1719 4779 et
1765 4723 2056 4794 voluntate,

465 4827 686 4887 experta
739 4817 813 4873 sit
867 4817 1121 4888 Origenis
1171 4817 1414 4872 doctrina
1477 4818 1755 4882 dieturos,
1816 4824 2042 4888 paucula

464 4911 710 4980 quaedam
770 4919 1017 4978 repetere
1071 4920 1320 4981 oportet,
1373 4913 1650 4981 przen'iissa
1690 4912 1800 4980 jam
1855 4929 1882 4968 ιι
1942 4932 2042 4970 ιιο-

465 5004 569 5069 bis,
610 5020 732 5058 cum
773 5004 945 5075 ipsius
979 5007 1142 5058 vitam
1179 5005 1567 5060 scriberemus.
1606 5005 2040 5064 Demonstratum

465 5111 552 5156 est.
588 5111 766 5156 autem
801 5103 1078 5156 turbarum
1120 5102 1382 5166 oumium,
1412 5116 1532 5168 quae
1571 5101 1832 5154 adversus
1853 5097 2041 5170 Orige—

467 5209 590 5246 nem
629 5209 823 5264 magno
867 5193 1125 5248 Ecclesiae
1176 5191 1502 5247 detrimento
1556 5195 1836 5248 concitatze
1889 5206 2039 5256 sunt,

466 5296 740 5338 auctorem
773 5295 827 5340 et
873 5286 1205 5340 incentorem
1241 5285 1404 5339 fuisse
1434 5283 1770 5339 Demetrium
1802 5286 2040 5339 Alexan-

463 5375 702 5431 drinum.
733 5377 865 5430 Nam
898 5394 1020 5432 cum
1048 5380 1114 5433 ab
1139 5379 1446 5433 Alexamlro
1477 5378 1957 5450 Jerosolymorum,
1986 5389 2040 5433 et

466 5467 775 5524 'l'beoctisto
804 5470 1062 5524 Czcsareze
1099 5472 1368 5540 episcopis
1417 5471 1738 5538 presbyterii
1792 5471 2037 5524 ordinem

465 5562 824 5627 suscepisset,
877 5578 1021 5631 aegre
1068 5563 1234 5616 latum
1279 5579 1308 5616 a
1362 5562 1669 5629 Demetrio,
1717 5576 1771 5618 et
1817 5566 1869 5619 in
1915 5581 2037 5620 eum

466 5667 652 5706 severe
678 5653 963 5705 admodum
989 5655 1292 5708 consultum
1316 5665 1541 5724 est,qua
1566 5657 1812 5712 ludibriis
1832 5669 2042 5712 castra-

469 5743 666 5796 tionem
709 5743 876 5810 ipsins
906 5745 1266 5812 propinando,
1297 5762 1398 5813 qua
1431 5763 1524 5814 per
1548 5749 1808 5816 synodum
1836 5765 1901 5802 ex
1927 5749 2024 5802 ali-

471 5841 602 5902 quot
638 5829 852 5900 Egypti
899 5834 1164 5900 episcopis
1207 5850 1236 5887 a
1282 5851 1340 5888 se
1385 5823 1670 5890 conﬂatam
1704 5841 2026 5906 presbyterii

2083 1741 2130 1796 Α
2158 1739 2365 1798 honore
2399 1744 2540 1800 hunc
2571 1749 2841 1818 exuendo,
2875 1761 2928 1808 et
2967 1753 3036 1809 ab
3069 1755 3321 1812 Ecclesia:
3357 1762 3736 1820 communione

2152 1835 2421 1902 arcendo;
2467 1852 2589 1892 cum
2635 1841 2745 1909 jam
2781 1860 2903 1899 eum
2956 1845 3180 1902 docendi
3221 1865 3446 1905 munere
3476 1851 3734 1909 abdican-

2153 1928 2302 1991 dum,
2352 1937 2415 1982 et:
2465 1930 2790 1987 Alexandria
2845 1936 3276 1993 submovendum
3335 1941 3436 1995 alia
3495 1945 3734 2012 synodus

2151 2019 2438 2074 sanxisset.
2480 2020 2611 2076 Tam
2643 2025 2797 2092 gravi
2831 2040 3010 2082 autem
3045 2029 3323 2086 hominum
3359 2033 3617 2103 ﬂagrabat
3653 2037 3736 2090 in-

2153 2108 2314 2172 vidia,
2365 2119 2423 2165 ut
2477 2117 2806 2183 synodorum
2855 2118 3068 2173 illarum
3119 2123 3354 2178 decretis
3403 2129 3735 2184 consentiret

2151 2200 2434 2256 universus
2461 2206 2632 2267 orbis,
2659 2219 2884 2278 excepta
2913 2212 3221 2281 Palmstiua,
3250 2216 3470 2282 Arabia,
3501 2219 3695 2277 Phoeni
3715 2253 3729 2262 -

2150 2292 2231 2346 cia
2271 2305 2327 2348 et
2385 2296 2608 2354 Achaia.
2653 2301 2895 2358 Diximus
2937 2320 3149 2376 quoque
3195 2321 3617 2367 consentaneum
3652 2315 3730 2368 vi-

2149 2383 2284 2448 deri,
2328 2390 2553 2443 vexandi
2595 2390 2711 2458 ejus
2768 2395 3125 2466 undequaque
3163 2414 3356 2456 causas
3400 2413 3732 2472 quareutem

2150 2477 2506 2545 Demetrium,
2552 2483 2836 2551 opiniones
2886 2494 2956 2541 ob
2991 2489 3282 2544 novitatem
3331 2502 3638 2561 suspectas,
3673 2505 3730 2550 et

2147 2571 2216 2626 ab
2269 2571 2523 2628 Ecclesia:
2566 2590 2664 2629 usu
2718 2577 2924 2632 alienas
2977 2582 3323 2648 traduxisse,
3380 2599 3444 2638 ac
3503 2583 3731 2640 forsitan

2147 2663 2437 2719 damnasse
2466 2683 2480 2718 :
2512 2667 2784 2722 Demetrio
2821 2680 3002 2724 autem
3044 2673 3377 2728 successisse
3421 2673 3731 2744 Heraclam,

2148 2752 2388 2809 lleracla:
2423 2756 2737 2828 Dionysium
2769 2761 2984 2829 Origeni
3019 2759 3314 2829 faventem,
3353 2779 3452 2820 nec
3484 2768 3730 2823 concitas

2145 2853 2324 2901 tamen
2359 2849 2618 2904 adversus
2654 2850 2940 2921 Origenem
2977 2853 3246 2922 procellas
3284 2855 3542 2911 Demetrii
3575 2859 3726 2912 obitu

2145 2936 2314 2992 fuisse
2345 2943 2674 3010 consopitas,
2709 2942 3212 3012 ingravescentibus
3243 2946 3532 3002 multorum
3564 2950 3723 3015 odiis,

2147 3045 2280 3096 quos
2305 3032 2496 3086 urebat
2523 3033 2690 3101 ipsius
2721 3033 2915 3103 gloria.
2949 3035 3213 3090 Patebant
3237 3039 3504 3108 principue
3533 3040 3722 3094 horum

2150 3120 2643 3180 insimulationibus
2680 3124 2848 3193 ipsius
2879 3124 3083 3193 Opera;
3117 3143 3238 3198 qua:
3270 3129 3354 3183 vel
3389 3144 3453 3184 ex
3485 3138 3726 3198 tempore

2149 3213 2398 3279 recitata,
2429 3222 2485 3268 et
2512 3229 2578 3268 ex
2606 3230 2700 3269 ore
2728 3216 3102 3272 concionantis
3127 3230 3374 3288 excepta,
3407 3235 3471 3274 ac
3501 3221 3726 3291 proinde

2149 3321 2252 3358 non
2291 3306 2423 3360 satis
2457 3307 2790 3374 pensiculate
2831 3311 3165 3378 composita;
3210 3313 3295 3367 vel
3337 3314 3402 3366 ad
3439 3315 3726 3369 instituen-

2148 3397 2274 3450 dqu
2326 3406 2537 3452 secreto
2583 3397 2946 3464 Ambrosium,
2992 3415 3099 3453 non
3153 3402 3206 3455 in
3243 3403 3511 3470 publicam
3547 3401 3724 3458 lucem

2149 3489 2450 3555 lucubrata,
2491 3498 2544 3546 et
2593 3501 2790 3561 praeter
2818 3490 3067 3561 Origenis
3103 3504 3282 3547 tamen
3335 3495 3618 3548 consilium
3658 3493 3728 3548 ab

2145 3585 2433 3640 Ambrosio
2466 3584 2772 3653 publicata;
2808 3585 2890 3640 vel
2929 3587 3284 3640 inunoderato
3325 3587 3523 3656 ingenii
3565 3587 3722 3642 luxu-

2147 3677 2337 3731 riantis
2365 3679 2549 3732 calore
2583 3677 2824 3746 profusa,
2859 3678 3248 3732 malevolorum
3275 3679 3722 3748 castigationibus

2145 3771 2374 3824 obnoxia
2423 3781 2614 3832 erant;
2659 3787 2780 3824 cum
2831 3771 3134 3838 praesertim
3188 3771 3507 3826 adulteratis
3555 3772 3724 3840 ipsius

2146 3856 2415 3926 Operibus
2449 3874 2579 3913 suos
2607 3861 2770 3913 etiam
2806 3873 3021 3914 errores
3055 3859 3294 3914 haeretici
3343 3861 3725 3927 inseruissent,

2147 3959 2205 4003 ut
2239 3950 2496 4006 diximus.
2540 3951 2646 4006 Sed
2694 3966 2793 4006 nec
2843 3951 3002 4005 facile
3035 3952 3183 4007 dictu
3233 3965 3336 4019 est,
3386 3953 3649 4023 majorine
3673 3954 3724 4009 ei

2146 4043 2345 4098 fuerint
2377 4045 2701 4099 detrimento
2732 4045 3014 4101 calumnia:
3044 4048 3372 4115 invidorum,
3400 4063 3466 4101 an
3496 4047 3722 4102 inﬁnita:

2145 4137 2445 4191 amicorum
2478 4137 2666 4192 laudes
2709 4147 2766 4192 et
2805 4141 3096 4206 praeconia,
3139 4139 3335 4208 quibus
3383 4140 3724 4194 adversario-

2149 4245 2265 4284 rum
2303 4230 2682 4284 malevolentia
2716 4233 3034 4288 acuebatur.
3087 4249 3106 4283 ι
3131 4231 3322 4287 Nonne
3353 4232 3469 4296 tibi,
3495 4251 3512 4284 ι
3548 4233 3725 4301 inquit

2145 4320 2407 4392 Origenes
2434 4322 2621 4376 homil.
2653 4321 2725 4376 25
2754 4323 2808 4375 in
2855 4321 2988 4376 Luc.
3026 4343 3046 4375 ι
3087 4339 3277 4380 omnes
3319 4324 3568 4377 videntur
3601 4323 3722 4392 plus

2147 4429 2359 4469 amasse
2396 4430 2558 4481 quam
2595 4416 2837 4484 expedit,
2861 4425 2914 4470 et
2943 4417 3066 4470 dum
3102 4418 3354 4472 virtutem
3387 4413 3722 4483 uniuscujus-

2145 4523 2251 4575 que
2303 4509 2588 4572 mirantur,
2645 4508 2950 4564 dilectionis
3015 4511 3313 4578 perdidisse
3375 4505 3723 4562 mensuram?

2146 4597 2296 4664 Quod
2341 4599 2554 4666 quidem
2594 4598 2647 4651 in
2695 4599 2930 4653 Ecclesia
2973 4601 3243 4669 patimur;
3298 4598 3541 4668 plerique
3575 4598 3719 4651 enim

2145 4694 2270 4745 dum
2303 4691 2422 4759 plus
2454 4691 2683 4761 diligunt
2731 4709 2892 4763 quant
2934 4706 3221 4753 meremur,
3256 4693 3368 4744 lure
3395 4688 3625 4758 jactant,
3667 4697 3722 4743 et

2145 4782 2456 4851 loquuntur,
2496 4799 2771 4838 sermones
2797 4793 3015 4837 nostros
3054 4781 3462 4849 doctrinamque
3491 4779 3717 4833 laudan-

2147 4884 2251 4938 tes.
2285 4893 2404 4945 qua:
2433 4878 2764 4932 conscientia
2805 4886 2991 4930 nostra
3042 4891 3147 4927 non
3197 4874 3410 4944 recipit.
3443 4874 3548 4927 Alii
3589 4887 3722 4926 vero

2147 4979 2410 5025 tractatus
2468 4981 2683 5026 nostros
2718 4970 3114 5025 calumniantes
3160 4984 3224 5023 ea
3255 4970 3458 5023 sentire
3487 4983 3586 5021 nos
3615 4968 3724 5021 cri—

2146 5063 2443 5126 minantur,
2475 5078 2594 5130 qua:
2645 5075 2919 5129 nunquam
2963 5059 3203 5114 sensisse
3253 5072 3351 5113 nos
3397 5057 3665 5110 novimus.
3694 5074 3714 5107 ι

2143 5153 2440 5209 Calumniis
2482 5155 2667 5223 itaque
2722 5153 2994 5222 appetitus
3033 5150 3319 5221 Origenes,
3360 5158 3416 5203 et
3458 5161 3718 5200 novorum

2145 5245 2454 5314 dogmatum
2482 5257 2787 5314 suspectus,
2819 5244 3024 5312 sparsis
3057 5244 3126 5298 de
3157 5257 3219 5296 se
3260 5239 3569 5294 rumoribus
3602 5251 3718 5290 ma-

2145 5346 2264 5392 ture
2290 5339 2547 5404 occurrit,
2575 5341 2774 5406 scripta
2805 5337 2873 5390 ad
2905 5335 3198 5389 Fabianum
3227 5347 3442 5402 papam,
3475 5332 3720 5399 aliosque

2141 5430 2404 5500 praesules
2436 5431 2686 5500 epistola,
2728 5447 2835 5501 qua
2880 5430 3204 5486 sententiam
3251 5443 3401 5483 suam
3447 5428 3514 5481 de
3560 5425 3718 5481 rebus

2141 5523 2338 5578 divinis
2367 5523 2683 5580 declaravit.

2212 5655 2277 5710 II.
2305 5655 2427 5711 Vita
2474 5659 2717 5710 functum
2755 5655 3004 5709 laudibus
3042 5663 3358 5723 prosecutus
3397 5661 3480 5707 est
3518 5652 3716 5720 Diony-

2143 5752 2255 5804 sius
2295 5749 2694 5804 Alexandrinus
2741 5747 2792 5801 in
2836 5747 3060 5814 epistola
3103 5743 3168 5798 ad
3200 5745 3587 5805 Theotecuum,
3620 5756 3716 5795 seu

2141 5844 2507 5901 'l'hcoctistum
2541 5842 2929 5899 Caesariensem
2965 5838 3298 5899 episcopum,
3342 5846 3399 5892 ut
3435 5852 3464 5891 a
3501 5833 3716 5890 Gobaro
