4170 6482
445 451 511 506 Η
522 451 580 505 {'7

1362 443 1934 503 ORIGENIANORUM
1976 445 2105 502 LIB.
2150 448 2215 514 ΙΙ,
2257 449 2410 505 CAP.
2454 448 2544 514 IV,
2591 448 2786 506 SECT.
2828 452 2872 504 l.

3556 451 3692 506 HIS

444 564 582 633 apttd
628 560 874 615 Photium
924 559 1045 614 cod.
1073 575 1308 624 ccxxxtt,
1343 562 1609 629 proditum
1637 574 1737 617 est.
1783 564 1848 618 Et
1888 579 2018 619 vero
2048 575 2090 628 Α
2123 565 2289 620 ferme
2328 567 2652 622 Adamantin
2697 568 3148 622 adhaerescerent.
3202 566 3373 634 Quem
3433 579 3610 620 tamen
3661 582 3694 621 a

446 671 581 723 quas
619 654 773 708 vivus
827 651 1125 705 animorum
1179 652 1360 706 turbas
1401 654 1679 707 exciverat
1724 655 2006 724 Origenes,

446 743 767 798 morientem
812 742 1134 797 restinxisse
1173 742 1433 796 credibile
1488 753 1604 808 est;
1670 743 1812 797 nulla
1865 745 2008 798 enim

445 835 845 904 perseverantis
870 842 993 903 post
1037 833 1154 901 ejus
1184 834 1388 888 obitum
1421 834 1529 888 odii
1566 834 1762 889 indicia
1800 844 2013 889 veteres

450 929 611 983 nobis
656 925 926 980 memoriae
973 923 1341 993 suppeditant.
1385 923 1489 978 Sed
1535 940 1640 979 non
1678 925 1859 982 multo
1892 935 2015 995 post

447 1019 501 1072 in
534 1016 878 1086 superstitem
903 1013 1018 1082 ejus
1061 1013 1265 1068 famam
1312 1029 1462 1070 novae
1491 1023 1836 1084 tempestates
1861 1017 2012 1070 iucu-

446 1107 696 1160 buerunt.
743 1103 982 1157 Primum
1028 1117 1093 1157 eo
1119 1104 1389 1159 exstincto
1429 1103 1759 1159 Methodium
1790 1105 2010 1176 Tyrium

447 1198 756 1265 episcopum
788 1193 1098 1248 Diocletiani
1140 1195 1470 1263 temporibus
1495 1194 1799 1250 doctrinam
1843 1197 2011 1266 ipsius

446 1287 788 1357 impugnasse
827 1286 1038 1355 reperio
1063 1305 1076 1340 :
1101 1294 1288 1340 narrat
1330 1287 1526 1356 quippe
1568 1287 1928 1358 Hieronymus
1960 1290 2011 1342 in

447 1379 567 1434 libr.
613 1379 686 1432 De
719 1380 899 1445 script.
941 1377 1145 1443 eccles.,
1185 1393 1305 1448 cap.
1356 1378 1444 1441 94,
1475 1379 1708 1449 scriptos
1753 1380 1916 1435 fuisse
1946 1381 2014 1435 ab

444 1486 511 1526 eo
545 1472 711 1526 libros
736 1472 810 1526 De
839 1475 1212 1527 resurrectione
1241 1483 1430 1528 contra
1461 1473 1770 1544 Origenem,
1799 1475 1874 1530 De
1900 1474 2013 1546 Py-

443 1565 702 1627 thonissa,
754 1573 809 1620 et
828 1563 904 1618 De
929 1565 1139 1618 arbitrii
1168 1565 1427 1621 libertate.
1457 1566 1648 1634 Operis
1674 1566 1750 1621 De
1780 1585 2012 1622 resurre-

444 1657 611 1710 ctione
627 1655 982 1726 fragmentum
1004 1657 1212 1726 insigne
1237 1655 1470 1711 Panario
1498 1673 1598 1713 suo
1628 1659 1857 1714 intexuit
1885 1661 2013 1730 Epi-

442 1747 673 1814 phanius
706 1750 834 1803 haer.
861 1748 1118 1817 64,cujus
1139 1759 1390 1819 excerpta
1413 1751 1572 1806 etiam
1610 1755 2015 1821 repraesentavit

442 1835 667 1892 Photius
695 1840 814 1894 cod.
861 1854 1114 1894 ccxxxtv.
1146 1840 1302 1910 Idem]
1323 1843 1445 1896 cod.
1473 1857 1725 1910 ccxxxv,
1760 1855 2009 1914 excerpta

442 1928 596 1983 all'ert
619 1946 682 1985 ex
715 1932 952 2000 ejusdem
984 1933 1174 2001 Ecloga
1207 1935 1337 2006 περὶ
1374 1934 1483 1988 τῶν
1506 1935 1772 2008 γενητῶν·
1808 1946 1861 1991 et
1887 1938 2006 1992 cod.

440 2035 690 2089 ccxxxw,
711 2024 836 2095 περὶ
850 2024 942 2077 τοῦ
957 2025 1317 2091 αὐτεξουσίου,
1334 2027 1525 2095 quibus
1539 2027 1627 2083 Ori
1635 2028 1786 2098 genis
1797 2029 2011 2098 dogma-

447 2123 498 2166 ta
533 2116 1107 2186 castigantur.Ateum
1123 2120 1430 2174 suidcmum
1457 2119 1642 2188 judicii
1674 2121 2006 2190 paenituisse,

441 2214 496 2259 et
522 2205 663 2260 velut
683 2207 1007 2274 palinodiam
1031 2221 1311 2266 canentem
1332 2212 1713 2266 admiratorem
1739 2228 1798 2269 se
1819 2213 2008 2284 Orige-

442 2297 524 2350 nis
561 2297 859 2367 professum
881 2315 1002 2355 esse
1027 2301 1078 2355 in
1103 2301 1321 2373 Dialogo
1336 2318 1494 2372 quem
1518 2301 1794 2359 Xenonem
1817 2306 2008 2362 inscri—

440 2389 566 2454 psit,
596 2398 784 2444 auctor
808 2400 892 2445 est
923 2390 1174 2448 Socrates
1196 2393 1320 2449 libr.
1353 2411 1426 2462 Vl,
1455 2410 1574 2465 cap.
1627 2397 1716 2451 15.
1756 2397 1869 2469 (51)
1903 2397 2008 2454 Sed

443 2475 651 2531 Socrati
709 2481 1029 2535 contradicit
1077 2482 1337 2541 Baronius
1383 2487 1448 2542 ad
1498 2502 1587 2544 an.
1644 2487 1792 2554 402,
1857 2506 2007 2545 men-

445 2569 693 2639 daciique
720 2587 868 2626 reum
903 2575 1110 2645 peragit
1139 2576 1242 2631 hoc
1274 2589 1614 2648 argumento,
1641 2582 1793 2651 quod
1823 2581 2008 2636 lauda-

443 2670 554 2713 ttnn
586 2663 760 2732 primo
786 2681 814 2718 a
848 2681 905 2720 se
932 2665 1219 2737 Origenem
1257 2682 1441 2738 postea
1480 2672 1750 2727 damnarit
1796 2674 2007 2730 Metho-

440 2751 560 2805 dius
583 2793 598 2817 ,
637 2763 694 2808 ttt
724 2755 987 2812 Eusebius
1019 2761 1182 2813 tradit
1222 2763 1359 2830 apud
1399 2761 1782 2834 Hieronymum
1816 2765 1934 2821 libr.
1966 2784 2004 2836 ι,

438 2844 658 2916 Apolog.
690 2847 743 2901 in
780 2847 981 2918 Rn/in.,
1009 2867 1126 2921 cap.
1164 2853 1219 2917 2,
1268 2863 1472 2909 tantum
1510 2855 1662 2911 abest
1688 2865 1747 2911 ut
1787 2859 2008 2913 damna-

441 2944 550 2990 tum
583 2955 610 2991 a
638 2955 694 2994 se
722 2944 920 3010 primo,
941 2944 1136 2999 deinde
1162 2945 1410 3000 laudarit.
1432 2947 1595 3015 Quasi
1624 2965 1728 3005 non
1757 2949 2009 3008 laudasse

439 3030 670 3098 primum
695 3031 982 3102 Origenem
1013 3038 1244 3105 potuerit
1271 3038 1591 3105 Methodius,
1617 3051 1671 3098 et
1702 3046 2007 3113 deprehen-

441 3121 517 3174 sis
543 3124 880 3191 postmodum
916 3129 1195 3183 erroribus
1225 3129 1578 3200 vituperasse,
1607 3144 1662 3188 et
1692 3136 1880 3192 iisdem
1911 3139 2006 3194 de-

441 3230 582 3268 mum
636 3220 907 3274 excusatis
953 3222 1018 3274 ad
1081 3223 1314 3292 priorem
1373 3229 1697 3282 sententiam
1760 3231 2005 3287 rediisse.

438 3307 600 3363 Addit
628 3310 889 3368 Baronius
912 3330 976 3368 ex
1007 3314 1258 3371 Methodii
1304 3327 1490 3373 contra
1531 3318 1814 3393 Origeuem
1857 3324 2012 3380 lucu-

439 3398 774 3456 brationibus
795 3404 1024 3471 plurima
1043 3407 1435 3478 deprompsisse
1454 3411 1840 3483 Epiphanium;
1864 3418 2010 3488 quod

441 3491 624 3546 facere
668 3495 994 3560 erubuisset,
1032 3499 1076 3553 si
1123 3501 1318 3556 scisset
1359 3505 1640 3572 pristinam
1677 3509 2008 3564 sententiam

439 3580 765 3638 Methodium
804 3601 1108 3643 revocasse.
1132 3590 1348 3647 Valeret
1373 3583 1423 3648 id
1451 3609 1605 3659 sane,
1639 3596 1682 3650 si
1713 3596 1764 3650 in
1789 3596 2009 3669 Dialogo

438 3671 532 3723 illo
561 3671 784 3729 Xenone
819 3679 1125 3746 scripsisset
1165 3680 1490 3747 Methodius,
1531 3699 1868 3760 quaecunque
1892 3708 1921 3746 a
1952 3711 2010 3748 se

438 3763 704 3820 adversus.
735 3765 1023 3839 Origenem
1056 3770 1200 3827 dieta
1231 3781 1378 3842 sunt,
1418 3773 1548 3832 falsa
1581 3795 1732 3846 esse;
1769 3782 1850 3836 sin
1883 3798 2010 3838 vero

440 3860 490 3911 id
525 3859 626 3913 sibi
672 3861 837 3916 voluit
879 3863 1158 3930 duntaxat,
1191 3881 1404 3925 errasse
1438 3873 1658 3940 quidem
1693 3873 2006 3945 Origenem,

441 3952 534 4003 sed
574 3967 759 4007 errore
804 3954 1182 4025 condonanda,
1239 3960 1508 4031 nimisque
1556 3979 1741 4018 severe
1777 3981 1898 4020 eum
1946 3981 2008 4020 ac

439 4043 645 4097 duriter
677 4059 708 4098 a
740 4060 798 4099 se
843 4060 1146 4116 exceptum,
1195 4049 1282 4103 cui
1335 4049 1521 4107 favere
1563 4053 1744 4120 potius
1793 4065 2010 4124 propter

436 4132 712 4201 pietatem,
754 4144 807 4188 et
846 4137 1104 4205 praeclara
1148 4138 1202 4191 in
1242 4139 1540 4193 Ecclesiam
1571 4141 1761 4194 merita
1791 4141 2007 4196 debuis-

436 4230 539 4285 set,
569 4237 673 4290 quo
699 4225 909 4279 tandem
937 4225 1361 4281 reciditBaronii
1393 4229 1769 4285 ratiocinatio?
1789 4231 2006 4287 Postre-

439 4327 583 4364 mum
630 4313 774 4368 illius
827 4315 1088 4371 adversus
1137 4315 1417 4372 Socratem
1474 4333 1852 4391 argumentum
1906 4324 2008 4378 hoc

435 4403 546 4464 est;
583 4403 911 4458 Methodiani
945 4405 1157 4475 Dialogi
1187 4410 1511 4464 mentionem
1553 4422 1769 4467 exstare
1802 4414 2005 4468 nullam

438 4496 576 4562 apud
620 4495 927 4561 Eusebium,
965 4498 1163 4552 nullatn
1199 4505 1338 4568 apud
1370 4499 1646 4569 Rufinum,
1688 4518 1751 4558 ac
1780 4505 2006 4572 proinde

2047 1915 2085 1968 Β

2115 657 2274 711 Petro
2308 659 2671 712 Alexandrino
2701 660 2952 727 episcopo
2982 671 3037 712 et
3063 668 3326 728 martyre,
3360 659 3451 722 qui
3483 657 3694 712 Metho-

2113 746 2184 800 dii
2218 749 2360 800 aetati
2409 763 2607 816 suppar
2663 747 2782 811 fuit,
2817 747 2954 801 male
2993 747 3236 800 habitum
3283 747 3512 816 reperio.
3549 744 3692 800 Loca

2111 835 2353 903 quaedam
2389 852 2451 889 ex
2497 837 2668 904 ipsius
2707 836 2860 889 libris
2900 835 3107 899 profert
3133 833 3474 888 Justinianus
3499 833 3551 886 in
3575 834 3694 902 epi-

2112 927 2248 980 stola
2280 927 2344 979 ad
2383 926 2614 990 Menam,
2655 928 2793 981 unde
2821 942 2982 996 quam
3017 925 3259 980 infensus
3293 925 3397 991 ipsi
3428 924 3694 978 adversus

2113 1018 2399 1088 Origenem
2447 1019 2660 1074 animus
2705 1019 2884 1081 fuerit,
2930 1018 3265 1086 intelligitur.
3319 1016 3470 1070 Tunc
3505 1026 3689 1069 autem

2115 1111 2258 1164 inter
2309 1121 2605 1166 sectatores
2655 1111 2900 1182 Origenis
2946 1111 3287 1165 Alexandriae.
3329 1109 3557 1164 ﬂorebat
3609 1108 3692 1161 vir

2114 1205 2290 1272 magni
2335 1204 2568 1256 nominis
2610 1203 2821 1258 Pierius
2853 1205 3156 1273 presbyter,
3190 1217 3348 1271 quem
3389 1216 3510 1254 rara
3556 1214 3686 1253 eru-

2114 1293 2268 1357 ditio,
2301 1293 2600 1346 indefessus
2629 1293 2798 1354 labor,
2837 1292 2966 1346 felix
2993 1293 3295 1361 ingenium,
3321 1290 3692 1359 temperantiae

2114 1398 2178 1438 ac
2209 1384 2540 1452 paupertatis
2565 1382 2826 1445 studium,
2857 1383 3014 1436 utiles
3054 1392 3112 1436 et
3139 1382 3392 1451 jucunda:
3423 1382 3492 1435 ad
3521 1395 3691 1450 popu-

2117 1472 2222 1526 lum
2274 1473 2562 1527 conciones
2613 1481 2820 1526 tantum
2873 1473 3354 1536 commendarunt,
3387 1480 3446 1524 ut
3507 1470 3692 1538 junior

2115 1565 2372 1634 Origenes
2433 1567 2753 1619 diceretur:
2791 1565 2946 1632 quasi
3002 1565 3054 1617 iu
3109 1579 3172 1618 ea
3223 1563 3414 1626 laude,
3468 1562 3688 1616 laudum

2114 1656 2374 1723 omnium,
2397 1671 2516 1725 quae
2542 1655 2965 1710 ecclesiasticum
2997 1657 3170 1708 virum
3197 1655 3446 1717 deceant,
3479 1667 3688 1708 summa

2116 1744 2650 1802 continereturz'llv
2691 1747 2800 1819 γὰρ
2830 1747 2950 1799 τότε
2989 1747 3046 1798 ἐν
3092 1748 3202 1808 τοῖς
3245 1743 3690 1812 ἀξιολογωτάτοις

2129 1839 2435 1910 Ὠριγένης.
2484 1859 2502 1890 ι
2530 1839 2678 1894 Tunc
2715 1841 2859 1894 enim
2903 1840 3044 1892 inter
3074 1837 3456 1892 celeberrimos
3499 1835 3692 1906 Orige-

2117 1947 2210 1986 nes
2242 1935 2603 1996 habebatur.)
2643 1933 2815 2002 inquit
2855 1931 3081 1986 Pbotius
3125 1929 3244 1985 cod.
3281 1945 3428 1992 cxtx,
3478 1929 3566 1982 ubi
3623 1929 3689 1982 de

2118 2024 2277 2079 Pierii
2325 2025 2543 2092 scriptis
2587 2024 2823 2078 disserit.
2860 2023 3001 2078 Idem
3050 2024 3170 2078 cod.
3207 2038 3316 2084 ενι,
3361 2016 3688 2090 Theognosti

2115 2116 2458 2173 Alexandrini
2493 2115 2897 2186 Hypotyposeon
2931 2116 3098 2170 libros
3137 2124 3340 2183 septem
3375 2126 3689 2176 recensens,

2115 2221 2237 2261 eum
2276 2207 2352 2261 ait
2387 2208 2501 2263 sive
2539 2207 2861 2273 assectandi,
2910 2207 3026 2261 sive
3066 2205 3384 2261 defendendi
3435 2202 3684 2272 Origenis

2116 2301 2291 2356 studio
2319 2302 2537 2355 ductum
2584 2301 2887 2354 decrevisse
2926 2298 3016 2354 Dei
3049 2297 3241 2352 Filium
3269 2311 3390 2352 esse
3418 2305 3689 2361 creatum,

2114 2403 2170 2446 et
2199 2394 2404 2447 ratione
2445 2392 2683 2461 praeditis
2716 2401 2923 2445 tantum
2970 2405 3223 2459 praeesse,
3267 2387 3567 2455 eademque
3615 2387 3681 2440 de

2116 2485 2319 2554 Spiritu
2354 2494 2542 2539 sancto
2568 2498 2632 2536 ac
2655 2482 2942 2551 Origenem
2977 2480 3344 2550 proposuisse,
3370 2487 3424 2533 et
3454 2493 3683 2546 corpora

2117 2576 2322 2644 angelis
2344 2573 2750 2628 acdaemouibus
2774 2577 2897 2627 item
2919 2582 2975 2626 ut
2993 2572 3138 2625 illum
3163 2570 3432 2624 tribuisse.
3448 2569 3516 2622 At
3537 2568 3688 2620 codi-

2115 2679 2177 2718 ce
2201 2673 2379 2716 tamen
2402 2678 2640 2726 ccxxxtt,
2659 2663 3010 2716 Athanasium
3039 2660 3226 2715 scribit
3253 2658 3474 2713 Photius
3509 2655 3686 2710 Thec-

2115 2765 2364 2822 gnostum
2398 2753 2448 2804 in
2483 2752 2668 2805 multis
2698 2750 2832 2805 locis
2859 2750 3162 2803 admittere.
3191 2748 3332 2802 Sane
3357 2745 3687 2801 studiosissi-

2115 2859 2264 2897 mum
2299 2844 2497 2907 virum,
2537 2851 2593 2896 et
2635 2843 2922 2905 disertum,
2953 2850 3007 2895 et
3035 2839 3410 2894 admirandum
3437 2853 3558 2892 eum
3593 2851 3688 2904 ap-

2116 2933 2276 3002 pellat
2321 2933 2648 2987 Athanasius
2693 2933 2759 2988 de
2811 2932 3001 3002 synodi
3070 2930 3300 2985 Nicaeum
3343 2930 3598 2996 decretis,
3630 2937 3689 2984 et

2116 3026 2182 3082 de
2225 3034 2445 3094 peccato
2487 3025 2538 3078 in
2581 3024 2842 3094 Spiritqu
2889 3028 3160 3088 sanetum,
3195 3025 3470 3092 ipsiusque
3495 3024 3684 3092 praesi-

2115 3115 2259 3169 dium
2291 3115 2549 3171 adversus
2575 3117 2806 3170 Arianos
2836 3127 3061 3186 usurpat
3089 3133 3103 3168 :
3131 3126 3290 3184 atque
3322 3115 3522 3169 idcirco
3547 3130 3684 3184 prae—

2119 3208 2422 3262 termissam
2467 3211 2535 3265 ab
2574 3209 2807 3263 Eusebio
2857 3209 3181 3262 mentionem
3219 3208 3362 3262 illius
3408 3208 3686 3276 probabile

2112 3307 2220 3359 est,
2257 3297 2396 3366 quod
2431 3299 2500 3352 ab
2529 3299 2748 3353 Arianis
2787 3299 3032 3367 partibus
3083 3297 3248 3350 fuerit
3277 3297 3504 3352 alienus.
3537 3297 3684 3362 Qua-

2113 3401 2333 3460 propter
2363 3405 2650 3461 eorruptas
2690 3392 2808 3462 ejus
2843 3391 3204 3462 Iiypotyposes
3237 3393 3305 3446 ab
3336 3391 3496 3459 hujus
3524 3399 3686 3444 sectae

2113 3483 2376 3549 patronis,
2393 3483 2850 3550 quemadmodum
2874 3495 2928 3536 et
2951 3484 3247 3538 Clementis
3276 3481 3471 3536 librum
3495 3481 3686 3534 eodem

2113 3573 2267 3630 titulo
2307 3573 2649 3644 inscriptum,
2699 3590 2803 3629 non
2858 3575 3127 3630 immerito
3154 3574 3401 3628 Andreas
3431 3571 3688 3626 Schottus

2118 3668 2388 3736 conjectat
2419 3666 2472 3718 in
2519 3664 2699 3719 Schol.
2732 3666 2797 3719 ad
2831 3665 3006 3720 Photii
3039 3668 3159 3720 cod.
3190 3679 3296 3718 cvt.
3332 3662 3485 3730 Quod
3514 3662 3558 3716 si
3603 3662 3687 3714 in-

2111 3767 2260 3827 tcger
2285 3757 2350 3810 ad
2401 3771 2498 3811 nos
2528 3753 2701 3811 Photii
2737 3757 2904 3811 codex
2937 3755 3292 3826 pervenisset,
3324 3762 3540 3808 aetatem
3569 3751 3689 3820 ejus

2111 3858 2442 3919 compertam
2470 3849 2811 3906 haberemus.
2839 3849 3014 3904 Unum
3041 3850 3141 3904 hoc
3166 3847 3310 3901 scire
3340 3846 3485 3914 licet,
3509 3845 3686 3900 Atha-

2112 3943 2270 3996 nasio
2322 3939 2680 4010 antiquiorem
2737 3940 2904 3996 fuisse
2955 3939 3140 4006 illum,
3195 3939 3432 4008 Origene
3493 3950 3687 3992 recen-

2111 4033 2322 4086 liorem.

2180 4122 2270 4179 IV.
2310 4122 2356 4176 A
2398 4121 2650 4177 Methodii
2690 4130 2850 4176 actate
2894 4123 2960 4177 ad
3010 4123 3210 4177 Ariana
3262 4131 3504 4192 tempora
3553 4135 3687 4177 suus

2111 4212 2328 4284 Origeni
2360 4215 2531 4268 honos
2556 4214 2774 4268 videtur
2798 4215 3125 4270 constitisse.
3155 4215 3288 4270 Orto
3315 4225 3496 4270 autem
3527 4215 3682 4280 Ario,

2111 4307 2468 4379 patrocinium
2496 4309 2683 4364 haeresi
2708 4323 2821 4364 suae
2842 4316 3143 4376 quaerentes
3168 4309 3378 4374 Ariani,
3407 4309 3684 4387 Adaman;

2111 4401 2167 4455 tii
2193 4415 2383 4455 nomen
2403 4415 2578 4454 causa:
2597 4415 2709 4454 sua:
2729 4413 3023 4468 prtetexere
3042 4397 3384 4454 studuerunt.
3409 4402 3484 4454 Ex
3514 4401 3683 4469 ipsius

2108 4508 2238 4564 ergo
2255 4492 2510 4561 operibus
2539 4492 2870 4561 collegerunt
2894 4492 3178 4560 diligenter
3201 4507 3537 4562 quacunque
3560 4493 3682 4548 Filii

440 4589 834 4656 supposititium
885 4603 1023 4643 esse.
1075 4589 1368 4646 Videratne
1413 4608 1543 4648 vero
1601 4594 1863 4650 Bal-anius
1907 4610 2001 4651 sex
2038 4605 2081 4660 ι)
2110 4585 2419 4654 dignitatem
2452 4584 2802 4648 labefactare,
2838 4585 2919 4639 vel
2951 4601 3100 4638 suam
3136 4587 3371 4654 denique
3402 4588 3470 4641 de
3501 4585 3684 4640 Triui-

439 4675 713 4746 Apologiw
745 4679 910 4734 libros
941 4697 970 4734 a
1003 4680 1285 4750 Pamphilo
1325 4691 1378 4736 et
1415 4682 1647 4738 Eusebio
1689 4684 1740 4737 itt
1775 4686 2004 4754 gratiam

436 4763 684 4836 Origeuis
727 4772 978 4842 scriptos,
1025 4773 1076 4826 in
1123 4773 1318 4842 quibus
1371 4789 1706 4844 quaecunque
1767 4792 1864 4845 pro
1917 4778 2007 4834 illo

437 4853 619 4912 facere
657 4870 928 4929 poterant.
993 4863 1280 4934 diligenter
1323 4865 1552 4920 collecta
1606 4865 1846 4935 fuerunt,
1905 4885 2007 4924 nec

437 4943 679 5004 Xenouis
714 4953 938 5019 proinde
976 4954 1187 5024 Dialogi
1223 4958 1424 5010 mentio
1465 4959 1866 5026 praetermissa?

510 5037 598 5093 Ill.
631 5039 776 5097 Sane
817 5051 965 5097 tanta
999 5057 1119 5101 erat
1160 5047 1246 5101 bis
1290 5049 1623 5118 temporibus
1666 5049 2005 5119 Origenianae

434 5131 694 5185 doctrinae.
724 5133 1009 5191 celebritas
1035 5147 1090 5192 et
1133 5140 1484 5203 existimatio,
1527 5153 1584 5195 ut
1611 5143 1736 5196 hinc
1769 5142 1835 5196 ad
1877 5141 2002 5196 facti

438 5224 809 5292 paenitentiam
849 5229 1133 5283 adductum
1180 5231 1348 5288 fuisse
1381 5235 1596 5288 credam
1650 5235 2001 5299 lllethodium,

435 5327 557 5368 cum
589 5315 674 5367 vix
697 5329 1018 5385 quemquam
1048 5321 1112 5374 ad
1137 5337 1262 5377 suas
1285 5323 1560 5393 pelliceret
1584 5336 1795 5394 partes;
1821 5327 2000 5382 cuncti

507 5492 620 5565 (bl)
649 5494 755 5572 Sed
785 5495 1329 5572 Socratincontradicit
1351 5501 1704 5559 Baronius....
1729 5505 1864 5572 quod
1887 5504 2004 5557 lau-

436 5565 621 5638 datum
655 5569 820 5638 primo
853 5585 884 5638 a
913 5584 967 5620 se
991 5565 1268 5636 Origenent
1290 5579 1466 5638 postea
1500 5565 1763 5627 damnari}
1797 5573 2004 5627 Metho-

435 5635 578 5712 dim_,
626 5643 679 5685 nt
709 5635 976 5712 Eusebius
1017 5635 1186 5712 tradit
1230 5635 1368 5712 api“!
1419 5639 1796 5712 Hieronymum
1839 5643 1928 5700 lib.
1962 5660 2001 5709 t,

435 5703 661 5772 Apolog.
708 5705 761 5758 itt
809 5705 984 5758 llulin.
1013 5705 1090 5758 Eu
1122 5708 1230 5773 ipsa
1264 5703 1494 5763 'Ettsebii
1525 5703 1689 5765 verba
1740 5729 1804 5767 ex
1834 5714 1923 5768 lib.
1948 5703 2000 5768 vi

435 5774 704 5847 Apologia:
746 5775 913 5847 ipsius
945 5793 1040 5845 pro
1071 5775 1314 5844 Origene,
1351 5780 1528 5847 qualia
1573 5783 1790 5837 exhibet
1817 5783 2001 5838 Hiero-

435 5858 633 5911 nymus
656 5844 774 5898 loco
797 5844 963 5898 citato
989 5865 1002 5900 :
1037 5865 1054 5898 ι
1081 5844 1556 5912 Ωιι‹)ιιιοαο’;ιιιειιε
1583 5861 1665 5905 est
1699 5851 1998 5907 Methodius

438 5927 580 5967 nunc
610 5925 796 5970 contra
827 5914 1110 5974 Orieenem
1142 5918 1400 5978 Scribere.
1433 5921 1520 5978 uui
1552 5923 1662 5976 haec
1702 5933 1753 5976 et
1798 5925 1908 5979 lucc
1935 5927 1997 5980 de

2112 4686 2220 4732 tate
2266 4677 2633 4745 cpinatiouem
2673 4678 2864 4746 juvare
2909 4677 3248 4732 videbantur.
3287 4679 3461 4748 Atque
3501 4679 3552 4732 id
3596 4691 3682 4734 to-

2112 4769 2332 4823 lerabile
2357 4779 2493 4831 erat,
2520 4771 2563 4822 si
2597 4771 2696 4823 hac
2727 4769 2833 4824 lluc
2857 4770 3108 4824 vecordia
3140 4772 3378 4840 ipsorum
3406 4773 3678 4840 stetisset;

2110 4877 2294 4915 verum
2331 4864 2549 4916 nefariae
2589 4864 2750 4916 etiam
2794 4865 3053 4917 doctrina:
3081 4866 3228 4919 virus
3263 4866 3451 4921 iisdetn
3482 4869 3678 4935 passim

2109 4953 2412 5006 all'uderunt
2441 4954 2682 5022 scriptis,
2715 4965 2771 5007 ut
2798 4969 2949 5008 suum
2984 4955 3196 5022 penitus
3221 4956 3508 5026 Ot‘igeuent
3540 4957 3683 5013 face-

2110 5053 2250 5099 rent.
2275 5045 2440 5112 Cujus
2466 5046 2532 5099 ad
2554 5047 2867 5100 elevaudant
2903 5047 3304 5114 auctoritatem,
3331 5065 3434 5118 qtta
3472 5060 3679 5104 tantum

2112 5137 2482 5206 gloriabantur
2506 5136 2718 5202 Ariani,
2741 5138 2976 5191 animum
3006 5140 3323 5208 appulerunt
3353 5141 3676 5208 orthodoxi;

2120 5229 2538 5284 reclamantibus
2593 5232 2904 5285 econtrario
2938 5231 3174 5297 Arianis,
3206 5245 3260 5286 et
3293 5249 3446 5287 suum
3493 5235 3680 5303 Orige—

2106 5325 2281 5376 nianze
2325 5321 2582 5376 doctrinae
2627 5336 2690 5377 ac
2741 5319 2898 5376 fatnze
2943 5323 3200 5378 honorem
3247 5326 3450 5378 servari
3481 5329 3679 5383 merito

2111 5504 2358 5577 Origenis
2384 5505 2592 5562 locutus
2627 5516 2711 5562 est
2757 5507 3116 5577 dogmatibus.
3141 5525 3159 5556 ι
3193 5504 3362 5562 Porro
3390 5508 3476 5563 hic
3504 5510 3674 5565 Euse-

2109 5575 2231 5630 hius
2254 5584 2437 5643 aperte
2469 5592 2574 5631 non
2601 5578 2734 5631 dicit
2773 5575 3098 5631 Methodium
3144 5577 3307 5631 fuisse
3341 5589 3496 5632 antea
3528 5582 3674 5634 locu-

2111 5654 2344 5715 tum_pro
2371 5644 2620 5712 Origene.
2649 5646 2834 5714 Neque
2863 5651 3005 5701 enim
3035 5647 3184 5706 dicit.
3223 5648 3452 5715 qui’hwc
3479 5659 3528 5702 et
3561 5650 3673 5702 haec

2106 5715 2172 5769 de
2205 5712 2449 5785 Origenia
2484 5715 2692 5769 locutus
2722 5712 2898 5770 fuerat
2923 5712 3288 5784 dogmatibus;
3319 5719 3412 5772 sed
3443 5729 3668 5783 tantum,

2105 5785 2308 5858 locutus
2339 5795 2421 5858 est,
2447 5802 2478 5858 :_
2496 5787 2636 5854 quod
2684 5786 2735 5840 itt
2787 5798 3072 5858 utramque
3111 5800 3316 5853 partem
3365 5790 3532 5858 accipi
3581 5805 3672 5858 po-

2109 5865 2230 5924 test.
2264 5853 2389 5924 Non
2412 5853 2571 5924 igitur
2601 5857 2859 5909 mendacii
2893 5853 3230 5910 accusandus
3275 5867 3357 5910 est
3391 5853 3664 5914 Socrates.

2107 5923 2322 5980 Heuric.
2357 5923 2618 5989 Valesius.
2665 5924 2788 5981 Not.
2829 5927 2883 5981 in
2920 5926 3125 5982 Socrat.
3163 5927 3234 5983 lib
3292 5942 3362 5995 vt,
3409 5943 3526 5993 cap.
3576 5929 3661 5982 15.
