4170 6440
486 393 626 457 1119

1794 425 1855 482 Ρ.
1894 425 2208 482 DANIELIS
2245 426 2478 483 HUETH

3603 427 3745 482 nso

483 518 814 615 volentibus.
837 524 979 593 Quot
1003 544 1133 602 ergo
1162 532 1273 590 fere
1288 539 1370 591 vel
1399 536 1635 595 fautores
1660 542 1845 596 habuit
1870 544 2065 597 Ariana
2097 548 2141 605 Α
2170 559 2273 613 qua
2309 545 2481 615 ipsius
2515 543 2701 600 referti
2743 552 2868 600 sunt
2914 542 3053 609 libri,
3102 540 3546 612 prater-mittere;
3580 542 3738 596 noxia

484 607 726 711 Turesis,
780 616 863 669 vel
916 633 1339 694 oppugnatores,
1391 631 1613 685 totidem
1668 634 2059 703 propemodum

480 697 865 770 Origenianam
899 710 1197 770 doctrinam
1235 721 1315 775 vel
1357 723 1592 791 amplexi
1634 697 1783 794 sunt,
1830 727 1914 781 vel
1966 728 2061 782 de-

486 794 664 848 testati
698 812 709 848 :
740 811 838 852 nec
865 801 1080 859 aliunde
1113 816 1467 879 tempestates
1498 815 1761 871 adversus
1803 833 1926 872 eum
1957 819 2059 875 hoc

481 891 723 950 tempore
763 900 980 947 coortas
1009 897 1287 955 existimo.
1336 901 1575 957 Partium
1623 906 1853 961 istarum
1882 908 2054 962 studia

481 974 768 1070 manifesto
813 996 1008 1041 cernas
1060 989 1111 1042 in
1154 990 1476 1051 clarissimis
1518 997 1714 1051 horum
1755 1009 2055 1070 temporum

485 1068 827 1166 pinesulihus,
858 1074 1142 1136 Eustathio
1164 1080 1501 1143 Antiocheno
1545 1098 1598 1143 et
1623 1068 2057 1148 Eusebio'Cassa-

483 1158 671 1252 riensi.
718 1162 816 1219 Hic
858 1168 1074 1226 Arianae
1123 1173 1373 1233 factionis
1421 1181 1666 1251 signifer,
1706 1184 2055 1252 quemadmo-

475 1248 602 1303 dum
634 1257 934 1324 appellatur
983 1264 1051 1319 ab
1106 1265 1431 1340 Hieronymo
1476 1248 1613 1345 :libr.
1641 1289 1680 1341 ι,
1725 1248 1787 1329 in
1846 1275 2050 1345 Ruﬁn.,

474 1357 597 1411 cap.
631 1344 686 1411 2,
722 1360 775 1401 ut
803 1350 1139 1423 Origenianm
1165 1336 1321 1416 famze
1357 1336 1681 1433 consuleret,
1713 1368 1779 1422 ad
1812 1336 2052 1425 scriben;

473 1434 596 1489 dam
622 1451 720 1505 pro
740 1441 970 1513 Origene
1002 1450 1303 1521 Apologiam
1330 1454 1537 1510 induxit
1563 1460 1793 1513 amicum
1823 1477 1977 1515 suum
2000 1470 2052 1517 et

479 1526 797 1621 familiarem
852 1535 1194 1605 Pamphilum
1249 1549 1647 1621 presbyterum,
1691 1551 1937 1621 Origenis
1979 1556 2048 1609 ita

474 1620 800 1691 studiosum,
846 1637 903 1682 ut
944 1644 1134 1687 omnes
1166 1616 1426 1706 Origenis
1473 1616 1646 1697 libros.
1691 1616 2048 1716 undequaqne

474 1715 809 1808 conquisitos
857 1719 1178 1779 Caesariensi
1239 1728 1494 1786 Ecclesia:
1545 1734 1821 1791 dedicaret
1863 1715 2049 1808 (verba

474 1814 602 1859 sunt
630 1805 942 1882 Hieronymi
988 1816 1038 1869 in
1066 1820 1225 1888 epist.
1274 1823 1339 1874 ad
1369 1822 1626 1895 Marcell.)
1663 1835 1714 1881 et
1755 1805 2042 1885 max-imam

2168 648 2395 703 quasque
2429 642 2483 688 et
2519 633 2884 689 criminationi
2917 643 3216 703 opportuna
3256 633 3323 686 ad
3357 630 3612 685 invidiam
3653 629 3740 684 fa-

2167 724 2413 780 ciendam
2440 724 2726 796 colligere;
2755 724 3039 779 nonnnllos
3068 724 3233 778 etiam
3276 722 3329 777 in
3367 721 3484 790 ejus
3512 720 3741 776 lectione

2168 824 2439 881 versatos,
2472 827 2755 887 postquam
2789 830 2887 887 per
2910 830 3034 871 eum
3060 815 3196 870 satis
3225 813 3519 884 profecisse
3550 827 3613 867 se
3653 812 3738 867 in-

2170 904 2525 971 tellexissent,
2579 916 2691 961 tum
2739 921 2871 962 vero
2895 920 2927 960 a
2960 905 3224 974 magistro
3259 919 3360 960 suo
3391 903 3736 968 discessisse,

2166 1005 2222 1052 et
2246 998 2607 1054 anathematis
2636 1014 2761 1053 eum
2799 996 3125 1063 confodisse,
3158 1012 3227 1053 ne
3256 996 3385 1067 quid
3430 995 3501 1051 ab
3538 1010 3605 1050 eo
3628 995 3741 1051 aci-

2163 1090 2287 1145 licet
2311 1092 2584 1161 accepisse
2608 1089 2941 1145 viderentur.
2975 1089 3177 1146 Deinde
3204 1088 3419 1158 subjicit
3443 1104 3458 1142 :
3489 1106 3509 1139 ι
3531 1087 3587 1142 In
3616 1095 3737 1141 tan-

2166 1192 2276 1237 tum
2318 1191 2495 1238 autem
2546 1183 2739 1239 horum
2784 1183 2851 1239 de
2895 1182 3094 1252 quibus
3135 1198 3297 1252 supra
3337 1181 3571 1236 diximus
3610 1193 3739 1249 pro-

2164 1291 2349 1345 gressa
2377 1275 2577 1331 malitia
2603 1283 2710 1342 est,
2739 1283 2799 1330 ut
2825 1275 3042 1345 quidam
3068 1274 3234 1329 etiam
3264 1272 3611 1330 conscribere
3639 1270 3738 1325 ad-

2166 1384 2355 1424 versus
2386 1384 2508 1423 eum
2538 1369 2653 1422 ausi
2698 1370 2827 1435 sint,
2862 1377 2918 1424 et
2960 1367 3157 1423 libellis
3189 1367 3350 1423 editis
3393 1368 3657 1436 derogare
3680 1362 3734 1420 el

2159 1458 2300 1522 viro,
2347 1458 2439 1527 qui
2486 1471 2582 1527 per
2612 1465 2691 1511 tot
2737 1471 2909 1512 annos
2962 1457 3223 1523 magister
3266 1454 3523 1510 Ecclesiae
3560 1451 3681 1507 fuit.
3708 1467 3733 1505 ι

2164 1550 2355 1605 Tradit
2384 1550 2603 1617 insuper
2633 1548 2800 1604 libros
2825 1563 2919 1604 eos
2948 1548 3289 1617 potissimum
3327 1546 3494 1601 fuisse
3521 1543 3733 1615 appeti-

2160 1651 2266 1706 tos,
2302 1659 2322 1693 ι
2351 1655 2489 1711 quos
2518 1655 2615 1710 per
2651 1641 2884 1710 spatium
2923 1652 2981 1695 et
3009 1641 3245 1709 quietem
3274 1638 3327 1693 in
3359 1646 3571 1692 secreto
3596 1620 3737 1690 con-4

2158 1734 2469 1802 scripserat,
2496 1750 2516 1785 ι
2551 1733 2694 1803 quod
2731 1732 2784 1786 in
2818 1732 2886 1787 iis
2913 1732 3153 1801 apertius
3179 1729 3503 1785 disseruisse
3537 1727 3731 1783 existi-

2160 1834 2435 1889 maretur;
2471 1839 2581 1893 pra:
2613 1824 2734 1879 aliis
2763 1840 2889 1879 vero
2914 1823 3078 1878 libros
3107 1822 3246 1891 Περὶ
3272 1820 3494 1891 ἀρχῶν,
3531 1819 3584 1873 in
3611 1818 3733 1887 qui-

476 1910 663 1954 eorum
707 1914 916 1972 partem
959 1925 1119 1965 manu
1171 1928 1266 1967 sua
1323 1915 1677 1981 describeret,
1727 1924 1819 1990 qui
1872 1921 2057 1980 Hiero.
2087 1913 2129 1967 Β
2159 1920 2258 1973 bus
2289 1918 2600 1987 dogmatum
2632 1931 2852 1971 suorum
2880 1915 3025 1970 velut
3052 1929 3193 1984 penu
3226 1913 3601 1967 collocaverat.
3624 1907 3735 1963 No-

476 1990 620 2059 nymi
661 2004 821 2050 aetate
869 1997 922 2052 in
970 2001 1294 2058 Caesariensi
1346 2004 1669 2063 bibliotheca
1717 2011 1878 2066 etiam
1940 2024 2051 2069 tum

475 2082 851 2141 servabantur.
919 2090 1149 2147 Causam
1227 2096 1499 2168 Apologia:
1552 2102 1851 2158 scribendae
1912 2106 2055 2162 hanc

477 2168 642 2226 fuisse
667 2186 853 2230 narrat
882 2176 1104 2236 Photius
1129 2186 1249 2239 cod.
1270 2201 1463 2254 cxvm,
1489 2199 1545 2243 ut
1572 2190 1639 2244 ad
1667 2192 1784 2260 pios
1809 2192 2053 2249 homines

476 2260 540 2314 ad
586 2266 798 2322 metalla
858 2271 928 2326 ob
980 2273 1181 2329 Christi
1231 2291 1454 2332 causam
1534 2279 1821 2336 damnatus
1874 2282 2051 2338 solatii

474 2368 605 2423 ergo
633 2357 953 2417 mitteretur.
978 2365 1113 2419 Cum
1146 2381 1266 2421 eam
1297 2383 1428 2423 vero
1463 2372 1725 2441 martyrio
1751 2374 2052 2430 exstinctus

474 2446 759 2507 absolvere
782 2470 886 2508 non
925 2460 1213 2526 potuisset,
1257 2475 1569 2530 supremam
1604 2466 1800 2535 adjecit
1833 2482 2049 2523 manum

471 2535 758 2610 Eusebius,
783 2554 837 2597 et
869 2547 919 2599 in
954 2546 1191 2605 Historia
1213 2567 1430 2623 quoque
1453 2554 1779 2609 ecclesiatt'ca
1805 2572 1901 2621 pro
1928 2556 2051 2613 Ori-

470 2631 713 2729 geniana
752 2652 916 2692 causa
967 2642 1227 2707 praaclare
1259 2647 1582 2702 decertavit.
1632 2647 1799 2717 IEgre
1830 2650 2047 2718 quidem

471 2720 523 2774 id
557 2722 663 2776 fert
685 2722 1007 2785 Anastasius
1040 2731 1514 2803 Bibliothecarius,
1560 2755 1682 2793 nam
1722 2740 1773 2794 in
1803 2738 2048 2797 Historia

469 2810 537 2863 ad
564 2826 692 2867 ann.
718 2814 850 2873 Chr.
883 2818 989 2873 244
1020 2834 1073 2876 et
1112 2825 1240 2893 246,
1282 2844 1386 2883 non
1424 2830 1591 2885 semel
1624 2833 1871 2901 queritur
1909 2834 2047 2888 mul-

470 2911 649 2958 torum
680 2909 879 2975 pietate
904 2927 968 2967 ac
997 2914 1245 2972 doctrina
1271 2919 1559 2976 illustrium
1592 2923 1831 2979 virorum
1863 2926 2047 2983 laudes

466 2992 757 3052 Eusebium
792 3000 978 3072 iniquo
1003 3005 1217 3063 silentio
1250 3012 1561 3079 obtrivisse,
1588 3016 1672 3070 vel
1708 3015 1896 3072 leviter
1929 3029 2048 3073 tan-

469 3094 580 3139 tum
612 3097 665 3143 et
714 3090 981 3150 invidiose
1024 3100 1295 3170 attigisse,
1332 3119 1439 3174 quo
1476 3121 1686 3161 summa
1733 3110 1914 3164 omnia
1951 3112 2047 3165 tri-

464 3177 657 3235 bueret
686 3181 904 3252 Origeni
941 3202 1061 3254 suo,
1105 3210 1123 3240 ι
1146 3193 1393 3250 nesciens
1440 3211 1561 3266 qua:
1599 3198 1826 3265 diceret,
1861 3201 1944 3255 vel
1977 3202 2044 3260 de

2158 2026 2275 2066 veru
2316 2018 2501 2063 autem
2542 2009 2829 2079 pratcipuis
2865 2007 3133 2078 capitibus
3180 2002 3501 2060 constabant
3540 2000 3732 2056 crimi-

2158 2105 2402 2159 nationes
2431 2103 2692 2157 adversus
2721 2102 2894 2170 ipsum
2922 2114 2953 2153 a
2983 2096 3263 2153 malevolis
3293 2094 3561 2157 conflatm,
3590 2104 3733 2161 quas

2161 2205 2403 2251 recenset
2448 2204 2504 2250 et
2539 2192 2740 2249 refellit
2784 2189 3117 2259 Pamphilus,
3166 2197 3223 2243 et
3263 2202 3362 2243 nos
3400 2199 3565 2254 supra
3609 2183 3732 2238 fuse

2152 2288 2512 2343 excnssimus.
2549 2284 2737 2355 Itaque
2768 2285 3005 2338 moriens
3037 2281 3361 2335 Pachumius
3405 2279 3577 2333 abbas
3609 2289 3728 2331 mo—

2154 2381 2526 2435 nachos'suos
2569 2378 2637 2431 ab
2685 2375 3134 2445 Origenianarum
3185 2370 3617 2426 lucubrationum
3649 2367 3731 2422 le-

2153 2474 2332 2529 ctione
2358 2486 2547 2526 severa
2587 2468 2951 2524 obtestatione
2977 2464 3295 2520 absterruit.

2223 2564 2287 2619 ν.
2317 2564 2425 2618 Has
2455 2564 2641 2618 turbas
2668 2560 2886 2631 Origeni
2914 2561 3119 2630 peperit
3147 2556 3346 2613 Ariana
3381 2552 3566 2615 factio,
3595 2551 3724 2605 dum

2151 2658 2268 2729 ejus
2299 2656 2612 2726 suffragium
2643 2654 2936 2710 studiosius
2959 2651 3129 2705 ambit
3157 2669 3169 2704 :
3200 2663 3361 2719 quam
3392 2662 3514 2703 cum
3544 2645 3728 2700 acrius

2150 2750 2539 2805 ulciscerentur
2574 2746 2899 2810 orthodoxi,
2930 2743 3177 2814 Origenis
3207 2756 3427 2797 causam
3457 2754 3560 2794 non
3593 2739 3727 2793 satis

2150 2842 2515 2897 distinxerunt
2559 2839 2627 2893 ab
2666 2838 2890 2901 Ariana,
2942 2845 2996 2891 et
3042 2844 3331 2903 utramque
3371 2832 3719 2886 damnarunt.

2148 2932 2387 2989 Aﬂ‘ectus
2411 2945 2624 3001 quoque
2639 2930 2827 2985 eadem
2850 2928 3047 2999 injuria
3071 2934 3155 2982 est
3175 2924 3462 2995 Dionysius
3480 2922 3723 2979 Alexan-

2146 3026 2335 3080 drinus
2376 3024 2631 3095 Origenis
2676 3022 2993 3092 discipulus,
3033 3028 3088 3075 et
3144 3018 3198 3073 in
3247 3018 3389 3073 laesae
3434 3014 3722 3071 Trinitatis

2147 3116 2507 3187 suSpicionem
2560 3123 2805 3177 vocatus,
2845 3111 2988 3164 unde
3021 3111 3074 3164 in
3122 3108 3305 3163 multis
3330 3122 3359 3161 a
3384 3104 3584 3161 Basilio
3613 3119 3717 3158 non

2149 3208 2471 3273 admissum,
2498 3206 2734 3259 maxime
2768 3204 2856 3259 ubi
2885 3202 3207 3257 Arianorum
3233 3199 3581 3256 confirmaret
3610 3197 3721 3251 hae-

464 3268 661 3367 quibus
689 3271 999 3333 allirmaret.
1026 3298 1043 3329 ι
1080 3280 1243 3346 Quasi
1277 3298 1406 3340 vero
1444 3288 1609 3342 alium
1643 3289 1785 3344 fama
1821 3308 1886 3348 ac
1927 3310 2040 3348 rne-

2151 3300 2336 3367 resim,
2364 3268 2553 3354 scribit
2583 3297 2832 3353 Gobarus
2855 3295 2997 3363 apud
3025 3294 3177 3348 Phot.
3203 3292 3326 3348 cod.
3367 3304 3611 3346 ccxxx".
3653 3288 3723 3341 At

468 3360 584 3453 ritis
614 3378 796 3431 parem
831 3367 1048 3438 ()rigeni
1088 3373 1273 3428 tulerit
1310 3376 1425 3431 haec
1457 3390 1610 3437 aetas.
1641 3382 1789 3437 Illius
1823 3385 2042 3453 quidem

467 3451 653 3509 laudes
687 3460 825 3511 mala
875 3461 1101 3517 forsitan
1145 3478 1326 3523 mente
1376 3472 1713 3540 congessisse
1750 3451 2043 3529 Eusebium

464 3543 740 3602 fatendum
771 3562 877 3616 est,
924 3558 1016 3609 sed
1066 3561 1242 3627 quoad
1294 3576 1472 3615 rerum
1523 3574 1795 3632 gestarum
1850 3568 2046 3622 attinet

468 3636 651 3703 fidem,
682 3637 1044 3709 Epiplianimn
1076 3647 1211 3714 fere,
1251 3653 1333 3705 vel
1383 3651 1800 3724 Hieronymum,
1841 3659 2055 3715 aliosve-

463 3732 867 3789 consentientes
896 3736 1104 3792 habuit.
1133 3741 1202 3794 At
1229 3742 1545 3799 Eustathius
1580 3756 1731 3801 stans
1761 3748 1828 3802 ab
1852 3750 2043 3802 ortho-

464 3820 642 3889 doxis,
678 3837 1076 3899 pr0ptereaque
1118 3831 1516 3891 Sabellianismi
1555 3838 1624 3891 ab
1654 3839 1869 3895 Ariauis
1916 3841 2043 3894 insi-

466 3914 719 3982 mulatus,
780 3919 1066 3991 Origenem
1118 3928 1341 3982 adortus
1396 3937 1500 3993 est,
1544 3931 1771 3999 ejusque
1826 3939 2043 3985 senten-

464 4005 590 4059 tiam
614 4007 682 4063 de
704 4009 1150 4085 Engnstrimytho
1177 4018 1432 4086 peculiari
1458 4036 1621 4090 opere
1650 4022 2039 4091 explodendam

460 4099 718 4168 suscepit.
749 4101 953 4158 Scribit
988 4107 1300 4178 Pamphilus
1337 4110 1390 4165 in
1429 4113 1607 4180 priore
1662 4114 1801 4169 libro
1837 4115 2039 4180 Apolo-

459 4189 583 4255 fiw,
618 4206 778 4260 quem
815 4195 1198 4267 interpretatus
1238 4213 1322 4257 est
1370 4202 1621 4269 Rufinus,
1678 4215 1831 4260 tanto
1862 4206 2039 4260 homi-

461 4296 587 4334 num
618 4282 830 4340 illornm
871 4291 997 4344 odio
1031 4302 1155 4345 tunc
1191 4295 1447 4362 temporis
1483 4296 1684 4350 arsisse
1726 4296 2037 4366 Origenem,

460 4383 519 4425 ut
554 4390 656 4429 non
687 4376 776 4433 ille
820 4381 996 4434 solum
1036 4402 1053 4433 ι
1084 4383 1229 4437 velut
1258 4386 1549 4441 haereticus
1581 4400 1952 4455 accusaretur,
1983 4401 2039 4446 et

458 4465 756 4533 corruptio,
791 4478 844 4520 et
890 4471 1120 4536 perditio
1158 4474 1486 4541 animarum,
1518 4496 1536 4529 ι
1580 4480 1674 4533 sed
1711 4479 1829 4548 ejus
1874 4482 2036 4535 ctiam

457 4553 783 4622 scriptorum
814 4558 1031 4616 lectioni
1065 4564 1230 4618 dediti
1263 4569 1759 4634 proscinderentur,
1789 4581 1843 4626 et
1885 4575 2035 4628 venia

456 4659 811 4704 censerentur
858 4651 1083 4723 indigni,
1132 4672 1251 4724 qua:
1300 4659 1367 4714 iis
1419 4663 1713 4717 condonari
1756 4663 1913 4730 solet,
1944 4667 2034 4733 qui

459 4738 701 4808 profanis
728 4741 809 4796 vel
842 4742 1110 4802 haereticis
1146 4750 1300 4806 libris
1338 4753 1539 4808 addicti
1592 4766 1740 4820 sunt,
1773 4755 2036 4826 planeque

456 4847 555 4899 pro
600 4833 871 4891 lnereticis
912 4837 1263 4897 haberentur.
1316 4862 1333 4895 ι
1364 4845 1622 4915 Denique,
1672 4847 1867 4916 inquit,
1912 4864 2032 4903 cum

457 4920 640 4978 multis
671 4924 913 4982 honestae
945 4930 1092 4994 vine,
1126 4942 1182 4986 et
1218 4933 1454 5004 religiosi
1492 4937 1749 5004 propositi
1787 4938 1940 5005 viris,
1977 4940 2032 4993 in

452 5019 654 5086 quibus
696 5019 829 5074 nihil
878 5038 1099 5091 prorsus
1139 5027 1313 5096 culpa:
1360 5028 1664 5095 inveniunt,
1721 5029 2035 5088 inimicitias

456 5118 674 5179 propter
706 5111 807 5166 hoc
835 5113 1007 5167 solum
1055 5116 1276 5185 habent,
1322 5120 1369 5174 si
1403 5137 1591 5175 eorum
1623 5122 1860 5177 studium
1888 5125 2031 5178 circa

455 5206 739 5260 memorati
772 5207 872 5261 viri
907 5209 1071 5263 libros
1114 5214 1441 5282 propensius
1470 5229 1592 5269 esse
1638 5218 2033 5285 perspexerint,

456 5297 776 5354 invidiosius
800 5301 965 5355 etiam
1002 5303 1102 5357 ista
1137 5305 1425 5374 fingentes,
1454 5307 1597 5375 quod
1625 5308 1691 5361 ab
1718 5308 1798 5362 his
1835 5309 1887 5362 in
1918 5307 2035 5363 loco

454 5402 767 5446 sanctorum
790 5394 1179 5461 apostolorum,
1208 5398 1289 5451 vel
1315 5401 1727 5468 pmphetarum,
1755 5413 1861 5455 tam
1896 5402 2031 5471 ipse,

454 5494 613 5544 quam
659 5481 800 5535 dicta
850 5482 967 5551 ejus
998 5486 1322 5544 habeantur.
1348 5507 1366 5539 ι
1402 5487 1564 5543 Addit
1597 5489 1759 5559 paulo
1793 5502 1914 5561 post
1951 5492 2034 5545 in-

454 5572 645 5628 doctos
676 5574 984 5648 plerosqne,
1021 5595 1085 5636 ac
1132 5582 1185 5636 in
1218 5583 1667 5655 Origenianorum
1698 5588 2029 5643 voluminum

456 5668 779 5723 tractatione
800 5674 982 5736 rudes,
1008 5674 1089 5728 vel
1124 5690 1302 5729 rerum
1334 5679 1385 5730 in
1414 5678 1712 5746 quaestione
1733 5681 2029 5749 positarum

457 5763 697 5828 ignaros,
730 5764 999 5835 incognita
1029 5775 1207 5820 tamen
1233 5783 1395 5821 causa
1419 5769 1799 5825 Adamantium
1825 5771 2031 5827 calculo

457 5869 555 5910 suo
603 5855 863 5910 damnare
908 5854 1076 5911 fuisse
1128 5858 1341 5926 solitus;
1388 5859 1525 5915 alios
1563 5861 1756 5916 bonam
1797 5864 2028 5931 frugem,

2152 3404 2449 3461 utrumque
2484 3390 2712 3444 crimine
2741 3386 2974 3443 exsolvit
3002 3383 3356 3455 Athanasius,
3382 3391 3444 3438 ut
3472 3381 3722 3451 superius

2148 3501 2177 3540 a
2207 3484 2361 3541 nobis
2392 3482 2647 3538 traditum
2685 3490 2799 3545 est;
2836 3495 2937 3534 nec
2969 3479 3143 3548 pluris
3174 3477 3251 3533 illi
3280 3476 3384 3531 fuit
3422 3474 3721 3531 catholica-

2148 3594 2263 3631 rum
2294 3575 2548 3647 partium,
2579 3588 2740 3643 quam
2781 3572 3026 3626 veritatis
3053 3569 3294 3625 studium
3320 3585 3334 3623 :
3361 3567 3583 3637 ipseque
3615 3564 3721 3619 Ba-

2147 3669 2299 3724 silius
2321 3675 2378 3721 et
2403 3664 2695 3734 Gregorius
2718 3660 3023 3731 Theologus
3047 3658 3256 3728 objecta
3286 3656 3384 3711 sibi
3406 3655 3475 3710 ab
3504 3653 3723 3708 Arianis

2144 3752 2452 3809 Adamantii
2475 3749 2806 3815 testimonia,
2826 3748 2881 3802 in
2904 3746 3244 3804 commodum
3274 3746 3491 3801 trahere
3515 3742 3725 3798 malue-

2147 3857 2270 3900 runt
2293 3860 2535 3911 sensum,
2559 3858 2722 3914 quam
2750 3841 3073 3912 contemptis
3094 3839 3285 3895 iisdem
3310 3836 3493 3892 debito
3516 3836 3722 3891 honore

2146 3942 2421 3987 auctorem
2460 3929 2734 3985 fraudare.
2762 3927 2874 3981 lino
2908 3941 3041 3981 vero
3071 3940 3136 3980 ex
3174 3922 3417 3993 ejusdem
3453 3921 3722 3992 Operibus

2142 4017 2360 4073 assidua
2389 4017 2623 4073 lectione
2670 4030 2699 4069 a
2729 4030 2789 4071 se
2812 4015 3083 4081 contritis,
3114 4013 3335 4085 egregia
3368 4024 3596 4083 quaeque
3628 4024 3720 4066 se-

2143 4111 2281 4166 lecta
2322 4109 2376 4163 in
2424 4124 2589 4163 unum
2642 4117 3032 4178 congesserunt
3078 4104 3369 4169 volumen,
3421 4111 3478 4158 et
3515 4101 3586 4157 ob
3636 4114 3723 4155 res

2144 4203 2405 4275 praeclare
2466 4204 2735 4272 cogitatas
2794 4200 3108 4257 Philocaliat
3182 4198 3341 4254 titulo
3400 4196 3719 4264 inscriptum

2142 4295 2309 4364 (unde
2355 4304 2410 4349 et
2461 4293 2749 4363 Origenem
2797 4290 3086 4361 φιλόκαλον
3131 4289 3376 4345 nominat
3425 4284 3721 4353 Gregorius

2142 4390 2513 4445 Nazianzenus
2561 4389 2614 4442 in
2659 4386 2921 4456 epistolis)
2952 4385 3024 4439 ad
3057 4382 3400 4437 Theodorum
3443 4376 3718 4446 Tyaneum

2143 4482 2456 4552 episcopum
2489 4478 2772 4533 miserunt.
2825 4475 2967 4543 Quin
2992 4475 3156 4529 etiam
3208 4470 3454 4525 feruntur
3511 4464 3672 4519 iidem
3697 4501 3714 4524 ,

2145 4571 2574 4641 quotiescunque
2620 4566 2870 4636 Origenis
2917 4565 3116 4631 scripta
3171 4560 3430 4628 legentes,
3464 4552 3715 4620 dogmata

2144 4661 2316 4731 ipsius
2347 4658 2585 4728 propria,
2613 4670 2667 4712 et
2697 4671 2727 4709 a
2756 4652 3033 4711 communi
3066 4664 3162 4703 usu
3192 4642 3551 4713 discrepantia
3582 4654 3715 4693 nan-

2141 4753 2513 4816 ciscerentur,
2577 4749 2851 4820 geminum
2902 4762 2936 4815 χ
2977 4740 3250 4803 allixisse,
3312 4733 3715 4790 Platonicorum

2143 4862 2315 4911 more,
2344 4846 2434 4915 qui
2475 4860 2601 4900 cum
2649 4841 2932 4897 Platonem
2969 4835 3299 4897 lectitarent,
3332 4830 3453 4883 loca
3484 4824 3715 4895 insignia

2143 4941 2244 4995 hoc
2272 4940 2592 4993 charactere
2620 4936 2919 4990 notabant:
2953 4940 3012 4985 ut
3043 4928 3211 4984 refert
3234 4922 3486 4981 Laertius
3515 4920 3568 4973 in
3597 4917 3718 4971 Pla-

2142 5040 2287 5086 tone.
2330 5028 2446 5085 Hac
2490 5028 2722 5083 lectione
2769 5026 3066 5079 instructus
3113 5028 3341 5089 uterque
3386 5015 3715 5069 Arianorum

2141 5124 2370 5193 impetus
2422 5121 2637 5176 fortiter
2685 5117 2905 5173 retudit.
2948 5115 3004 5170 ld
3044 5128 3111 5168 ex
3158 5112 3384 5166 Socrate
3430 5105 3712 5193 discimus,

2138 5192 2230 5283 qui
2258 5225 2312 5269 et
2350 5213 2477 5269 illud
2513 5213 2664 5266 addit
2692 5212 2816 5266 nm.
2856 5224 2931 5274 IV,
2959 5221 3079 5274 cap.
3112 5204 3205 5268 se,
3236 5201 3397 5269 Μέγα
3423 5196 3533 5269 γὰρ
3559 5192 3716 5255 κλέος

2136 5303 2199 5357 τὸ
2235 5303 2545 5375 Ὠριγένους
2587 5301 2710 5355 καθ’
2762 5298 2891 5370 ὅλης
2932 5297 3056 5350 τότε
3110 5294 3209 5365 τῆς
3247 5287 3569 5359 οἰκουμένης
3620 5286 3717 5352 ἐφ’

2138 5396 2381 5470 ήπλωτο·
2412 5396 2636 5450 «Totum
2658 5394 2853 5461 quippe
2871 5392 3054 5445 orbem
3088 5396 3213 5440 tunc
3237 5381 3493 5450 temporis
3523 5392 3714 5445 magna

2139 5491 2391 5563 Origeuis
2421 5490 2591 5560 gloria
2624 5495 2955 5558 pervaserat.
2980 5502 3000 5534 ι
3038 5478 3265 5548 Scriptis
3309 5474 3551 5546 profecto
3582 5470 3719 5539 Apo-

2138 5583 2292 5655 logiis
2328 5584 2485 5639 tutati
2514 5591 2640 5637 sunt
2671 5581 2845 5651 ipsum
2878 5579 2979 5633 viri
3028 5576 3289 5634 illustres,
3338 5583 3447 5638 quo
3479 5574 3717 5630 tempore

2141 5676 2440 5733 defensioni
2471 5674 2587 5741 ejus
2632 5687 2855 5744 operam
2888 5684 3043 5726 suam
3074 5663 3388 5733 Pamphilus
3428 5671 3718 5714 consecra-

2141 5770 2250 5835 bat,
2284 5775 2344 5820 ιιι
2367 5767 2689 5823 testificatur
2718 5763 2944 5818 Photius
2967 5758 3087 5814 cod.
3118 5770 3309 5814 cxvnt.
3333 5751 3506 5821 ipsius
3536 5759 3711 5801 tamen

2141 5859 2420 5929 nonnulla,
2474 5859 2819 5919 dissimulato
2863 5845 2990 5915 licet
3027 5854 3150 5925 ejus
3195 5854 3432 5917 nomine,
3485 5852 3715 5914 carpunt
