2085 3241
224 209 293 240 “ﬁt

678 208 963 238 OﬂlGENIANORUM
984 208 1047 236 LIB.
1069 209 1100 242 ll,
1119 208 1196 237 CAP.
1217 209 1262 243 IV,
1286 209 1382 238 SECT.
1402 210 1422 238 1.

1782 211 1851 239 1122

225 271 390 299 Athanasius
417 275 446 299 et
465 268 591 298 Basilius.
609 269 655 297 Ille
670 270 696 298 iu
717 270 775 297 Vita
793 271 898 298 Antonii
919 270 1010 305 lapsus
1024 271 1047 299 A
1061 270 1150 305 inepta
1177 275 1205 298 et
1226 271 1322 306 frigida
1351 271 1504 302 allusione.
1531 270 1628 306 quales
1662 272 1781 307 scriptor
1806 272 1851 300 ille

225 318 387 350 animarum,
412 321 439 345 et
456 317 647 344 conversiones
668 324 684 344 e
709 318 844 344 mentibus
860 317 886 343 in
904 317 1009 344 animas

226 363 399 398 reprehendit
423 371 430 390 :
452 363 496 390 hic
521 362 547 389 in
584 363 663 389 tertio
693 362 954 390 Commentariorum
982 362 1011 389 in

227 409 409 437 Hexaemeron
425 408 534 436 damnat
549 409 710 443 auagogicas
723 409 807 443 ipsius
817 408 1009 444 expositiones,

226 455 324 490 quibus
338 454 451 481 virtutes
470 453 599 488 quasdam
615 454 780 487 superiores,
797 462 857 488 qua:
878 454 965 481 locum
983 455 1010 481 in

227 502 297 529 caelo
317 506 408 529 tenere
424 500 527 528 meritae
540 505 615 532 sunt,
627 500 706 534 aquis
718 508 777 535 quae
792 504 856 527 sunt
869 508 949 534 supra
964 500 1010 527 lir-

226 552 402 578 ntameutum,
416 545 563 580 signiﬁcari
577 545 673 578 docet;
689 552 749 580 qua:
762 552 826 572 vero
843 545 907 573 inde
921 545 1010 572 detur-

226 592 294 620 batae
309 596 381 623 sunt,
396 591 474 625 aquis
489 590 575 617 notari
588 598 648 625 qua:
667 594 731 617 sunt
744 590 794 617 sub
805 590 886 618 coelo.

262 637 303 664 Vl.
319 637 383 664 Dum
397 644 444 671 pro
456 635 570 671 Origene
582 640 684 663 starent
697 642 837 662 sermones
852 635 900 666 illi.
920 635 1008 670 ipsum

225 683 276 710 sibi
293 683 319 710 in
334 682 476 710 scribendo
496 682 684 709 assectantlum
701 680 867 716 proponebat
893 681 1010 709 Hilarius

225 729 409 756 Pictaviensis.
433 726 530 755 Narrat
546 727 645 762 quippe
666 727 844 762 Hieronymus
860 727 882 743 ¹³
897 728 968 755 hunc
982 729 1008 755 in

223 775 341 811 Phrygia
365 774 532 802 exsulantem
556 781 680 808 magnam
706 773 875 801 Psalmorum
906 779 1009 809 partem

223 820 597 851 commentariis,illustrasse,
617 820 643 847 in
663 827 750 855 eoque
771 827 853 854 Opere
876 820 1009 848 imitatum

224 866 307 894 fuisse
319 865 472 901 Origenem,
494 865 630 893 nonnullis
645 870 733 893 tamen
756 866 790 893 de
808 873 859 893 suo
879 865 1009 900 adjectis;

222 910 407 946 expositiones
435 911 516 938 etiam
543 912 571 938 in
595 911 692 938 Jolmm
713 915 741 938 et
768 911 796 938 in
824 908 1008 938 Hatthaeum'e

1061 316 1230 344 comminisci
1255 322 1389 345 amat:et
1413 317 1605 346 ἀνοσιώτατον.
1632 318 1698 346 Item
1723 320 1849 355 dogmata

1061 361 1118 395 ejus
1136 360 1297 397 δηλητήρια,
1309 362 1468 398 φθοροποιὰ,
1489 363 1553 396 τοὺς
1568 363 1770 400 ἁπλουστέρους
1786 373 1849 392 σκε-

1061 406 1169 439 λίζοντα
1181 415 1242 435 esse
1255 409 1331 436 dicit.

1097 451 1267 480 Manifestum
1289 461 1370 487 porro
1390 457 1431 481 est
1453 461 1487 481 ex
1510 455 1695 490 superioribus
1717 460 1847 491 quantum

1060 497 1191 525 erraverit
1203 498 1341 526 Halloxius
1363 499 1405 527 lib.
1426 507 1453 527 Iv
1482 499 1555 534 Orig.
1572 500 1690 534 defertu,
1709 507 1803 536 quaest.
1818 502 1848 535 4,

1061 543 1160 578 aliique
1184 544 1315 575 nonnulli,
1336 545 1381 578 qui
1406 550 1469 572 ante
1492 545 1632 580 Epiphanii
1654 553 1715 573 cum
1743 546 1848 574 Joanne

1060 588 1286 625 Jerosolymitauo
1298 595 1326 617 et
1340 590 1534 625 Chrysustomo
1556 591 1739 618 dissensiones
1750 611 1758 623 ,
1787 591 1848 619 Ori—

1061 642 1155 669 geuem
1170 643 1185 662 a
1200 636 1317 663 netnine-
1328 644 1377 671 pro
1395 637 1523 664 hzeretico
1540 637 1663 664 habitum
1685 637 1778 670 fuisse,
1792 639 1848 672 pri--

1062 688 1188 715 ntumque
1202 681 1381 716 Epiphanium
1400 682 1426 709 in
1442 690 1504 710 euut
1522 682 1596 717 signa
1611 683 1729 710 movisse
1745 690 1848 710 memo-

1062 727 1108 753 rite
1120 726 1320 761 prodiderunt:
1340 735 1402 754 nam
1428 736 1439 753 ε
1459 727 1534 755 velut
1557 727 1712 755 haereticum
1734 735 1849 755 accusa-

1062 776 1117 798 tutn
1132 781 1142 798 ›
1164 772 1247 799 fuisse
1260 772 1361 800 diserte
1373 772 1471 800 scribit
1489 772 1645 808 Pamphilus
1660 773 1685 801 in
1698 773 1825 808 Apologia
1837 782 1848 806 ,-

1061 820 1087 842 et
1097 822 1179 849 quam
1192 815 1319 850 gravibus
1332 820 1472 851 peteretur
1484 817 1644 845 criminibus
1655 818 1776 845 declarat
1791 818 1847 852 ipsa

1061 860 1118 888 htec
1136 861 1274 896 Apologia,
1297 869 1358 888 nam
1383 870 1393 887 t
1409 862 1496 896 Ipsum
1516 870 1613 890 nomen
1641 863 1820 898 Apologetici,
1835 873 1845 890 ι

1061 911 1091 934 ut
1103 907 1140 933 ait
1152 907 1331 943 Hieronymus
1338 908 1417 943 epist.
1432 909 1466 935 65
1479 908 1511 936 ad
1522 908 1680 936 Pammach.
1692 915 1718 937 et
1731 909 1847 941 0cean.,

222 939 317 984 (ir-nico
330 956 453 992 Origenis
472 956 500 983 in
523 955 640 990 linguam
666 955 788 983 Latinam
818 955 1005 983 transfudisse.

1063 961 1072 978 ι
1085 953 1203 980 ostendit
1220 939 1437 987 accusationem;
1459 962 1510 981 nou
1527 954 1600 980 enim
1622 954 1775 981 defenditur
1796 954 1847 981 nisi

222 1003 323 1030 Auctor
344 1008 385 1029 est
403 1006 533 1037 praeterea
563 1001 743 1037 Hieronymus
764 1002 894 1029 Euzoium
916 1002 1008 1029 Caesa-

224 1048 339 1076 riensem
350 1049 504 1083 episcopum
518 1049 641 1083 Gregorii
655 1048 819 1075 Nazianzeni
836 1048 1008 1082 condiscipu-

222 1095 277 1122 ltun
292 1099 318 1122 et
331 1094 472 1128 aqualem,
493 1103 503 1120 ι
520 1099 674 1127 corruptam
700 1093 891 1121 bibliothecam
915 1092 1008 1127 Orige-

223 1142 265 1169 nis
294 1145 322 1169 et
348 1141 478 1176 Pamphin
506 1141 533 1168 in
569 1141 733 1168 membranis
764 1140 918 1167 instaurare
948 1146 1009 1166 esse

222 1193 368 1214 conatum:
383 1195 393 1212 ι
417 1185 594 1221 Origeuianas
614 1186 695 1213 etiatn
713 1190 804 1220 partes
826 1189 934 1212 secutos
950 1191 1009 1211 esse

222 1231 312 1260 Titum
328 1232 486 1259 Bostrorum
498 1232 652 1267 episcopum
662 1251 669 1263 ,
685 1236 713 1258 et
726 1230 866 1265 Didymum
890 1230 1009 1257 Alexan-

221 1278 339 1310 drinunt,
356 1285 436 1311 quem
460 1277 661 1311 apertissimum
682 1275 834 1303 Adamantii
856 1283 1009 1310 propugna-

222 1328 306 1351 torem
321 1323 447 1358 appellat,
461 1323 560 1358 quique
575 1323 653 1349 editis
673 1322 698 1349 in
718 1322 800 1349 libros
818 1321 890 1356 Περὶ
908 1321 1009 1357 ἀρχῶν

220 1369 455 1398 Commentariolis
470 1369 537 1396 nihil
556 1376 608 1396 non
631 1369 812 1396 orthodoxum
826 1369 859 1396 iis
876 1368 1007 1396 contineri

221 1416 365 1451 pertendit,
383 1415 608 1450 quemadmodum
629 1419 656 1442 ct
673 1414 815 1442 Eusebius.
834 1414 1007 1442 Ambrosium

222 1468 329 1496 quoque
344 1460 583 1493 Mediolanensem,
598 1460 742 1487 Eusebium
757 1459 967 1492 Vercelleusem,
981 1464 1009 1487 et

222 1507 389 1534 Victorinum
401 1506 625 1533 Petabiouensem
639 1505 721 1533 multa
738 1505 863 1540 Origenis
876 1506 917 1533 vel
932 1505 1007 1533 Lati-

221 1553 298 1581 nitati
316 1553 443 1584 donasse,
458 1552 501 1579 vel
515 1552 634 1580 imitatos
648 1551 731 1579 fuisse
754 1552 838 1580 tradit
858 1552 927 1579 idem
945 1552 1008 1580 Hie-

1060 999 1131 1033 quod
1146 999 1172 1026 in
1185 999 1300 1027 crimine
1314 1004 1372 1034 est;
1389 1009 1398 1025 I
1421 1000 1561 1027 declarant
1574 1005 1601 1027 et
1619 1000 1755 1035 Apologite
1769 1007 1846 1027 com-

1060 1045 1151 1080 plures
1163 1053 1223 1081 quae
1235 1054 1250 1072 a
1263 1046 1354 1074 multis
1371 1047 1461 1081 magni
1483 1047 1600 1074 nominis
1622 1046 1689 1074 viris
1713 1046 1845 1082 Pamphili

1059 1093 1180 1124 tempore
1191 1097 1239 1125 pro
1252 1090 1368 1125 Origene
1380 1093 1540 1126 conscripta:
1550 1097 1623 1120 sunt.
1635 1092 1690 1120 Nec
1703 1098 1846 1128 repugnat,

1058 1136 1129 1172 quod
1142 1136 1308 1172 Augustinus
1323 1137 1515 1173 Hieronymmn
1535 1144 1613 1175 rogat
1629 1147 1678 1175 per
1691 1140 1846 1174 epistolam,

1060 1187 1090 1210 ut
1101 1183 1152 1210 sibi
1163 1182 1290 1218 Origenis
1307 1191 1416 1212 errores
1432 1185 1553 1220 aperiat;
1570 1193 1630 1213 nam
1645 1191 1755 1221 propter
1768 1186 1847 1214 Grat-

1060 1237 1098 1258 caa
1111 1230 1208 1265 lingua:
1228 1230 1373 1264 inscitiam,
1393 1231 1419 1258 in
1442 1238 1474 1259 ea
1495 1232 1664 1267 ignoratione
1685 1232 1737 1261 fuit
1756 1233 1847 1270 Augu-

1058 1275 1158 1303 stiuus.

1096 1321 1149 1349 νη.
1165 1322 1260 1350 Adhuc
1283 1329 1345 1349 num
1367 1321 1484 1358 Origene
1509 1323 1641 1358 praeclare
1661 1329 1752 1352 actum
1775 1330 1846 1358 erat,

1059 1373 1146 1402 neque
1160 1372 1264 1394 tantum
1281 1367 1317 1394 illi
1339 1367 1493 1402 ignominia:
1510 1369 1667 1397 iuusserant
1685 1371 1846 1404 adversarii,

1059 1418 1187 1447 quantum
1199 1413 1375 1445 celebritatis,
1394 1414 1590 1442 inclaresceute
1603 1416 1629 1442 iu
1645 1416 1704 1443 dies
1715 1416 1846 1444 det-trinae

1059 1459 1140 1490 fama,
1156 1457 1244 1485 fuerat
1256 1458 1369 1493 adeptus
1381 1467 1388 1491 ;
1401 1467 1462 1486 cum
1474 1461 1608 1494 susceptis
1622 1461 1753 1495 quosdam
1775 1460 1846 1488 inter

1057 1503 1255 1531 ecclesiasticos
1277 1505 1350 1531 viros
1364 1505 1527 1537 inimicitiis,
1553 1506 1651 1540 partint
1671 1506 1846 1542 Origeuismi,

1058 1550 1156 1585 partim
1176 1550 1275 1585 privati
1301 1551 1354 1578 odii
1380 1559 1474 1585 causa,
1492 1552 1619 1580 inanimis
1642 1553 1760 1581 mo'tibus
1785 1554 1846 1581 uni-

221 1606 360 1637 ronymus.
381 1599 447 1626 Tam
469 1602 561 1633 aperte
575 1601 665 1626 autem
682 1597 792 1633 Origeni
808 1598 921 1626 adhaesit
937 1598 1006 1626 Gre-
1022 1616 1043 1646 ο
1060 1602 1138 1646 versa
1154 1595 1425 1646 ﬁdenam-{cassa
1444 1602 1496 1624 εει-
1519 1597 1596 1646 Quod
1610 1598 1633 1624 si
1648 1602 1775 1646 accurate
1789 1598 1846 1625 sin-

219 1646 311 1681 gorius
322 1644 459 1680 Nyssenus
470 1664 478 1677 ,
495 1649 524 1671 ut
539 1651 593 1672 non
611 1651 673 1672 eum
693 1644 780 1672 solum
795 1651 952 1679 prosecutus
973 1645 1008 1673 sit

219 1691 354 1723 laudibus,
369 1691 416 1718 sed
431 1691 556 1724 dogmata
574 1691 657 1717 etiam
672 1690 731 1724 ejus
750 1691 852 1726 aliquot
869 1692 984 1718 tenuerit
999 1699 1006 1718 :

219 1737 286 1763 adeo
308 1741 337 1763 ut
356 1736 389 1762 ab
411 1735 571 1770 Origeuistis
596 1742 722 1770 corrupta
742 1737 825 1771 ipsius
847 1738 959 1772 scripta,
981 1742 1008 1766 et

219 1782 371 1809 adulterata
395 1781 523 1816 peculiari
542 1781 611 1808 libro
631 1782 819 1810 deuioustrare
834 1789 948 1811 conatus
972 1784 1008 1812 sit

218 1827 370 1856 Germanus
388 1828 553 1862 patriarcha,
578 1828 655 1862 cujus
681 1834 808 1862 excerpta
835 1829 915 1856 habet
937 1830 1007 1857 Pho-

218 1872 272 1900 tius
284 1872 344 1901 cod.
357 1880 486 1900 ccxxxut.
501 1873 582 1900 Certe
595 1874 620 1899 in
636 1873 818 1907 disputatione
842 1876 874 1901 de
887 1876 1005 1909 homine,

217 1918 368 1946 animarum
383 1918 553 1953 προΰπαρξιν
573 1923 600 1946 et
617 1919 865 1954 μετενσωμάτωσιν
881 1922 1006 1954 reprobat

217 1964 384 2000 Gregorius,
412 1972 427 1991 a
455 1965 565 1991 nomine
595 1970 686 1991 autem
722 1964 848 1999 Origenis
877 1966 1005 1995 abstinet.

219 2011 410 2046 Hieronymum
440 2017 547 2045 quoque
576 2010 663 2045 ipsutn
687 2010 769 2039 etiam
788 2015 844 2038 tum
867 2012 1005 2046 juvenem,

217 2060 400 2092 portentosum
422 2055 546 2091 Origeuis
564 2054 710 2092 ingenium,
734 2062 763 2084 et
785 2058 931 2092 singularis
945 2066 1006 2086 eru-

216 2103 283 2130 ditio
305 2103 341 2129 ita
356 2107 494 2137 ceperant,
519 2107 547 2130 ut
571 2103 596 2130 in
617 2102 675 2136 ejus
694 2103 788 2131 laudes
808 2111 879 2138 sape
905 2112 1005 2133 excur-

217 2153 299 2180 reret,
317 2143 345 2175 et
357 2155 405 2183 pro
419 2155 495 2175 mero
506 2148 659 2183 Origenista
674 2148 766 2175 haberi
782 2154 872 2183 posset
885 2159 892 2178 :
910 2157 1003 2177 verum

216 2195 264 2229 per
291 2193 367 2229 ignes
394 2194 479 2220 cineri
508 2194 601 2222 doloso
630 2195 785 2229 suppositos
822 2195 948 2224 incedere
975 2205 1005 2225 se

215 2240 329 2268 subtnde
341 2239 505 2274 intelligens,
519 2240 612 2275 pedem
629 2241 731 2273 retulit,
744 2245 774 2268 ut
787 2241 813 2269 in
826 2243 1004 2277 sequentibus

1060 1639 1122 1675 gula
1135 1641 1287 1668 consectari
1306 1641 1383 1668 nobis
1396 1648 1469 1669 esset
1489 1642 1668 1677 propositum,
1688 1643 1715 1670 in
1732 1643 1845 1670 immen-

1059 1695 1118 1716 sum
1145 1693 1282 1715 cresceret
1303 1688 1373 1715 istud
1392 1695 1477 1722 opus,
1502 1692 1529 1715 et
1556 1688 1625 1716 ultra
1651 1689 1847 1724 circumseptos

1059 1733 1240 1762 lucubrationi
1273 1735 1337 1762 huic
1363 1735 1497 1764 cancellos
1527 1743 1755 1768 excurreremus,
1780 1735 1848 1764 adeo

1059 1779 1137 1813 longa
1152 1785 1195 1808 est
1209 1780 1318 1815 injuria,
1330 1780 1415 1816 lougze
1427 1781 1570 1816 ambages;
1584 1782 1630 1809 sed
1650 1789 1755 1809 summa
1777 1782 1846 1809 duu-

1058 1830 1134 1854 taxat
1150 1834 1239 1854 rerum
1262 1827 1367 1861 fastigia
1381 1834 1587 1863 persequetuur.
1606 1827 1682 1861 Quod
1700 1833 1729 1855 ut
1750 1829 1846 1856 ordine

1057 1874 1194 1907 procedat,
1209 1881 1254 1900 res
1268 1873 1349 1900 altius
1370 1874 1515 1908 repetenda
1537 1878 1590 1901 est.
1611 1874 1803 1902 Consentiente
1817 1875 1844 1902 in

1056 1918 1181 1952 Origeuis
1195 1919 1289 1946 laudes
1308 1924 1364 1946 toto
1382 1920 1575 1954 propemodum
1588 1921 1667 1952 orbe,
1684 1921 1795 1955 contigit
1816 1926 1846 1948 ut

1057 1964 1178 1992 nonnulli
1203 1965 1312 2000 egregia
1341 1965 1401 1999 ejus
1424 1966 1495 1993 dicta
1521 1966 1645 2001 factaque
1674 1975 1723 2001 pro
1748 1969 1845 1999 merito

1055 2009 1231 2042 demirantes,
1248 2009 1333 2044 ipsius
1348 2010 1430 2037 etiam
1452 2018 1560 2038 errores
1580 2018 1675 2045 parum
1699 2013 1845 2047 prudenter

1056 2059 1206 2086 tuerentur,
1220 2056 1318 2082 studiis
1334 2056 1391 2082 suis
1405 2056 1539 2083 moderari
1557 2057 1722 2090 nescientes,
1748 2057 1845 2093 Orige-

1055 2101 1136 2134 nlque
1156 2106 1228 2127 recte
1241 2101 1367 2128 sentienti
1384 2101 1582 2134 adhaerescere,
1597 2103 1699 2130 erranti
1719 2104 1843 2132 nuntium

1055 2145 1281 2173 remittere.Hinc
1291 2146 1387 2181 duplex
1404 2146 1504 2181 prodiit
1519 2147 1732 2182 Origeuistarum
1746 2157 1842 2185 genus,

1053 2192 1271 2228 orthodoxoruml
1302 2198 1329 2221 et
1363 2194 1602 2222 heterodoxorum.
1631 2194 1705 2223 Inter
1747 2198 1843 2224 ortho-

1055 2239 1138 2266 doxos
1154 2238 1290 2273 ponimus,
1309 2239 1353 2273 qtti
1368 2241 1491 2274 proxime
1512 2240 1613 2267 lauda-ti
1635 2245 1709 2274 sunt,
1731 2242 1840 2277 Origeui

215 2286 425 2313 declarabimus.
446 2285 501 2313 Nec
526 2290 565 2313 tot
591 2290 680 2313 tamen
706 2286 862 2321 Origeniani
885 2288 1002 2316 nominis
1017 2286 1039 2314 ι)
1054 2292 1160 2312 summa
1177 2284 1271 2312 omnia
1286 2284 1389 2312 calculo
1404 2292 1453 2312 suo
1470 2286 1629 2319 tribuentes,
1657 2287 1691 2314 ab
1718 2287 1777 2322 ejus
1801 2290 1841 2316 vel

215 2333 335 2365 patronis
366 2331 503 2359 absterriti
525 2337 588 2359 sunt
609 2332 767 2360 Theodorus
790 2332 1000 2369 Mopsuestenus

213 2381 242 2404 et
253 2377 427 2412 Apollinaris.
444 2377 588 2412 quominus
607 2377 644 2404 illi
666 2378 753 2413 palam
776 2379 820 2407 hic
834 2379 1001 2413 detraheret,

214 2422 259 2449 ille
272 2422 363 2450 multis
375 2423 457 2450 etiam
470 2423 579 2458 scriptis
598 2424 733 2458 opusculis
750 2430 937 2460 oppugnaret;
954 2427 1001 2454 sed

214 2468 281 2496 levis
297 2473 339 2496 est
353 2469 481 2496 momenti
498 2470 686 2497 haereticorum
709 2471 847 2498 hominum
862 2472 1000 2500 obtrecta-

214 2514 261 2542 tio.
282 2514 384 2542 Auctor
400 2522 507 2550 quoqtte
528 2515 711 2551 Dialogorlm,
729 2517 774 2551 qui
790 2517 908 2545 Caesario
929 2517 1000 2546 Gre-

213 2561 281 2595 gorii
312 2559 477 2589 Nazianzeui
511 2561 588 2589 fratri
618 2567 802 2594 ascrmuntur.
834 2568 862 2591 et
889 2563 998 2591 Maximi

214 2612 303 2635 tamen
328 2607 444 2634 Caesario
474 2607 649 2641 recentioris,
678 2614 704 2635 et
733 2607 856 2643 Gregorii
883 2608 998 2644 Nysseni

214 2653 372 2688 fragmentis
386 2652 450 2679 farti
469 2657 546 2686 sunt;
562 2658 667 2686 auctor,
690 2654 810 2689 inquam,
832 2654 877 2682 ille
890 2655 923 2682 de
937 2654 998 2683 Ori-

212 2706 280 2734 gene
308 2698 377 2727 male
401 2699 486 2726 sensit
509 2706 541 2726 ac
566 2699 675 2734 scripsit
699 2700 731 2733 “,
763 2700 911 2735 μυθολόγον
937 2708 998 2727 eum

211 2745 357 2780 appellans,
372 2744 457 2776 ἀκοὰς
484 2744 532 2780 μὲν
556 2744 696 2779 θέλγοντα,
725 2745 813 2781 ψυχὰς
831 2746 859 2773 δὲ
882 2746 913 2773 οὐ
932 2746 997 2782 τρέ-

211 2799 310 2826 φοντα·
332 2799 341 2816 t
355 2791 441 2818 Aures
462 2789 571 2825 quidem
594 2791 773 2824 mulcentem,
798 2792 905 2819 animas
933 2799 996 2818 vero

212 2837 321 2864 tniuime
354 2836 536 2869 nutrientem;
553 2846 575 2863 ι.
597 2841 624 2864 et
648 2836 698 2871 τῆς
727 2837 810 2873 ὀργῆς
839 2836 994 2872 ἐπώνυμον,

1054 2330 1235 2363 discedentes,
1255 2331 1297 2358 vel
1313 2331 1453 2358 discedere
1470 2337 1580 2366 paratos
1593 2333 1742 2366 erroribus,
1761 2334 1842 2361 simul

1053 2383 1135 2412 atque
1151 2376 1266 2404 fuissent
1283 2378 1428 2412 perspecti;
1453 2382 1480 2405 et
1505 2377 1539 2405 ab
1566 2377 1686 2406 Ecclesia
1710 2379 1840 2408 damnati.

1053 2423 1149 2450 Iisdem
1159 2430 1336 2450 accensemus
1349 2422 1479 2450 Joannem
1494 2423 1729 2458 Cbrysoslomum,
1754 2425 1842 2453 Theo-

1054 2469 1148 2496 timum
1160 2469 1345 2502 Tomitanum,
1357 2470 1495 2504 ctaliquos
1506 2478 1540 2497 ex
1554 2470 1587 2497 iis
1600 2478 1668 2504 quos
1678 2470 1840 2506 Origenismi

1052 2522 1133 2542 causa
1147 2519 1259 2542 vexatos
1277 2514 1360 2542 fuisse
1374 2514 1444 2542 infra
1462 2516 1651 2547 narrabimus;
1666 2516 1841 2545 heterodoxis

1052 2559 1213 2587 ascribimus
1224 2559 1364 2595 Dydimum
1380 2559 1602 2592 Alexandrinum.
1615 2559 1746 2588 Joannem
1762 2561 1840 2589 Jeru-

1051 2605 1254 2640 solymitanum,
1271 2606 1416 2640 Evagrium
1434 2604 1587 2638 Ponticum,
1601 2606 1748 2634 Palladium
1762 2607 1841 2636 Gala-

1051 2657 1118 2683 tam,
1133 2651 1264 2678 lsidoruut
1276 2671 1284 2684 ,
1317 2651 1457 2683 [\ulinum,
1481 2655 1509 2678 et
1531 2651 1685 2686 complures
1701 2660 1734 2679 ex
1752 2652 1836 2689 Egy-

1051 2698 1114 2732 ptiis
1140 2698 1280 2725 monachis
1308 2698 1355 2732 qui
1380 2696 1496 2724 Nitriam
1531 2703 1649 2724 montem
1665 2698 1837 2732 incolebant.

1051 2751 1173 2779 quosque
1184 2743 1361 2778 'Origeuismi
1381 2751 1486 2771 veneno
1501 2744 1604 2778 primos
1620 2743 1702 2771 fuisse
1719 2744 1839 2773 imbutos

1052 2796 1145 2817 narrat
1157 2790 1265 2817 Nicetas
1280 2789 1407 2816 Thesaur.
1432 2789 1537 2815 ortltod.
1560 2789 1608 2823 ﬁll.
1626 2789 1686 2817 libr.
1708 2798 1745 2822 tv,
1771 2791 1837 2820 haer.

1050 2836 1095 2864 Si.
1122 2836 1254 2864 Peculiari
1275 2835 1472 2863 commentario
1494 2834 1662 2870 Origeuistas
1690 2838 1838 2865 monachos

246 2891 352 2932 ’_'__tlisr.
366 2892 404 2932 pe
420 2893 509 2932 script.
529 2893 618 2932 scalas.
641 2893 666 2920 in
687 2893 807 2932 Hilario;
822 2899 849 2921 et
866 2894 1051 2932 librLIrApol.
1074 2894 1149 2932 adv.”
1161 2892 1248 2932 Rufin.
1261 2900 1321 2932 cap.
1339 2892 1366 2923 2,
1384 2896 1412 2920 et
1517 2900 1548 2926 ll,
1564 2899 1588 2921 ο.
1604 2891 1639 2926 4;
1678 2899 1705 2923 et
1729 2895 1836 2932 Prolog.

210 2928 236 2954 in
251 2928 310 2956 libr.
328 2935 346 2954 tt
362 2927 460 2955 Comm.
478 2929 503 2955 in
532 2927 624 2962 Nic-In,
642 2933 670 2955 ct
683 2929 762 2964 epist.
775 2929 819 2962 75,
836 2930 895 2957 adv.
913 2929 1093 2964 Vigilnnlium.

1134 2929 1154 2945 η
1171 2924 1276 2961 Dialog.
1291 2924 1318 2960 3,
1337 2936 1407 2957 resu.
1428 2924 1489 2955 l5].
