4170 6450
490 381 516 434 1
533 379 633 435 125

1755 375 1814 430 P.
1857 371 2174 428 DANtELts
2204 362 2439 432 HU‘ETII

3607 380 3630 433 l
3649 381 3742 434 l-Ql

492 501 714 554 laudare
739 499 1045 554 instituerat
1072 497 1320 562 Rufinus,
1353 499 1502 553 utab
1547 497 1873 568 Hieronymo
1911 511 2065 551 acce-
2097 499 2143 555 Α
2172 514 2387 568 genem,
2423 501 2505 555 vel
2537 513 2634 567 pro
2677 499 2911 570 Origene
2950 508 3270 569 argumenta
3309 497 3549 554 studiose
3593 497 3744 550 colli-

493 593 697 660 pimus,
756 589 910 657 cujus
974 591 1087 643 haec
1127 601 1256 644 sunt
1313 591 1472 644 verba
1527 593 1596 642 ad
1649 589 2064 657 Ctesiphontem,

493 697 614 750 cap.
647 682 683 735 2
714 699 730 734 :
771 699 790 731 ι
813 681 1032 735 Librum
1057 697 1270 752 quoque
1316 684 1534 752 scripsit
1576 684 1727 753 quasi
1784 683 1849 736 de
1884 695 2068 735 mona-

491 774 630 836 chis,
655 771 957 840 multosque
992 773 1043 825 in
1077 787 1142 826 eo
1169 784 1474 838 enumerat,
1527 777 1617 842 qui
1653 788 1925 842 nunquam
1954 771 2069 825 fue-

493 873 642 928 runt,
695 873 752 918 et
803 878 941 932 quos
990 863 1159 918 fuisse
1207 865 1420 926 scribit.
1477 864 1840 935 Origenistas,
1894 873 1950 917 et
2001 863 2069 919 ab

491 955 760 1024 episcopis
795 957 1076 1009 danmatos
1116 969 1238 1010 esse
1289 971 1397 1011 non
1435 956 1656 1010 dubium
1688 964 1792 1014 est.
1849 957 2068 1010 Ammo-

492 1043 640 1097 nium
701 1041 1077 1106 videlicet,’et
1121 1044 1445 1110 Eusebium;
1505 1054 1560 1098 et
1611 1044 1956 1111 Euthymion,
2015 1053 2071 1099 et

493 1136 665 1202 ipsum
693 1134 1002 1203 Evagrium,
1029 1133 1103 1189 0r
1129 1150 1365 1204 quoque,
1406 1147 1460 1189 et
1483 1135 1764 1196 lsidorum,
1789 1144 1843 1188 et
1875 1135 2069 1189 multos

491 1221 648 1287 alios,
685 1237 826 1292 quos
854 1237 1178 1278 enumerare
1223 1225 1439 1278 taedium
1469 1233 1575 1278 est.
1640 1223 1705 1277 Et
1745 1224 1897 1293 juxta
1939 1223 2068 1278 illud

501 1313 740 1370 Lucretii
766 1331 781 1368 :

669 1425 744 1477 Ac
773 1423 931 1478 veluti
969 1426 1144 1495 pueris
1173 1425 1438 1480 absinthia
1475 1436 1604 1480 tetra
1630 1426 1889 1481 medentes

670 1495 801 1565 Cum
833 1499 958 1548 dare
992 1508 1271 1559 conantur,
1312 1498 1461 1563 prius
1492 1514 1612 1549 oras
1651 1498 1839 1565 pocula
1867 1496 2065 1548 circum

670 1564 991 1633 Couttugunt
1025 1567 1192 1620 mellis
1216 1566 1357 1619 dulci
1389 1568 1624 1636 ﬂavoque
1653 1564 1852 1634 liquore
1877 1566 1917 1596 ⁸⁵
1944 1583 1958 1632 ;

493 1682 564 1736 ita
597 1681 686 1737 ille
715 1698 880 1735 unum
919 1681 1184 1736 Joannem
1227 1681 1280 1736 in
1324 1683 1490 1753 ipsius
1530 1683 1654 1738 libri
1705 1684 1884 1752 posuit
1916 1684 2071 1754 prin~

492 1773 656 1842 cipio,
687 1788 846 1842 quem
884 1784 939 1826 et
973 1773 1299 1828 catholicum
1356 1782 1411 1828 et
1452 1784 1699 1828 sanctum
1743 1774 1908 1830 fuisse
1956 1791 2062 1828 non

2171 595 2440 662 gentibus,
2462 595 2679 648 minime
2708 608 2840 647 sane
2862 592 3049 646 fuisset
3071 591 3510 660 prtetermissum.
3542 586 3744 650 Super-

2171 694 2258 739 est
2306 684 2492 752 igitur,
2534 693 2594 736 ut
2640 684 2883 736 dicamus
2926 682 3263 750 Origenistas
3313 679 3482 732 fuisse
3520 676 3746 745 duplicis

2171 779 2418 847 generis,
2449 778 2798 840 orthodoxos,
2820 788 2874 830 et
2899 775 3294 839 heterodoxos;
3325 781 3383 827 et
3417 769 3744 825 invidiosum

2172 871 2276 924 hoc
2307 884 2500 923 nomen
2551 869 2734 922 multis
2769 868 3078 932 aimmerito,
3114 866 3362 936 pluribus
3412 862 3573 917 etiam
3627 860 3746 930 jure

2170 960 2337 1015 fuisse
2362 961 2639 1014 tributum.
2670 959 2855 1012 Fidem
2883 956 3120 1026 opinioni
3154 965 3352 1010 nostra:
3392 953 3593 1007 faciunt
3620 951 3746 1009 hinc

2170 1049 2359 1105 Graeca
2391 1050 2713 1120 tnenolegia,
2751 1063 2872 1117 quae
2907 1046 3200 1101 nonnullos
3241 1061 3304 1100 ex
3335 1042 3662 1115 Origenistis
3690 1042 3744 1094 in

2169 1153 2483 1196 sanctorum
2528 1142 2706 1194 album
2775 1139 3053 1203 referunt,
3121 1147 3175 1191 et
3224 1146 3466 1204 spectata
3509 1133 3750 1203 Chryso-

2169 1235 2330 1289 stomi
2361 1235 2531 1287 virtus
2575 1248 2636 1286 ac
2682 1233 2884 1301 pietas,
2923 1231 3014 1302 qui
3057 1246 3147 1284 eos
3186 1231 3258 1283 ita
3313 1237 3515 1282 tutatus
3559 1234 3662 1289 est,
3691 1229 3750 1277 ut

2173 1325 2420 1378 eamdem
2471 1339 2686 1394 quoque
2719 1323 2822 1376 sibt
2873 1321 3290 1391 appellationem
3340 1319 3743 1381 conscisceret;

2172 1416 2293 1470 imle
2325 1414 2634 1483 llieronyini
2661 1425 2715 1466 et
2743 1411 3028 1481 Epiphanii
3061 1409 3306 1479 partibus
3350 1408 3454 1462 illis
3483 1408 3748 1460 haereseos

2171 1517 2353 1560 notam
2382 1505 2768 1575 imponentium
2807 1500 3138 1557 testificatio.
3167 1499 3417 1554 Profecto
3446 1513 3547 1549 non
3579 1511 3740 1548 unam

2173 1596 2340 1650 fuisse
2361 1594 2784 1664 Origenistarum
2805 1593 3043 1648 omnium
3069 1590 3390 1654 doctrinam,
3411 1601 3508 1640 nec
3528 1587 3744 1639 eosdem

2170 1703 2352 1742 mores
2376 1687 2505 1742 satis
2530 1703 2597 1741 ex
2629 1686 2929 1755 Epiphanio
2949 1684 3237 1745 evincitur,
3277 1681 3366 1750 qui
3416 1681 3546 1732 haer.
3579 1676 3647 1729 65
3691 1683 3747 1728 et

2171 1778 2262 1842 64,
2296 1777 2568 1848 geminum
2615 1776 2825 1829 illorum
2857 1773 3100 1842 agnoscit
3127 1784 3292 1841 genus
3322 1783 3336 1820 :
3369 1767 3423 1821 in
3454 1780 3561 1834 quo
3610 1764 3745 1817 licet

493 1866 713 1919 dubium
748 1875 850 1928 est,
880 1875 937 1918 ut
971 1880 1064 1932 per
1108 1865 1251 1920 illius
1277 1867 1619 1920 occasionem
1651 1877 1900 1932 caeteros,
1935 1882 2069 1936 quos
2099 1843 2142 1897 Β
2175 1843 2375 1924 incerta
2409 1868 2726 1939 prodiderit,
2753 1876 2808 1921 et
2835 1874 2951 1935 post
2977 1865 3149 1933 ipsum
3188 1860 3538 1929 Augustinus.
3575 1853 3750 1912 multis

493 1966 749 2027 posuerat
765 1958 1073 2024 haereticos,
1089 1957 1338 2013 Ecclesiae
1353 1959 1739 2013 introduceret.
1767 1977 1786 2009 ι
1803 1957 2068 2013 Joannem

493 2050 940 2120 Chnysostomum
981 2051 1066 2104 his
1109 2049 1406 2121 signiﬁcari
1457 2063 1603 2106 recte
1641 2051 1840 2106 asserit
1876 2049 2072 2104 Maria-

494 2157 596 2196 nus
622 2141 892 2197 Victorius
917 2160 933 2208 ;
961 2143 1054 2197 sed
1081 2141 1307 2207 fallitur,
1339 2143 1500 2197 alium
1530 2145 1673 2198 hunc
1694 2160 1814 2198 esse
1840 2144 2072 2213 opinans

493 2233 786 2304 Evagriutn
817 2234 885 2288 ab
924 2235 1154 2305 Evagrio
1197 2235 1422 2291 Pontico
1461 2236 1834 2308 Hyperborita,
1872 2238 1950 2291 uti
2003 2239 2071 2292 ab

499 2324 826 2395 Hieronymo
851 2326 976 2380 alibi
1017 2327 1340 2396 appellatur.
1381 2327 1843 2394 Quemadmodum
1891 2339 2070 2382 autem

494 2416 832 2486 Origenistas
870 2417 1063 2472 Latine
1093 2418 1374 2473 celebrare
1420 2418 1648 2472 ltufinus
1681 2418 1951 2484 instituit;
1999 2421 2072 2474 ita

499 2507 726 2575 idipsum
756 2506 944 2562 Graece
976 2522 1007 2560 a
1052 2505 1290 2561 Palladio
1321 2507 1521 2560 factum
1564 2517 1668 2570 est,
1722 2508 1774 2561 in
1813 2505 2075 2560 Lausiaca

495 2597 714 2650 historia
750 2613 770 2651 :
798 2613 905 2666 quo
938 2613 1101 2666 opere
1148 2597 1332 2651 lsidori
1360 2637 1376 2662 ,
1430 2597 1682 2651 Dorothei
1705 2637 1720 2660 ,
1764 2596 2061 2664 Ammonii,

499 2687 738 2757 Evagrii,
787 2688 885 2752 Or,
942 2689 1284 2744 Patamimnae
1335 2689 1589 2760 Origenis
1630 2689 1926 2759 discipulae,
1981 2688 2076 2743 Di-

497 2779 671 2849 dymi,
699 2778 1040 2849 aliorumque
1069 2781 1376 2836 Adamantii
1404 2789 1734 2835 sectatorum
1763 2781 1903 2834 vitas
1929 2795 2076 2835 com-

494 2869 685 2939 plexus
713 2877 816 2924 est.
852 2869 1022 2923 Porro
1055 2886 1151 2925 nos
1175 2886 1526 2940 quoscunque
1551 2871 1692 2924 inter
1723 2871 2079 2924 beterodoxos

496 2961 836 3031 Origenistas
888 2963 1160 3032 ponimus,
1203 2979 1299 3034 pro
1343 2963 1615 3016 hzereticis
1661 2961 1850 3016 haberi
1883 2961 2075 3026 velim;

498 3053 810 3107 tralatitium
843 3054 987 3108 enim
1015 3064 1118 3120 est,
1151 3071 1252 3108 non
1279 3067 1546 3118 errorem,
1573 3053 1665 3107 sed
1691 3053 2077 3121 pertinaciam,

497 3145 810 3199 ha:reticum
847 3145 1048 3201 facere.
1077 3146 1325 3212 Melania,
1348 3155 1495 3215 puta,
1516 3161 1583 3200 ex
1609 3145 1713 3199 hoc
1737 3145 1862 3200 licet
1894 3159 2076 3215 grege,

496 3238 642 3293 inter
680 3247 902 3292 sanctos
951 3248 1129 3293 tamen
1171 3239 1340 3292 relata
1388 3246 1510 3304 est;
1562 3247 1618 3291 et
1667 3251 1736 3290 ex
1795 3238 2078 3292 monachis

497 3328 606 3383 illis
662 3327 1032 3386 Nitriensibus
1109 3330 1353 3384 nonnulli
1417 3331 1469 3385 in
1531 3330 1951 3400 pseudosynodo
2010 3329 2078 3384 ad

498 3424 770 3489 Quercum
805 3423 989 3478 habita
1035 3431 1218 3477 errata
1242 3417 1472 3479 sua'sibi
1505 3423 1806 3479 condonari
1835 3421 2078 3494 postula-

498 3524 623 3567 runt
659 3524 714 3569 et
737 3515 1114 3584 impetrarunt.

567 3608 745 3676 Atque
792 3608 906 3662 haec
966 3608 1400 3678 Origeoistarum
1459 3607 1734 3664 distinctio
1793 3609 2081 3678 diligenter

497 3698 733 3752 notanda
770 3707 899 3751 est:
931 3715 1055 3752 nam
1107 3701 1403 3755 monachos
1443 3700 1578 3757 illos.
1605 3699 1936 3767 Nitrienses,
1987 3702 2077 3770 qui

501 3785 604 3838 hac
631 3795 951 3853 tempestate
980 3786 1421 3857 Origenistarum
1464 3789 1824 3859 appellatione
1854 3789 2080 3844 infama-

498 3876 714 3940 bantur,
755 3875 1041 3930 hicreticos
1098 3878 1270 3932 fuisse
1318 3891 1504 3935 censet
1546 3896 1734 3936 onmes
1786 3881 2074 3949 Baronius,

496 3983 596 4021 nec
623 3977 731 4021 tam
757 3967 1007 4037 Origenis
1031 3970 1220 4038 gloria:
1242 3970 1468 4037 favisse,
1492 3987 1654 4042 quam
1686 3973 1854 4042 ipsius
1889 3975 2082 4042 opina-

496 4059 734 4112 tionibus
775 4060 1049 4114 mordicus
1106 4061 1402 4117 adhzcsisse
1458 4077 1627 4131 :qutc
1685 4063 1813 4116 mihi
1869 4063 2081 4117 videtur

494 4152 761 4204 sententia
827 4152 1220 4223 Chrysostomo
1294 4163 1349 4209 et
1436 4154 1721 4209 Theotimo
1785 4154 2073 4210 Tomitano

494 4245 774 4312 episcopo,
806 4247 1170 4301 sanctissimis
1215 4247 1370 4312 viris,
1413 4263 1672 4318 perquam
1720 4263 1842 4303 esse
1884 4260 2080 4304 contu-

497 4336 741 4390 meliosa.
806 4337 888 4390 Ab
921 4337 1053 4406 ipsis
1082 4339 1173 4392 alii
1201 4354 1421 4393 omnem
1468 4340 1670 4394 erroris
1716 4339 2078 4408 suspicionem

498 4438 734 4481 amotam
765 4441 885 4483 esse
917 4431 1126 4494 volunt,
1163 4438 1218 4484 et
1259 4431 1425 4486 totius
1476 4431 1901 4487 concertationis
1943 4432 2080 4485 invi-

2173 1965 2364 2034 plicem
2396 1973 2572 2017 tamen
2606 1962 2884 2016 hominum
2918 1957 3129 2012 illorum
3161 1955 3327 2010 fuisse
3352 1960 3551 2007 sectam
3583 1963 3650 2004 ex
3681 1962 3747 2002 eo

2172 2057 2514 2126 perspicuum
2545 2066 2646 2109 est.
2692 2052 2838 2106 inter
2867 2068 2960 2107 eos
2992 2061 3051 2106 ut
3094 2046 3452 2118 integerrimis
3501 2038 3748 2097 nonnulli

2174 2151 2389 2202 fuerunt
2420 2148 2681 2209 moribus,
2700 2146 2776 2200 ita
2803 2145 3001 2200 [tedam
3025 2141 3296 2196 libidinem
3320 2147 3373 2191 et
3394 2133 3749 2191 Ouanismum

2179 2240 2388 2307 aliquos
2417 2238 2729 2292 exercuisse
2761 2235 3014 2290 referenti
3044 2230 3339 2301 Epiphanio
3369 2227 3529 2281 facile
3553 2225 3743 2286 credo;

2175 2329 2446 2400 quidquid.
2461 2327 2799 2382 contradicat
2820 2324 3102 2379 llalloxies
3126 2337 3142 2390 ξ
3171 2337 3235 2376 ex
3258 2333 3429 2388 eoque
3457 2316 3745 2370 adductum

2175 2419 2420 2488 suspicor
2452 2415 2834 2486 Epiphaniam,
2873 2424 3075 2468 utcum
3115 2419 3374 2486 praeterea
3419 2419 3520 2460 non
3561 2404 3746 2458 eadem

2173 2513 2374 2566 sentire
2398 2509 2737 2578 Origenistas
2767 2521 2958 2561 oumes
2993 2503 3314 2565 inaudisset,
3346 2506 3560 2571 putaret
3594 2504 3749 2561 turpe

2175 2603 2304 2657 illud
2339 2601 2560 2663 factum,
2611 2597 2755 2668 quod
2797 2610 3006 2650 morum
3060 2602 3180 2646 erat
3227 2593 3433 2657 vitium,
3491 2587 3750 2640 doctrinae

2175 2709 2414 2749 errorem
2459 2692 2648 2755 fuisse,
2689 2702 2854 2759 atque
2889 2689 2960 2741 ita
2997 2686 3264 2756 duplicent
3298 2691 3500 2738 sectam
3543 2679 3745 2733 consti—

2181 2795 2374 2841 tueret.
2415 2785 2620 2841 Utntiti
2646 2783 2889 2852 plerique
2915 2781 3131 2835 fuerunt
3159 2777 3394 2846 ingenio,
3427 2775 3498 2828 ita
3533 2781 3752 2826 contend

2179 2879 2300 2934 tiosi
2363 2878 2477 2943 alii,
2528 2875 2824 2932 refraetarii
2873 2882 2928 2928 et
2958 2867 3420 2933 cervicosi;vclnt
3450 2880 3537 2932 qui
3586 2861 3749 2914 l'ln-o-

2180 2971 2326 3042 philo
2359 2967 2723 3024 Alexandrino
2773 2963 2985 3035 pnnsuli
3036 2959 3296 3014 violentas
3351 2968 3518 3026 prope
3562 2964 3753 3004 manus

2179 3065 2498 3127 intulerunt,
2541 3073 2600 3116 ut
2648 3059 2929 3114 dicemus:
2962 3055 3174 3109 dicaces
3207 3049 3298 3103 alii
3333 3058 3387 3102 et
3429 3043 3749 3116 petulantes,

2103 3185 2150 3248 α
2182 3158 2423 3214 dicteriis
2447 3169 2588 3225 saepe
2608 3161 2663 3208 et
2684 3148 3024 3206 contumeliis
3043 3146 3353 3203 Catholicos
3377 3139 3712 3248 lacessebant
3735 3154 3749 3201 ;

2180 3257 2325 3305 velut
2375 3251 2427 3303 in
2467 3264 2563 3312 eo,
2608 3246 2746 3312 quod
2793 3257 3098 3305 narramus,
3157 3238 3403 3301 dissidio,
3442 3231 3753 3290 Catholicos

2181 3343 2520 3414 appellabant
2545 3334 3025 3405 Pelusiotas,quod
3059 3343 3310 3401 tanquam
3343 3328 3457 3382 luto
3491 3321 3751 3414 immersi,

2179 3413 2235 3488 et
2263 3432 2412 3487 curvi
2445 3433 2495 3484 in
2536 3442 2708 3484 terras
2743 3445 2806 3481 ac
2854 3425 3154 3482 ctelestium
3196 3423 3386 3476 inanes
3417 3424 3637 3480 essent;
3686 3413 3754 3466 ad

2179 3538 2367 3577 vocem
2413 3521 2608 3592 πῆλος,
2641 3531 2694 3573 et
2727 3534 2921 3573 nomen
2961 3513 3181 3577 Pelusii,
3239 3511 3294 3566 in
3330 3507 3752 3579 Origenistarum

2181 3613 2556 3675 Nitriensium,
2587 3621 2851 3665 eteorum
2897 3608 2986 3677 qui
3032 3608 3084 3660 in
3133 3604 3418 3660 Palaestina
3471 3599 3750 3668 degebant,

2182 3707 2378 3760 vicinia
2409 3705 2522 3770 siti,
2555 3703 2749 3772 frigido
2781 3711 2836 3754 et
2873 3700 3083 3756 scurrili
3115 3699 3239 3767 joco
3273 3695 3591 3749 alludentes.
3627 3689 3756 3742 Hic-

2183 3813 2440 3868 ronymus
2460 3796 2720 3865 epist.6l,
2751 3799 2818 3848 ad
2855 3792 3330 3858 Pammacb.,cap.
3356 3787 3422 3841 5:
3459 3803 3477 3836 t
3509 3782 3602 3836 llic
3634 3787 3758 3836 sum

2181 3890 2416 3958 strophae
2447 3898 2643 3942 vestra:
2685 3899 2846 3955 atque
2871 3883 3173 3954 pra’sligitu,
3209 3882 3408 3950 quibus
3455 3892 3551 3930 nos
3593 3873 3754 3928 Pt-lu-

2183 3985 2370 4048 siotas,
2414 3991 2468 4037 et
2504 3980 2779 4048 iumenta,
2830 3988 2886 4033 et
2938 3976 3200 4030 animales
3254 3975 3498 4028 homines
3549 3970 3752 4029 dicitis,

2183 4075 2306 4143 quia
2335 4087 2440 4127 non
2472 4072 2759 4139 recipimus
2801 4085 2863 4124 ea
2906 4081 3025 4135 qua:
3073 4065 3297 4135 spiritus
3341 4072 3484 4118 sunt.
3515 4080 3533 4113 ι
3588 4059 3758 4113 Baro-

2183 4166 2330 4220 nium
2362 4162 2502 4232 fugit
2532 4162 2658 4215 dicti
2691 4159 2848 4228 hujus
2885 4156 3209 4228 signiﬁcatio
3231 4197 3247 4218 .
3276 4165 3330 4210 et
3361 4169 3493 4224 pro,
3557 4170 3575 4201 ι
3601 4151 3758 4205 Pelu-

2181 4256 2368 4319 siotas,
2396 4273 2414 4306 ι
2473 4253 2571 4320 Ιθεί
2613 4253 2785 4320 jubet,
2847 4249 3198 4311 tPilosiotas,
3224 4267 3242 4299 ι
3285 4247 3426 4316 quod
3481 4254 3762 4298 uterentur

2183 4345 2502 4414 Origenista:
2556 4360 2577 4393 t
2603 4343 2704 4396 hac
2745 4355 2897 4404 voce,
2959 4339 3310 4408 suggillantes
3341 4345 3502 4402 atque
3529 4333 3759 4386 subsan—

2185 4447 2377 4492 nantes
2406 4435 2734 4498 Catholicos,
2779 4433 2935 4501 quasi
2976 4432 3260 4486 crederent
3306 4435 3547 4481 mortuos
3577 4436 3760 4478 resur-

498 4519 641 4571 diam
681 4531 1004 4574 convertunt
1040 4523 1092 4576 in
1135 4522 1418 4591 episcopos
1443 4522 1772 4594 Origenistis
1814 4523 2075 4586 infensos,
2111 4522 2156 4576 D
2183 4539 2425 4583 rectmos
2447 4529 2610 4582 etiam
2643 4541 2765 4580 cum
2813 4526 2957 4594 pilis,
3001 4524 3125 4577 dum
3168 4525 3314 4574 recte
3363 4515 3611 4572 dicerent
3663 4525 3758 4566 008

499 4625 635 4678 quos
667 4613 900 4680 propriis
930 4613 1301 4668 simultatibus
1333 4613 1661 4684 Origenismi
1687 4631 1906 4670 causam
1938 4631 2076 4685 prte-

502 4711 768 4766 texentes,
796 4704 977 4772 inique
1017 4707 1162 4760 viros
1193 4707 1436 4761 insontes
1466 4723 1697 4762 vexasse
1725 4709 2074 4776 pertendunt;

500 4795 866 4863 piissimorum
931 4798 1209 4851 hominum
1280 4797 1595 4870 Hieronymi
1657 4810 1713 4854 et
1788 4797 2075 4868 Epiphanii

499 4887 882 4941 auctoritatem
951 4904 1015 4942 ac
1079 4891 1446 4944 testimottium
1500 4892 1721 4960 insuper
1771 4892 2076 4957 habentes,

499 4977 676 5048 iisque
693 4977 943 5044 Palladii,
967 4983 1103 5035 meri
1134 4981 1482 5051 Origenistaa,
1511 4997 1540 5036 a
1565 4998 1673 5052 quo
1697 4983 2076 5054 Chrysostomi

499 5070 610 5122 vita
636 5070 938 5139 conscripta
972 5081 1080 5138 est,
1115 5071 1434 5143 suffragium
1469 5084 1881 5143 antepenentes.
1926 5074 2078 5129 Heri-

502 5159 686 5214 bertus
718 5160 1083 5231 liosweydus,
1112 5164 1354 5218 hiswria:
1382 5165 1770 5219 ecclesiastica:
1805 5175 2080 5220 scrutator

502 5250 752 5319 diligens,
802 5253 899 5306 hos
943 5253 1084 5308 inter
1123 5255 1336 5309 medius
1373 5255 1598 5321 incedit,
1661 5267 1714 5310 et
1765 5257 1912 5311 viros
1959 5257 2079 5311 illos

502 5343 593 5412 qui
644 5343 966 5413 (lrigenismi
1019 5346 1236 5400 nomine
1295 5346 1528 5400 traducti
1583 5331 1708 5400 sunt
1744 5386 1759 5408 ,
1823 5347 2076 5418 dogmata

503 5435 735 5502 primum
754 5434 1002 5506 Origenis
1028 5437 1358 5502 defendisse,
1389 5438 1584 5492 deinde
1607 5454 1736 5492 vero
1766 5439 2079 5506 repudiasse

504 5523 768 5591 conjectat
795 5540 810 5580 :
839 5529 999 5596 quod,
1027 5530 1072 5583 si
1099 5530 1174 5583 ita
1201 5539 1369 5594 esset,
1395 5531 1464 5584 ab
1491 5529 1726 5594 illorum,
1755 5529 1836 5582 vel
1853 5544 2079 5598 sequen-

507 5613 638 5668 timn
671 5627 971 5687 temporum
1015 5621 1397 5690 scriptoribus,
1439 5621 1619 5677 omnia
1657 5623 1916 5678 adversus
1954 5620 2072 5676 Ori-

2185 4629 2593 4673 resurrecturos
2639 4631 2758 4670 cum
2811 4613 3035 4684 singulis
3066 4610 3310 4678 corporis
3345 4605 3600 4659 membris
3627 4605 3690 4656 ιθ.
3731 4623 3749 4652 ι

2188 4705 2384 4761 Verum
2451 4704 2809 4774 expositionis
2866 4713 3062 4757 nostrae
3129 4699 3494 4765 lidejussoretu
3567 4695 3758 4747 damus

2185 4797 2570 4868 Hieronymum
2620 4796 2817 4865 ipsum,
2867 4795 3028 4864 epist.
3077 4790 3166 4854 65,
3224 4790 3291 4843 ad
3323 4787 3646 4842 Pammacb.
3699 4795 3755 4840 et

2183 4888 2408 4953 0cean.,
2443 4903 2563 4958 cap.
2592 4888 2648 4944 5.
2686 4903 2704 4936 t
2728 4884 3048 4945 Pelusiotas,
3076 4881 3276 4949 inquit,
3323 4893 3420 4934 nos
3465 4878 3755 4947 appellant,

2183 4990 2236 5035 et
2263 4981 2461 5044 luteos,
2496 4978 2896 5045 animalesque,
2929 4983 2985 5027 et
3012 4987 3266 5036 carncos,
3302 4971 3444 5040 quod
3488 4986 3592 5024 non
3625 4969 3758 5023 reci-

2182 5074 2393 5141 piamus
2421 5087 2483 5127 ea
2512 5087 2633 5141 quae
2664 5071 2888 5140 spiritus
2917 5076 3079 5129 sunt;
3122 5083 3140 5115 ι
3181 5074 3237 5118 et
3263 5079 3381 5133 cap.
3416 5062 3440 5115 1
3471 5078 3484 5114 :
3516 5080 3535 5113 ι
3564 5059 3762 5114 Putant

2181 5165 2324 5218 enim
2349 5179 2435 5220 me
2461 5179 2615 5219 suum
2645 5178 2766 5219 esse
2787 5161 3134 5234 συμμύστην,
3168 5166 3222 5211 et
3248 5165 3468 5226 propter
3497 5153 3760 5206 animales

2178 5265 2236 5310 et
2263 5257 2434 5311 luteos
2469 5257 2608 5311 nolle
2637 5255 2810 5324 palam
2868 5257 3119 5324 dogmata
3165 5249 3433 5305 confiteri.
3466 5266 3484 5298 ι
3534 5245 3758 5300 Manife-

2183 5349 2322 5403 8tius
2353 5349 2515 5404 etiam
2544 5350 2598 5400 in
2617 5347 2812 5400 Jerem.
2855 5362 3012 5410 χχιι,
3046 5345 3149 5398 M:
3187 5361 3205 5393 ι
3236 5342 3365 5408 Quae
3397 5355 3518 5395 cum
3541 5339 3766 5393 audiunt

2185 5439 2446 5508 discipuli:
2474 5438 2593 5505 ejus
2637 5435 2961 5507 (Origenis)
3013 5445 3069 5490 et
3117 5433 3443 5488 Grunnianaa
3484 5430 3626 5500 (hoc
3678 5438 3763 5483 est

2187 5529 2408 5602 Rutini)
2445 5529 2663 5583 familia:
2698 5537 2962 5593 stercora,
3015 5534 3207 5596 putant
3252 5538 3312 5580 se
3366 5523 3543 5578 divina
3577 5521 3765 5575 audire

2185 5625 2484 5693 mysteria;
2545 5636 2756 5692 nosque
2823 5621 2913 5690 qui
2967 5621 3072 5674 ista
3120 5617 3555 5681 contemnimus,
3610 5612 3764 5684 quasi

572 5799 616 5834 ³⁸
642 5801 854 5862 Lucret.
884 5805 978 5862 lib.
1016 5823 1091 5877 tv,
1124 5823 1264 5868 vers.
1295 5811 1380 5866 lt.
1460 5810 1502 5843 "
1541 5808 1738 5866 Baron.
1767 5810 1833 5865 ad
1863 5825 1955 5868 an.
1980 5810 2107 5877 595,
2137 5823 2254 5879 cap.
2289 5807 2378 5873 10,
2411 5816 2464 5864 et
2492 5805 2560 5860 ad
2588 5820 2678 5862 an.
2715 5801 2836 5868 ιοο.
2877 5799 3104 5871 cap.86.
