4170 6484
515 417 654 471 “2'5

1429 413 1995 469 ORIGENIANORUM
2033 411 2159 466 LIB.
2201 411 2261 469 ll.
2305 410 2454 465 CAP.
2497 409 2588 471 IV,
2634 404 2828 464 SECT.
2862 409 2901 466 l.

3631 419 3770 476 1126

516 548 614 600 pro
642 533 814 588 brutis
857 534 1054 589 habent
1089 533 1486 597 animantibus,
1540 543 1596 587 et
1643 543 1836 587 vocant
1886 533 2089 603 πηλουά
2126 542 2164 592 Α
2197 529 2465 583 Palladius
2519 530 2571 582 in
2623 528 2920 594 Lausiaeis,
2982 539 3117 586 sect.
3168 531 3235 586 78
3289 541 3344 587 et
3391 537 3768 604 sequentibus,

519 623 742 688 σιώτας,
773 641 838 679 eo
867 627 1008 693 quod
1055 625 1107 678 in
1147 625 1260 676 luto
1303 623 1458 677 istius
1505 624 1747 690 corporis
1788 624 2084 685 constituti,

518 729 625 768 non
659 714 930 783 possimus
955 716 1158 768 sentire
1181 713 1474 769 cmicstia.»
1511 713 1793 783 (Egyptios
1825 713 2089 781 praecipue

519 807 834 870 monachos,
876 807 1014 874 apud
1036 819 1174 873 quos
1205 805 1434 858 maxime
1477 805 1646 873 viguit
1693 802 2086 872 Origcnismus,

520 897 739 964 ingenio
780 897 891 950 fere
934 896 1098 951 fuisse
1143 897 1384 965 inquieto
1430 907 1486 950 et
1517 897 1750 958 turbido,
1804 907 1860 949 et
1909 910 2088 948 rerum

518 1000 779 1042 novarum
819 989 1095 1051 studioso,
1124 1001 1517 1056 proptereaque
1555 989 1607 1040 in
1639 987 1821 1041 varias
1856 987 2088 1040 haereses

520 1077 775 1132 incidisse
802 1077 998 1132 litteris
1023 1080 1294 1148 prodilum
1318 1088 1423 1132 est.
1455 1078 1584 1132 Inde
1609 1077 1854 1140 Aeriani,
1898 1077 2089 1129 Eusta-

522 1168 714 1231 tbiani,
760 1169 1354 1238 Anthropomorphilae,
1400 1167 1694 1231 Joviuiani,
1747 1167 2086 1236 Eutychiani,

519 1260 716 1328 aliique
748 1261 798 1313 id
829 1274 999 1330 genus
1043 1261 1284 1315 sexcenti
1321 1259 1568 1328 prodiere
1602 1277 1616 1312 :
1656 1268 1710 1314 et
1747 1274 1776 1312 a
1807 1261 2087 1314 vetustiori

517 1367 729 1421 quoque
759 1369 874 1406 aevo
930 1353 1227 1407 Meletianis
1254 1360 1309 1406 et
1360 1351 1576 1406 Atianis
1610 1351 1912 1418 haerentes,
1946 1352 2090 1406 anti-

517 1446 696 1497 stitem
749 1459 905 1498 suum
969 1445 1322 1498 Athanasium
1375 1443 1586 1513 probris
1643 1443 1897 1497 fixerunt.
1926 1442 2078 1499 Unde

519 1535 878 1607 Hieronymus
927 1538 1146 1607 Apolog.
1197 1539 1408 1590 advers.
1463 1535 1642 1604 Ruﬁn.
1697 1537 1817 1589 libr.
1851 1553 1930 1595 Ill.
1966 1554 2085 1607 cap.

519 1626 598 1683 7:
666 1629 977 1684 rtlontendi
1056 1629 1402 1701 IEgyptum,
1476 1628 1696 1682 lustravi
1764 1632 2086 1684 monasteria

516 1718 736 1783 Nitriae,
763 1731 819 1775 et
870 1721 1009 1777 inter
1049 1732 1358 1776 sanctorum
1399 1719 1618 1788 choros,
1658 1722 1872 1790 aspides
1921 1722 2088 1778 latere

517 1813 779 1880 perSpexi.
817 1831 836 1865 ι

585 1991 719 2047 Vlll.
748 1995 826 2049 Ex
855 1997 956 2051 hoc
992 2012 1268 2054 narreseon
1315 2008 1372 2055 et
1409 2000 1787 2059 haereticorum
1847 2007 2082 2061 semina-

513 2085 595 2138 rio
620 2083 937 2155 Origenistze
976 2090 1292 2145 heterodoxi
1340 2096 1686 2150 exstiterunt.
1732 2096 1926 2151 Narrat
1957 2099 2083 2168 Epi-

513 2177 742 2244 phanius
773 2180 902 2234 haer.
939 2179 1029 2247 64,
1063 2196 1184 2251 cap.
1219 2183 1274 2247 4,
1318 2186 1370 2238 in
1407 2185 1640 2257 Egypto
1685 2191 1916 2258 primum
1959 2209 2082 2260 pro-

512 2276 763 2340 pagatum
814 2267 1214 2338 Origenismum
1263 2274 1402 2341 apud
1454 2273 1735 2344 Aigyptios
1791 2280 2083 2333 monachos

513 2373 614 2413 suo
639 2368 877 2426 tempore
901 2357 1176 2414 floruisse.
1227 2360 1304 2414 Ac
1350 2362 1579 2431 primum
1619 2364 1844 2420 Melania
1880 2367 2079 2432 senior,

515 2449 709 2504 nobilis
757 2451 991 2515 femina,
1048 2466 1170 2505 cum
1224 2452 1398 2521 patria
1454 2453 1638 2508 relicta
1689 2453 2080 2527 Jerosolymam

512 2543 728 2613 pietatis
753 2557 914 2598 causa
940 2545 1284 2609 concederet,
1325 2546 1468 2601 facta
1501 2548 1639 2602 inter
1671 2548 1856 2604 Nitriae
1891 2566 2081 2606 mona~

510 2637 644 2692 chos
704 2638 970 2690 mensium
1030 2639 1239 2708 aliquot
1295 2655 1469 2706 mora,
1523 2642 1776 2712 aditoque
1833 2644 2080 2714 Didymo,

511 2728 854 2797 Origeniauis
889 2731 997 2785 illic
1023 2733 1300 2788 erroribus
1341 2749 1445 2788 una
1476 2750 1598 2789 cum
1638 2736 1830 2792 Rufino
1873 2738 2083 2793 itineris

510 2820 707 2875 comite
764 2820 960 2876 infecta
1015 2832 1118 2878 est.
1190 2824 1432 2895 Contigit
1491 2825 1621 2880 illud
1680 2829 1826 2882 circa
1880 2843 2079 2882 annum

508 2911 707 2996 Christi
762 2912 886 2968 572.
912 2913 1030 2980 Quo
1054 2924 1294 2984 tempore
1334 2917 1614 2986 epistolam
1644 2918 1793 2974 dedit
1823 2920 1892 2973 ad
1929 2919 2079 2988 Ruﬁ-

509 3019 632 3056 num
667 3003 1026 3076 Hieronymus
1056 3007 1126 3071 ίτ,
1154 3023 1258 3077 qua
1283 3009 1349 3064 ad
1375 3025 1432 3065 se
1459 3010 1512 3064 in
1537 3010 1753 3082 Syriam
1788 3022 1846 3066 ut
1876 3013 2078 3078 veniat,

507 3097 682 3153 amice
709 3099 924 3155 invitat.
955 3098 1244 3170 Postquam
1273 3112 1452 3156 autem
1478 3102 1825 3173 Jerosolyma:
1850 3103 2082 3160 ﬁxerunt

507 3190 716 3257 sedem,
749 3191 995 3248 fovendis
1017 3193 1319 3264 peregrinis
1339 3233 1354 3259 ,
1384 3202 1438 3248 et
1455 3193 1616 3251 rebus
1646 3196 2077 3252 Christianorum

501 3279 756 3346 iuvandis
785 3295 918 3351 opes
949 3291 1004 3336 et
1040 3297 1259 3352 operam
1303 3293 1712 3352 consumentes,
1747 3295 2079 3356 exceperunt

506 3371 798 3440 Evagrium
871 3371 1150 3428 Ponticum
1219 3375 1694 3445 Constantinopoli
1763 3385 1942 3432 certas
2009 3377 2079 3432 ob

505 3477 702 3516 causas
741 3464 1130 3529 discedentem,
1177 3466 1452 3536 ipsiusque
1500 3469 1684 3523 animo
1744 3468 1944 3538 primos
1981 3467 2078 3522 Ni-

508 3553 729 3608 triensis
750 3552 1073 3623 Origenismi
1107 3564 1257 3610 satus
1280 3568 1654 3626 asperserunt.
1689 3556 1765 3611 lta
1797 3559 2079 3614 institutus

504 3641 792 3710 Evagrius,
841 3653 895 3697 et
936 3658 965 3696 a
994 3642 1224 3698 Melania
1278 3654 1427 3700 veste
1475 3647 1776 3702 monastica
1837 3663 1902 3702 ex
1952 3657 2078 3702 voto

506 3732 746 3797 indutus,
768 3734 820 3786 in
859 3733 1148 3805 Egyptum
1185 3738 1352 3802 abiit,
1387 3745 1442 3790 et
1485 3747 1772 3807 postquam
1813 3753 1936 3792 cum
1982 3741 2075 3793 Di-

505 3823 668 3893 dymo
689 3839 1011 3894 congressus
1037 3835 1139 3890 est,
1173 3827 1225 3881 in
1249 3827 1441 3881 Nitriae
1479 3828 1698 3882 tandem
1728 3830 2077 3884 monasteriis

507 3927 628 3966 sese
675 3914 900 3979 abdidit,
949 3924 1004 3969 et
1049 3917 1189 3970 inter
1241 3916 1499 3972 florentes
1557 3917 1670 3972 illic
1735 3918 2076 3987 Origenistas

508 4019 702 4059 nomen
732 4007 896 4062 dedit.
924 4009 1126 4062 Auctor
1158 4019 1240 4064 est
1267 4009 1626 4080 Hieronymus
1649 4010 1702 4064 in
1741 4009 1978 4079 Epistola
2006 4013 2073 4066 ad

505 4096 930 4167 Ctesiphontem,
968 4114 1087 4168 cap.
1113 4100 1170 4166 2,
1199 4103 1479 4170 scripsisse
1513 4101 1664 4155 illum
1711 4102 1776 4156 ad
1807 4102 2070 4172 virgines,

503 4185 572 4239 ad
604 4187 916 4250 monachos,
948 4195 1041 4240 etc
1083 4190 1148 4242 ad
1188 4204 1307 4242 eam
1351 4190 1506 4259 cuius
1540 4206 1734 4246 nomen
1776 4193 2072 4264 nigredinis

505 4285 738 4331 testatur
783 4280 1019 4347 perﬁdiae
1073 4283 1363 4336 tenebras.
1414 4283 1736 4353 (Melaniam
1798 4287 2068 4341 seniorem

504 4364 770 4436 intellige)
801 4376 854 4420 et
879 4369 1113 4424 edidisse
1138 4371 1360 4439 insuper
1387 4373 1582 4426 librum
1609 4375 1750 4444 Περὶ
1783 4375 2070 4442 ἀπαθείας

503 4470 610 4524 quo
633 4457 841 4526 insigne
871 4456 1118 4528 Origenis
1141 4459 1334 4530 dogma
1381 4475 1542 4530 supra
1576 4476 1608 4516 a
1640 4479 1727 4518 me
1753 4463 2066 4518 ventilatum

502 4547 912 4614 continebatur;
954 4549 1122 4605 libros
1158 4565 1287 4606 vero
1336 4552 1504 4620 ipsius
1551 4567 1582 4606 a
1634 4553 1831 4608 Ruﬁno
1874 4554 2068 4610 Latine

505 4639 886 4710 interpretatos
923 4641 1268 4698 Occidentem
1297 4644 1590 4701 lectitasse.
1625 4647 1844 4717 Appulit
1877 4650 2067 4705 eodem

504 4731 707 4801 aliquot
732 4742 852 4802 post
883 4735 1040 4788 annis
1079 4733 1348 4792 Palladius
1387 4736 1613 4804 Galata,
1653 4748 1708 4793 et
1745 4739 1979 4794 triennio
2019 4740 2072 4794 in

455 4823 785 4880 .asceteriis
851 4833 1161 4891 transacto,
1216 4826 1555 4895 Origenismo
1626 4830 1892 4896 imbutus,
1950 4845 2071 4884 cum

501 4912 807 4968 valetudine
863 4924 1180 4982 tentaretur,
1227 4917 1280 4971 in
1326 4917 1668 4973 Palzestinam
1721 4920 1980 4985 secessit,
2020 4931 2076 4975 et

502 5003 754 5058 haustum
781 5006 832 5060 in
857 5006 1090 5078 [Egypto
1121 5006 1446 5078 Origenismi
1483 5009 1632 5064 virus
1654 5011 1854 5079 passim
1886 5011 2071 5080 profu-

501 5095 604 5148 dit.
633 5093 885 5152 Florebat
911 5110 1038 5152 tunc
1078 5099 1129 5152 in
1181 5101 1265 5154 his
1309 5100 1444 5155 locis
1478 5102 1765 5156 sanctitate
1792 5111 1846 5155 et
1869 5103 2068 5156 virtute

499 5189 668 5246 Paula
698 5191 939 5248 Romana
968 5211 981 5248 :
1013 5195 1153 5249 hanc
1179 5195 1421 5249 adoritur
1449 5193 1740 5261 Palladius,
1767 5203 1822 5248 et
1859 5195 1912 5248 in
1942 5211 2070 5250 suas

501 5283 860 5352 pertraxisset
911 5292 1124 5350 partes,
1191 5286 1296 5339 nisi
1353 5285 1601 5356 gliscenti
1669 5287 2070 5344 malemature

497 5377 830 5432 occurrisset
876 5375 1258 5445 Hieronymus,
1308 5387 1362 5431 et
1416 5377 1652 5432 hominis
1718 5377 2068 5445 petulantiam
2135 5427 2141 5432 .

497 5465 682 5523 habita
710 5481 831 5520 cum
872 5483 938 5522 eo
970 5468 1348 5522 dissertatione
1381 5469 1734 5522 coercuisset.
1771 5467 1868 5521 Rei
1897 5467 2071 5520 histo-

500 5565 634 5617 riam
665 5562 871 5632 prolixe
905 5563 1102 5628 narrat!
1128 5561 1482 5630 Hieronymus
1523 5561 1575 5614 in
1609 5558 1888 5628 Epitaphio
1923 5556 2072 5612 Pau-

496 5656 586 5724 ιω,
617 5671 738 5726 cap.
764 5657 822 5710 ll
852 5664 907 5709 et
936 5655 1025 5720 12,
1054 5668 1216 5725 quam
1248 5652 1352 5708 sibi
1381 5655 1449 5707 ab
1473 5667 1538 5708 eo
1561 5662 1800 5720 ereptam
1826 5650 2074 5720 queritur

523 5879 525 5882 ‹
569 5838 608 5870 ⁸⁷
635 5835 851 5893 Hieron.
899 5836 1044 5906 Epist
1088 5835 1188 5902 Μ,
1231 5837 1298 5889 ad
1345 5830 1521 5901 Ruﬁn.

1602 5827 1664 5860 η’
1686 5827 1855 5894 Alias,
1876 5825 1998 5890 HO,
2023 5839 2070 5881 ς.
2106 5824 2158 5878 1.

2192 626 2318 678 item
2350 633 2486 678 sect.
2515 623 2645 687 {‘24,
2673 623 3170 694 llieronymumqne
3208 625 3481 694 suggil-lat.

2263 715 2354 771 lx.
2383 717 2458 769 At
2494 715 2760 770 Joannem
2785 714 3302 786 Jerosolymitanum
3338 717 3624 785 praesulem
3649 718 3764 789 jam

2191 808 2344 864 labes
2369 809 2556 862 istlnec
2587 809 2943 877 corripuerat.
3000 807 3050 861 ls
3089 818 3214 862 ante
3253 809 3501 877 adeptum
3554 813 3765 880 episco-

2191 907 2376 967 patum
2409 898 2728 964 monachus,
2761 897 2982 952 Arianis
3012 907 3066 952 et
3107 897 3509 955 Macedonianis
3554 917 3766 956 arcem-

2191 990 2510 1043 modaverat
2574 1003 2758 1056 aures,
2819 987 2994 1057 iisque
3049 989 3250 1044 relictis
3301 991 3367 1043 ad
3430 992 3762 1059 pontificiam

2189 1082 2511 1151 dignitatem
2567 1092 2787 1134 evectus
2836 1079 3164 1150 Origenistis
3222 1096 3340 1136 sese
3403 1083 3759 1153 applicuerat.

2190 1172 2358 1242 IEgre
2383 1173 2433 1225 id
2457 1172 2579 1225 tulit
2605 1171 2814 1226 scilicet
2842 1172 3174 1241 Epiphanius
3207 1171 3536 1227 Salaminius
3555 1174 3764 1243 episeo—

2189 1279 2290 1331 pus
2331 1277 2428 1330 pro
2455 1277 2520 1316 eo
2540 1277 2604 1316 ac
2643 1262 2863 1328 debuit,
2890 1275 2943 1316 et
2973 1263 3165 1318 blande
3198 1278 3384 1318 coram
3415 1263 3598 1318 multis
3624 1280 3763 1334 prae-

2190 1369 2317 1409 sens
2379 1363 2704 1424 praesentem
2752 1353 2957 1408 erroris
3010 1354 3443 1418 commonefecit,
3509 1371 3616 1424 quo
3674 1354 3764 1410 ille

2190 1461 2310 1499 cum
2336 1444 2609 1514 partiariis
2644 1458 2816 1511 usque
2858 1444 2993 1499 adeo
3023 1446 3334 1509 excanduit,
3379 1456 3436 1498 ut
3463 1445 3763 1515 Epiphanio

2189 1532 2874 1602 AnthrOpomorphitarum
2921 1531 3170 1586 hmresim
3209 1535 3420 1600 publice
3465 1534 3758 1602 obji'ceret;

2189 1638 2452 1693 suamque
2505 1631 2652 1675 tanta
2713 1622 3010 1690 pertinacia
3073 1620 3342 1686 defendit,
3398 1634 3454 1677 ut
3510 1627 3759 1679 eumdem

2189 1714 2546 1785 Epiphanium
2584 1713 2781 1766 habitae
2815 1728 2936 1766 cum
2976 1712 3081 1766 illis
3136 1715 3534 1768 communionis
3584 1715 3760 1783 paeni-

2190 1813 2345 1860 teret.
2382 1804 2518 1858 l-linc
2559 1803 2815 1858 efferatus
2861 1800 3101 1856 Joannes
3137 1805 3319 1858 animo
3357 1805 3566 1858 rixandi
3603 1806 3762 1859 arido

2185 1912 2379 1952 causas
2401 1896 2653 1951 vindictae
2697 1895 2996 1964 quaerebat,
3058 1911 3178 1948 cum
3235 1911 3362 1950 ecce
3413 1899 3756 1951 commodum

2185 1986 2559 2040 Paulinianum
2644 1983 2954 2055 Hieronymi
3043 1985 3266 2040 fratrem
3345 1987 3398 2040 in
3472 1987 3757 2043 Palaestina

2183 2088 2340 2131 extra
2398 2077 2658 2130 ditionem
2706 2090 2858 2129 suam
2908 2074 3287 2144 Epiphanius,
3343 2077 3570 2131 invitum
3635 2080 3761 2134 licet

2185 2183 2250 2223 ac
2308 2167 2667 2222 reluctantem
2703 2207 2719 2232 ,
2798 2166 2864 2220 ad
2936 2167 3256 2221 diaconatus
3321 2177 3376 2222 et
3439 2172 3757 2242 presbyterii

2184 2262 2499 2331 dignitatem
2559 2260 2850 2329 promovit.
2921 2259 3082 2313 Multa
3139 2261 3352 2330 publice
3407 2271 3459 2316 et
3507 2260 3758 2331 privatim

2185 2360 2509 2419 conquestus
2567 2360 2652 2404 est
2709 2350 2978 2414 Joannes,
3033 2367 3146 2404 rem
3194 2366 3314 2405 sese
3358 2355 3503 2420 apud
3569 2368 3758 2407 omnes

2187 2458 2282 2512 per
2336 2443 2550 2497 litteras
2614 2441 2994 2510 evulgaturum
3060 2441 3352 2506 minitans;
3431 2444 3484 2496 in
3565 2459 3631 2497 eo
3699 2460 3758 2499 se

2186 2534 2369 2587 laesum
2431 2532 2654 2600 insuper
2708 2530 2959 2594 addens,
3029 2531 3171 2599 quod
3239 2546 3360 2584 cum
3425 2532 3533 2584 Deo
3597 2548 3754 2587 sacra

2186 2626 2385 2680 faceret
2414 2623 2740 2694 Epiphanius
2763 2623 2945 2676 dicere
2969 2622 3168 2676 soleret
3213 2637 3228 2674 :
3282 2621 3521 2686 Domine,
3564 2635 3757 2692 prwsta

2183 2717 2399 2781 Joanm',
2435 2726 2492 2770 ut
2528 2729 2660 2770 recte
2693 2716 2890 2770 credat.
2933 2715 3410 2784 Objecta'erimina
3442 2716 3600 2770 diluit
3631 2716 3757 2786 Epi-

2183 2816 2416 2885 phanius
2470 2813 2587 2867 miti
2637 2813 2884 2883 epistola,
2945 2827 3065 2882 qua:
3113 2813 3252 2866 inter
3307 2811 3756 2883 l‘lieronymianas

2184 2921 2406 2963 numero
2422 2906 2755 2977 sexagesima
2785 2905 3014 2959 habetur
3041 2906 3139 2968 ‘7‘;
3174 2907 3225 2959 in
3279 2919 3385 2974 qua
3417 2920 3519 2959 non
3554 2915 3661 2958 tam
3689 2919 3749 2958 se

2182 3002 2478 3072 appetitum
2516 3001 2583 3054 ab
2613 3014 2678 3054 eo
2705 2998 2994 3069 significat,
3035 3006 3256 3066 propter
3286 2996 3593 3065 impositum
3616 2994 3758 3048 Pau-

2183 3093 2389 3147 liniano
2417 3089 2735 3162 presbyterii
2763 3091 3132 3144 characterem
3177 3095 3332 3142 extra
3380 3102 3533 3142 suam
3592 3088 3756 3141 ditio-

2187 3203 2329 3253 nem,
2362 3202 2485 3242 cum
2518 3186 2570 3241 id
2601 3187 2651 3240 in
2672 3185 3025 3248 monasterio,
3057 3199 3164 3237 non
3199 3183 3250 3236 in
3277 3183 3531 3252 parocbia
3564 3180 3755 3236 Joanni

2183 3279 2422 3348 subjecta
2474 3292 2504 3329 a
2544 3291 2602 3331 se
2631 3276 2829 3330 factum
2872 3284 3040 3340 esset,
3084 3285 3132 3329 et
3172 3285 3386 3343 recepta
3425 3276 3566 3330 inter
3598 3274 3756 3345 Cypri

2180 3372 2460 3442 episcOpos
2500 3369 2892 3423 consuetudine
2939 3367 3116 3421 facere
3167 3367 3375 3431 liceret,
3413 3381 3572 3436 quam
3613 3369 3757 3436 quod

2179 3464 2434 3519 violatam
2466 3459 2810 3529 Origenianis
2841 3458 3180 3530 dogmatibus
3213 3458 3371 3512 fidem
3406 3458 3532 3512 huic
3556 3474 3754 3528 expro-

2179 3559 2410 3613 brasset.
2439 3553 2630 3625 Capite
2674 3567 2802 3607 vero
2850 3553 3006 3606 tertio
3045 3553 3160 3606 haec
3197 3551 3384 3605 scribit
3413 3566 3430 3604 :
3463 3568 3482 3602 ι
3516 3549 3680 3604 Doleo
3703 3559 3759 3602 et

2177 3649 2333 3703 valde
2359 3647 2538 3713 doleo,
2567 3646 2759 3700 videns
2777 3644 3039 3715 plurimos
3067 3643 3315 3708 fratrum,
3344 3652 3396 3695 et
3423 3658 3608 3696 eorum
3632 3658 3762 3712 prae-

2176 3745 2332 3811 cipue
2361 3742 2450 3809 qui
2482 3739 2871 3808 professionem
2899 3738 3100 3791 babent
3131 3752 3236 3790 non
3287 3735 3587 3799 minimam,
3617 3747 3671 3788 et
3704 3734 3756 3788 in

2175 3833 2400 3901 gradum
2441 3846 2656 3901 quoque
2695 3828 2982 3884 sacerdotii
3033 3828 3326 3881 maximum
3371 3833 3757 3894 pervenerunt,

2175 3924 2292 3992 ejus
2319 3920 2608 3992 (Origenis)
2646 3917 3085 3989 persuasionibus
3115 3919 3390 3986 deceptos,
3429 3927 3484 3969 et
3532 3930 3758 3985 perver-

2173 4014 2385 4068 sissima
2433 4011 2682 4066 doctrina
2718 4010 2870 4064 cibos
2913 4009 3089 4062 factos
3123 4023 3242 4062 esse
3269 4007 3488 4062 diaboli.
3522 4026 3542 4059 ι
3601 4005 3758 4062 Unde

2173 4114 2397 4174 apparet
2417 4119 2586 4170 quam
2621 4102 2821 4156 multos
2844 4100 2954 4168 jatn
2999 4108 3110 4154 tum
3146 4097 3471 4166 Origenismi
3516 4113 3645 4151 aura
3679 4098 3760 4150 af-

2171 4195 2370 4249 llasset.
2399 4194 2620 4247 Demum
2647 4195 2698 4245 in
2728 4194 2843 4246 haec
2867 4191 3031 4244 verba
3057 4189 3338 4243 concludit
3365 4202 3380 4240 :
3411 4206 3429 4239 ι
3460 4187 3756 4242 Palladium

2153 4302 2300 4344 vero
2319 4285 2565 4341 Galatam
2582 4285 2674 4354 qui
2703 4283 2972 4353 quondam
2997 4281 3155 4336 nobis
3179 4282 3277 4334 cba
3290 4295 3380 4332 rus
3405 4281 3596 4344 fuit,et
3617 4296 3760 4334 nunc

2176 4378 2556 4433 misericordia
2593 4376 2688 4431 Dei
2722 4375 2946 4446 indiget,
2975 4387 3126 4436 cave,
3154 4371 3277 4442 quia
3317 4371 3565 4440 Origems
3594 4373 3761 4425 haere-

2170 4471 2272 4526 sim
2297 4471 2556 4540 praadicat
2578 4479 2633 4523 et
2657 4471 2835 4533 docet,
2856 4481 2923 4521 ne
2951 4465 3092 4519 forte
3113 4465 3325 4533 aliquos
3347 4464 3410 4518 de
3442 4462 3635 4532 popqu
3661 4453 3756 4515 tibi

2173 4562 2380 4617 credito
2421 4559 2488 4613 ad
2520 4557 2927 4628 perversitatem
2959 4556 3038 4609 sui
3080 4555 3297 4608 inducat
3323 4553 3546 4606 erroris.
3569 4569 3586 4601 ι
3627 4552 3756 4605 Data

2179 4663 2266 4708 est
2287 4653 2401 4707 haec
2418 4651 2648 4720 epistola
2679 4663 2824 4703 anno
2845 4647 3048 4703 Christi
3075 4646 3202 4708 592,
3235 4645 3466 4700 Arcadio
3493 4655 3546 4698 et
3562 4643 3759 4697 Rufino

2178 4756 2348 4805 coss.,
2375 4756 2480 4811 qua
2511 4740 2806 4810 publicata,
2837 4737 3061 4806 aliisque
3090 4736 3329 4805 ejusdem
3359 4734 3663 4804 argumenti
3688 4735 3755 4786 ad

2179 4831 2499 4887 Palaestinos
2526 4830 2807 4899 episcopos
2853 4838 2909 4882 et
2957 4827 3270 4892 monachos,
3299 4838 3356 4880 et
3399 4825 3462 4877 ad
3501 4822 3754 4877 Siricium

2182 4940 2370 4994 papam
2401 4923 2470 4977 ab
2509 4938 2575 4978 eo
2613 4922 2775 4987 datis,
2828 4919 3178 4974 dissensionis
3217 4933 3401 4972 rumor
3445 4916 3754 4969 universum

2179 5019 2366 5070 orbem
2413 5014 2667 5068 continuo
2715 5021 3040 5082 pervagatus
3092 5020 3198 5066 est.
3240 5008 3528 5063 Sciendum
3575 5016 3756 5058 autem

2176 5107 2562 5178 Hieronymum
2607 5119 2824 5175 quoque
2860 5105 3000 5158 inter
3047 5113 3102 5155 et
3153 5101 3437 5165 Joannem,
3505 5097 3753 5167 ejusdem

2176 5195 2501 5258 Pauliniani,
2551 5193 2718 5247 multo
2777 5207 2908 5248 vero
2958 5192 3124 5244 maris
3179 5188 3504 5254 Origenismi
3569 5199 3754 5247 causa,

2175 5287 2399 5341 dissidia
2431 5283 2841 5349 intercessisse;
2873 5297 2995 5335 nam
3021 5298 3143 5335 cum
3175 5282 3241 5334 ab
3265 5278 3563 5348 Epiphanio
3586 5284 3755 5330 staret

2177 5375 2558 5444 Hieronymus,
2587 5383 2641 5427 et
2677 5387 2783 5426 non
2817 5370 2990 5426 solum
3029 5384 3116 5424 res
3155 5369 3206 5422 in
3237 5367 3542 5422 Pauliniani
3588 5379 3752 5435 nego-

2180 5466 2256 5518 tio
2285 5472 2465 5534 gestas
2495 5462 2894 5530 cdmprobaret,
2931 5459 3026 5515 sed
3075 5460 3321 5530 Origenis
3351 5458 3514 5511 etiam
3539 5470 3756 5510 errores

2177 5556 2353 5626 palam
2376 5556 2680 5618 damnaret,
2707 5567 2774 5607 eo
2806 5552 3102 5607 iracundia:
3130 5549 3392 5620 processit
3415 5548 3669 5610 Joamies,
3697 5557 3756 5600 ut

2177 5650 2247 5706 ab
2269 5648 2528 5706 Ecclesia:
2564 5647 2945 5714 communione
2981 5645 3374 5717 Hieronymum
3424 5649 3754 5712 segregaret,
