4170 6480
437 421 572 477 112⁸1

1714 415 1771 469 Ρ.
1809 411 2122 467 DANIELIS
2161 409 2395 467 IIUETII

3551 408 3687 462 “9.8

432 540 888 604 quemadmodum
928 541 1069 610 apud
1096 539 1504 593 Pammachium
1547 537 1788 605 QIlt‘I'IIlIl'
1821 535 2009 588 Iliern-
2042 535 2087 590 Α
2114 529 2216 583 sibi
2250 530 2457 583 litteras
2490 527 2716 582 reddere
2752 525 2943 580 noluit.
2982 522 3237 590 Querenti
3287 529 3464 575 antem
3496 519 3684 575 Hiem-

437 646 633 701 nymus
684 633 846 701 epist.
878 632 978 697 61,
1035 646 1155 700 cap.
1184 631 1272 686 15.
1311 648 1329 681 t
1369 630 1478 699 Ego
1521 627 1784 691 misellus,
1815 627 2007 694 inquit,

435 724 562 777 dum
586 723 637 776 in
674 723 963 778 solitudine
991 723 1273 787 delitesco,
1301 738 1329 777 a
1359 732 1509 776 tanto
1537 719 1789 789 pontifice
1812 733 2010 787 repen-

435 822 490 867 te
523 822 801 868 tauncatus
826 814 1124 884 presbyteri
1160 826 1354 868 nomen
1396 812 1570 866 amisi.
1607 830 1626 863 ι
1662 809 1772 865 Nec
1807 810 2011 864 idcirco

436 914 613 959 tamen
652 905 892 959 ecclesiae
927 906 1192 973 ingressu,
1236 904 1320 959 vel
1368 905 1740 974 episcoporum
1768 917 1831 957 ac
1852 902 2010 957 Chri-

436 999 737 1051 stianorum
768 998 1031 1052 societate
1060 1011 1119 1051 se
1148 996 1479 1066 prohibitum
1516 995 1618 1049 isto
1646 995 1820 1064 capite
1847 1008 1900 1050 et
1928 1010 2012 1048 se-

434 1088 621 1158 quenti
657 1097 905 1146 testatur.
931 1088 1093 1142 Addit
1120 1087 1346 1157 epistola
1370 1084 1459 1148 62,
1484 1102 1603 1156 qua:
1630 1097 1711 1140 est
1740 1087 1805 1139 ad
1835 1083 2013 1141 Theo-

432 1180 666 1248 philum,
712 1195 833 1250 cap.
860 1179 916 1243 ι,
956 1180 1209 1235 exsilium
1240 1179 1339 1233 sibi
1383 1193 1412 1232 a
1446 1176 1655 1233 Joanne
1686 1178 2009 1247 postulatum

434 1270 604 1327 fuisse
638 1280 693 1326 et
731 1272 1111 1342 impetratum;
1143 1269 1367 1325 minime
1400 1280 1576 1326 tamen
1600 1285 1659 1326 se
1688 1270 1741 1323 in
1763 1270 2011 1324 exsilium

436 1363 605 1418 fuisse
637 1362 946 1429 depulsum.

507 1453 577 1509 Χ.
606 1452 862 1507 Rufinum
887 1454 1087 1507 interea
1123 1452 1239 1507 haee
1269 1467 1483 1522 quoque
1512 1452 1796 1506 discordia!
1827 1464 2014 1505 conta-

439 1548 527 1616 gio
557 1546 774 1611 infecit;
821 1561 944 1600 nam
990 1561 1113 1599 cum
1150 1547 1312 1601 semel
1339 1547 1581 1601 haustam
1625 1544 1879 1616 Origenis
1917 1549 2013 1597 do-

437 1636 667 1690 ctrinam
693 1636 744 1687 in
772 1634 891 1689 sinu
916 1633 1140 1700 foveret,
1175 1636 1416 1690 eamdem
1458 1636 1509 1688 in
1545 1633 1753 1691 Joanne
1807 1646 1859 1689 et
1890 1634 2012 1689 Pal-

439 1726 605 1790 ladio,
639 1726 870 1795 aliisque
897 1737 1256 1799 oppugnatam
1287 1726 1543 1781 defendit.
1583 1726 1721 1781 Hinc
1773 1728 1901 1781 illud
1928 1737 2014 1781 est

438 1817 721 1887 Epiphanii
754 1818 805 1871 itt
834 1818 1061 1887 epistola
1090 1818 1155 1873 ad
1190 1817 1447 1874 Joannem
1472 1816 1728 1882 Jerosul.,
1763 1833 1882 1887 cap.
1914 1817 1948 1872 4
1994 1836 2008 1873 :

2114 633 2276 689 nymo
2310 634 2373 674 ac
2399 620 2597 673 dicenti
2633 636 2646 672 :
2687 637 2707 670 ι
2744 618 2800 671 Si
2846 617 3053 685 legatus
3080 629 3159 679 es,
3198 613 3362 667 redde
3407 611 3689 681 legationis

2111 712 2403 781 epistolas;
2430 711 2473 766 si
2502 710 2757 781 epistolas
2785 725 2888 763 non
2919 710 3109 773 habes,
3143 706 3412 776 quomodo
3453 705 3689 777 legatum

2113 810 2167 857 te
2216 802 2504 870 probabis?
2543 819 2563 853 ι
2599 801 2804 856 litteras
2836 802 3053 872 quidem
3102 802 3169 854 ad
3212 814 3335 855 eum
3383 798 3586 853 habere
3628 811 3691 851 se

2114 891 2415 961 respondit,
2447 900 2692 961 rogatum
2727 906 2788 946 se
2813 900 2989 945 tamen
3016 905 3046 944 a
3078 888 3285 944 Joanne
3321 904 3389 944 ne
3418 889 3688 943 redderet.

2112 983 2191 1038 Ita
2236 982 2438 1039 favoris
2491 983 2545 1037 in
2574 982 2797 1038 alteram
2849 991 3057 1052 partem
3103 983 3413 1052 suspicione
3465 980 3686 1048 injecta,

2113 1089 2263 1146 spem
2297 1074 2448 1144 pacis
2474 1073 2723 1143 peremit,
2756 1088 2922 1143 reque
2958 1073 3152 1128 infecta
3196 1073 3464 1127 discessit.
3507 1070 3690 1126 Disceo

2112 1168 2259 1222 denti
2284 1167 2597 1237 Apologiam
2626 1181 2723 1235 pro
2756 1182 2850 1221 sua
2880 1182 3043 1221 causa
3078 1171 3144 1221 ad
3173 1166 3526 1235 Theophilum
3570 1176 3687 1219 tra-

2115 1260 2249 1312 didit
2274 1259 2534 1321 Joannes,
2575 1256 2727 1326 cujus
2757 1258 3113 1312 lucubrationi
3155 1258 3474 1312 interfuerat
3518 1257 3688 1312 Isido-

2115 1364 2226 1413 rus,
2268 1360 2321 1403 et
2345 1364 2564 1418 operam
2604 1364 2753 1404 suam
2788 1348 3119 1414 contulerat;
3147 1368 3166 1401 ί
3202 1359 3261 1403 ut
3298 1350 3438 1405 idem
3461 1360 3624 1413 esset,
3664 1369 3685 1402 ι

2114 1442 2189 1496 ait
2229 1440 2606 1513 Hieronymus,
2643 1443 2802 1512 epist.
2832 1442 2922 1509 61,
2953 1457 3076 1510 cap.
3104 1442 3138 1495 2
3163 1451 3217 1497 et
3254 1442 3340 1506 15,
3378 1461 3397 1493 ι
3428 1451 3483 1497 et
3518 1444 3692 1497 dicta-

2118 1542 2204 1586 tor
2229 1542 2286 1586 et
2321 1532 2531 1596 baiulus
2566 1532 2888 1587 litterarum.
2919 1552 2938 1585 s
2975 1531 3263 1587 Maximam
3322 1533 3538 1587 interim
3576 1535 3688 1587 fra-

2116 1632 2258 1677 trum
2300 1624 2717 1690 multitudinem,
2756 1634 2810 1679 et
2840 1626 3226 1680 monachorum
3261 1626 3459 1681 choros
3493 1626 3545 1679 in
3586 1624 3690 1678 Pa-

2115 1715 2323 1771 laestina
2353 1714 2453 1769 sibi
2491 1730 2594 1768 non
2621 1716 3084 1770 communicantes
3129 1716 3314 1772 (verba
3342 1726 3469 1769 sunt
3499 1714 3689 1769 Hiero-

2116 1805 2286 1878 nymi)
2317 1805 2469 1875 quasi
2494 1805 2676 1860 hostes
2702 1805 2946 1875 publicos
2967 1804 3252 1858 atslimavit
3279 1802 3544 1871 Joannes;
3570 1818 3691 1858 cum

446 1927 465 1961 s
485 1878 574 1962 IT'e
606 1916 807 1972 autem,
837 1878 1023 1974 frater,
1049 1908 1240 1963 liberet
1272 1909 1430 1973 Dens,
1462 1918 1517 1962 et
1548 1878 1793 1963 sanctum
1830 1878 2013 1977 .popu-
2045 1892 2086 1948 Β
2115 1900 2181 1954 ad
2214 1896 2331 1967 eius
2365 1897 2737 1968 rerﬂgiendam
2769 1897 3201 1951 communione!!!
3258 1878 3543 1966 Epiphauii
3576 1912 3691 1951 m0-

438 1999 548 2054 Ium
593 1999 797 2055 Christi
823 2000 914 2068 qui
948 1999 1045 2054 tibi
1075 1999 1315 2053 creditus
1354 2007 1555 2063 est,-ct
1591 2014 1779 2054 omnes
1820 2000 2014 2056 fratres

438 2092 529 2160 qui
558 2103 732 2147 tecum
754 2100 899 2154 sunt,
926 2100 980 2145 et
1005 2090 1235 2145 maxime
1262 2088 1513 2143 Rufinum
1541 2092 1912 2160 presbyterum
1946 2093 2015 2147 ab

442 2181 633 2238 htcresi
655 2182 924 2250 Origenis,
948 2191 1003 2237 et
1038 2180 1106 2235 ab
1131 2180 1255 2235 aliis
1282 2180 1580 2236 haereslbus
1635 2193 1688 2237 et
1714 2183 2016 2252 perditione

438 2286 646 2328 earum.
688 2292 708 2326 ι
745 2273 854 2329 Nec
884 2274 1041 2328 aliam
1075 2274 1145 2329 ob
1175 2288 1393 2328 causam
1421 2291 1448 2327 a
1481 2274 1712 2329 conﬂata
1740 2274 1852 2345 jam
1890 2276 2015 2332 inde

440 2376 471 2416 a
512 2362 694 2417 multis
720 2364 877 2419 annis
918 2378 1043 2420 cum
1075 2361 1401 2434 Ilierouymo
1436 2364 1835 2421 necessitudine
1864 2365 2016 2421 Rull-

444 2468 549 2509 nus
582 2452 796 2510 defecit.

509 2545 603 2600 XI.
630 2544 1135 2617 Ingravescentibus
1186 2545 1237 2600 in
1269 2546 1384 2601 dies
1440 2544 1701 2602 Joannem
1743 2546 2019 2620 Jerosoly-

442 2638 703 2692 mitanum
731 2638 870 2691 inter
895 2648 947 2691 et
969 2637 1323 2707 Epiphanium
1345 2637 1502 2705 odiis,
1519 2647 1698 2694 tantos
1723 2641 2017 2693 amicorum

445 2735 625 2781 motus
647 2742 990 2797 compescere
1020 2728 1223 2783 studuit
1250 2728 1550 2784 Archelaus
1591 2743 1793 2794 eamea,
1822 2729 1926 2792 vir,
1962 2739 2021 2783 ut

442 2820 519 2874 ait
569 2818 951 2889 Hieronymus,
1010 2836 1030 2871 ι
1074 2820 1464 2877 disertissimus
1523 2830 1579 2876 et
1629 2820 2017 2876 christianissi-

446 2924 588 2964 mus.
638 2928 658 2961 ι
691 2908 898 2965 Placuit
936 2911 987 2965 in
1029 2912 1240 2981 primis,
1270 2923 1329 2967 ut
1365 2912 1616 2981 quoniam
1662 2912 1871 2967 violatae
1898 2911 2019 2967 fidei

440 3001 681 3071 suspicio
734 3003 1032 3071 peperisset
1082 3004 1427 3069 discordiam,
1480 3003 1719 3074 ejusdem
1757 3002 2021 3073 professio

442 3093 587 3148 viam
622 3094 688 3149 ad
720 3094 1064 3149 concordiam
1095 3098 1350 3150 muniret.
1378 3095 1642 3151 Condicto
1693 3096 1913 3151 fmderis
1937 3095 2019 3149 In-

442 3199 529 3251 co,
558 3193 612 3240 et
633 3182 745 3253 jam
772 3195 962 3241 coacto
983 3186 1391 3251 monachorum,
1417 3187 1755 3257 aliorumque
1774 3187 2019 3256 complu—

443 3274 583 3329 rium
606 3283 774 3339 cetu,
806 3288 945 3329 unus
999 3274 1414 3345 exspectabatur
1467 3276 1737 3340 Joannes,
1780 3291 1899 3331 cum
1932 3277 2017 3331 ille

442 3364 772 3421 muliercula:
820 3366 1000 3422 nescio
1040 3364 1195 3435 cujus
1225 3368 1470 3421 morbum
1499 3377 1779 3433 causatus,
1818 3382 1930 3422 rent
1965 3369 2017 3422 in

441 3457 587 3512 aliud
617 3457 827 3512 distulit
858 3466 1089 3526 tempus,
1149 3458 1497 3526 monentique
1544 3458 1828 3521 Archelao,
1872 3466 1927 3512 et
1951 3458 2019 3511 ad

442 3548 825 3617 paciscendum
853 3547 1128 3612 invitanti,
1155 3548 1343 3602 eadem
1375 3565 1503 3603 usus
1534 3550 1886 3605 excusatione
1914 3566 2018 3605 non

442 3638 645 3708 paruit.
669 3637 807 3692 Tum
836 3653 964 3693 vero
991 3639 1150 3693 ollicii
1181 3640 1263 3693 sui
1300 3654 1418 3693 esse
1454 3643 1668 3695 censuit
1693 3639 2021 3712 The0philus

442 3728 844 3782 Alexandrinus
895 3728 1160 3783 laboranti
1207 3729 1460 3785 Ecclesiae
1512 3746 1859 3798 succurrere;
1906 3732 2022 3786 sive

444 3821 588 3874 fama
623 3820 914 3887 excitatus,
962 3822 1099 3887 sive,
1129 3822 1271 3891 quod
1303 3822 1481 3891 potius
1503 3823 1843 3890 crediderim,
1881 3823 2022 3878 invi-

445 3920 590 3966 tatus
610 3927 639 3965 a
670 3911 899 3966 Joanne.
935 3912 1194 3968 Isidorum
1229 3914 1413 3982 itaque
1444 3914 1859 3967 Alexandrinum
1896 3928 2022 3983 pre-

444 4004 725 4072 shyterunt
746 4017 812 4057 ac
841 4004 1185 4067 monachum,
1218 4005 1432 4074 pietatis
1466 4004 1605 4057 fama
1649 4004 2021 4072 conspicuum,

446 4093 681 4164 legatum
705 4094 773 4147 ad
802 4092 1086 4161 Joannem,
1116 4095 1379 4164 aliosque,
1417 4096 1777 4151 sedandarum
1802 4107 2024 4152 conten-

447 4185 653 4238 tionutn
686 4199 847 4238 causa
878 4185 1046 4239 mittit
1095 4199 1215 4238 cum
1258 4184 1469 4249 litteris,
1527 4186 1723 4252 quibus
1775 4185 2025 4244 incensos

448 4274 660 4329 animos
706 4274 952 4340 delinire,
984 4283 1038 4329 et
1088 4277 1139 4329 in
1189 4277 1415 4346 gratiam
1459 4277 1717 4329 reducere
1760 4279 2022 4330 teutabat.

453 4351 650 4419 Verum
704 4380 800 4419 sua
854 4382 977 4435 spes
1024 4366 1381 4438 Theophilum
1416 4371 1572 4441 longe
1606 4371 1822 4436 fefellit;
1863 4384 2024 4438 quem

448 4458 594 4510 enim
647 4456 973 4527 allegaverat
1012 4457 1299 4526 Isidorum,
1344 4477 1525 4516 uterus
1550 4473 1669 4517 erat
1698 4463 2024 4530 Origenista,

2117 1992 2231 2046 nitu
2264 1990 2493 2046 fuissent
2525 1991 2813 2060 compulsi.
2850 1990 3186 2061 Responsum
3212 2001 3472 2059 pnrterea
3502 1991 3569 2044 ad
3597 2006 3691 2043 su—

2116 2098 2215 2155 pra
2246 2095 2598 2137 memoratam
2635 2084 2915 2153 Epiphanii
2946 2081 3229 2151 epistolam
3274 2083 3406 2135 dare
3432 2082 3694 2150 dedigna-

2119 2183 2225 2239 tus,
2259 2175 2481 2245 legatos,
2523 2174 2666 2243 quod
2708 2174 2859 2243 prius
2909 2174 3185 2227 minitatus
3214 2172 3417 2237 fuerat,
3446 2184 3695 2241 quaqua-

2116 2283 2309 2323 versus
2324 2268 2503 2332 mittit,
2522 2268 2613 2337 qui
2630 2265 2995 2321 accusatorias
3020 2265 3072 2319 in
3101 2262 3459 2333 Epiphanium
3484 2263 3696 2317 litteras

2119 2362 2185 2416 ad
2211 2360 2571 2431 Theophilum
2620 2361 3043 2415 Alexandrinum
3092 2376 3121 2415 a
3153 2375 3211 2415 se
3239 2358 3574 2426 conscriptas
3600 2370 3697 2426 per

2119 2464 2286 2509 totum
2310 2454 2494 2508 orbem
2525 2454 2963 2516 disseminarent,
2998 2453 3089 2506 sed
3120 2452 3172 2505 in
3221 2450 3512 2506 Occidente
3531 2447 3697 2517 potis-

2118 2547 2334 2608 simum,
2365 2546 2583 2615 quibus,
2635 2556 2690 2599 ut
2735 2544 2973 2613 loquitur
3008 2543 3363 2613 Hieronymus
3408 2540 3567 2608 epist.
3604 2538 3695 2600 62.

2118 2654 2239 2707 cap.
2284 2640 2354 2703 ‘5,
2389 2636 2814 2694 Occidentalium
2869 2636 3209 2690 sacerdotum
3260 2646 3421 2686 aures
3453 2644 3695 2685 commo-

2119 2740 2288 2786 νθιιθι.

2190 2821 2302 2878 XII.
2337 2821 2431 2876 Ilis
2457 2821 2668 2876 excitus
2696 2817 3097 2881 Pammachius,
3124 2816 3292 2870 Roma
3308 2812 3696 2883 Hieronymum

2121 2925 2275 2985 rogat
2306 2928 2404 2982 per
2434 2912 2662 2977 litteras,
2693 2921 2752 2966 ut
2778 2912 3033 2981 quoniam
3062 2908 3354 2963 multorum
3387 2909 3598 2978 animos
3644 2904 3697 2957 in

2121 3006 2332 3061 diversa
2382 3002 2725 3059 distrahehat
2756 3004 2870 3057 haec
2901 3001 3203 3063 altercatio,
3244 2997 3532 3069 Epiphanii
3567 3011 3689 3051 can-

2122 3113 2236 3155 sam
2265 3097 2408 3159 aliis,
2442 3095 2563 3150 aliis
2585 3093 2809 3148 Joannis
2838 3092 3136 3155 tuentibus,
3164 3104 3316 3145 suam
3348 3090 3462 3158 ipse
3489 3096 3699 3143 senten-

2124 3190 2253 3245 tiam
2286 3197 2647 3257 expromeret.
2678 3184 2881 3238 Morem
2905 3183 3072 3251 gessit
3101 3182 3483 3252 Hieronymus,
3515 3194 3582 3234 ac
3614 3179 3695 3233 lu-

2118 3280 2331 3335 culenta
2364 3276 2731 3348 responsione,
2757 3290 2900 3329 anno
2951 3272 3155 3328 Christi
3195 3273 3299 3327 395
3328 3272 3475 3337 data,
3517 3286 3696 3326 veram

2120 3386 2184 3425 ac
2205 3370 2494 3441 genuinam
2515 3366 2878 3423 contentionis
2905 3378 3126 3419 causam
3150 3377 3275 3418 esse
3302 3362 3564 3427 ostendit,
3593 3376 3697 3415 non

2120 3460 2422 3516 Pauliniani
2473 3459 2963 3520 consecrationem,
3016 3470 3178 3525 quam
3237 3453 3530 3508 iracundiae
3589 3466 3701 3507 suae

2119 3553 2352 3609 Joannes
2398 3551 2786 3622 praetendebat,
2830 3551 2923 3602 sed
2956 3546 3383 3617 Origenismum,
3419 3560 3578 3615 quem
3632 3544 3700 3598 ad

2121 3657 2244 3703 octo
2269 3652 2578 3703 revocatum
2618 3643 2795 3713 capita
2832 3641 3021 3697 Joanni
3052 3640 3322 3707 objectutn
3354 3636 3520 3693 fuisse
3572 3652 3701 3691 nar-

2122 3747 2227 3803 rat,
2278 3751 2311 3792 e
2360 3737 2557 3807 quibus
2591 3736 2693 3789 tria
2748 3744 2957 3789 tantum
3001 3731 3336 3801 purgaverit.
3380 3730 3556 3799 Atque
3586 3729 3701 3783 hare

2122 3829 2409 3900 diligenter
2438 3827 2615 3882 notari
2652 3826 2839 3895 jubeo,
2876 3833 2936 3878 ut
2980 3823 3105 3877 inde
3128 3821 3556 3891 Origenistarum
3602 3821 3702 3874 hu-

2118 3922 2208 3992 jus
2237 3921 2411 3975 aatatis
2430 3920 2675 3975 doctrina
2704 3926 2759 3972 et
2788 3918 3037 3985 dogmata
3062 3915 3115 3968 in
3138 3912 3506 3967 controversia
3530 3910 3701 3980 posita

2123 4010 2358 4083 spectari
2387 4009 2615 4081 possint.
2644 4008 2881 4063 Primum
2931 4005 3059 4058 illud
3087 4013 3205 4068 est;
3248 4019 3349 4058 nec
3392 4002 3585 4057 Filium
3624 4003 3702 4055 vi-

2123 4105 2255 4159 dere
2293 4115 2453 4172 posse
2496 4099 2737 4164 Patrem,
2787 4111 2888 4151 nec
2913 4095 3173 4165 Spiritum
3215 4095 3401 4150 videre
3425 4108 3584 4165 posse
3612 4092 3702 4146 Fi-

2126 4193 2293 4258 lium;
2323 4192 2645 4255 secundum,
2677 4189 2911 4241 animam
2948 4197 3167 4254 propter
3206 4196 3427 4256 peccata
3482 4198 3515 4238 e
3563 4185 3703 4239 caelo

2126 4284 2365 4339 fuissein
2397 4297 2617 4352 corpus,
2641 4282 2720 4335 sic
2738 4292 2992 4347 tanquam
3018 4279 3369 4331 incarcerem
3401 4276 3698 4347 dejectam;

2128 4378 2372 4439 tertium,
2401 4375 2637 4429 futurum
2670 4381 2732 4427 ut
2769 4371 3038 4425 diabolum
3069 4378 3125 4423 et
3150 4369 3420 4423 daamones
3459 4375 3701 4436 peccato-

2128 4483 2245 4523 rum
2268 4466 2559 4535 aliquando
2587 4462 2875 4533 pmniteat,
2896 4470 2953 4515 et
2979 4475 3100 4515 cum
3136 4460 3339 4515 sanctis
3361 4461 3412 4513 in
3442 4458 3582 4512 caelo
3614 4472 3699 4510 re-

448 4547 772 4616 Origenistis
797 4548 1001 4614 favens,
1023 4553 1302 4606 turbandis
1333 4555 1491 4608 rebus
1517 4571 1677 4623 qnam
1704 4568 2027 4622 componeu-
2055 4594 2104 4655 ο
2129 4567 2323 4628 gnent;
2353 4564 2635 4626 quartum,
2675 4554 2940 4608 Adamum
2966 4561 3021 4606 et
3054 4549 3221 4604 Evam
3252 4560 3378 4603 ante
3412 4556 3694 4619 peccatum

449 4640 533 4694 dis
556 4642 761 4707 aptior;
799 4657 922 4695 nam
952 4653 1077 4697 ante
1116 4651 1227 4699 tres
1253 4660 1467 4701 menses
1502 4663 1662 4715 quam
1702 4648 1907 4701 veniret
1929 4646 2024 4701 Je-

450 4733 797 4802 rosolymam,
822 4734 1028 4789 litteras
1072 4736 1295 4790 dederat
1323 4739 1389 4792 ad
1428 4738 1767 4793 Vincentium
1799 4742 2024 4809 presby-

452 4831 648 4887 terum,
680 4823 873 4892 quibus
899 4839 1022 4878 eum
1056 4835 1114 4878 ut
1146 4826 1199 4879 in
1232 4826 1530 4881 orthodoxa
1564 4828 1686 4891 fide,
1729 4829 1829 4883 hoc
1860 4838 1944 4883 est
1970 4829 2023 4882 in

449 4914 810 4985 Origenismo,
836 4927 1209 4985 perseveraret
1237 4920 1589 4984 hortabatur;
1629 4920 1937 4974 adfuturum
1966 4935 2025 4974 se

451 5009 760 5076 propediem
807 5007 874 5061 ad
919 5022 1121 5062 cuneos
1164 5011 1593 5066 adversariorum
1644 4996 2021 5078 proterendos.

457 5099 626 5153 Verba
656 5110 782 5153 sunt
807 5098 1116 5170 Hieronymi
1143 5103 1298 5172 epist.
1318 5102 1408 5168 6|,
1432 5102 1498 5157 ad
1528 5102 1869 5167 Pannnach.,
1900 5118 2020 5173 cap.

453 5188 544 5253 ts,
577 5189 730 5258 cujus
782 5190 1010 5260 vestigia
1053 5201 1304 5245 accurate
1336 5192 1732 5262 persequimur.
1783 5190 1875 5247 Sic
1898 5206 2029 5262 ergo

454 5281 729 5333 animatus
758 5283 1011 5349 egregius
1060 5281 1147 5337 ille
1192 5284 1341 5352 pacis
1396 5292 1697 5354 sequester,
1742 5283 2027 5350 Joannem,

455 5369 693 5438 aliosque
720 5371 1075 5426 dissensionis
1112 5373 1269 5441 hujus
1314 5375 1603 5443 participes
1649 5374 1782 5439 adit,
1811 5373 2033 5444 legatio-

457 5475 690 5529 nemque
718 5476 869 5515 suam
904 5462 1195 5519 renuntiat.
1230 5461 1296 5515 Et
1330 5477 1513 5531 pacem
1546 5463 1889 5517 conciliasset
1915 5462 2028 5518 fur-

457 5559 621 5614 tasse,
650 5550 694 5603 si
725 5566 829 5606 non
851 5552 1087 5605 animum
1113 5550 1435 5623 Origenismi
1475 5551 1742 5608 fermento
1764 5552 2029 5608 imbutum

458 5639 814 5709 prodidisset;
848 5657 971 5696 cum
997 5645 1139 5697 enim
1167 5645 1427 5699 doctrina:
1461 5646 1587 5700 huic
1618 5644 1883 5701 infensum
1910 5645 2033 5701 Ilie-

462 5746 745 5801 ronymum
804 5749 922 5789 esse
949 5737 1132 5800 sciret,
1190 5736 1385 5792 iterum
1425 5738 1636 5805 quidem
1667 5751 1729 5791 ac
1761 5737 1921 5792 tertio
1966 5739 2033 5791 ad

461 5844 585 5884 eum
625 5826 907 5895 The0pltili
954 5832 1169 5887 nomine
1217 5832 1469 5897 accessit,
1502 5830 1819 5888 commissas
1851 5838 2031 5885 autem

2127 4663 2354 4718 corpore
2382 4649 2643 4714 caruisse,
2673 4649 2910 4701 humana
2956 4657 3137 4701 autem
3195 4657 3420 4711 corpora
3460 4641 3525 4694 iis
3580 4649 3698 4709 post

2130 4750 2409 4810 peccatum
2452 4739 2836 4810 circumposita
2879 4739 3073 4793 tunicis
3104 4735 3340 4807 pelliceis
3366 4732 3699 4804 significari;

2130 4831 2400 4900 quintum,
2454 4844 2674 4885 carnem
2726 4832 3037 4899 neutiquam
3081 4828 3401 4883 suscitatum
3456 4825 3544 4887 iri,
3595 4838 3700 4877 non

2130 4923 2370 4977 membra
2414 4922 2592 4977 denuo
2627 4922 2787 4976 simul
2814 4935 2936 4977 esse
2964 4918 3372 4989 compingenda,
3423 4931 3557 4972 sexu
3609 4917 3705 4970 ho-

2129 5016 2303 5069 mines
2349 5015 2562 5084 penitus
2604 5013 2903 5077 carituros;
2967 5023 3206 5075 sextum,
3242 5008 3555 5080 paradisum
3596 5018 3705 5061 ter-

2131 5112 2360 5159 restrem
2389 5103 2675 5171 allegorice
2716 5102 3118 5171 intelligendum
3147 5115 3163 5165 ;
3192 5099 3504 5168 septimum,
3535 5111 3706 5165 aquas

2132 5209 2251 5265 quae
2304 5209 2467 5263 super
2491 5193 2689 5249 caelum
2738 5193 2793 5246 in
2826 5194 3108 5263 Scriptura
3140 5206 3261 5246 esse
3294 5192 3569 5254 dicuntur,
3611 5202 3705 5241 an-

2133 5285 2283 5353 gelos
2309 5299 2453 5346 esse,
2483 5298 2604 5353 qua:
2635 5297 2797 5351 supra
2862 5292 2913 5338 et
2956 5282 3091 5336 infra
3126 5293 3352 5347 terram,
3401 5282 3702 5342 daemones;

2134 5385 2491 5446 postremum,
2523 5376 2814 5443 imaginem
2844 5374 2936 5429 Dei
2961 5375 3240 5444 peccando
3269 5373 3542 5425 hominem
3573 5371 3709 5424 ami-

2134 5472 2292 5526 sisse.
2327 5467 2567 5522 Plurima
2605 5477 2865 5536 prmterea
2908 5467 3047 5520 lectu
3079 5466 3239 5533 digna
3270 5464 3433 5518 habet
3461 5463 3575 5516 hare
3602 5461 3710 5532 epl-

2129 5562 2288 5626 stola,
2320 5562 2367 5616 si
2396 5561 2518 5630 quis
2548 5568 2857 5614 accuratam
2885 5568 3189 5625 temporum
3219 5554 3432 5609 illorum
3462 5542 3715 5608 notitiam

2130 5652 2387 5721 consequi
2427 5651 2593 5720 cupit.
2632 5650 2688 5704 ld
2734 5649 3003 5719 praecipue
3051 5645 3355 5701 manifestis
3406 5646 3707 5700 rationibus

2130 5740 2447 5811 comprobat
2475 5738 2853 5807 Hieronymus,
2880 5736 3024 5806 quod
3048 5736 3306 5801 diximus,
3342 5746 3468 5789 ante
3492 5736 3709 5789 ordina-

2135 5841 2247 5887 tum
2294 5830 2691 5896 Paulinianum,
2732 5830 2843 5899 jam
2880 5827 3128 5897 Origenis
3161 5842 3323 5884 causa
3356 5828 3615 5883 Joannem
3652 5839 3707 5881 et
