4170 6406
413 343 546 400 “9.9

1271 335 1838 393 ORIGENIANORUM
1875 335 2004 392 LIB.
2047 335 2110 400 ll,
2149 333 2301 392 CAP.
2341 331 2431 396 ιν,
2473 327 2668 386 SECT.
2709 327 2752 381 l.

3523 323 3660 380 “50

407 457 764 530 Epiphanium
805 455 945 509 inter
974 467 1032 508 se
1066 452 1233 508 fuisse
1276 455 1582 508 altercatos.
1615 454 1971 520 Quamobrem
2005 455 2048 512 A
2077 450 2235 506 Certe
2267 449 2334 503 ab
2367 447 2452 502 his
2481 437 2910 499 dissensionibus
2940 440 3176 493 animum
3215 435 3397 530 procul
3440 437 3524 490 hic
3560 439 3661 491 ha-

411 553 712 610 Halloxium
778 549 966 611 miror,
1023 557 1078 601 et
1143 548 1470 602 recentiores
1529 547 1824 615 quosdam,
1883 549 1974 614 qui

409 645 672 712 nodieque
700 639 1098 702 contradicant,
1133 653 1232 692 nec
1269 637 1581 709 Hieronymi
1611 639 1785 693 solum
1827 639 1978 692 testi—

410 736 646 790 monium
697 732 850 788 flocci
901 730 1122 794 faciant,
1181 730 1274 783 sed
1326 738 1378 784 et
1417 729 1720 798 Epiphanii,
1761 729 1854 799 qui
1903 730 1976 783 ita

407 827 668 882 Joannem
717 823 1010 892 alloquitur
1043 839 1059 874 :
1099 838 1118 872 ί
1159 819 1324 874 Video
1365 820 1509 874 enim
1559 819 1702 889 quod
1761 829 1980 888 propter

411 917 550 970 hanc
577 929 794 970 causam
829 911 1008 966 omnis
1040 918 1216 964 vestra
1259 908 1558 978 indignatio
1588 908 1854 962 concitata
1886 907 1977 972 sit,

411 1009 552 1076 quod
574 1005 800 1060 dixerim
831 1002 1002 1065 vobis,
1033 1001 1146 1054 Arii
1172 1008 1400 1068 patrem,
1432 997 1714 1067 Origenem
1750 999 1977 1066 scilicet,

411 1110 465 1154 et
495 1099 720 1154 aliarum
751 1097 1028 1150 haereseon
1056 1091 1292 1146 radicem
1339 1100 1392 1144 et
1429 1101 1706 1161 parentem
1762 1089 1982 1144 laudare

413 1207 516 1246 non
542 1189 766 1244 debetis.
808 1185 874 1240 Et
908 1200 1029 1239 cum
1067 1198 1162 1237 vos
1191 1197 1462 1252 rogarem,
1492 1198 1559 1238 ne
1591 1183 1662 1236 ita
1697 1181 1981 1246 erraretis,

411 1290 464 1334 et
495 1293 792 1342 monerem,
829 1273 1254 1335 contradixistis,
1287 1283 1338 1326 et
1377 1288 1462 1327 me
1509 1273 1574 1326 ad
1609 1271 1883 1326 tristitiam
1928 1279 1983 1324 et

411 1371 678 1440 lacrymas
717 1367 1018 1422 adduxistis
1061 1381 1075 1416 :
1117 1379 1224 1418 non
1250 1365 1420 1419 solum
1449 1373 1629 1418 autem
1669 1377 1774 1426 me,
1805 1362 1898 1416 sed
1928 1371 1983 1416 et

411 1463 545 1516 alios
573 1461 834 1531 plurimos
883 1459 1200 1522 catholicos,
1247 1458 1335 1526 qui
1367 1457 1686 1510 intererant.
1733 1453 1880 1517 Inde,
1923 1461 1984 1506 ut

414 1555 672 1622 intelligo,
707 1553 822 1606 hate
855 1559 938 1605 est
977 1550 1154 1606 omnis
1211 1549 1530 1618 indignatio,
1573 1553 1629 1598 et
1659 1545 1761 1599 iste
1795 1544 1980 1610 furor;

412 1656 468 1700 et
512 1646 714 1699 idcirco
773 1639 1204 1705 comininamini,
1247 1639 1389 1709 quod
1435 1637 1662 1691 mittatis
1697 1636 1981 1689 adversum

413 1756 503 1796 me
531 1737 807 1807 epistolas,
853 1746 915 1790 ut
941 1737 1044 1789 huc
1078 1733 1309 1802 illucque
1343 1745 1522 1787 sermo
1558 1739 1736 1784 vester
1776 1728 1986 1782 discur—

2085 539 2222 602 buit,
2254 551 2426 604 neque
2449 534 2676 587 multutn
2721 545 2838 586 sese
2865 528 3190 598 interposuit
3232 525 3660 598 Origenistarum

2083 632 2246 686 rebus
2285 646 2298 681 :
2334 641 2550 682 errores
2613 625 2873 678 duntaxat
2936 621 3248 676 Adamantii
3299 635 3396 688 pro
3443 636 3500 673 re
3534 629 3662 676 nata

2087 719 2436 790 impugnavit,
2465 715 2608 770 velut
2640 715 2692 768 in
2723 713 2875 767 libris
2909 711 2982 764 De
3014 712 3216 764 civitate
3247 711 3358 764 Dei.
3398 711 3664 784 Hierony-

2085 827 2230 865 mum
2259 818 2437 864 autem
2478 807 2544 862 ad
2577 803 3038 873 redintegrandum
3083 815 3204 854 cum
3243 799 3439 854 Ruﬁno
3472 801 3664 856 amici-

2089 903 2216 956 tiam
2253 901 2407 954 valde
2437 899 2680 952 hortatus
2699 902 2802 947 est.

2157 993 2270 1048 XV.
2296 993 2450 1046 Anno
2477 1005 2506 1044 a
2527 988 2726 1044 Christi
2752 995 2872 1040 ortu
2901 983 3024 1049 597,
3055 993 3171 1052 post
3214 983 3398 1053 viginti
3426 983 3663 1052 quinque

2089 1097 2348 1136 annorum
2373 1079 2755 1134 discessionem
2787 1074 3014 1128 Romam
3047 1089 3256 1128 reversa
3291 1083 3371 1128 est
3411 1073 3659 1141 Melania,

2089 1171 2284 1226 Rufino
2339 1171 2594 1223 itinerum
2645 1167 2791 1220 socio
2854 1165 3129 1220 comitata.
3181 1163 3410 1218 Causam
3457 1166 3664 1224 reditus

2088 1279 2206 1320 eam
2233 1263 2400 1318 fuisse
2421 1262 2551 1316 dicit
2585 1257 2855 1312 Palladius
2884 1271 2899 1310 :
2925 1256 3206 1310 Melaniam
3241 1266 3454 1325 neptem
3485 1273 3662 1326 suam,

2088 1355 2298 1409 Piniani
2349 1365 2594 1416 uxorem,
2649 1351 2976 1418 nuptiarum,
3017 1348 3307 1416 mundique
3353 1357 3662 1416 pertzrsam,

2088 1447 2306 1503 Christo
2333 1445 2596 1514 reliquum
2619 1445 2744 1497 vitae
2768 1456 3087 1497 consecrare
3113 1441 3250 1495 velle
3279 1454 3396 1494 cum
3427 1441 3668 1508 accepis-

2090 1547 2190 1602 set,
2235 1538 2464 1592 veritam
2506 1534 2774 1589 seniorem
2831 1549 2897 1587 ne
2932 1535 2983 1587 in
3025 1546 3310 1602 perversos
3341 1530 3667 1585 secessionis

2091 1644 2201 1684 sua:
2231 1629 2393 1682 duces
2433 1626 2608 1696 neptis
2634 1640 2730 1679 sua
2773 1623 3057 1685 incideret,
3095 1622 3316 1677 Romam
3362 1621 3666 1692 advolasse,

2089 1731 2320 1786 eamque
2349 1715 2586 1770 consiliis
2615 1713 2906 1782 adiuvisse.
2964 1713 3137 1766 Aliam
3183 1711 3395 1766 itineris
3448 1727 3668 1766 causam

412 1841 521 1886 rat.
633 1831 874 1897 Denique
931 1827 1264 1894 propositum
1318 1822 1424 1878 sibi
1475 1835 1596 1876 esse
1638 1819 1878 1874 declarat
1931 1819 1983 1871 in
2017 1811 2331 1880 Bassignat
2399 1808 2699 1872 Baronius,
2771 1805 2996 1860 Romam
3089 1819 3278 1872 nempe
3344 1803 3670 1874 Origenismi

415 1925 602 1976 eadem
633 1920 858 1988 epistola
885 1919 1260 1986 Hieronymus,
1280 1930 1444 1986 opere
1461 1913 1715 1984 peculiari
1740 1913 1988 1982 dogmata

414 2013 664 2083 Origenis
685 2011 1012 2065 convellere.

485 2125 621 2180 XIII.
651 2125 869 2180 Veritus
895 2125 1096 2179 interea
1127 2139 1196 2178 ne
1221 2123 1417 2178 litteris
1443 2123 1692 2188 Joannis,
1721 2131 1776 2178 et
1801 2123 1990 2179 lsidori

416 2219 935 2276 insusurrationibus
963 2226 1255 2286 occupatus
1289 2215 1568 2284 Theophili
1615 2215 1829 2270 animus
1856 2215 1995 2269 male

417 2313 484 2366 de
505 2313 923 2366 orthodoxorum
958 2325 1121 2364 causa
1146 2309 1390 2370 sentiret,
1413 2321 1622 2378 mquum
1651 2307 1802 2362 duxit
1820 2316 1996 2377 gesta-

419 2421 538 2459 rum
565 2420 744 2459 rerum
777 2403 1056 2458 historiam
1095 2403 1161 2456 ad
1205 2417 1326 2456 eum
1370 2403 1726 2471 perscribere,
1755 2417 1920 2470 seque
1943 2409 1996 2456 et

416 2497 661 2567 gregales
687 2511 813 2550 suos
844 2495 984 2563 apud
1013 2509 1135 2548 eum
1165 2508 1419 2563 purgare.
1459 2493 1649 2546 Pacem
1679 2507 1808 2561 ergo
1838 2504 1996 2562 Opta-

417 2603 480 2643 re
504 2603 582 2652 se,
649 2585 714 2639 ad
755 2599 984 2653 eamque
1023 2583 1412 2638 conciliandam
1453 2593 1702 2650 paratum
1753 2581 2012 2638 declarat.

415 2695 514 2752 per
564 2677 872 2748 epistolam,
923 2675 1234 2746 quaa'inter
1278 2673 1726 2745 llieronymianas
1777 2689 1998 2728 numero

423 2770 756 2838 sexagesima
818 2767 1052 2822 secunda
1107 2765 1352 2828 habetur,
1401 2774 1457 2819 et
1509 2765 1692 2821 eodem
1725 2779 1868 2819 anno
1895 2765 2000 2820 595

419 2864 543 2916 data
571 2871 655 2915 est
695 2877 710 2914 :
747 2859 912 2913 multa
948 2857 1140 2914 deinde
1171 2857 1416 2927 imposita
1445 2856 1546 2910 sibi
1589 2871 1619 2910 a
1659 2855 1867 2912 Joanne
1893 2859 2000 2912 cri-

422 2953 565 3007 mina
588 2951 864 3016 confutat;
893 2952 944 3004 in
976 2951 1170 3020 quibus
1199 2950 1583 3004 advertendum
1615 2957 1698 3003 est
1723 2950 2002 3004 insimula-

420 3057 534 3101 tum
580 3061 701 3099 eum
744 3061 773 3098 a
817 3043 1045 3107 Joanne,
1080 3043 1220 3112 quod
1261 3041 1506 3112 Origenis
1540 3056 1702 3110 opera
1755 3043 1998 3111 quaedam

421 3138 614 3192 Latine
642 3135 913 3200 vertisset,
949 3136 1288 3205 respondisse
1323 3153 1336 3188 :
1373 3152 1391 3184 ι
1427 3133 1539 3187 Hoc
1581 3149 1688 3187 non
1731 3135 1876 3188 solus
1902 3149 2000 3202 ego

424 3233 549 3296 feci,
580 3233 672 3286 sed
708 3241 762 3284 et
803 3231 1080 3284 confessor
1101 3229 1336 3283 Hilarius
1365 3227 1492 3282 fecit
1515 3245 1529 3294 ;
1555 3238 1609 3282 et
1637 3237 1815 3282 tamen
1849 3237 1998 3282 uter-

421 3341 527 3396 que
552 3335 794 3379 nostrnm
829 3324 990 3378 noxia
1020 3337 1243 3390 qumque
1287 3324 1612 3376 detruncans
1645 3321 1792 3376 utilia
1825 3331 2000 3377 trans-

421 3419 576 3480 tulit;
615 3435 634 3466 ι
664 3423 715 3469 et
733 3415 890 3483 paulo
917 3425 1034 3484 post
1066 3431 1079 3468 :
1114 3431 1132 3464 ι
1165 3413 1474 3468 Sicutenim
1505 3415 2000 3482 interpretationem

422 3521 478 3564 et
509 3511 761 3563 idiomata
795 3507 1194 3576 Scripturarum
1251 3505 1467 3576 Origeni
1507 3523 1721 3577 semper
1757 3509 1998 3574 attribui,

427 3602 497 3653 ita
555 3601 862 3668 dogmatnm
914 3597 1349 3652 constantissime
1398 3599 1594 3653 abstuli
1629 3599 1934 3653 veritatem.
1977 3619 1996 3652 ι

427 3691 498 3746 lit
527 3690 776 3744 ostendat
800 3699 1058 3759 prmterea
1098 3705 1256 3758 quam
1310 3703 1446 3742 vana
1493 3699 1636 3742 esset
1669 3687 1892 3742 Joannis
1936 3689 2003 3743 de

427 3783 725 3838 Pauliniani
752 3782 1090 3835 ordinatione
1117 3781 1354 3849 querela,
1385 3781 1685 3834 ordinatum
1707 3795 1827 3834 eum
1857 3795 2005 3834 asse-

429 3873 500 3926 rit
541 3873 593 3925 in
625 3869 1156 3940 Elentlieropolilano
1186 3871 1479 3935 territorio,
1512 3885 1618 3924 non
1660 3871 1710 3924 in
1751 3871 2000 3926 Alliensi.

429 3963 860 4032 Eleutheropolis
896 3971 1071 4016 autem
1103 3977 1164 4017 ea
1190 3971 1270 4016 est
1301 3959 1548 4026 Hebron;
1583 3961 1751 4028 Elia,
1784 3961 2006 4018 Jerusa-

430 4060 558 4114 lcm.
585 4057 824 4125 Denique
849 4065 1126 4125 postquam
1151 4055 1215 4108 ad
1239 4055 1636 4122 procurandum
1656 4054 1756 4108 sibi
1779 4055 2006 4108 exitium

430 4151 691 4208 Joannem
723 4149 1017 4214 laborasse,
1045 4155 1098 4200 et
1131 4145 1504 4200 auctoritatem
1535 4146 1804 4216 publicam
1836 4162 1899 4200 ac
1924 4161 2009 4200 re-

433 4245 632 4314 scripta
663 4243 984 4298 sollicitasse
1023 4249 1244 4310 questus
1277 4248 1379 4303 est,
1403 4254 1598 4307 cupere
1632 4253 1692 4292 se
1719 4239 2006 4309 signiﬁcat,

431 4345 492 4390 ut
515 4336 797 4390 discordiae
826 4349 1013 4389 omnes
1047 4333 1348 4401 sopiantur.
1392 4332 1630 4403 Utraque
1657 4343 1806 4402 parte
1830 4334 2010 4388 audita

431 4431 716 4484 veritatem
757 4411 1045 4498 perspexit
1103 4425 1452 4496 Theophilus,
1497 4437 1552 4480 et
1597 4425 1751 4479 malis
1803 4427 2012 4482 artibus

2095 1901 2380 1956 invehendi
2435 1900 2694 1964 studium,
2747 1900 2830 1954 cui
2898 1898 3142 1952 Melaniae
3203 1897 3430 1966 jnnioris
3487 1909 3670 1952 seces-

2093 2009 2183 2050 sus
2235 1995 2373 2064 apud
2425 1992 2640 2062 vulgum
2701 1993 2921 2046 obtentu
2989 1991 3168 2045 fuerit.
3217 1989 3502 2060 Opinionis
3562 2004 3672 2044 suae

2096 2098 2372 2142 auctorem
2425 2101 2529 2139 non
2564 2085 2740 2150 dedit;
2771 2083 3102 2151 coniecturis
3135 2091 3340 2136 tantum
3384 2081 3672 2137 obsecutus

2094 2188 2196 2235 CSI.

2166 2269 2306 2324 XVI.
2335 2270 2506 2324 Simul
2535 2277 2696 2337 atque
2727 2267 2951 2321 Romam
2983 2265 3183 2334 appulit
3215 2263 3464 2326 Ruﬁnus,
3505 2261 3674 2316 libros

2099 2362 2352 2432 Origenis
2379 2361 2518 2428 Περὶ
2543 2359 2746 2428 ἀρχῶν
2777 2375 2806 2413 a
2831 2375 2888 2412 se
2911 2357 3191 2412 Latinitati
3227 2355 3464 2410 redditos
3494 2355 3544 2406 in
3573 2369 3672 2422 pu-

2101 2455 2299 2509 blicum
2334 2453 2600 2517 editurus,
2629 2452 2862 2519 priorem
2885 2448 3156 2518 Apologia:
3186 2446 3450 2516 Pamphili
3479 2447 3675 2501 librum

2100 2558 2421 2598 conversum
2447 2543 2631 2596 itidem
2665 2558 2692 2594 a
2726 2557 2784 2595 se
2807 2549 2856 2595 et
2884 2541 3291 2609 interpolatum,
3318 2552 3371 2594 et
3393 2554 3496 2593 una
3524 2553 3678 2594 suam

2103 2634 2178 2688 De
2212 2633 2600 2687 adulleratione
2648 2632 2904 2686 librorum
2941 2629 3184 2700 Origenis
3246 2630 3674 2685 lucubratione-tn

2102 2723 2380 2792 praemisit,
2438 2723 2503 2775 ad
2563 2723 2704 2774 viam
2771 2721 3110 2791 Origenismo
3177 2721 3674 2775 communiendam.

2105 2813 2404 2883 Utrumque
2437 2813 2659 2868 Macarii
2689 2813 2906 2868 hortatu
2935 2828 3246 2882 aggressum
3271 2828 3330 2867 se
3365 2821 3593 2867 testatur
3621 2812 3678 2868 in

2104 2903 2508 2974 praefationibus
2551 2919 2564 2952 :
2595 2913 2650 2956 at
2677 2903 2728 2958 id
2749 2903 2818 2956 ab
2847 2918 2912 2956 eo
2953 2917 3048 2972 per
3077 2903 3470 2956 simulationem
3507 2901 3681 2970 jacta-

2117 3003 2228 3048 tum
2278 2993 2876 3064 asserit'Hieronymus
2919 2993 3134 3060 Apolog.
3173 2993 3265 3048 lib.
3290 3008 3348 3058 tt,
3381 3007 3499 3062 cap.
3532 2993 3585 3046 5.
3621 2991 3680 3046 In

2105 3085 2421 3154 prazl'atione
2465 3085 2532 3140 ad
2564 3084 2852 3139 Macarium
2899 3084 3162 3154 Pamphili
3223 3085 3488 3154 Apologia:
3544 3099 3682 3154 prato

2027 3165 2070 3222 C
2115 3186 2282 3244 texta,
2319 3191 2423 3230 non
2455 3177 2683 3231 obscure
2709 3177 2879 3246 tangit
2913 3175 2999 3230 ille
3027 3175 3381 3244 Epiphanium
3405 3186 3460 3229 et
3487 3173 3682 3230 Hiero-

2101 3283 2348 3336 nymum,
2400 3281 2524 3322 cum
2581 3269 2647 3320 de
2685 3283 2779 3321 sua
2819 3268 3262 3334 interpretatione
3315 3267 3394 3322 sic
3423 3267 3678 3321 disserit:

2108 3377 2125 3409 ι
2164 3359 2292 3412 Mihi
2371 3367 2548 3411 tamen
2621 3373 2724 3411 non
2774 3357 2958 3413 dubito
3024 3359 3152 3427 quin
3202 3349 3457 3412 olren'sam
3508 3359 3688 3415 maxi-

2103 3465 2247 3504 mam
2297 3459 2572 3517 comparet
2623 3464 2829 3515 eorum,
2861 3449 2950 3518 qui
2998 3463 3060 3502 se
3097 3449 3250 3504 laesos
3289 3459 3474 3518 putant
3505 3450 3572 3503 ab
3598 3464 3684 3515 eo,

2104 3540 2197 3609 qui
2245 3540 2311 3593 de
2343 3540 2576 3610 Origene
2609 3555 2714 3594 non
2753 3539 2952 3608 aliquid
2979 3541 3118 3595 male
3149 3539 3400 3596 senserit.
3443 3560 3461 3592 ι
3505 3541 3685 3610 Atque

2105 3630 2218 3684 haec
2260 3631 2492 3685 similem
2547 3631 2716 3702 ipsius
2768 3634 3214 3701 conquestionem
3265 3633 3315 3686 in
3370 3615 3686 3686 memoriam

2105 3735 2381 3789 revocant,
2405 3738 2564 3792 quam
2603 3725 2652 3778 in
2672 3726 3074 3794 perorationem
3103 3725 3168 3778 ad
3192 3723 3688 3794 interpretationem

2107 3811 2633 3867 Commentariorum
2661 3815 2908 3882 Origenis
2935 3816 2988 3867 in
3007 3811 3306 3882 Epialolam
3339 3815 3408 3866 ad
3426 3811 3689 3868 Romanos

2110 3904 2322 3958 intersit
2357 3920 2370 3954 :
2411 3922 2430 3954 ε
2466 3904 2570 3958 Sed
2611 3905 2924 3970 delectabit,
2950 3905 3142 3974 inquit,
3171 3903 3457 3958 indulsisse
3485 3904 3690 3958 labori-

2107 3995 2232 4060 bus,
2261 3995 2306 4048 si
2333 3997 2490 4050 modo
2514 4011 2641 4058 non,
2673 4005 2729 4049 ut
2771 3997 2823 4051 in
2867 3999 2988 4052 aliis
3024 3997 3230 4066 experti
3261 4010 3473 4060 sumus,
3517 3997 3690 4051 male-

2109 4087 2242 4140 volae
2275 4098 2483 4140 mentes
2505 4087 2702 4157 vigiliis
2747 4089 2944 4142 nostris
2975 4089 3326 4143 cantumelias
3359 4089 3607 4156 reddant,
3643 4087 3691 4144 εἰ

2111 4191 2215 4230 non
2245 4176 2418 4230 studia
2447 4175 2958 4245 obtrectationibus,
3005 4188 3060 4234 et
3089 4179 3302 4234 labores
3341 4194 3690 4234 remuneren-

2115 4275 2201 4319 tur
2244 4265 2484 4320 insidiis.
2525 4265 2731 4320 Novum
2785 4269 2982 4338 quippe
3020 4269 3161 4339 apud
3186 4283 3280 4325 eos
3311 4269 3480 4340 culpae
3522 4285 3693 4342 genus

2113 4357 2385 4420 subimus;
2422 4377 2442 4410 ι
2478 4368 2530 4413 et
2562 4373 2680 4412 mox
2723 4375 2736 4412 :
2770 4379 2788 4411 ι
2827 4359 2939 4415 I-loc
2988 4371 3169 4416 autem
3193 4371 3388 4432 ,totum
3431 4361 3563 4416 mihi
3592 4363 3695 4416 do-

2116 4457 2268 4510 nant,
2293 4463 2396 4502 non
2427 4463 2610 4502 amore
2637 4453 2760 4514 mei,
2787 4453 2884 4504 sed
2911 4451 3034 4505 odio
3083 4451 3318 4506 auctoris
3377 4451 3532 4521 »ιερὰ
3571 4451 3694 4507 red-

433 4539 539 4615 “_°“
569 4522 764 4615 bonf‘m
787 4533 1006 4615 causai“
1036 4533 1067 4572 ³
1100 4517 1306 4615 ³⁰³ξ¹¹¹θ
1342 4517 1569 4587 aliisque
1595 4517 1762 4572 foveri
1795 4533 2013 4588 compe'
2043 4509 2087 4564 Β
2114 4555 2300 4594 eamus
2337 4541 2402 4594 ad
2423 4540 2692 4610 Apologia:
2725 4542 3112 4612 prmfationem.
3149 4509 3438 4614 Postquam
3461 4559 3694 4615 purgan-

437 4610 602 4676 riens,
629 4607 909 4676 adversam
958 4607 1032 4662 ita
1083 4607 1362 4678 amplexus
1391 4617 1492 4671 est,
1540 4617 1598 4660 ut
1637 4620 1894 4675 utrosque
1925 4617 2007 4660 ta-

435 4715 558 4754 men
593 4703 659 4753 ad
687 4701 953 4754 sinceram
979 4699 1327 4754 concordiam
1365 4713 1626 4754 revocare
1656 4699 1936 4767 niteretur,
1957 4711 2008 4755 et

436 4803 798 4863 repugnantes
819 4792 1155 4861 Origenistas
1185 4791 1418 4846 molliter
1447 4807 1509 4846 ac
1530 4791 1762 4861 benigne
1788 4792 2012 4848 adbibe-

437 4895 546 4938 ret.

449 5001 452 5006 '
513 4995 648 5050 XIV.
680 4995 966 5060 Caeterum,
995 4997 1062 5051 ad
1111 4997 1468 5052 coercendam
1517 4997 1785 5064 serpentis
1824 4995 2014 5067 Orige-

440 5088 596 5144 nismi
638 5088 798 5152 luem,
822 5100 1077 5156 sequente
1107 5103 1250 5142 anno
1274 5088 1632 5156 Hieronymus
1657 5087 2012 5158 Augustinum

441 5188 638 5254 pietate
675 5180 954 5235 ﬂorentem
995 5190 1050 5234 et
1086 5182 1409 5248 eruditione,
1443 5184 1662 5251 quicum
1691 5182 1792 5237 sibi
1825 5183 2014 5238 notitia

439 5274 616 5341 aliqua
643 5273 1044 5338 intercesserat,
1071 5273 1286 5338 parario
1307 5273 1499 5344 Alypio
1526 5273 1841 5344 Tagastensi
1867 5283 2018 5341 posto

441 5366 662 5420 modum
701 5363 976 5430 episc0po,
1005 5362 1204 5431 quique
1233 5362 1344 5432 jam
1374 5375 1498 5418 ante
1531 5372 1718 5434 optare
1747 5378 1808 5418 se
1845 5364 2016 5432 signi-

443 5456 721 5520 ﬁcaverat,
767 5461 823 5506 ut
853 5451 1105 5520 Origeuis
1131 5467 1296 5522 opera
1343 5456 1410 5506 ab
1458 5453 1784 5524 Hieronymo
1827 5449 2018 5507 Latine

441 5547 820 5608 redderentur,
847 5551 1032 5598 monet
1055 5557 1150 5612 per
1169 5543 1472 5614 epistolam,
1506 5560 1624 5613 qua:
1644 5545 1935 5608 intercidit,
1961 5551 2017 5597 ut

443 5637 498 5690 in
529 5635 776 5704 Origenis
799 5635 1184 5703 scriptionibus
1213 5644 1400 5690 cautus
1429 5637 1662 5699 incedat,
1709 5636 2020 5707 approbatis

443 5726 778 5788 melioribus,
806 5725 1148 5794 aequioribus
1173 5724 1424 5794 rejectis;
1449 5735 1504 5780 at
1527 5727 1769 5796 Origenis
1789 5727 1890 5781 sibi
1917 5739 2017 5781 no-

443 5818 548 5873 tari
580 5832 791 5873 errores
826 5818 1174 5886 responsione
1201 5833 1297 5874 sua
1343 5819 1672 5890 Augustinus
1706 5819 2016 5890 postulavit.

685 5915 958 5976 PATROL.
999 5917 1117 5980 Gn.
1149 5915 1342 5978 XVII.

2117 4631 2168 4684 di
2199 4631 2282 4684 sui
2315 4647 2500 4698 causa,
2529 4633 2674 4686 velut
2721 4633 3112 4702 professionem
3165 4637 3288 4690 ﬁdei
3323 4637 3550 4692 Ruﬁnus
3579 4639 3692 4692 edi-

2118 4722 2198 4776 dit
2230 4739 2244 4774 :
2281 4739 2299 4772 ι
2334 4723 2480 4789 Ilaec,
2527 4723 2721 4792 inquit,
2769 4725 3123 4798 Jerosolymis
3159 4726 3210 4780 in
3241 4727 3479 4782 Ecclesia
3518 4728 3608 4782 Dei
3663 4744 3694 4781 a

2118 4821 2310 4866 sancto
2345 4815 2624 4868 sacerdote
2658 4817 2772 4884 ejus
2799 4815 3004 4872 Joanne
3025 4819 3415 4887 praedicantur;
3455 4819 3570 4872 haec
3595 4835 3695 4874 nos

2120 4915 2240 4954 cum
2289 4903 2404 4970 ipso
2457 4912 2511 4957 et
2565 4905 2795 4959 dicimus
2852 4915 2908 4961 et
2949 4917 3214 4962 tenemus.
3247 4929 3266 4960 ι
3308 4909 3694 4980 Hieronymum

2121 4993 2283 5046 etiam
2335 4993 2420 5047 his
2451 4994 2632 5049 verbis
2679 4995 2905 5050 defricat
2953 4999 3005 5052 in
3047 5015 3145 5053 suo
3189 4999 3262 5054 De
3312 5001 3694 5054 adulleratione

2121 5081 2372 5136 librorum
2396 5082 2636 5157 Origenis
2659 5085 2836 5141 libello
2872 5103 2886 5141 :
2927 5105 2945 5138 ι
2977 5090 3237 5145 Auctores
3269 5091 3692 5145 obtrectatorum

2121 5175 2238 5244 ejus
2272 5175 2564 5249 (Origenis)
2595 5179 2627 5231 ii
2657 5187 2780 5233 sunt
2818 5181 2909 5249 qui
2941 5181 3025 5235 Vel
3056 5183 3108 5234 in
3139 5181 3376 5236 Ecclesia
3419 5183 3698 5250 disputare

2121 5267 2284 5324 latius
2313 5270 2505 5333 solent,
2535 5271 2615 5326 vel
2645 5273 2804 5325 etiam
2825 5272 2992 5326 librOs
3022 5273 3280 5340 scribere,
3306 5273 3397 5344 qui
3431 5283 3600 5327 totum
3631 5273 3698 5324 de

2124 5357 2358 5428 Origene
2399 5363 2480 5414 vel
2507 5362 2816 5430 loquuntur,
2836 5363 2918 5417 vel
2949 5365 3194 5419 scribunt
3222 5384 3235 5418 :
3269 5380 3334 5419 ne
3365 5380 3495 5436 ergo
3517 5364 3698 5434 plures

2125 5452 2362 5521 ipsorum
2401 5452 2542 5507 furta
2573 5467 3081 5530 cognoscantuqute
3135 5459 3342 5528 utique,
3397 5459 3444 5512 si
3503 5459 3698 5528 ingrati

2125 5543 2178 5596 in
2210 5545 2523 5613 magistrum
2564 5561 2669 5602 nou
2697 5561 2902 5611 essent.
2928 5565 3265 5620 nequaquam
3297 5551 3587 5618 criminosa
3613 5553 3698 5601 vi-

2125 5633 2400 5701 det-eatur,
2431 5637 2787 5707 simpliciores
2810 5655 3050 5711 quosque
3082 5643 3148 5696 ab
3178 5642 3294 5712 ejus
3327 5641 3557 5696 lectione
3607 5641 3701 5694 de-

2127 5735 2354 5782 terrent.
2397 5748 2415 5780 ι
2440 5729 2576 5784 Nam
2605 5745 2728 5784 cum
2757 5729 3043 5802 Origenem
3097 5734 3326 5790 miriﬁce
3373 5733 3701 5788 celebrasset

2123 5819 2484 5894 Hieronymus
2506 5823 2670 5882 etiam
2701 5834 2810 5882 tum
2829 5827 3063 5898 juvenis,
3088 5835 3142 5884 et
3171 5829 3288 5898 plus
3304 5825 3564 5899 quam_70
3592 5825 3701 5882 ho-

3331 5923 3409 5982 36
