  <div class='ocr_page' id='page_1' title='image "/cluster/home/n/w/nwhite01/storage/ocr_20150623/17:no.7/coo.31924054872977/578.png"; bbox 0 0 4170 6410; ppageno 0'>
   <div class='ocr_carea' id='block_1_1' title="bbox 371 373 506 430">
    <p class='ocr_par' dir='ltr' id='par_1_1' title="bbox 371 373 506 430">
     <span class='ocr_line' id='line_1_1' title="bbox 371 373 506 430; baseline -0.015 0"><span class='ocrx_word' id='word_1_1' title='bbox 371 373 506 430; x_wconf 78' lang='lat' dir='ltr'><strong>I155</strong></span> 
     </span>
    </p>
   </div>
   <div class='ocr_carea' id='block_1_2' title="bbox 1249 340 2722 414">
    <p class='ocr_par' dir='ltr' id='par_1_2' title="bbox 1249 340 2722 414">
     <span class='ocr_line' id='line_1_2' title="bbox 1249 340 2722 414; baseline -0.011 -2"><span class='ocrx_word' id='word_1_2' title='bbox 1249 350 1813 412; x_wconf 72' lang='lat' dir='ltr'><strong>ORIGENIANORUM</strong></span> <span class='ocrx_word' id='word_1_3' title='bbox 1853 349 1977 404; x_wconf 81' lang='lat' dir='ltr'><strong>LIB.</strong></span> <span class='ocrx_word' id='word_1_4' title='bbox 2020 346 2084 410; x_wconf 89' lang='lat' dir='ltr'><strong>II,</strong></span> <span class='ocrx_word' id='word_1_5' title='bbox 2126 347 2276 402; x_wconf 78' lang='lat' dir='ltr'><strong>CAP.</strong></span> <span class='ocrx_word' id='word_1_6' title='bbox 2318 347 2406 414; x_wconf 81' lang='lat' dir='ltr'><strong>IV,</strong></span> <span class='ocrx_word' id='word_1_7' title='bbox 2451 343 2642 399; x_wconf 62' lang='lat' dir='ltr'><strong>SECT.</strong></span> <span class='ocrx_word' id='word_1_8' title='bbox 2684 340 2722 396; x_wconf 89' lang='grc'><strong>1.</strong></span> 
     </span>
    </p>
   </div>
   <div class='ocr_carea' id='block_1_3' title="bbox 3478 337 3614 397">
    <p class='ocr_par' dir='ltr' id='par_1_3' title="bbox 3478 337 3614 397">
     <span class='ocr_line' id='line_1_3' title="bbox 3478 337 3614 397; baseline 0.022 -3"><span class='ocrx_word' id='word_1_9' title='bbox 3478 337 3614 397; x_wconf 69' lang='grc'><strong>1154</strong></span> 
     </span>
    </p>
   </div>
   <div class='ocr_carea' id='block_1_4' title="bbox 371 463 3614 569">
    <p class='ocr_par' dir='ltr' id='par_1_4' title="bbox 371 463 3614 569">
     <span class='ocr_line' id='line_1_4' title="bbox 371 463 3614 569; baseline -0.011 -17"><span class='ocrx_word' id='word_1_10' title='bbox 371 511 529 569; x_wconf 83' lang='lat' dir='ltr'><strong>quem</strong></span> <span class='ocrx_word' id='word_1_11' title='bbox 558 489 767 550; x_wconf 88' lang='lat' dir='ltr'><strong>cunctis</strong></span> <span class='ocrx_word' id='word_1_12' title='bbox 813 483 1168 558; x_wconf 80' lang='lat' dir='ltr'><strong>prudentibus</strong></span> <span class='ocrx_word' id='word_1_13' title='bbox 1193 492 1248 536; x_wconf 86' lang='lat' dir='ltr'><strong>et</strong></span> <span class='ocrx_word' id='word_1_14' title='bbox 1281 481 1432 536; x_wconf 85' lang='lat' dir='ltr'><strong>vobis</strong></span> <span class='ocrx_word' id='word_1_15' title='bbox 1468 478 1683 548; x_wconf 83' lang='lat' dir='ltr'><strong>placere</strong></span> <span class='ocrx_word' id='word_1_16' title='bbox 1711 491 1814 529; x_wconf 92' lang='lat' dir='ltr'><strong>non</strong></span> <span class='ocrx_word' id='word_1_17' title='bbox 1847 474 1945 526; x_wconf 76' lang='lat' dir='ltr'><strong>du-</strong></span> <span class='ocrx_word' id='word_1_18' title='bbox 1979 475 2022 528; x_wconf 81' lang='grc' dir='ltr'><strong>Λ</strong></span> <span class='ocrx_word' id='word_1_19' title='bbox 2049 487 2146 533; x_wconf 87' lang='lat' dir='ltr'><strong>pro</strong></span> <span class='ocrx_word' id='word_1_20' title='bbox 2170 485 2350 524; x_wconf 87' lang='lat' dir='ltr'><strong>rerum</strong></span> <span class='ocrx_word' id='word_1_21' title='bbox 2389 483 2452 523; x_wconf 90' lang='lat' dir='ltr'><strong>ac</strong></span> <span class='ocrx_word' id='word_1_22' title='bbox 2486 479 2788 536; x_wconf 84' lang='lat' dir='ltr'><strong>temporum</strong></span> <span class='ocrx_word' id='word_1_23' title='bbox 2820 465 3053 530; x_wconf 88' lang='lat' dir='ltr'><strong>ratione,</strong></span> <span class='ocrx_word' id='word_1_24' title='bbox 3085 463 3223 517; x_wconf 92' lang='lat' dir='ltr'><strong>trahi</strong></span> <span class='ocrx_word' id='word_1_25' title='bbox 3264 477 3320 518; x_wconf 88' lang='lat' dir='ltr'><strong>se</strong></span> <span class='ocrx_word' id='word_1_26' title='bbox 3345 471 3398 516; x_wconf 89' lang='lat' dir='ltr'><strong>et</strong></span> <span class='ocrx_word' id='word_1_27' title='bbox 3419 463 3614 532; x_wconf 84' lang='lat' dir='ltr'><strong>jactari</strong></span> 
     </span>
    </p>
   </div>
   <div class='ocr_carea' id='block_1_5' title="bbox 373 566 1938 656">
    <p class='ocr_par' dir='ltr' id='par_1_5' title="bbox 373 566 1938 656">
     <span class='ocr_line' id='line_1_5' title="bbox 373 566 1938 656; baseline -0.02 -9"><span class='ocrx_word' id='word_1_28' title='bbox 373 566 514 656; x_wconf 78' lang='lat' dir='ltr'><strong>bito;</strong></span> <span class='ocrx_word' id='word_1_29' title='bbox 554 606 572 638; x_wconf 73' lang='grc' dir='ltr'><strong><em>ι</em></strong></span> <span class='ocrx_word' id='word_1_30' title='bbox 603 601 702 642; x_wconf 91' lang='lat' dir='ltr'><strong>cur</strong></span> <span class='ocrx_word' id='word_1_31' title='bbox 742 583 796 638; x_wconf 91' lang='lat' dir='ltr'><strong>in</strong></span> <span class='ocrx_word' id='word_1_32' title='bbox 826 577 1143 649; x_wconf 68' lang='lat' dir='ltr'><strong>praefatione</strong></span> <span class='ocrx_word' id='word_1_33' title='bbox 1177 575 1242 628; x_wconf 90' lang='lat' dir='ltr'><strong>ad</strong></span> <span class='ocrx_word' id='word_1_34' title='bbox 1287 573 1488 627; x_wconf 89' lang='lat' dir='ltr'><strong>librum</strong></span> <span class='ocrx_word' id='word_1_35' title='bbox 1529 569 1606 623; x_wconf 86' lang='lat' dir='ltr'><strong>De</strong></span> <span class='ocrx_word' id='word_1_36' title='bbox 1640 566 1938 620; x_wconf 76' lang='lat' dir='ltr'><strong>nominibus</strong></span> 
     </span>
    </p>
   </div>
   <div class='ocr_carea' id='block_1_6' title="bbox 381 659 1942 746">
    <p class='ocr_par' dir='ltr' id='par_1_6' title="bbox 381 659 1942 746">
     <span class='ocr_line' id='line_1_6' title="bbox 381 659 1942 746; baseline -0.018 -5"><span class='ocrx_word' id='word_1_37' title='bbox 381 685 674 746; x_wconf 73' lang='lat' dir='ltr'><strong>Hebraicis,</strong></span> <span class='ocrx_word' id='word_1_38' title='bbox 709 675 1074 734; x_wconf 87' lang='lat' dir='ltr'><strong>aitneminem</strong></span> <span class='ocrx_word' id='word_1_39' title='bbox 1114 671 1214 725; x_wconf 88' lang='lat' dir='ltr'><strong>nisi</strong></span> <span class='ocrx_word' id='word_1_40' title='bbox 1250 668 1579 738; x_wconf 88' lang='lat' dir='ltr'><strong>imperitum,</strong></span> <span class='ocrx_word' id='word_1_41' title='bbox 1607 677 1802 733; x_wconf 89' lang='lat' dir='ltr'><strong>negare</strong></span> <span class='ocrx_word' id='word_1_42' title='bbox 1824 659 1942 716; x_wconf 62' lang='lat' dir='ltr'><strong>Orio</strong></span> 
     </span>
    </p>
   </div>
   <div class='ocr_carea' id='block_1_7' title="bbox 379 751 1944 848">
    <p class='ocr_par' dir='ltr' id='par_1_7' title="bbox 379 751 1944 848">
     <span class='ocr_line' id='line_1_7' title="bbox 379 751 1944 848; baseline -0.017 -17"><span class='ocrx_word' id='word_1_43' title='bbox 379 791 566 848; x_wconf 86' lang='lat' dir='ltr'><strong>genem</strong></span> <span class='ocrx_word' id='word_1_44' title='bbox 590 781 710 844; x_wconf 90' lang='lat' dir='ltr'><strong>post</strong></span> <span class='ocrx_word' id='word_1_45' title='bbox 738 767 1008 840; x_wconf 78' lang='lat' dir='ltr'><strong>apostolos</strong></span> <span class='ocrx_word' id='word_1_46' title='bbox 1031 763 1399 819; x_wconf 87' lang='lat' dir='ltr'><strong>Ecclesiarum</strong></span> <span class='ocrx_word' id='word_1_47' title='bbox 1427 773 1547 814; x_wconf 89' lang='lat' dir='ltr'><strong>esse</strong></span> <span class='ocrx_word' id='word_1_48' title='bbox 1582 751 1944 826; x_wconf 83' lang='lat' dir='ltr'><strong>magistrum?</strong></span> 
     </span>
    </p>
   </div>
   <div class='ocr_carea' id='block_1_8' title="bbox 446 843 1944 938">
    <p class='ocr_par' dir='ltr' id='par_1_8' title="bbox 446 843 1944 938">
     <span class='ocr_line' id='line_1_8' title="bbox 446 843 1944 938; baseline -0.017 -18"><span class='ocrx_word' id='word_1_49' title='bbox 446 866 610 938; x_wconf 86' lang='lat' dir='ltr'><strong>Igitur</strong></span> <span class='ocrx_word' id='word_1_50' title='bbox 651 880 757 920; x_wconf 92' lang='lat' dir='ltr'><strong>non</strong></span> <span class='ocrx_word' id='word_1_51' title='bbox 805 863 921 917; x_wconf 83' lang='lat' dir='ltr'><strong>sine</strong></span> <span class='ocrx_word' id='word_1_52' title='bbox 970 872 1130 913; x_wconf 90' lang='lat' dir='ltr'><strong>causa</strong></span> <span class='ocrx_word' id='word_1_53' title='bbox 1179 856 1401 911; x_wconf 89' lang='lat' dir='ltr'><strong>Rufinus</strong></span> <span class='ocrx_word' id='word_1_54' title='bbox 1441 849 1803 921; x_wconf 82' lang='lat' dir='ltr'><strong>Origenistam</strong></span> <span class='ocrx_word' id='word_1_55' title='bbox 1842 843 1944 898; x_wconf 85' lang='lat' dir='ltr'><strong>ali-</strong></span> 
     </span>
    </p>
   </div>
   <div class='ocr_carea' id='block_1_9' title="bbox 376 941 1940 1031">
    <p class='ocr_par' dir='ltr' id='par_1_9' title="bbox 376 941 1940 1031">
     <span class='ocr_line' id='line_1_9' title="bbox 376 941 1940 1031; baseline -0.016 -18"><span class='ocrx_word' id='word_1_56' title='bbox 376 958 590 1031; x_wconf 84' lang='lat' dir='ltr'><strong>quando</strong></span> <span class='ocrx_word' id='word_1_57' title='bbox 633 957 795 1012; x_wconf 88' lang='lat' dir='ltr'><strong>fuisse</strong></span> <span class='ocrx_word' id='word_1_58' title='bbox 831 953 1210 1025; x_wconf 81' lang='lat' dir='ltr'><strong>Hieronymum</strong></span> <span class='ocrx_word' id='word_1_59' title='bbox 1252 946 1513 1017; x_wconf 82' lang='lat' dir='ltr'><strong>jactabat.</strong></span> <span class='ocrx_word' id='word_1_60' title='bbox 1554 962 1572 994; x_wconf 83' lang='grc'><strong><em>‹</em></strong></span> <span class='ocrx_word' id='word_1_61' title='bbox 1609 941 1733 996; x_wconf 67' lang='lat' dir='ltr'><strong>Haec</strong></span> <span class='ocrx_word' id='word_1_62' title='bbox 1782 947 1883 1003; x_wconf 89' lang='lat' dir='ltr'><strong>est,</strong></span> <span class='ocrx_word' id='word_1_63' title='bbox 1920 954 1940 988; x_wconf 83' lang='grc'><strong>›</strong></span> 
     </span>
    </p>
   </div>
   <div class='ocr_carea' id='block_1_10' title="bbox 379 1037 1951 1124">
    <p class='ocr_par' dir='ltr' id='par_1_10' title="bbox 379 1037 1951 1124">
     <span class='ocr_line' id='line_1_10' title="bbox 379 1037 1951 1124; baseline -0.017 -14"><span class='ocrx_word' id='word_1_64' title='bbox 379 1056 572 1124; x_wconf 89' lang='lat' dir='ltr'><strong>inquit,</strong></span> <span class='ocrx_word' id='word_1_65' title='bbox 607 1053 801 1107; x_wconf 88' lang='lat' dir='ltr'><strong>invect.</strong></span> <span class='ocrx_word' id='word_1_66' title='bbox 833 1065 872 1113; x_wconf 83' lang='grc' dir='ltr'><strong>ι,</strong></span> <span class='ocrx_word' id='word_1_67' title='bbox 919 1065 937 1098; x_wconf 74' lang='grc' dir='ltr'><strong><em>ι</em></strong></span> <span class='ocrx_word' id='word_1_68' title='bbox 981 1057 1068 1099; x_wconf 90' lang='lat' dir='ltr'><strong>tua</strong></span> <span class='ocrx_word' id='word_1_69' title='bbox 1122 1043 1255 1098; x_wconf 89' lang='lat' dir='ltr'><strong>tanti</strong></span> <span class='ocrx_word' id='word_1_70' title='bbox 1303 1037 1542 1108; x_wconf 82' lang='lat' dir='ltr'><strong>magistri</strong></span> <span class='ocrx_word' id='word_1_71' title='bbox 1585 1042 1852 1105; x_wconf 75' lang='lat' dir='ltr'><strong>gravrtas,</strong></span> <span class='ocrx_word' id='word_1_72' title='bbox 1890 1037 1951 1083; x_wconf 86' lang='lat' dir='ltr'><strong>ut</strong></span> 
     </span>
    </p>
   </div>
   <div class='ocr_carea' id='block_1_11' title="bbox 377 1126 1950 1214">
    <p class='ocr_par' dir='ltr' id='par_1_11' title="bbox 377 1126 1950 1214">
     <span class='ocr_line' id='line_1_11' title="bbox 377 1126 1950 1214; baseline -0.017 -11"><span class='ocrx_word' id='word_1_73' title='bbox 377 1162 499 1202; x_wconf 91' lang='lat' dir='ltr'><strong>eum</strong></span> <span class='ocrx_word' id='word_1_74' title='bbox 556 1159 714 1214; x_wconf 86' lang='lat' dir='ltr'><strong>quem</strong></span> <span class='ocrx_word' id='word_1_75' title='bbox 750 1143 802 1196; x_wconf 93' lang='lat' dir='ltr'><strong>in</strong></span> <span class='ocrx_word' id='word_1_76' title='bbox 844 1139 966 1192; x_wconf 90' lang='lat' dir='ltr'><strong>aliis</strong></span> <span class='ocrx_word' id='word_1_77' title='bbox 1015 1137 1224 1200; x_wconf 81' lang='lat' dir='ltr'><strong>laudas,</strong></span> <span class='ocrx_word' id='word_1_78' title='bbox 1265 1133 1590 1187; x_wconf 85' lang='lat' dir='ltr'><strong>condemnes</strong></span> <span class='ocrx_word' id='word_1_79' title='bbox 1632 1129 1687 1182; x_wconf 93' lang='lat' dir='ltr'><strong>in</strong></span> <span class='ocrx_word' id='word_1_80' title='bbox 1724 1126 1857 1180; x_wconf 82' lang='lat' dir='ltr'><strong>aliis</strong></span> <span class='ocrx_word' id='word_1_81' title='bbox 1895 1132 1950 1178; x_wconf 80' lang='lat' dir='ltr'><strong>et</strong></span> 
     </span>
    </p>
   </div>
   <div class='ocr_carea' id='block_1_12' title="bbox 380 1215 1950 1308">
    <p class='ocr_par' dir='ltr' id='par_1_12' title="bbox 380 1215 1950 1308">
     <span class='ocr_line' id='line_1_12' title="bbox 380 1215 1950 1308; baseline -0.015 -15"><span class='ocrx_word' id='word_1_82' title='bbox 380 1254 538 1308; x_wconf 88' lang='lat' dir='ltr'><strong>quem</strong></span> <span class='ocrx_word' id='word_1_83' title='bbox 570 1239 622 1291; x_wconf 91' lang='lat' dir='ltr'><strong>in</strong></span> <span class='ocrx_word' id='word_1_84' title='bbox 654 1231 1065 1304; x_wconf 77' lang='lat' dir='ltr'><strong>praefationibus</strong></span> <span class='ocrx_word' id='word_1_85' title='bbox 1110 1229 1217 1281; x_wconf 88' lang='lat' dir='ltr'><strong>tuis</strong></span> <span class='ocrx_word' id='word_1_86' title='bbox 1254 1226 1476 1280; x_wconf 88' lang='lat' dir='ltr'><strong>alterum</strong></span> <span class='ocrx_word' id='word_1_87' title='bbox 1518 1229 1637 1290; x_wconf 89' lang='lat' dir='ltr'><strong>post</strong></span> <span class='ocrx_word' id='word_1_88' title='bbox 1680 1215 1950 1287; x_wconf 87' lang='lat' dir='ltr'><strong>apostolos</strong></span> 
     </span>
    </p>
   </div>
   <div class='ocr_carea' id='block_1_13' title="bbox 382 1308 1953 1392">
    <p class='ocr_par' dir='ltr' id='par_1_13' title="bbox 382 1308 1953 1392">
     <span class='ocr_line' id='line_1_13' title="bbox 382 1308 1953 1392; baseline -0.016 -7"><span class='ocrx_word' id='word_1_89' title='bbox 382 1328 745 1385; x_wconf 89' lang='lat' dir='ltr'><strong>Ecclesiarum</strong></span> <span class='ocrx_word' id='word_1_90' title='bbox 779 1323 1091 1392; x_wconf 86' lang='lat' dir='ltr'><strong>magistrum</strong></span> <span class='ocrx_word' id='word_1_91' title='bbox 1117 1318 1321 1383; x_wconf 75' lang='lat' dir='ltr'><strong>dixisti,</strong></span> <span class='ocrx_word' id='word_1_92' title='bbox 1358 1329 1501 1370; x_wconf 92' lang='lat' dir='ltr'><strong>nunc</strong></span> <span class='ocrx_word' id='word_1_93' title='bbox 1532 1312 1841 1367; x_wconf 80' lang='lat' dir='ltr'><strong>haereticum</strong></span> <span class='ocrx_word' id='word_1_94' title='bbox 1872 1308 1953 1362; x_wconf 92' lang='lat' dir='ltr'><strong>di-</strong></span> 
     </span>
    </p>
   </div>
   <div class='ocr_carea' id='block_1_14' title="bbox 382 1400 1953 1485">
    <p class='ocr_par' dir='ltr' id='par_1_14' title="bbox 382 1400 1953 1485">
     <span class='ocr_line' id='line_1_14' title="bbox 382 1400 1953 1485; baseline -0.018 -8"><span class='ocrx_word' id='word_1_95' title='bbox 382 1435 477 1476; x_wconf 90' lang='lat' dir='ltr'><strong>cas</strong></span> <span class='ocrx_word' id='word_1_96' title='bbox 503 1420 527 1473; x_wconf 83' lang='lat'><strong>?</strong></span> <span class='ocrx_word' id='word_1_97' title='bbox 562 1418 692 1485; x_wconf 84' lang='lat' dir='ltr'><strong>Quis</strong></span> <span class='ocrx_word' id='word_1_98' title='bbox 726 1413 1012 1469; x_wconf 73' lang='lat' dir='ltr'><strong>limreticus</strong></span> <span class='ocrx_word' id='word_1_99' title='bbox 1040 1408 1402 1462; x_wconf 85' lang='lat' dir='ltr'><strong>Ecclesiarum</strong></span> <span class='ocrx_word' id='word_1_100' title='bbox 1426 1403 1682 1472; x_wconf 78' lang='lat' dir='ltr'><strong>magister</strong></span> <span class='ocrx_word' id='word_1_101' title='bbox 1709 1400 1953 1467; x_wconf 78' lang='lat' dir='ltr'><strong>aliquan-</strong></span> 
     </span>
    </p>
   </div>
   <div class='ocr_carea' id='block_1_15' title="bbox 383 1493 1955 1579">
    <p class='ocr_par' dir='ltr' id='par_1_15' title="bbox 383 1493 1955 1579">
     <span class='ocr_line' id='line_1_15' title="bbox 383 1493 1955 1579; baseline -0.017 -12"><span class='ocrx_word' id='word_1_102' title='bbox 383 1512 454 1567; x_wconf 93' lang='lat' dir='ltr'><strong>do</strong></span> <span class='ocrx_word' id='word_1_103' title='bbox 478 1511 581 1565; x_wconf 89' lang='lat' dir='ltr'><strong>dici</strong></span> <span class='ocrx_word' id='word_1_104' title='bbox 613 1507 786 1579; x_wconf 90' lang='lat' dir='ltr'><strong>potuit</strong></span> <span class='ocrx_word' id='word_1_105' title='bbox 813 1504 836 1558; x_wconf 84' lang='lat'><strong>?</strong></span> <span class='ocrx_word' id='word_1_106' title='bbox 872 1521 890 1554; x_wconf 77' lang='grc' dir='ltr'><strong><em>ι</em></strong></span> <span class='ocrx_word' id='word_1_107' title='bbox 925 1501 1116 1556; x_wconf 87' lang='lat' dir='ltr'><strong>Futilis</strong></span> <span class='ocrx_word' id='word_1_108' title='bbox 1146 1500 1210 1553; x_wconf 90' lang='lat' dir='ltr'><strong>ad</strong></span> <span class='ocrx_word' id='word_1_109' title='bbox 1242 1499 1358 1551; x_wconf 66' lang='lat' dir='ltr'><strong>hmo</strong></span> <span class='ocrx_word' id='word_1_110' title='bbox 1392 1493 1700 1563; x_wconf 87' lang='lat' dir='ltr'><strong>Hieronymi</strong></span> <span class='ocrx_word' id='word_1_111' title='bbox 1731 1504 1955 1545; x_wconf 85' lang='lat' dir='ltr'><strong>excusa-</strong></span> 
     </span>
    </p>
   </div>
   <div class='ocr_carea' id='block_1_16' title="bbox 387 1584 1958 1671">
    <p class='ocr_par' dir='ltr' id='par_1_16' title="bbox 387 1584 1958 1671">
     <span class='ocr_line' id='line_1_16' title="bbox 387 1584 1958 1671; baseline -0.016 -13"><span class='ocrx_word' id='word_1_112' title='bbox 387 1605 481 1668; x_wconf 89' lang='lat' dir='ltr'><strong>tio,</strong></span> <span class='ocrx_word' id='word_1_113' title='bbox 515 1602 605 1671; x_wconf 88' lang='lat' dir='ltr'><strong>qui</strong></span> <span class='ocrx_word' id='word_1_114' title='bbox 637 1600 869 1652; x_wconf 76' lang='lat' dir='ltr'><strong>Prooem.</strong></span> <span class='ocrx_word' id='word_1_115' title='bbox 901 1595 954 1649; x_wconf 92' lang='lat' dir='ltr'><strong>in</strong></span> <span class='ocrx_word' id='word_1_116' title='bbox 987 1594 1076 1648; x_wconf 91' lang='lat' dir='ltr'><strong>lib.</strong></span> <span class='ocrx_word' id='word_1_117' title='bbox 1109 1609 1163 1646; x_wconf 71' lang='grc' dir='ltr'><strong>χι</strong></span> <span class='ocrx_word' id='word_1_118' title='bbox 1214 1589 1504 1644; x_wconf 83' lang='lat' dir='ltr'><strong>Comment.</strong></span> <span class='ocrx_word' id='word_1_119' title='bbox 1550 1584 1710 1639; x_wconf 71' lang='lat' dir='ltr'><strong>Isaiae</strong></span> <span class='ocrx_word' id='word_1_120' title='bbox 1739 1595 1958 1650; x_wconf 87' lang='lat' dir='ltr'><strong>respon-</strong></span> 
     </span>
    </p>
   </div>
   <div class='ocr_carea' id='block_1_17' title="bbox 387 1676 1958 1761">
    <p class='ocr_par' dir='ltr' id='par_1_17' title="bbox 387 1676 1958 1761">
     <span class='ocr_line' id='line_1_17' title="bbox 387 1676 1958 1761; baseline -0.015 -13"><span class='ocrx_word' id='word_1_121' title='bbox 387 1697 480 1750; x_wconf 89' lang='lat' dir='ltr'><strong>det</strong></span> <span class='ocrx_word' id='word_1_122' title='bbox 526 1692 840 1761; x_wconf 86' lang='lat' dir='ltr'><strong>Origenem,</strong></span> <span class='ocrx_word' id='word_1_123' title='bbox 876 1685 1185 1748; x_wconf 86' lang='lat' dir='ltr'><strong>Eusebium,</strong></span> <span class='ocrx_word' id='word_1_124' title='bbox 1220 1679 1632 1751; x_wconf 72' lang='lat' dir='ltr'><strong>Apollinarium,</strong></span> <span class='ocrx_word' id='word_1_125' title='bbox 1662 1676 1902 1743; x_wconf 87' lang='lat' dir='ltr'><strong>aliosque</strong></span> <span class='ocrx_word' id='word_1_126' title='bbox 1928 1687 1958 1726; x_wconf 91' lang='lat' dir='ltr'><strong>a</strong></span> 
     </span>
    </p>
   </div>
   <div class='ocr_carea' id='block_1_18' title="bbox 387 1765 1961 1843">
    <p class='ocr_par' dir='ltr' id='par_1_18' title="bbox 387 1765 1961 1843">
     <span class='ocr_line' id='line_1_18' title="bbox 387 1765 1961 1843; baseline -0.017 0"><span class='ocrx_word' id='word_1_127' title='bbox 387 1802 446 1843; x_wconf 87' lang='lat' dir='ltr'><strong>se</strong></span> <span class='ocrx_word' id='word_1_128' title='bbox 488 1787 541 1840; x_wconf 92' lang='lat' dir='ltr'><strong>in</strong></span> <span class='ocrx_word' id='word_1_129' title='bbox 588 1779 992 1838; x_wconf 88' lang='lat' dir='ltr'><strong>commentariis</strong></span> <span class='ocrx_word' id='word_1_130' title='bbox 1040 1778 1106 1832; x_wconf 90' lang='lat' dir='ltr'><strong>ad</strong></span> <span class='ocrx_word' id='word_1_131' title='bbox 1156 1775 1325 1827; x_wconf 92' lang='lat' dir='ltr'><strong>libros</strong></span> <span class='ocrx_word' id='word_1_132' title='bbox 1381 1768 1634 1833; x_wconf 76' lang='lat' dir='ltr'><strong>Danielis,</strong></span> <span class='ocrx_word' id='word_1_133' title='bbox 1671 1765 1961 1835; x_wconf 87' lang='lat' dir='ltr'><strong>magistros</strong></span> 
     </span>
    </p>
   </div>
   <div class='ocr_carea' id='block_1_19' title="bbox 393 1855 1962 1932">
    <p class='ocr_par' dir='ltr' id='par_1_19' title="bbox 393 1855 1962 1932">
     <span class='ocr_line' id='line_1_19' title="bbox 393 1855 1962 1932; baseline -0.017 1"><span class='ocrx_word' id='word_1_134' title='bbox 393 1875 649 1932; x_wconf 70' lang='lat' dir='ltr'><strong>Ecclesia:</strong></span> <span class='ocrx_word' id='word_1_135' title='bbox 679 1873 986 1927; x_wconf 87' lang='lat' dir='ltr'><strong>nominatos</strong></span> <span class='ocrx_word' id='word_1_136' title='bbox 1008 1908 1023 1932; x_wconf 92' lang='lat'><strong>,</strong></span> <span class='ocrx_word' id='word_1_137' title='bbox 1054 1866 1121 1921; x_wconf 89' lang='lat' dir='ltr'><strong>ad</strong></span> <span class='ocrx_word' id='word_1_138' title='bbox 1154 1862 1554 1919; x_wconf 89' lang='lat' dir='ltr'><strong>distinctionem</strong></span> <span class='ocrx_word' id='word_1_139' title='bbox 1603 1855 1962 1926; x_wconf 88' lang='lat' dir='ltr'><strong>quorumdam</strong></span> 
     </span>
    </p>
   </div>
   <div class='ocr_carea' id='block_1_20' title="bbox 391 1950 1964 2040">
    <p class='ocr_par' dir='ltr' id='par_1_20' title="bbox 391 1950 1964 2040">
     <span class='ocr_line' id='line_1_20' title="bbox 391 1950 1964 2040; baseline -0.015 -16"><span class='ocrx_word' id='word_1_140' title='bbox 391 1971 483 2040; x_wconf 90' lang='lat' dir='ltr'><strong>qui</strong></span> <span class='ocrx_word' id='word_1_141' title='bbox 512 1984 541 2023; x_wconf 92' lang='lat' dir='ltr'><strong>a</strong></span> <span class='ocrx_word' id='word_1_142' title='bbox 575 1967 776 2021; x_wconf 82' lang='lat' dir='ltr'><strong>Christi</strong></span> <span class='ocrx_word' id='word_1_143' title='bbox 812 1965 914 2016; x_wconf 90' lang='lat' dir='ltr'><strong>ﬁde</strong></span> <span class='ocrx_word' id='word_1_144' title='bbox 951 1967 1105 2014; x_wconf 89' lang='lat' dir='ltr'><strong>erant</strong></span> <span class='ocrx_word' id='word_1_145' title='bbox 1145 1955 1328 2010; x_wconf 90' lang='lat' dir='ltr'><strong>alieni.</strong></span> <span class='ocrx_word' id='word_1_146' title='bbox 1355 1952 1540 2022; x_wconf 79' lang='lat' dir='ltr'><strong>Pergit</strong></span> <span class='ocrx_word' id='word_1_147' title='bbox 1575 1950 1964 2019; x_wconf 84' lang='lat' dir='ltr'><strong>Hieronymum</strong></span> 
     </span>
    </p>
   </div>
   <div class='ocr_carea' id='block_1_21' title="bbox 392 2043 1968 2119">
    <p class='ocr_par' dir='ltr' id='par_1_21' title="bbox 392 2043 1968 2119">
     <span class='ocr_line' id='line_1_21' title="bbox 392 2043 1968 2119; baseline -0.014 -6"><span class='ocrx_word' id='word_1_148' title='bbox 392 2060 660 2115; x_wconf 86' lang='lat' dir='ltr'><strong>lacessere</strong></span> <span class='ocrx_word' id='word_1_149' title='bbox 685 2054 1188 2119; x_wconf 86' lang='lat' dir='ltr'><strong>Ruﬁnus,eumque</strong></span> <span class='ocrx_word' id='word_1_150' title='bbox 1219 2045 1469 2114; x_wconf 87' lang='lat' dir='ltr'><strong>Origenis</strong></span> <span class='ocrx_word' id='word_1_151' title='bbox 1504 2043 1659 2098; x_wconf 91' lang='lat' dir='ltr'><strong>ﬁdem</strong></span> <span class='ocrx_word' id='word_1_152' title='bbox 1690 2053 1968 2109; x_wconf 91' lang='lat' dir='ltr'><strong>nunquam</strong></span> 
     </span>
    </p>
   </div>
   <div class='ocr_carea' id='block_1_22' title="bbox 394 2110 1978 2216">
    <p class='ocr_par' dir='ltr' id='par_1_22' title="bbox 394 2110 1978 2216">
     <span class='ocr_line' id='line_1_22' title="bbox 394 2110 1978 2216; baseline -0.016 -8"><span class='ocrx_word' id='word_1_153' title='bbox 394 2167 452 2208; x_wconf 94' lang='lat' dir='ltr'><strong>se</strong></span> <span class='ocrx_word' id='word_1_154' title='bbox 491 2150 737 2204; x_wconf 87' lang='lat' dir='ltr'><strong>laudasse</strong></span> <span class='ocrx_word' id='word_1_155' title='bbox 775 2145 1070 2216; x_wconf 78' lang='lat' dir='ltr'><strong>iactantem</strong></span> <span class='ocrx_word' id='word_1_156' title='bbox 1126 2139 1359 2212; x_wconf 87' lang='lat' dir='ltr'><strong>propriis</strong></span> <span class='ocrx_word' id='word_1_157' title='bbox 1400 2137 1566 2208; x_wconf 90' lang='lat' dir='ltr'><strong>ipsius</strong></span> <span class='ocrx_word' id='word_1_158' title='bbox 1599 2133 1781 2190; x_wconf 83' lang='lat' dir='ltr'><strong>verbis</strong></span> <span class='ocrx_word' id='word_1_159' title='bbox 1815 2110 1978 2187; x_wconf 38' lang='lat' dir='ltr'><strong>coar-.</strong></span> 
     </span>
    </p>
   </div>
   <div class='ocr_carea' id='block_1_23' title="bbox 395 2221 1970 2312">
    <p class='ocr_par' dir='ltr' id='par_1_23' title="bbox 395 2221 1970 2312">
     <span class='ocr_line' id='line_1_23' title="bbox 395 2221 1970 2312; baseline -0.014 -16"><span class='ocrx_word' id='word_1_160' title='bbox 395 2242 530 2312; x_wconf 90' lang='lat' dir='ltr'><strong>guit.</strong></span> <span class='ocrx_word' id='word_1_161' title='bbox 550 2239 754 2306; x_wconf 84' lang='lat' dir='ltr'><strong>Quibus</strong></span> <span class='ocrx_word' id='word_1_162' title='bbox 775 2236 867 2290; x_wconf 91' lang='lat' dir='ltr'><strong>ille</strong></span> <span class='ocrx_word' id='word_1_163' title='bbox 895 2234 1040 2289; x_wconf 89' lang='lat' dir='ltr'><strong>velut</strong></span> <span class='ocrx_word' id='word_1_164' title='bbox 1088 2231 1370 2288; x_wconf 89' lang='lat' dir='ltr'><strong>convictus</strong></span> <span class='ocrx_word' id='word_1_165' title='bbox 1410 2227 1597 2283; x_wconf 87' lang='lat' dir='ltr'><strong>scribit</strong></span> <span class='ocrx_word' id='word_1_166' title='bbox 1621 2225 1712 2279; x_wconf 91' lang='lat' dir='ltr'><strong>lib.</strong></span> <span class='ocrx_word' id='word_1_167' title='bbox 1741 2239 1799 2278; x_wconf 83' lang='grc' dir='ltr'><strong>ιιι</strong></span> <span class='ocrx_word' id='word_1_168' title='bbox 1826 2221 1970 2290; x_wconf 77' lang='lat' dir='ltr'><strong>Apo-</strong></span> 
     </span>
    </p>
   </div>
   <div class='ocr_carea' id='block_1_24' title="bbox 397 2315 1974 2402">
    <p class='ocr_par' dir='ltr' id='par_1_24' title="bbox 397 2315 1974 2402">
     <span class='ocr_line' id='line_1_24' title="bbox 397 2315 1974 2402; baseline -0.013 -16"><span class='ocrx_word' id='word_1_169' title='bbox 397 2333 531 2402; x_wconf 80' lang='lat' dir='ltr'><strong>log.,</strong></span> <span class='ocrx_word' id='word_1_170' title='bbox 562 2345 682 2400; x_wconf 90' lang='lat' dir='ltr'><strong>cap.</strong></span> <span class='ocrx_word' id='word_1_171' title='bbox 712 2331 765 2383; x_wconf 75' lang='grc' dir='ltr'><strong>ὅ.</strong></span> <span class='ocrx_word' id='word_1_172' title='bbox 811 2345 829 2379; x_wconf 75' lang='grc' dir='ltr'>ι</span> <span class='ocrx_word' id='word_1_173' title='bbox 882 2325 1095 2381; x_wconf 72' lang='lat' dir='ltr'><strong>Eodem.</strong></span> <span class='ocrx_word' id='word_1_174' title='bbox 1125 2324 1334 2378; x_wconf 77' lang='lat' dir='ltr'><strong>fervore</strong></span> <span class='ocrx_word' id='word_1_175' title='bbox 1368 2334 1474 2390; x_wconf 88' lang='lat' dir='ltr'><strong>quo</strong></span> <span class='ocrx_word' id='word_1_176' title='bbox 1519 2315 1803 2387; x_wconf 86' lang='lat' dir='ltr'><strong>Origenem</strong></span> <span class='ocrx_word' id='word_1_177' title='bbox 1852 2322 1974 2366; x_wconf 83' lang='lat' dir='ltr'><strong>ante</strong></span> 
     </span>
    </p>
   </div>
   <div class='ocr_carea' id='block_1_25' title="bbox 395 2407 1968 2482">
    <p class='ocr_par' dir='ltr' id='par_1_25' title="bbox 395 2407 1968 2482">
     <span class='ocr_line' id='line_1_25' title="bbox 395 2407 1968 2482; baseline -0.016 -4"><span class='ocrx_word' id='word_1_178' title='bbox 395 2423 754 2482; x_wconf 88' lang='lat' dir='ltr'><strong>laudavimus,</strong></span> <span class='ocrx_word' id='word_1_179' title='bbox 777 2433 922 2472; x_wconf 92' lang='lat' dir='ltr'><strong>nune</strong></span> <span class='ocrx_word' id='word_1_180' title='bbox 951 2417 1262 2469; x_wconf 89' lang='lat' dir='ltr'><strong>damnatum</strong></span> <span class='ocrx_word' id='word_1_181' title='bbox 1288 2419 1404 2466; x_wconf 93' lang='lat' dir='ltr'><strong>toto</strong></span> <span class='ocrx_word' id='word_1_182' title='bbox 1426 2407 1556 2464; x_wconf 87' lang='lat' dir='ltr'><strong>orbe</strong></span> <span class='ocrx_word' id='word_1_183' title='bbox 1587 2407 1902 2462; x_wconf 89' lang='lat' dir='ltr'><strong>damnemus</strong></span> <span class='ocrx_word' id='word_1_184' title='bbox 1922 2418 1968 2467; x_wconf 77' lang='grc'><strong>;›</strong></span> 
     </span>
    </p>
   </div>
   <div class='ocr_carea' id='block_1_26' title="bbox 399 2500 1968 2574">
    <p class='ocr_par' dir='ltr' id='par_1_26' title="bbox 399 2500 1968 2574">
     <span class='ocr_line' id='line_1_26' title="bbox 399 2500 1968 2574; baseline -0.017 -2"><span class='ocrx_word' id='word_1_185' title='bbox 399 2525 455 2572; x_wconf 90' lang='lat' dir='ltr'><strong>et</strong></span> <span class='ocrx_word' id='word_1_186' title='bbox 482 2530 605 2569; x_wconf 83' lang='lat' dir='ltr'><strong>mox</strong></span> <span class='ocrx_word' id='word_1_187' title='bbox 640 2530 698 2568; x_wconf 73' lang='grc' dir='ltr'><strong>ε(</strong></span> <span class='ocrx_word' id='word_1_188' title='bbox 737 2509 1050 2566; x_wconf 86' lang='lat' dir='ltr'><strong>Erravimus</strong></span> <span class='ocrx_word' id='word_1_189' title='bbox 1075 2507 1321 2574; x_wconf 78' lang='lat' dir='ltr'><strong>juvenes,</strong></span> <span class='ocrx_word' id='word_1_190' title='bbox 1353 2500 1700 2557; x_wconf 90' lang='lat' dir='ltr'><strong>emendemur</strong></span> <span class='ocrx_word' id='word_1_191' title='bbox 1728 2509 1916 2559; x_wconf 86' lang='lat' dir='ltr'><strong>senes;</strong></span> <span class='ocrx_word' id='word_1_192' title='bbox 1950 2512 1968 2544; x_wconf 76' lang='grc' dir='ltr'><strong><em>ι</em></strong></span> 
     </span>
    </p>
   </div>
   <div class='ocr_carea' id='block_1_27' title="bbox 398 2585 1978 2674">
    <p class='ocr_par' dir='ltr' id='par_1_27' title="bbox 398 2585 1978 2674">
     <span class='ocr_line' id='line_1_27' title="bbox 398 2585 1978 2674; baseline -0.016 -11"><span class='ocrx_word' id='word_1_193' title='bbox 398 2619 454 2664; x_wconf 87' lang='lat' dir='ltr'><strong>et</strong></span> <span class='ocrx_word' id='word_1_194' title='bbox 476 2609 672 2662; x_wconf 89' lang='lat' dir='ltr'><strong>iterum</strong></span> <span class='ocrx_word' id='word_1_195' title='bbox 705 2623 718 2660; x_wconf 91' lang='lat'>:</span> <span class='ocrx_word' id='word_1_196' title='bbox 769 2623 787 2655; x_wconf 89' lang='grc'><strong>‹</strong></span> <span class='ocrx_word' id='word_1_197' title='bbox 834 2603 1054 2674; x_wconf 88' lang='lat' dir='ltr'><strong>Ignosce</strong></span> <span class='ocrx_word' id='word_1_198' title='bbox 1089 2597 1222 2651; x_wconf 90' lang='lat' dir='ltr'><strong>mihi</strong></span> <span class='ocrx_word' id='word_1_199' title='bbox 1261 2593 1404 2665; x_wconf 89' lang='lat' dir='ltr'><strong>quod</strong></span> <span class='ocrx_word' id='word_1_200' title='bbox 1433 2589 1686 2659; x_wconf 88' lang='lat' dir='ltr'><strong>Origenis</strong></span> <span class='ocrx_word' id='word_1_201' title='bbox 1715 2585 1978 2642; x_wconf 87' lang='lat' dir='ltr'><strong>eruditio-</strong></span> 
     </span>
    </p>
   </div>
   <div class='ocr_carea' id='block_1_28' title="bbox 400 2673 1974 2759">
    <p class='ocr_par' dir='ltr' id='par_1_28' title="bbox 400 2673 1974 2759">
     <span class='ocr_line' id='line_1_28' title="bbox 400 2673 1974 2759; baseline -0.015 -9"><span class='ocrx_word' id='word_1_202' title='bbox 400 2712 546 2759; x_wconf 89' lang='lat' dir='ltr'><strong>nem,</strong></span> <span class='ocrx_word' id='word_1_203' title='bbox 577 2704 630 2750; x_wconf 91' lang='lat' dir='ltr'><strong>et</strong></span> <span class='ocrx_word' id='word_1_204' title='bbox 667 2693 900 2750; x_wconf 90' lang='lat' dir='ltr'><strong>studium</strong></span> <span class='ocrx_word' id='word_1_205' title='bbox 932 2689 1363 2756; x_wconf 89' lang='lat' dir='ltr'><strong>Scripturarum,</strong></span> <span class='ocrx_word' id='word_1_206' title='bbox 1405 2689 1692 2748; x_wconf 90' lang='lat' dir='ltr'><strong>antequam</strong></span> <span class='ocrx_word' id='word_1_207' title='bbox 1724 2676 1840 2746; x_wconf 85' lang='lat' dir='ltr'><strong>ejus</strong></span> <span class='ocrx_word' id='word_1_208' title='bbox 1863 2673 1974 2728; x_wconf 68' lang='lat' dir='ltr'><strong>ha:-</strong></span> 
     </span>
    </p>
   </div>
   <div class='ocr_carea' id='block_1_29' title="bbox 400 2764 1974 2852">
    <p class='ocr_par' dir='ltr' id='par_1_29' title="bbox 400 2764 1974 2852">
     <span class='ocr_line' id='line_1_29' title="bbox 400 2764 1974 2852; baseline -0.017 -11"><span class='ocrx_word' id='word_1_209' title='bbox 400 2787 565 2840; x_wconf 86' lang='lat' dir='ltr'><strong>resim</strong></span> <span class='ocrx_word' id='word_1_210' title='bbox 603 2783 811 2852; x_wconf 88' lang='lat' dir='ltr'><strong>plenius</strong></span> <span class='ocrx_word' id='word_1_211' title='bbox 864 2793 1100 2842; x_wconf 88' lang='lat' dir='ltr'><strong>nossem,</strong></span> <span class='ocrx_word' id='word_1_212' title='bbox 1128 2777 1181 2830; x_wconf 93' lang='lat' dir='ltr'><strong>in</strong></span> <span class='ocrx_word' id='word_1_213' title='bbox 1224 2771 1446 2845; x_wconf 84' lang='lat' dir='ltr'><strong>juvenili</strong></span> <span class='ocrx_word' id='word_1_214' title='bbox 1489 2779 1648 2824; x_wconf 63' lang='lat' dir='ltr'><strong>aetate</strong></span> <span class='ocrx_word' id='word_1_215' title='bbox 1675 2764 1909 2820; x_wconf 89' lang='lat' dir='ltr'><strong>laudavi.</strong></span> <span class='ocrx_word' id='word_1_216' title='bbox 1956 2782 1974 2812; x_wconf 70' lang='grc' dir='ltr'><strong><em>ι</em></strong></span> 
     </span>
    </p>
   </div>
   <div class='ocr_carea' id='block_1_30' title="bbox 402 2853 1982 2938">
    <p class='ocr_par' dir='ltr' id='par_1_30' title="bbox 402 2853 1982 2938">
     <span class='ocr_line' id='line_1_30' title="bbox 402 2853 1982 2938; baseline -0.016 -6"><span class='ocrx_word' id='word_1_217' title='bbox 402 2875 531 2932; x_wconf 89' lang='lat' dir='ltr'><strong>Inde</strong></span> <span class='ocrx_word' id='word_1_218' title='bbox 556 2873 976 2929; x_wconf 87' lang='lat' dir='ltr'><strong>Posthumianus</strong></span> <span class='ocrx_word' id='word_1_219' title='bbox 1005 2869 1142 2938; x_wconf 89' lang='lat' dir='ltr'><strong>apud</strong></span> <span class='ocrx_word' id='word_1_220' title='bbox 1171 2863 1464 2934; x_wconf 90' lang='lat' dir='ltr'><strong>Sulpicium</strong></span> <span class='ocrx_word' id='word_1_221' title='bbox 1493 2859 1752 2915; x_wconf 86' lang='lat' dir='ltr'><strong>Severum</strong></span> <span class='ocrx_word' id='word_1_222' title='bbox 1789 2853 1982 2909; x_wconf 89' lang='lat' dir='ltr'><strong>merito</strong></span> 
     </span>
    </p>
   </div>
   <div class='ocr_carea' id='block_1_31' title="bbox 407 2946 1984 3025">
    <p class='ocr_par' dir='ltr' id='par_1_31' title="bbox 407 2946 1984 3025">
     <span class='ocr_line' id='line_1_31' title="bbox 407 2946 1984 3025; baseline -0.015 -3"><span class='ocrx_word' id='word_1_223' title='bbox 407 2968 483 3022; x_wconf 87' lang='lat' dir='ltr'><strong>ait</strong></span> <span class='ocrx_word' id='word_1_224' title='bbox 515 2985 528 3022; x_wconf 90' lang='lat'>:</span> <span class='ocrx_word' id='word_1_225' title='bbox 569 2985 586 3017; x_wconf 73' lang='grc' dir='ltr'>ι</span> <span class='ocrx_word' id='word_1_226' title='bbox 628 2964 761 3018; x_wconf 89' lang='lat' dir='ltr'><strong>Illud</strong></span> <span class='ocrx_word' id='word_1_227' title='bbox 792 2977 876 3017; x_wconf 90' lang='lat' dir='ltr'><strong>me</strong></span> <span class='ocrx_word' id='word_1_228' title='bbox 903 2959 1190 3015; x_wconf 89' lang='lat' dir='ltr'><strong>admodum</strong></span> <span class='ocrx_word' id='word_1_229' title='bbox 1222 2953 1588 3025; x_wconf 85' lang='lat' dir='ltr'><strong>permovebat,</strong></span> <span class='ocrx_word' id='word_1_230' title='bbox 1616 2949 1761 3019; x_wconf 92' lang='lat' dir='ltr'><strong>quod</strong></span> <span class='ocrx_word' id='word_1_231' title='bbox 1796 2946 1984 3001; x_wconf 86' lang='lat' dir='ltr'><strong>Hiero—</strong></span> 
     </span>
    </p>
   </div>
   <div class='ocr_carea' id='block_1_32' title="bbox 405 3035 1980 3132">
    <p class='ocr_par' dir='ltr' id='par_1_32' title="bbox 405 3035 1980 3132">
     <span class='ocr_line' id='line_1_32' title="bbox 405 3035 1980 3132; baseline -0.015 -20"><span class='ocrx_word' id='word_1_232' title='bbox 405 3071 623 3126; x_wconf 89' lang='lat' dir='ltr'><strong>nymus,</strong></span> <span class='ocrx_word' id='word_1_233' title='bbox 654 3055 737 3109; x_wconf 92' lang='lat' dir='ltr'><strong>vir</strong></span> <span class='ocrx_word' id='word_1_234' title='bbox 781 3051 1013 3106; x_wconf 86' lang='lat' dir='ltr'><strong>maxime</strong></span> <span class='ocrx_word' id='word_1_235' title='bbox 1039 3045 1369 3132; x_wconf 77' lang='lat' dir='ltr'><strong>Catholicus,</strong></span> <span class='ocrx_word' id='word_1_236' title='bbox 1407 3051 1462 3096; x_wconf 89' lang='lat' dir='ltr'><strong>et</strong></span> <span class='ocrx_word' id='word_1_237' title='bbox 1483 3053 1654 3095; x_wconf 64' lang='lat' dir='ltr'><strong>sacra</strong></span> <span class='ocrx_word' id='word_1_238' title='bbox 1678 3037 1811 3107; x_wconf 83' lang='lat' dir='ltr'><strong>legis</strong></span> <span class='ocrx_word' id='word_1_239' title='bbox 1833 3035 1980 3105; x_wconf 86' lang='lat' dir='ltr'><strong>peri-</strong></span> 
     </span>
    </p>
   </div>
   <div class='ocr_carea' id='block_1_33' title="bbox 407 3127 2056 3219">
    <p class='ocr_par' dir='ltr' id='par_1_33' title="bbox 407 3127 2056 3219">
     <span class='ocr_line' id='line_1_33' title="bbox 407 3127 2056 3219; baseline -0.016 -16"><span class='ocrx_word' id='word_1_240' title='bbox 407 3146 672 3210; x_wconf 87' lang='lat' dir='ltr'><strong>tissimus,</strong></span> <span class='ocrx_word' id='word_1_241' title='bbox 707 3143 995 3214; x_wconf 86' lang='lat' dir='ltr'><strong>Origenem</strong></span> <span class='ocrx_word' id='word_1_242' title='bbox 1036 3127 1256 3195; x_wconf 84' lang='lat' dir='ltr'><strong>secutus</strong></span> <span class='ocrx_word' id='word_1_243' title='bbox 1281 3135 1460 3204; x_wconf 90' lang='lat' dir='ltr'><strong>primo</strong></span> <span class='ocrx_word' id='word_1_244' title='bbox 1488 3140 1730 3200; x_wconf 89' lang='lat' dir='ltr'><strong>tempore</strong></span> <span class='ocrx_word' id='word_1_245' title='bbox 1758 3127 1984 3196; x_wconf 88' lang='lat' dir='ltr'><strong>putaba-</strong></span> <span class='ocrx_word' id='word_1_246' title='bbox 2012 3161 2056 3219; x_wconf 61' lang='grc' dir='ltr'><strong>Ο</strong></span> 
     </span>
    </p>
   </div>
   <div class='ocr_carea' id='block_1_34' title="bbox 408 3219 1988 3308">
    <p class='ocr_par' dir='ltr' id='par_1_34' title="bbox 408 3219 1988 3308">
     <span class='ocr_line' id='line_1_34' title="bbox 408 3219 1988 3308; baseline -0.015 -12"><span class='ocrx_word' id='word_1_247' title='bbox 408 3247 521 3305; x_wconf 87' lang='lat' dir='ltr'><strong>tur,</strong></span> <span class='ocrx_word' id='word_1_248' title='bbox 551 3253 713 3308; x_wconf 91' lang='lat' dir='ltr'><strong>quem</strong></span> <span class='ocrx_word' id='word_1_249' title='bbox 766 3251 907 3292; x_wconf 91' lang='lat' dir='ltr'><strong>nunc</strong></span> <span class='ocrx_word' id='word_1_250' title='bbox 959 3235 1100 3291; x_wconf 89' lang='lat' dir='ltr'><strong>idem</strong></span> <span class='ocrx_word' id='word_1_251' title='bbox 1150 3223 1563 3301; x_wconf 85' lang='lat' dir='ltr'><strong>praecipue,vel</strong></span> <span class='ocrx_word' id='word_1_252' title='bbox 1617 3222 1799 3277; x_wconf 88' lang='lat' dir='ltr'><strong>omnia</strong></span> <span class='ocrx_word' id='word_1_253' title='bbox 1845 3219 1988 3273; x_wconf 89' lang='lat' dir='ltr'><strong>illius</strong></span> 
     </span>
    </p>
   </div>
   <div class='ocr_carea' id='block_1_35' title="bbox 410 3310 1990 3401">
    <p class='ocr_par' dir='ltr' id='par_1_35' title="bbox 410 3310 1990 3401">
     <span class='ocr_line' id='line_1_35' title="bbox 410 3310 1990 3401; baseline -0.016 -13"><span class='ocrx_word' id='word_1_254' title='bbox 410 3333 612 3401; x_wconf 87' lang='lat' dir='ltr'><strong>scripta</strong></span> <span class='ocrx_word' id='word_1_255' title='bbox 643 3333 948 3385; x_wconf 88' lang='lat' dir='ltr'><strong>damnaret.</strong></span> <span class='ocrx_word' id='word_1_256' title='bbox 1000 3344 1020 3378; x_wconf 72' lang='grc' dir='ltr'><strong><em>ι</em></strong></span> <span class='ocrx_word' id='word_1_257' title='bbox 1074 3324 1202 3378; x_wconf 89' lang='lat' dir='ltr'><strong>Inde</strong></span> <span class='ocrx_word' id='word_1_258' title='bbox 1234 3330 1289 3375; x_wconf 88' lang='lat' dir='ltr'><strong>et</strong></span> <span class='ocrx_word' id='word_1_259' title='bbox 1325 3315 1654 3389; x_wconf 78' lang='lat' dir='ltr'><strong>Vigilantius</strong></span> <span class='ocrx_word' id='word_1_260' title='bbox 1703 3313 1876 3383; x_wconf 88' lang='lat' dir='ltr'><strong>ipsum</strong></span> <span class='ocrx_word' id='word_1_261' title='bbox 1911 3310 1990 3364; x_wconf 89' lang='lat' dir='ltr'><strong>sic</strong></span> 
     </span>
    </p>
   </div>
   <div class='ocr_carea' id='block_1_36' title="bbox 414 3400 1988 3488">
    <p class='ocr_par' dir='ltr' id='par_1_36' title="bbox 414 3400 1988 3488">
     <span class='ocr_line' id='line_1_36' title="bbox 414 3400 1988 3488; baseline -0.014 -14"><span class='ocrx_word' id='word_1_262' title='bbox 414 3400 673 3488; x_wconf 84' lang='lat' dir='ltr'><strong>tanquam</strong></span> <span class='ocrx_word' id='word_1_263' title='bbox 704 3415 1069 3487; x_wconf 85' lang='lat' dir='ltr'><strong>Origenistam</strong></span> <span class='ocrx_word' id='word_1_264' title='bbox 1102 3409 1426 3475; x_wconf 88' lang='lat' dir='ltr'><strong>incessebat,</strong></span> <span class='ocrx_word' id='word_1_265' title='bbox 1474 3420 1635 3477; x_wconf 89' lang='lat' dir='ltr'><strong>quam</strong></span> <span class='ocrx_word' id='word_1_266' title='bbox 1667 3413 1844 3457; x_wconf 90' lang='lat' dir='ltr'><strong>tamen</strong></span> <span class='ocrx_word' id='word_1_267' title='bbox 1877 3400 1988 3454; x_wconf 90' lang='lat' dir='ltr'><strong>cri-</strong></span> 
     </span>
    </p>
   </div>
   <div class='ocr_carea' id='block_1_37' title="bbox 415 3493 1993 3577">
    <p class='ocr_par' dir='ltr' id='par_1_37' title="bbox 415 3493 1993 3577">
     <span class='ocr_line' id='line_1_37' title="bbox 415 3493 1993 3577; baseline -0.015 -10"><span class='ocrx_word' id='word_1_268' title='bbox 415 3512 768 3566; x_wconf 89' lang='lat' dir='ltr'><strong>minationem</strong></span> <span class='ocrx_word' id='word_1_269' title='bbox 797 3505 1065 3577; x_wconf 89' lang='lat' dir='ltr'><strong>depellere</strong></span> <span class='ocrx_word' id='word_1_270' title='bbox 1100 3512 1330 3559; x_wconf 90' lang='lat' dir='ltr'><strong>conatur</strong></span> <span class='ocrx_word' id='word_1_271' title='bbox 1351 3501 1510 3572; x_wconf 88' lang='lat' dir='ltr'><strong>epist.</strong></span> <span class='ocrx_word' id='word_1_272' title='bbox 1537 3495 1777 3554; x_wconf 83' lang='lat' dir='ltr'><strong>75.1nde</strong></span> <span class='ocrx_word' id='word_1_273' title='bbox 1807 3503 1863 3548; x_wconf 90' lang='lat' dir='ltr'><strong>et</strong></span> <span class='ocrx_word' id='word_1_274' title='bbox 1891 3493 1993 3546; x_wconf 82' lang='lat' dir='ltr'><strong>Au-</strong></span> 
     </span>
    </p>
   </div>
   <div class='ocr_carea' id='block_1_38' title="bbox 417 3583 1994 3675">
    <p class='ocr_par' dir='ltr' id='par_1_38' title="bbox 417 3583 1994 3675">
     <span class='ocr_line' id='line_1_38' title="bbox 417 3583 1994 3675; baseline -0.013 -17"><span class='ocrx_word' id='word_1_275' title='bbox 417 3603 666 3675; x_wconf 88' lang='lat' dir='ltr'><strong>gustinus</strong></span> <span class='ocrx_word' id='word_1_276' title='bbox 695 3597 1113 3654; x_wconf 89' lang='lat' dir='ltr'><strong>inconstantiam</strong></span> <span class='ocrx_word' id='word_1_277' title='bbox 1146 3605 1199 3653; x_wconf 90' lang='lat' dir='ltr'><strong>et</strong></span> <span class='ocrx_word' id='word_1_278' title='bbox 1233 3594 1590 3650; x_wconf 87' lang='lat' dir='ltr'><strong>mobilitatem</strong></span> <span class='ocrx_word' id='word_1_279' title='bbox 1639 3587 1838 3658; x_wconf 90' lang='lat' dir='ltr'><strong>ingenii</strong></span> <span class='ocrx_word' id='word_1_280' title='bbox 1866 3583 1994 3638; x_wconf 86' lang='lat' dir='ltr'><strong>Hie-</strong></span> 
     </span>
    </p>
   </div>
   <div class='ocr_carea' id='block_1_39' title="bbox 418 3675 1990 3764">
    <p class='ocr_par' dir='ltr' id='par_1_39' title="bbox 418 3675 1990 3764">
     <span class='ocr_line' id='line_1_39' title="bbox 418 3675 1990 3764; baseline -0.014 -14"><span class='ocrx_word' id='word_1_281' title='bbox 418 3709 644 3764; x_wconf 86' lang='lat' dir='ltr'><strong>ronymo</strong></span> <span class='ocrx_word' id='word_1_282' title='bbox 665 3691 951 3761; x_wconf 86' lang='lat' dir='ltr'><strong>Origenem</strong></span> <span class='ocrx_word' id='word_1_283' title='bbox 984 3689 1083 3743; x_wconf 90' lang='lat' dir='ltr'><strong>sibi</strong></span> <span class='ocrx_word' id='word_1_284' title='bbox 1113 3688 1240 3744; x_wconf 87' lang='lat' dir='ltr'><strong>olim</strong></span> <span class='ocrx_word' id='word_1_285' title='bbox 1257 3698 1541 3756; x_wconf 87' lang='lat' dir='ltr'><strong>percarum</strong></span> <span class='ocrx_word' id='word_1_286' title='bbox 1572 3681 1683 3750; x_wconf 83' lang='lat' dir='ltr'><strong>jam</strong></span> <span class='ocrx_word' id='word_1_287' title='bbox 1709 3675 1990 3732; x_wconf 89' lang='lat' dir='ltr'><strong>infamanti</strong></span> 
     </span>
    </p>
   </div>
   <div class='ocr_carea' id='block_1_40' title="bbox 422 3771 1994 3852">
    <p class='ocr_par' dir='ltr' id='par_1_40' title="bbox 422 3771 1994 3852">
     <span class='ocr_line' id='line_1_40' title="bbox 422 3771 1994 3852; baseline -0.015 -9"><span class='ocrx_word' id='word_1_288' title='bbox 422 3787 754 3843; x_wconf 89' lang='lat' dir='ltr'><strong>subobscure</strong></span> <span class='ocrx_word' id='word_1_289' title='bbox 800 3783 1114 3852; x_wconf 86' lang='lat' dir='ltr'><strong>exprobrat,</strong></span> <span class='ocrx_word' id='word_1_290' title='bbox 1148 3779 1306 3850; x_wconf 88' lang='lat' dir='ltr'><strong>epist.</strong></span> <span class='ocrx_word' id='word_1_291' title='bbox 1352 3776 1406 3832; x_wconf 92' lang='lat'><strong>8.</strong></span> <span class='ocrx_word' id='word_1_292' title='bbox 1481 3793 1500 3826; x_wconf 84' lang='grc'><strong>‹</strong></span> <span class='ocrx_word' id='word_1_293' title='bbox 1539 3771 1782 3828; x_wconf 88' lang='lat' dir='ltr'><strong>Petimus</strong></span> <span class='ocrx_word' id='word_1_294' title='bbox 1844 3783 1994 3839; x_wconf 84' lang='lat' dir='ltr'><strong>ergo,</strong></span> 
     </span>
    </p>
   </div>
   <div class='ocr_carea' id='block_1_41' title="bbox 422 3859 1995 3948">
    <p class='ocr_par' dir='ltr' id='par_1_41' title="bbox 422 3859 1995 3948">
     <span class='ocr_line' id='line_1_41' title="bbox 422 3859 1995 3948; baseline -0.016 -13"><span class='ocrx_word' id='word_1_295' title='bbox 422 3881 618 3948; x_wconf 89' lang='lat' dir='ltr'><strong>inquit,</strong></span> <span class='ocrx_word' id='word_1_296' title='bbox 672 3887 727 3934; x_wconf 90' lang='lat' dir='ltr'><strong>et</strong></span> <span class='ocrx_word' id='word_1_297' title='bbox 770 3877 1045 3932; x_wconf 90' lang='lat' dir='ltr'><strong>nobiscum</strong></span> <span class='ocrx_word' id='word_1_298' title='bbox 1075 3873 1212 3942; x_wconf 90' lang='lat' dir='ltr'><strong>petit</strong></span> <span class='ocrx_word' id='word_1_299' title='bbox 1249 3870 1426 3926; x_wconf 90' lang='lat' dir='ltr'><strong>omnis</strong></span> <span class='ocrx_word' id='word_1_300' title='bbox 1476 3866 1852 3922; x_wconf 88' lang='lat' dir='ltr'><strong>Africanarum</strong></span> <span class='ocrx_word' id='word_1_301' title='bbox 1889 3859 1995 3912; x_wconf 87' lang='lat' dir='ltr'><strong>Ec-</strong></span> 
     </span>
    </p>
   </div>
   <div class='ocr_carea' id='block_1_42' title="bbox 424 3953 1999 4030">
    <p class='ocr_par' dir='ltr' id='par_1_42' title="bbox 424 3953 1999 4030">
     <span class='ocr_line' id='line_1_42' title="bbox 424 3953 1999 4030; baseline -0.018 0"><span class='ocrx_word' id='word_1_302' title='bbox 424 3975 710 4030; x_wconf 89' lang='lat' dir='ltr'><strong>clesiarum</strong></span> <span class='ocrx_word' id='word_1_303' title='bbox 744 3970 982 4025; x_wconf 90' lang='lat' dir='ltr'><strong>studiosa</strong></span> <span class='ocrx_word' id='word_1_304' title='bbox 1016 3965 1268 4028; x_wconf 89' lang='lat' dir='ltr'><strong>societas,</strong></span> <span class='ocrx_word' id='word_1_305' title='bbox 1291 3970 1349 4016; x_wconf 93' lang='lat' dir='ltr'><strong>ut</strong></span> <span class='ocrx_word' id='word_1_306' title='bbox 1380 3961 1434 4014; x_wconf 90' lang='lat' dir='ltr'><strong>in</strong></span> <span class='ocrx_word' id='word_1_307' title='bbox 1465 3953 1882 4025; x_wconf 88' lang='lat' dir='ltr'><strong>interpretandis</strong></span> <span class='ocrx_word' id='word_1_308' title='bbox 1905 3965 1999 4003; x_wconf 87' lang='lat' dir='ltr'><strong>eo-</strong></span> 
     </span>
    </p>
   </div>
   <div class='ocr_carea' id='block_1_43' title="bbox 425 4052 1996 4129">
    <p class='ocr_par' dir='ltr' id='par_1_43' title="bbox 425 4052 1996 4129">
     <span class='ocr_line' id='line_1_43' title="bbox 425 4052 1996 4129; baseline -0.018 -10"><span class='ocrx_word' id='word_1_309' title='bbox 425 4080 546 4120; x_wconf 88' lang='lat' dir='ltr'><strong>rum</strong></span> <span class='ocrx_word' id='word_1_310' title='bbox 601 4061 785 4126; x_wconf 91' lang='lat' dir='ltr'><strong>libris,</strong></span> <span class='ocrx_word' id='word_1_311' title='bbox 822 4059 912 4129; x_wconf 91' lang='lat' dir='ltr'><strong>qui</strong></span> <span class='ocrx_word' id='word_1_312' title='bbox 975 4056 1162 4112; x_wconf 68' lang='lat' dir='ltr'><strong>Grazce</strong></span> <span class='ocrx_word' id='word_1_313' title='bbox 1211 4052 1521 4121; x_wconf 90' lang='lat' dir='ltr'><strong>Scripturas</strong></span> <span class='ocrx_word' id='word_1_314' title='bbox 1569 4053 1782 4100; x_wconf 86' lang='lat' dir='ltr'><strong>nostras</strong></span> <span class='ocrx_word' id='word_1_315' title='bbox 1838 4053 1996 4109; x_wconf 83' lang='lat' dir='ltr'><strong>quam</strong></span> 
     </span>
    </p>
   </div>
   <div class='ocr_carea' id='block_1_44' title="bbox 426 4131 1998 4226">
    <p class='ocr_par' dir='ltr' id='par_1_44' title="bbox 426 4131 1998 4226">
     <span class='ocr_line' id='line_1_44' title="bbox 426 4131 1998 4226; baseline -0.018 -16"><span class='ocrx_word' id='word_1_316' title='bbox 426 4158 627 4226; x_wconf 83' lang='lat' dir='ltr'><strong>Optime</strong></span> <span class='ocrx_word' id='word_1_317' title='bbox 653 4156 1038 4214; x_wconf 87' lang='lat' dir='ltr'><strong>tractaverunt,</strong></span> <span class='ocrx_word' id='word_1_318' title='bbox 1069 4159 1254 4202; x_wconf 91' lang='lat' dir='ltr'><strong>curam</strong></span> <span class='ocrx_word' id='word_1_319' title='bbox 1279 4152 1440 4210; x_wconf 90' lang='lat' dir='ltr'><strong>atque</strong></span> <span class='ocrx_word' id='word_1_320' title='bbox 1473 4151 1690 4209; x_wconf 80' lang='lat' dir='ltr'><strong>Operam</strong></span> <span class='ocrx_word' id='word_1_321' title='bbox 1727 4131 1998 4201; x_wconf 83' lang='lat' dir='ltr'><strong>impende-</strong></span> 
     </span>
    </p>
   </div>
   <div class='ocr_carea' id='block_1_45' title="bbox 428 4232 2002 4315">
    <p class='ocr_par' dir='ltr' id='par_1_45' title="bbox 428 4232 2002 4315">
     <span class='ocr_line' id='line_1_45' title="bbox 428 4232 2002 4315; baseline -0.018 -13"><span class='ocrx_word' id='word_1_322' title='bbox 428 4262 490 4302; x_wconf 88' lang='lat' dir='ltr'><strong>re</strong></span> <span class='ocrx_word' id='word_1_323' title='bbox 531 4261 634 4300; x_wconf 92' lang='lat' dir='ltr'><strong>non</strong></span> <span class='ocrx_word' id='word_1_324' title='bbox 662 4241 944 4315; x_wconf 87' lang='lat' dir='ltr'><strong>graveris:</strong></span> <span class='ocrx_word' id='word_1_325' title='bbox 984 4247 1137 4311; x_wconf 90' lang='lat' dir='ltr'><strong>potes</strong></span> <span class='ocrx_word' id='word_1_326' title='bbox 1181 4236 1324 4291; x_wconf 90' lang='lat' dir='ltr'><strong>enim</strong></span> <span class='ocrx_word' id='word_1_327' title='bbox 1372 4232 1602 4290; x_wconf 83' lang='lat' dir='ltr'><strong>efﬁcere.</strong></span> <span class='ocrx_word' id='word_1_328' title='bbox 1638 4238 1696 4282; x_wconf 91' lang='lat' dir='ltr'><strong>ut</strong></span> <span class='ocrx_word' id='word_1_329' title='bbox 1734 4241 1832 4280; x_wconf 90' lang='lat' dir='ltr'><strong>nos</strong></span> <span class='ocrx_word' id='word_1_330' title='bbox 1870 4238 2002 4292; x_wconf 84' lang='lat' dir='ltr'><strong>quo-</strong></span> 
     </span>
    </p>
   </div>
   <div class='ocr_carea' id='block_1_46' title="bbox 429 4316 2004 4410">
    <p class='ocr_par' dir='ltr' id='par_1_46' title="bbox 429 4316 2004 4410">
     <span class='ocr_line' id='line_1_46' title="bbox 429 4316 2004 4410; baseline -0.017 -15"><span class='ocrx_word' id='word_1_331' title='bbox 429 4355 534 4410; x_wconf 89' lang='lat' dir='ltr'><strong>que</strong></span> <span class='ocrx_word' id='word_1_332' title='bbox 583 4339 877 4394; x_wconf 87' lang='lat' dir='ltr'><strong>habeamus</strong></span> <span class='ocrx_word' id='word_1_333' title='bbox 917 4335 1036 4389; x_wconf 90' lang='lat' dir='ltr'><strong>illos</strong></span> <span class='ocrx_word' id='word_1_334' title='bbox 1087 4331 1220 4387; x_wconf 89' lang='lat' dir='ltr'><strong>tales</strong></span> <span class='ocrx_word' id='word_1_335' title='bbox 1268 4328 1433 4390; x_wconf 89' lang='lat' dir='ltr'><strong>viros,</strong></span> <span class='ocrx_word' id='word_1_336' title='bbox 1482 4333 1537 4380; x_wconf 90' lang='lat' dir='ltr'><strong>et</strong></span> <span class='ocrx_word' id='word_1_337' title='bbox 1569 4336 1735 4377; x_wconf 90' lang='lat' dir='ltr'><strong>unum</strong></span> <span class='ocrx_word' id='word_1_338' title='bbox 1793 4316 2004 4387; x_wconf 84' lang='lat' dir='ltr'><strong>potissi—</strong></span> 
     </span>
    </p>
   </div>
   <div class='ocr_carea' id='block_1_47' title="bbox 432 4413 2000 4498">
    <p class='ocr_par' dir='ltr' id='par_1_47' title="bbox 432 4413 2000 4498">
     <span class='ocr_line' id='line_1_47' title="bbox 432 4413 2000 4498; baseline -0.018 -12"><span class='ocrx_word' id='word_1_339' title='bbox 432 4445 581 4486; x_wconf 88' lang='lat' dir='ltr'><strong>mum</strong></span> <span class='ocrx_word' id='word_1_340' title='bbox 608 4468 622 4491; x_wconf 89' lang='lat'><strong>,</strong></span> <span class='ocrx_word' id='word_1_341' title='bbox 659 4443 817 4498; x_wconf 90' lang='lat' dir='ltr'><strong>quem</strong></span> <span class='ocrx_word' id='word_1_342' title='bbox 867 4434 920 4480; x_wconf 92' lang='lat' dir='ltr'><strong>tu</strong></span> <span class='ocrx_word' id='word_1_343' title='bbox 968 4421 1225 4479; x_wconf 89' lang='lat' dir='ltr'><strong>libentius</strong></span> <span class='ocrx_word' id='word_1_344' title='bbox 1259 4419 1314 4474; x_wconf 91' lang='lat' dir='ltr'><strong>in</strong></span> <span class='ocrx_word' id='word_1_345' title='bbox 1367 4417 1473 4470; x_wconf 90' lang='lat' dir='ltr'><strong>tuis</strong></span> <span class='ocrx_word' id='word_1_346' title='bbox 1519 4413 1717 4467; x_wconf 80' lang='lat' dir='ltr'><strong>litteris</strong></span> <span class='ocrx_word' id='word_1_347' title='bbox 1749 4423 1944 4463; x_wconf 89' lang='lat' dir='ltr'><strong>sonas:</strong></span> <span class='ocrx_word' id='word_1_348' title='bbox 1981 4424 2000 4456; x_wconf 66' lang='grc' dir='ltr'><strong>ν</strong></span> 
     </span>
    </p>
   </div>
   <div class='ocr_carea' id='block_1_48' title="bbox 433 4509 2082 4590">
    <p class='ocr_par' dir='ltr' id='par_1_48' title="bbox 433 4509 2082 4590">
     <span class='ocr_line' id='line_1_48' title="bbox 433 4509 2082 4590; baseline -0.018 -13"><span class='ocrx_word' id='word_1_349' title='bbox 433 4520 720 4590; x_wconf 83' lang='lat' dir='ltr'><strong>Origenem</strong></span> <span class='ocrx_word' id='word_1_350' title='bbox 777 4517 1069 4578; x_wconf 90' lang='lat' dir='ltr'><strong>nimirum,</strong></span> <span class='ocrx_word' id='word_1_351' title='bbox 1115 4509 1265 4579; x_wconf 79' lang='lat' dir='ltr'><strong>cuius</strong></span> <span class='ocrx_word' id='word_1_352' title='bbox 1319 4520 1566 4574; x_wconf 81' lang='lat' dir='ltr'><strong>magnam</strong></span> <span class='ocrx_word' id='word_1_353' title='bbox 1628 4512 1740 4554; x_wconf 91' lang='lat' dir='ltr'><strong>tum</strong></span> <span class='ocrx_word' id='word_1_354' title='bbox 1791 4511 2006 4568; x_wconf 88' lang='lat' dir='ltr'><strong>quoque</strong></span> <span class='ocrx_word' id='word_1_355' title='bbox 2037 4514 2082 4569; x_wconf 76' lang='grc' dir='ltr'><strong>ι)</strong></span> 
     </span>
    </p>
   </div>
   <div class='ocr_carea' id='block_1_49' title="bbox 435 4593 2005 4669">
    <p class='ocr_par' dir='ltr' id='par_1_49' title="bbox 435 4593 2005 4669">
     <span class='ocr_line' id='line_1_49' title="bbox 435 4593 2005 4669; baseline -0.019 -1"><span class='ocrx_word' id='word_1_356' title='bbox 435 4614 603 4669; x_wconf 76' lang='lat' dir='ltr'><strong>fuisse</strong></span> <span class='ocrx_word' id='word_1_357' title='bbox 630 4613 683 4666; x_wconf 93' lang='lat' dir='ltr'><strong>in</strong></span> <span class='ocrx_word' id='word_1_358' title='bbox 725 4611 906 4664; x_wconf 87' lang='lat' dir='ltr'><strong>Africa</strong></span> <span class='ocrx_word' id='word_1_359' title='bbox 935 4605 1302 4662; x_wconf 84' lang='lat' dir='ltr'><strong>celebritatem</strong></span> <span class='ocrx_word' id='word_1_360' title='bbox 1335 4616 1398 4654; x_wconf 83' lang='lat' dir='ltr'><strong>ex</strong></span> <span class='ocrx_word' id='word_1_361' title='bbox 1433 4613 1498 4652; x_wconf 88' lang='lat' dir='ltr'><strong>en</strong></span> <span class='ocrx_word' id='word_1_362' title='bbox 1529 4593 1872 4649; x_wconf 89' lang='lat' dir='ltr'><strong>manifestum</strong></span> <span class='ocrx_word' id='word_1_363' title='bbox 1903 4597 2005 4641; x_wconf 89' lang='lat' dir='ltr'><strong>est.</strong></span> 
     </span>
    </p>
   </div>
   <div class='ocr_carea' id='block_1_50' title="bbox 439 4680 2010 4771">
    <p class='ocr_par' dir='ltr' id='par_1_50' title="bbox 439 4680 2010 4771">
     <span class='ocr_line' id='line_1_50' title="bbox 439 4680 2010 4771; baseline -0.019 -11"><span class='ocrx_word' id='word_1_364' title='bbox 439 4704 565 4759; x_wconf 89' lang='lat' dir='ltr'><strong>Inde</strong></span> <span class='ocrx_word' id='word_1_365' title='bbox 589 4716 644 4758; x_wconf 91' lang='lat' dir='ltr'><strong>et</strong></span> <span class='ocrx_word' id='word_1_366' title='bbox 671 4701 916 4771; x_wconf 85' lang='lat' dir='ltr'><strong>Pelagius</strong></span> <span class='ocrx_word' id='word_1_367' title='bbox 943 4713 1077 4768; x_wconf 88' lang='lat' dir='ltr'><strong>papa</strong></span> <span class='ocrx_word' id='word_1_368' title='bbox 1101 4696 1167 4761; x_wconf 90' lang='lat' dir='ltr'><strong>Il,</strong></span> <span class='ocrx_word' id='word_1_369' title='bbox 1197 4696 1250 4749; x_wconf 90' lang='lat' dir='ltr'><strong>in</strong></span> <span class='ocrx_word' id='word_1_370' title='bbox 1274 4689 1512 4761; x_wconf 81' lang='lat' dir='ltr'><strong>Epistola</strong></span> <span class='ocrx_word' id='word_1_371' title='bbox 1542 4687 1608 4740; x_wconf 84' lang='lat' dir='ltr'><strong>ad</strong></span> <span class='ocrx_word' id='word_1_372' title='bbox 1645 4685 1814 4738; x_wconf 73' lang='lat' dir='ltr'><strong>Etiam</strong></span> <span class='ocrx_word' id='word_1_373' title='bbox 1849 4680 2010 4748; x_wconf 76' lang='lat' dir='ltr'><strong>Aqui-</strong></span> 
     </span>
    </p>
   </div>
   <div class='ocr_carea' id='block_1_51' title="bbox 439 4772 2006 4861">
    <p class='ocr_par' dir='ltr' id='par_1_51' title="bbox 439 4772 2006 4861">
     <span class='ocr_line' id='line_1_51' title="bbox 439 4772 2006 4861; baseline -0.02 -8"><span class='ocrx_word' id='word_1_374' title='bbox 439 4799 770 4861; x_wconf 73' lang='lat' dir='ltr'><strong>leiensem,et</strong></span> <span class='ocrx_word' id='word_1_375' title='bbox 799 4793 929 4847; x_wconf 82' lang='lat' dir='ltr'><strong>alios</strong></span> <span class='ocrx_word' id='word_1_376' title='bbox 955 4791 1128 4844; x_wconf 77' lang='lat' dir='ltr'><strong>Istriw</strong></span> <span class='ocrx_word' id='word_1_377' title='bbox 1153 4790 1442 4856; x_wconf 82' lang='lat' dir='ltr'><strong>episcopos,</strong></span> <span class='ocrx_word' id='word_1_378' title='bbox 1469 4798 1488 4832; x_wconf 72' lang='grc' dir='ltr'>ι</span> <span class='ocrx_word' id='word_1_379' title='bbox 1529 4781 1720 4832; x_wconf 84' lang='lat' dir='ltr'><strong>Annon</strong></span> <span class='ocrx_word' id='word_1_380' title='bbox 1743 4814 1757 4838; x_wconf 94' lang='lat'><strong>,</strong></span> <span class='ocrx_word' id='word_1_381' title='bbox 1811 4772 2006 4840; x_wconf 89' lang='lat' dir='ltr'><strong>inquit,</strong></span> 
     </span>
    </p>
   </div>
   <div class='ocr_carea' id='block_1_52' title="bbox 441 4865 2011 4959">
    <p class='ocr_par' dir='ltr' id='par_1_52' title="bbox 441 4865 2011 4959">
     <span class='ocr_line' id='line_1_52' title="bbox 441 4865 2011 4959; baseline -0.02 -13"><span class='ocrx_word' id='word_1_382' title='bbox 441 4901 498 4946; x_wconf 87' lang='lat' dir='ltr'><strong>et</strong></span> <span class='ocrx_word' id='word_1_383' title='bbox 550 4889 910 4959; x_wconf 84' lang='lat' dir='ltr'><strong>Hieronymus</strong></span> <span class='ocrx_word' id='word_1_384' title='bbox 951 4892 1146 4938; x_wconf 57' lang='lat' dir='ltr'><strong>nostra}</strong></span> <span class='ocrx_word' id='word_1_385' title='bbox 1181 4878 1433 4934; x_wconf 65' lang='lat' dir='ltr'><strong>Ecclesiae</strong></span> <span class='ocrx_word' id='word_1_386' title='bbox 1471 4872 1773 4943; x_wconf 84' lang='lat' dir='ltr'><strong>presbyter,</strong></span> <span class='ocrx_word' id='word_1_387' title='bbox 1814 4875 1870 4919; x_wconf 90' lang='lat' dir='ltr'><strong>et</strong></span> <span class='ocrx_word' id='word_1_388' title='bbox 1906 4865 2011 4916; x_wconf 84' lang='lat' dir='ltr'><strong>sin-</strong></span> 
     </span>
    </p>
   </div>
   <div class='ocr_carea' id='block_1_53' title="bbox 444 4953 2015 5052">
    <p class='ocr_par' dir='ltr' id='par_1_53' title="bbox 444 4953 2015 5052">
     <span class='ocr_line' id='line_1_53' title="bbox 444 4953 2015 5052; baseline -0.019 -17"><span class='ocrx_word' id='word_1_389' title='bbox 444 4983 646 5052; x_wconf 87' lang='lat' dir='ltr'><strong>gd&#39;laris</strong></span> <span class='ocrx_word' id='word_1_390' title='bbox 683 4978 892 5034; x_wconf 60' lang='lat' dir='ltr'><strong>Hebraei</strong></span> <span class='ocrx_word' id='word_1_391' title='bbox 935 4974 1202 5031; x_wconf 91' lang='lat' dir='ltr'><strong>sermonis</strong></span> <span class='ocrx_word' id='word_1_392' title='bbox 1247 4971 1512 5038; x_wconf 87' lang='lat' dir='ltr'><strong>interpres</strong></span> <span class='ocrx_word' id='word_1_393' title='bbox 1551 4972 1698 5017; x_wconf 89' lang='lat' dir='ltr'><strong>tanto</strong></span> <span class='ocrx_word' id='word_1_394' title='bbox 1725 4971 1850 5026; x_wconf 86' lang='lat' dir='ltr'><strong>erga</strong></span> <span class='ocrx_word' id='word_1_395' title='bbox 1894 4953 2015 5009; x_wconf 81' lang='lat' dir='ltr'><strong>Ori-</strong></span> 
     </span>
    </p>
   </div>
   <div class='ocr_carea' id='block_1_54' title="bbox 447 5050 2017 5142">
    <p class='ocr_par' dir='ltr' id='par_1_54' title="bbox 447 5050 2017 5142">
     <span class='ocr_line' id='line_1_54' title="bbox 447 5050 2017 5142; baseline -0.022 -12"><span class='ocrx_word' id='word_1_396' title='bbox 447 5050 638 5142; x_wconf 68' lang='lat' dir='ltr'><strong>geriem</strong></span> <span class='ocrx_word' id='word_1_397' title='bbox 663 5070 848 5124; x_wconf 87' lang='lat' dir='ltr'><strong>favore</strong></span> <span class='ocrx_word' id='word_1_398' title='bbox 870 5068 1187 5128; x_wconf 89' lang='lat' dir='ltr'><strong>intenditur,</strong></span> <span class='ocrx_word' id='word_1_399' title='bbox 1203 5072 1260 5116; x_wconf 91' lang='lat' dir='ltr'><strong>ut</strong></span> <span class='ocrx_word' id='word_1_400' title='bbox 1280 5074 1416 5128; x_wconf 91' lang='lat' dir='ltr'><strong>pene</strong></span> <span class='ocrx_word' id='word_1_401' title='bbox 1443 5053 1738 5124; x_wconf 88' lang='lat' dir='ltr'><strong>discipulus</strong></span> <span class='ocrx_word' id='word_1_402' title='bbox 1761 5050 1878 5116; x_wconf 83' lang='lat' dir='ltr'><strong>ejus</strong></span> <span class='ocrx_word' id='word_1_403' title='bbox 1897 5058 2017 5100; x_wconf 89' lang='lat' dir='ltr'><strong>esse</strong></span> 
     </span>
    </p>
   </div>
   <div class='ocr_carea' id='block_1_55' title="bbox 445 5139 2017 5226">
    <p class='ocr_par' dir='ltr' id='par_1_55' title="bbox 445 5139 2017 5226">
     <span class='ocr_line' id='line_1_55' title="bbox 445 5139 2017 5226; baseline -0.018 -9"><span class='ocrx_word' id='word_1_404' title='bbox 445 5166 694 5221; x_wconf 78' lang='lat' dir='ltr'><strong>videatur</strong></span> <span class='ocrx_word' id='word_1_405' title='bbox 726 5161 751 5216; x_wconf 75' lang='lat' dir='ltr'><em>‘I</em></span> <span class='ocrx_word' id='word_1_406' title='bbox 791 5181 808 5212; x_wconf 72' lang='grc' dir='ltr'><strong>ι</strong></span> <span class='ocrx_word' id='word_1_407' title='bbox 848 5160 973 5214; x_wconf 91' lang='lat' dir='ltr'><strong>Inde</strong></span> <span class='ocrx_word' id='word_1_408' title='bbox 1021 5159 1253 5226; x_wconf 84' lang='lat' dir='ltr'><strong>denique</strong></span> <span class='ocrx_word' id='word_1_409' title='bbox 1298 5152 1401 5207; x_wconf 91' lang='lat' dir='ltr'><strong>sub</strong></span> <span class='ocrx_word' id='word_1_410' title='bbox 1457 5142 1766 5214; x_wconf 81' lang='lat' dir='ltr'><strong>Hieronymi</strong></span> <span class='ocrx_word' id='word_1_411' title='bbox 1801 5139 2017 5194; x_wconf 88' lang='lat' dir='ltr'><strong>nomine</strong></span> 
     </span>
    </p>
   </div>
   <div class='ocr_carea' id='block_1_56' title="bbox 451 5231 2021 5323">
    <p class='ocr_par' dir='ltr' id='par_1_56' title="bbox 451 5231 2021 5323">
     <span class='ocr_line' id='line_1_56' title="bbox 451 5231 2021 5323; baseline -0.022 -8"><span class='ocrx_word' id='word_1_412' title='bbox 451 5258 681 5314; x_wconf 90' lang='lat' dir='ltr'><strong>conﬁcta</strong></span> <span class='ocrx_word' id='word_1_413' title='bbox 712 5263 795 5310; x_wconf 89' lang='lat' dir='ltr'><strong>est</strong></span> <span class='ocrx_word' id='word_1_414' title='bbox 822 5253 1072 5323; x_wconf 83' lang='lat' dir='ltr'><strong>epistola,</strong></span> <span class='ocrx_word' id='word_1_415' title='bbox 1103 5251 1158 5304; x_wconf 91' lang='lat' dir='ltr'><strong>in</strong></span> <span class='ocrx_word' id='word_1_416' title='bbox 1205 5262 1310 5317; x_wconf 89' lang='lat' dir='ltr'><strong>qua</strong></span> <span class='ocrx_word' id='word_1_417' title='bbox 1357 5259 1417 5299; x_wconf 90' lang='lat' dir='ltr'><strong>se</strong></span> <span class='ocrx_word' id='word_1_418' title='bbox 1460 5235 1682 5308; x_wconf 84' lang='lat' dir='ltr'><strong>Origeni</strong></span> <span class='ocrx_word' id='word_1_419' title='bbox 1730 5231 2021 5300; x_wconf 85' lang='lat' dir='ltr'><strong>aliquando</strong></span> 
     </span>
    </p>
   </div>
   <div class='ocr_carea' id='block_1_57' title="bbox 452 5346 927 5407">
    <p class='ocr_par' dir='ltr' id='par_1_57' title="bbox 452 5346 927 5407">
     <span class='ocr_line' id='line_1_57' title="bbox 452 5346 927 5407; baseline -0.019 0"><span class='ocrx_word' id='word_1_420' title='bbox 452 5350 743 5407; x_wconf 84' lang='lat' dir='ltr'><strong>adhaesisse</strong></span> <span class='ocrx_word' id='word_1_421' title='bbox 773 5346 927 5401; x_wconf 87' lang='lat' dir='ltr'><strong>dolet.</strong></span> 
     </span>
    </p>
   </div>
   <div class='ocr_carea' id='block_1_58' title="bbox 524 5413 2019 5508">
    <p class='ocr_par' dir='ltr' id='par_1_58' title="bbox 524 5413 2019 5508">
     <span class='ocr_line' id='line_1_58' title="bbox 524 5413 2019 5508; baseline -0.022 -13"><span class='ocrx_word' id='word_1_422' title='bbox 524 5440 782 5508; x_wconf 88' lang='lat' dir='ltr'><strong>Quamvis</strong></span> <span class='ocrx_word' id='word_1_423' title='bbox 822 5446 1001 5491; x_wconf 89' lang='lat' dir='ltr'><strong>autem</strong></span> <span class='ocrx_word' id='word_1_424' title='bbox 1033 5433 1132 5487; x_wconf 87' lang='lat' dir='ltr'><strong>viri</strong></span> <span class='ocrx_word' id='word_1_425' title='bbox 1164 5431 1238 5502; x_wconf 92' lang='lat' dir='ltr'><strong>pii</strong></span> <span class='ocrx_word' id='word_1_426' title='bbox 1278 5435 1332 5482; x_wconf 91' lang='lat' dir='ltr'><strong>et</strong></span> <span class='ocrx_word' id='word_1_427' title='bbox 1370 5421 1654 5482; x_wconf 83' lang='lat' dir='ltr'><strong>orthodoxi</strong></span> <span class='ocrx_word' id='word_1_428' title='bbox 1685 5418 1858 5474; x_wconf 85' lang='lat' dir='ltr'><strong>ofﬁcio</strong></span> <span class='ocrx_word' id='word_1_429' title='bbox 1905 5413 2019 5466; x_wconf 80' lang='lat' dir='ltr'><strong>fun-</strong></span> 
     </span>
    </p>
   </div>
   <div class='ocr_carea' id='block_1_59' title="bbox 456 5504 2023 5596">
    <p class='ocr_par' dir='ltr' id='par_1_59' title="bbox 456 5504 2023 5596">
     <span class='ocr_line' id='line_1_59' title="bbox 456 5504 2023 5596; baseline -0.023 -7"><span class='ocrx_word' id='word_1_430' title='bbox 456 5546 574 5589; x_wconf 90' lang='lat' dir='ltr'><strong>ctus</strong></span> <span class='ocrx_word' id='word_1_431' title='bbox 617 5532 707 5596; x_wconf 92' lang='lat' dir='ltr'><strong>sit,</strong></span> <span class='ocrx_word' id='word_1_432' title='bbox 738 5545 860 5586; x_wconf 90' lang='lat' dir='ltr'><strong>cum</strong></span> <span class='ocrx_word' id='word_1_433' title='bbox 900 5525 1111 5596; x_wconf 83' lang='lat' dir='ltr'><strong>agnitos</strong></span> <span class='ocrx_word' id='word_1_434' title='bbox 1138 5518 1459 5589; x_wconf 81' lang='lat' dir='ltr'><strong>Origenismi</strong></span> <span class='ocrx_word' id='word_1_435' title='bbox 1497 5524 1708 5567; x_wconf 88' lang='lat' dir='ltr'><strong>errores</strong></span> <span class='ocrx_word' id='word_1_436' title='bbox 1744 5504 1977 5574; x_wconf 86' lang='lat' dir='ltr'><strong>ejuravit</strong></span> <span class='ocrx_word' id='word_1_437' title='bbox 2008 5517 2023 5565; x_wconf 91' lang='lat'><strong>;</strong></span> 
     </span>
    </p>
   </div>
   <div class='ocr_carea' id='block_1_60' title="bbox 457 5599 2025 5695">
    <p class='ocr_par' dir='ltr' id='par_1_60' title="bbox 457 5599 2025 5695">
     <span class='ocr_line' id='line_1_60' title="bbox 457 5599 2025 5695; baseline -0.02 -16"><span class='ocrx_word' id='word_1_438' title='bbox 457 5623 691 5695; x_wconf 86' lang='lat' dir='ltr'><strong>optabile</strong></span> <span class='ocrx_word' id='word_1_439' title='bbox 744 5630 922 5675; x_wconf 91' lang='lat' dir='ltr'><strong>tamen</strong></span> <span class='ocrx_word' id='word_1_440' title='bbox 977 5617 1144 5678; x_wconf 86' lang='lat' dir='ltr'><strong>foret,</strong></span> <span class='ocrx_word' id='word_1_441' title='bbox 1183 5623 1242 5666; x_wconf 89' lang='lat' dir='ltr'><strong>ut</strong></span> <span class='ocrx_word' id='word_1_442' title='bbox 1291 5608 1665 5666; x_wconf 76' lang='lat' dir='ltr'><strong>sanctissimus</strong></span> <span class='ocrx_word' id='word_1_443' title='bbox 1717 5600 1807 5654; x_wconf 76' lang='lat' dir='ltr'><strong>ille</strong></span> <span class='ocrx_word' id='word_1_444' title='bbox 1837 5599 2025 5651; x_wconf 88' lang='lat' dir='ltr'><strong>doctor</strong></span> 
     </span>
    </p>
   </div>
   <div class='ocr_carea' id='block_1_61' title="bbox 459 5697 2023 5772">
    <p class='ocr_par' dir='ltr' id='par_1_61' title="bbox 459 5697 2023 5772">
     <span class='ocr_line' id='line_1_61' title="bbox 459 5697 2023 5772; baseline -0.021 0"><span class='ocrx_word' id='word_1_445' title='bbox 459 5714 795 5772; x_wconf 80' lang='lat' dir='ltr'><strong>constantior</strong></span> <span class='ocrx_word' id='word_1_446' title='bbox 827 5710 987 5765; x_wconf 90' lang='lat' dir='ltr'><strong>animi</strong></span> <span class='ocrx_word' id='word_1_447' title='bbox 1020 5707 1208 5761; x_wconf 86' lang='lat' dir='ltr'><strong>fuisset</strong></span> <span class='ocrx_word' id='word_1_448' title='bbox 1237 5712 1290 5758; x_wconf 89' lang='lat' dir='ltr'><strong>et</strong></span> <span class='ocrx_word' id='word_1_449' title='bbox 1320 5697 1669 5760; x_wconf 85' lang='lat' dir='ltr'><strong>moderatior,</strong></span> <span class='ocrx_word' id='word_1_450' title='bbox 1707 5705 1880 5759; x_wconf 87' lang='lat' dir='ltr'><strong>neque</strong></span> <span class='ocrx_word' id='word_1_451' title='bbox 1915 5699 2023 5742; x_wconf 87' lang='lat' dir='ltr'><strong>tam</strong></span> 
     </span>
    </p>
   </div>
   <div class='ocr_carea' id='block_1_62' title="bbox 464 5780 2025 5863">
    <p class='ocr_par' dir='ltr' id='par_1_62' title="bbox 464 5780 2025 5863">
     <span class='ocr_line' id='line_1_62' title="bbox 464 5780 2025 5863; baseline -0.017 -2"><span class='ocrx_word' id='word_1_452' title='bbox 464 5806 620 5863; x_wconf 81' lang='lat' dir='ltr'><strong>facile</strong></span> <span class='ocrx_word' id='word_1_453' title='bbox 643 5805 738 5861; x_wconf 88' lang='lat' dir='ltr'><strong>bili</strong></span> <span class='ocrx_word' id='word_1_454' title='bbox 782 5817 894 5860; x_wconf 70' lang='lat' dir='ltr'><strong>sua:</strong></span> <span class='ocrx_word' id='word_1_455' title='bbox 923 5801 1114 5856; x_wconf 85' lang='lat' dir='ltr'><strong>fuisset</strong></span> <span class='ocrx_word' id='word_1_456' title='bbox 1143 5795 1522 5863; x_wconf 85' lang='lat' dir='ltr'><strong>morigeratus,</strong></span> <span class='ocrx_word' id='word_1_457' title='bbox 1551 5791 1611 5843; x_wconf 82' lang='lat' dir='ltr'><strong>ut</strong></span> <span class='ocrx_word' id='word_1_458' title='bbox 1645 5787 1698 5843; x_wconf 93' lang='lat' dir='ltr'><strong>in</strong></span> <span class='ocrx_word' id='word_1_459' title='bbox 1727 5780 2025 5847; x_wconf 88' lang='lat' dir='ltr'><strong>contraria,</strong></span> 
     </span>
    </p>
   </div>
   <div class='ocr_carea' id='block_1_63' title="bbox 2043 553 3620 626">
    <p class='ocr_par' dir='ltr' id='par_1_63' title="bbox 2043 553 3620 626">
     <span class='ocr_line' id='line_1_63' title="bbox 2043 553 3620 626; baseline -0.003 -12"><span class='ocrx_word' id='word_1_460' title='bbox 2043 559 2310 624; x_wconf 88' lang='lat' dir='ltr'><strong>scivissel,</strong></span> <span class='ocrx_word' id='word_1_461' title='bbox 2332 571 2715 626; x_wconf 88' lang='lat' dir='ltr'><strong>nonnunquam</strong></span> <span class='ocrx_word' id='word_1_462' title='bbox 2747 555 2912 608; x_wconf 90' lang='lat' dir='ltr'><strong>etiam</strong></span> <span class='ocrx_word' id='word_1_463' title='bbox 2936 553 3202 607; x_wconf 81' lang='lat' dir='ltr'><strong>maximos</strong></span> <span class='ocrx_word' id='word_1_464' title='bbox 3231 555 3374 609; x_wconf 88' lang='lat' dir='ltr'><strong>viros</strong></span> <span class='ocrx_word' id='word_1_465' title='bbox 3399 555 3620 610; x_wconf 55' lang='lat' dir='ltr'><strong>amaris‘</strong></span> 
     </span>
    </p>
   </div>
   <div class='ocr_carea' id='block_1_64' title="bbox 2044 647 3622 718">
    <p class='ocr_par' dir='ltr' id='par_1_64' title="bbox 2044 647 3622 718">
     <span class='ocr_line' id='line_1_64' title="bbox 2044 647 3622 718; baseline -0.003 -12"><span class='ocrx_word' id='word_1_466' title='bbox 2044 651 2194 706; x_wconf 90' lang='lat' dir='ltr'><strong>simis</strong></span> <span class='ocrx_word' id='word_1_467' title='bbox 2221 648 2476 705; x_wconf 87' lang='lat' dir='ltr'><strong>conviciis</strong></span> <span class='ocrx_word' id='word_1_468' title='bbox 2501 647 2822 718; x_wconf 88' lang='lat' dir='ltr'><strong>perfudisset</strong></span> <span class='ocrx_word' id='word_1_469' title='bbox 2846 662 2858 697; x_wconf 86' lang='lat'><strong>:</strong></span> <span class='ocrx_word' id='word_1_470' title='bbox 2880 647 3150 700; x_wconf 76' lang='lat' dir='ltr'><strong>fatendum</strong></span> <span class='ocrx_word' id='word_1_471' title='bbox 3177 647 3372 715; x_wconf 84' lang='lat' dir='ltr'><strong>quippe</strong></span> <span class='ocrx_word' id='word_1_472' title='bbox 3398 657 3482 703; x_wconf 87' lang='lat' dir='ltr'><strong>est</strong></span> <span class='ocrx_word' id='word_1_473' title='bbox 3499 647 3622 716; x_wconf 84' lang='lat' dir='ltr'><strong>jure</strong></span> 
     </span>
    </p>
   </div>
   <div class='ocr_carea' id='block_1_65' title="bbox 2045 736 3619 809">
    <p class='ocr_par' dir='ltr' id='par_1_65' title="bbox 2045 736 3619 809">
     <span class='ocr_line' id='line_1_65' title="bbox 2045 736 3619 809; baseline -0.003 -14"><span class='ocrx_word' id='word_1_474' title='bbox 2045 756 2168 796; x_wconf 92' lang='lat' dir='ltr'><strong>eum</strong></span> <span class='ocrx_word' id='word_1_475' title='bbox 2196 755 2336 809; x_wconf 70' lang='lat' dir='ltr'><strong>saepe</strong></span> <span class='ocrx_word' id='word_1_476' title='bbox 2360 754 2390 792; x_wconf 92' lang='lat' dir='ltr'><strong>a</strong></span> <span class='ocrx_word' id='word_1_477' title='bbox 2419 737 2618 792; x_wconf 87' lang='lat' dir='ltr'><strong>Ruﬁno</strong></span> <span class='ocrx_word' id='word_1_478' title='bbox 2643 736 2814 791; x_wconf 87' lang='lat' dir='ltr'><strong>fuisse</strong></span> <span class='ocrx_word' id='word_1_479' title='bbox 2839 736 3222 805; x_wconf 89' lang='lat' dir='ltr'><strong>reprehensum</strong></span> <span class='ocrx_word' id='word_1_480' title='bbox 3252 754 3265 802; x_wconf 90' lang='lat'><strong>;</strong></span> <span class='ocrx_word' id='word_1_481' title='bbox 3289 751 3429 805; x_wconf 86' lang='lat' dir='ltr'><strong>saepe</strong></span> <span class='ocrx_word' id='word_1_482' title='bbox 3457 739 3619 792; x_wconf 88' lang='lat' dir='ltr'><strong>etiam</strong></span> 
     </span>
    </p>
   </div>
   <div class='ocr_carea' id='block_1_66' title="bbox 2046 827 3624 896">
    <p class='ocr_par' dir='ltr' id='par_1_66' title="bbox 2046 827 3624 896">
     <span class='ocr_line' id='line_1_66' title="bbox 2046 827 3624 896; baseline -0.001 -11"><span class='ocrx_word' id='word_1_483' title='bbox 2046 831 2302 885; x_wconf 90' lang='lat' dir='ltr'><strong>Ruﬁnum</strong></span> <span class='ocrx_word' id='word_1_484' title='bbox 2331 831 2398 884; x_wconf 89' lang='lat' dir='ltr'><strong>ab</strong></span> <span class='ocrx_word' id='word_1_485' title='bbox 2432 831 2624 884; x_wconf 90' lang='lat' dir='ltr'><strong>eodem</strong></span> <span class='ocrx_word' id='word_1_486' title='bbox 2647 828 2764 882; x_wconf 91' lang='lat' dir='ltr'><strong>sine</strong></span> <span class='ocrx_word' id='word_1_487' title='bbox 2790 842 2952 882; x_wconf 91' lang='lat' dir='ltr'><strong>causa</strong></span> <span class='ocrx_word' id='word_1_488' title='bbox 2982 827 3148 882; x_wconf 91' lang='lat' dir='ltr'><strong>fuisse</strong></span> <span class='ocrx_word' id='word_1_489' title='bbox 3191 829 3624 896; x_wconf 72' lang='lat' dir='ltr'><strong>culpatum.Haec</strong></span> 
     </span>
    </p>
   </div>
   <div class='ocr_carea' id='block_1_67' title="bbox 2048 919 3626 994">
    <p class='ocr_par' dir='ltr' id='par_1_67' title="bbox 2048 919 3626 994">
     <span class='ocr_line' id='line_1_67' title="bbox 2048 919 3626 994; baseline -0.001 -16"><span class='ocrx_word' id='word_1_490' title='bbox 2048 939 2208 994; x_wconf 84' lang='lat' dir='ltr'><strong>porro</strong></span> <span class='ocrx_word' id='word_1_491' title='bbox 2231 938 2352 978; x_wconf 90' lang='lat' dir='ltr'><strong>cum</strong></span> <span class='ocrx_word' id='word_1_492' title='bbox 2385 931 2692 992; x_wconf 83' lang='lat' dir='ltr'><strong>agerentur,</strong></span> <span class='ocrx_word' id='word_1_493' title='bbox 2719 935 2908 974; x_wconf 87' lang='lat' dir='ltr'><strong>annus</strong></span> <span class='ocrx_word' id='word_1_494' title='bbox 2934 919 3134 974; x_wconf 87' lang='lat' dir='ltr'><strong>Christi</strong></span> <span class='ocrx_word' id='word_1_495' title='bbox 3175 920 3490 976; x_wconf 84' lang='lat' dir='ltr'><strong>trahebatur</strong></span> <span class='ocrx_word' id='word_1_496' title='bbox 3515 930 3626 976; x_wconf 80' lang='lat' dir='ltr'><strong>tre-</strong></span> 
     </span>
    </p>
   </div>
   <div class='ocr_carea' id='block_1_68' title="bbox 2049 1012 3002 1084">
    <p class='ocr_par' dir='ltr' id='par_1_68' title="bbox 2049 1012 3002 1084">
     <span class='ocr_line' id='line_1_68' title="bbox 2049 1012 3002 1084; baseline -0.005 -13"><span class='ocrx_word' id='word_1_497' title='bbox 2049 1017 2377 1072; x_wconf 89' lang='lat' dir='ltr'><strong>centesimus</strong></span> <span class='ocrx_word' id='word_1_498' title='bbox 2405 1012 2782 1084; x_wconf 88' lang='lat' dir='ltr'><strong>nonagesimus</strong></span> <span class='ocrx_word' id='word_1_499' title='bbox 2809 1027 3002 1068; x_wconf 88' lang='lat' dir='ltr'><strong>nonus.</strong></span> 
     </span>
    </p>
   </div>
   <div class='ocr_carea' id='block_1_69' title="bbox 2121 1146 3623 1218">
    <p class='ocr_par' dir='ltr' id='par_1_69' title="bbox 2121 1146 3623 1218">
     <span class='ocr_line' id='line_1_69' title="bbox 2121 1146 3623 1218; baseline 0 -15"><span class='ocrx_word' id='word_1_500' title='bbox 2121 1148 2305 1203; x_wconf 84' lang='lat' dir='ltr'><strong>XVIII.</strong></span> <span class='ocrx_word' id='word_1_501' title='bbox 2347 1147 2465 1215; x_wconf 88' lang='lat' dir='ltr'><strong>Quo</strong></span> <span class='ocrx_word' id='word_1_502' title='bbox 2523 1155 2770 1214; x_wconf 91' lang='lat' dir='ltr'><strong>tempore</strong></span> <span class='ocrx_word' id='word_1_503' title='bbox 2838 1146 3313 1218; x_wconf 82' lang='lat' dir='ltr'><strong>Hieronymianam</strong></span> <span class='ocrx_word' id='word_1_504' title='bbox 3361 1148 3623 1204; x_wconf 84' lang='lat' dir='ltr'><strong>librorum</strong></span> 
     </span>
    </p>
   </div>
   <div class='ocr_carea' id='block_1_70' title="bbox 2052 1235 3626 1309">
    <p class='ocr_par' dir='ltr' id='par_1_70' title="bbox 2052 1235 3626 1309">
     <span class='ocr_line' id='line_1_70' title="bbox 2052 1235 3626 1309; baseline -0.003 -15"><span class='ocrx_word' id='word_1_505' title='bbox 2052 1242 2192 1309; x_wconf 75' lang='grc' dir='ltr'><strong>Περὶ</strong></span> <span class='ocrx_word' id='word_1_506' title='bbox 2222 1235 2424 1308; x_wconf 77' lang='grc' dir='ltr'><strong>ἀρχῶν</strong></span> <span class='ocrx_word' id='word_1_507' title='bbox 2453 1237 2956 1305; x_wconf 88' lang='lat' dir='ltr'><strong>interpretationem</strong></span> <span class='ocrx_word' id='word_1_508' title='bbox 2979 1235 3358 1292; x_wconf 86' lang='lat' dir='ltr'><strong>Pammachius</strong></span> <span class='ocrx_word' id='word_1_509' title='bbox 3380 1239 3626 1292; x_wconf 36' lang='lat' dir='ltr'><strong>contines</strong></span> 
     </span>
    </p>
   </div>
   <div class='ocr_carea' id='block_1_71' title="bbox 2055 1325 3631 1394">
    <p class='ocr_par' dir='ltr' id='par_1_71' title="bbox 2055 1325 3631 1394">
     <span class='ocr_line' id='line_1_71' title="bbox 2055 1325 3631 1394; baseline -0.004 -11"><span class='ocrx_word' id='word_1_510' title='bbox 2055 1329 2149 1384; x_wconf 86' lang='lat' dir='ltr'><strong>bat</strong></span> <span class='ocrx_word' id='word_1_511' title='bbox 2190 1345 2204 1392; x_wconf 91' lang='lat'><strong>;</strong></span> <span class='ocrx_word' id='word_1_512' title='bbox 2236 1343 2420 1382; x_wconf 89' lang='lat' dir='ltr'><strong>verum</strong></span> <span class='ocrx_word' id='word_1_513' title='bbox 2449 1326 2517 1380; x_wconf 89' lang='lat' dir='ltr'><strong>ab</strong></span> <span class='ocrx_word' id='word_1_514' title='bbox 2543 1327 2721 1380; x_wconf 90' lang='lat' dir='ltr'><strong>amico</strong></span> <span class='ocrx_word' id='word_1_515' title='bbox 2753 1325 2920 1394; x_wconf 88' lang='lat' dir='ltr'><strong>ipsius</strong></span> <span class='ocrx_word' id='word_1_516' title='bbox 2941 1325 3172 1388; x_wconf 88' lang='lat' dir='ltr'><strong>quodam</strong></span> <span class='ocrx_word' id='word_1_517' title='bbox 3201 1325 3389 1380; x_wconf 82' lang='lat' dir='ltr'><strong>fraude</strong></span> <span class='ocrx_word' id='word_1_518' title='bbox 3420 1328 3631 1383; x_wconf 49' lang='lat' dir='ltr'><strong>deseri»</strong></span> 
     </span>
    </p>
   </div>
   <div class='ocr_carea' id='block_1_72' title="bbox 2055 1418 3632 1492">
    <p class='ocr_par' dir='ltr' id='par_1_72' title="bbox 2055 1418 3632 1492">
     <span class='ocr_line' id='line_1_72' title="bbox 2055 1418 3632 1492; baseline -0.001 -15"><span class='ocrx_word' id='word_1_519' title='bbox 2055 1433 2144 1492; x_wconf 89' lang='lat' dir='ltr'><strong>pta</strong></span> <span class='ocrx_word' id='word_1_520' title='bbox 2172 1423 2221 1476; x_wconf 90' lang='lat' dir='ltr'><strong>in</strong></span> <span class='ocrx_word' id='word_1_521' title='bbox 2252 1422 2440 1491; x_wconf 83' lang='lat' dir='ltr'><strong>vulgus</strong></span> <span class='ocrx_word' id='word_1_522' title='bbox 2466 1421 2660 1476; x_wconf 88' lang='lat' dir='ltr'><strong>emissa</strong></span> <span class='ocrx_word' id='word_1_523' title='bbox 2694 1431 2794 1474; x_wconf 88' lang='lat' dir='ltr'><strong>est.</strong></span> <span class='ocrx_word' id='word_1_524' title='bbox 2828 1418 3294 1487; x_wconf 89' lang='lat' dir='ltr'><strong>Interpretationis</strong></span> <span class='ocrx_word' id='word_1_525' title='bbox 3325 1430 3503 1475; x_wconf 89' lang='lat' dir='ltr'><strong>autem</strong></span> <span class='ocrx_word' id='word_1_526' title='bbox 3522 1436 3632 1476; x_wconf 75' lang='lat' dir='ltr'><strong>suae</strong></span> 
     </span>
    </p>
   </div>
   <div class='ocr_carea' id='block_1_73' title="bbox 2057 1511 3632 1586">
    <p class='ocr_par' dir='ltr' id='par_1_73' title="bbox 2057 1511 3632 1586">
     <span class='ocr_line' id='line_1_73' title="bbox 2057 1511 3632 1586; baseline -0.003 -14"><span class='ocrx_word' id='word_1_527' title='bbox 2057 1515 2338 1586; x_wconf 89' lang='lat' dir='ltr'><strong>perﬁdiam</strong></span> <span class='ocrx_word' id='word_1_528' title='bbox 2372 1530 2438 1568; x_wconf 77' lang='lat' dir='ltr'><strong>ex</strong></span> <span class='ocrx_word' id='word_1_529' title='bbox 2468 1512 2629 1580; x_wconf 90' lang='lat' dir='ltr'><strong>hujus</strong></span> <span class='ocrx_word' id='word_1_530' title='bbox 2660 1511 2910 1567; x_wconf 84' lang='lat' dir='ltr'><strong>conflictu</strong></span> <span class='ocrx_word' id='word_1_531' title='bbox 2936 1520 3277 1581; x_wconf 90' lang='lat' dir='ltr'><strong>perspectum</strong></span> <span class='ocrx_word' id='word_1_532' title='bbox 3313 1512 3412 1578; x_wconf 91' lang='lat' dir='ltr'><strong>iri,</strong></span> <span class='ocrx_word' id='word_1_533' title='bbox 3440 1527 3632 1567; x_wconf 83' lang='lat' dir='ltr'><strong>versu-</strong></span> 
     </span>
    </p>
   </div>
   <div class='ocr_carea' id='block_1_74' title="bbox 2060 1602 3632 1678">
    <p class='ocr_par' dir='ltr' id='par_1_74' title="bbox 2060 1602 3632 1678">
     <span class='ocr_line' id='line_1_74' title="bbox 2060 1602 3632 1678; baseline -0.003 -16"><span class='ocrx_word' id='word_1_534' title='bbox 2060 1610 2269 1678; x_wconf 87' lang='lat' dir='ltr'><strong>tiasque</strong></span> <span class='ocrx_word' id='word_1_535' title='bbox 2310 1623 2436 1662; x_wconf 90' lang='lat' dir='ltr'><strong>suas</strong></span> <span class='ocrx_word' id='word_1_536' title='bbox 2460 1606 2572 1676; x_wconf 89' lang='lat' dir='ltr'><strong>jam</strong></span> <span class='ocrx_word' id='word_1_537' title='bbox 2617 1605 2857 1674; x_wconf 90' lang='lat' dir='ltr'><strong>proditas</strong></span> <span class='ocrx_word' id='word_1_538' title='bbox 2910 1604 3212 1674; x_wconf 85' lang='lat' dir='ltr'><strong>intelligens</strong></span> <span class='ocrx_word' id='word_1_539' title='bbox 3261 1602 3484 1658; x_wconf 87' lang='lat' dir='ltr'><strong>Ruﬁnus</strong></span> <span class='ocrx_word' id='word_1_540' title='bbox 3509 1645 3524 1669; x_wconf 89' lang='lat'><strong>,</strong></span> <span class='ocrx_word' id='word_1_541' title='bbox 3562 1602 3632 1658; x_wconf 87' lang='lat' dir='ltr'><strong>ad</strong></span> 
     </span>
    </p>
   </div>
   <div class='ocr_carea' id='block_1_75' title="bbox 2061 1695 3634 1769">
    <p class='ocr_par' dir='ltr' id='par_1_75' title="bbox 2061 1695 3634 1769">
     <span class='ocr_line' id='line_1_75' title="bbox 2061 1695 3634 1769; baseline -0.004 -13"><span class='ocrx_word' id='word_1_542' title='bbox 2061 1715 2296 1769; x_wconf 88' lang='lat' dir='ltr'><strong>eumque</strong></span> <span class='ocrx_word' id='word_1_543' title='bbox 2344 1699 2564 1767; x_wconf 88' lang='lat' dir='ltr'><strong>perlatis</strong></span> <span class='ocrx_word' id='word_1_544' title='bbox 2611 1697 2909 1766; x_wconf 90' lang='lat' dir='ltr'><strong>Aproniani</strong></span> <span class='ocrx_word' id='word_1_545' title='bbox 2951 1711 3116 1764; x_wconf 90' lang='lat' dir='ltr'><strong>opera</strong></span> <span class='ocrx_word' id='word_1_546' title='bbox 3158 1695 3372 1761; x_wconf 90' lang='lat' dir='ltr'><strong>litteris,</strong></span> <span class='ocrx_word' id='word_1_547' title='bbox 3406 1711 3542 1764; x_wconf 86' lang='lat' dir='ltr'><strong>quas</strong></span> <span class='ocrx_word' id='word_1_548' title='bbox 3567 1697 3634 1749; x_wconf 84' lang='lat' dir='ltr'><strong>ad</strong></span> 
     </span>
    </p>
   </div>
   <div class='ocr_carea' id='block_1_76' title="bbox 2060 1783 3638 1853">
    <p class='ocr_par' dir='ltr' id='par_1_76' title="bbox 2060 1783 3638 1853">
     <span class='ocr_line' id='line_1_76' title="bbox 2060 1783 3638 1853; baseline -0.002 -13"><span class='ocrx_word' id='word_1_549' title='bbox 2060 1783 2474 1840; x_wconf 88' lang='lat' dir='ltr'><strong>Pammachium</strong></span> <span class='ocrx_word' id='word_1_550' title='bbox 2503 1795 2558 1838; x_wconf 92' lang='lat' dir='ltr'><strong>et</strong></span> <span class='ocrx_word' id='word_1_551' title='bbox 2594 1783 2865 1840; x_wconf 90' lang='lat' dir='ltr'><strong>Oceanum</strong></span> <span class='ocrx_word' id='word_1_552' title='bbox 2902 1798 3007 1837; x_wconf 90' lang='lat' dir='ltr'><strong>una</strong></span> <span class='ocrx_word' id='word_1_553' title='bbox 3036 1799 3157 1838; x_wconf 90' lang='lat' dir='ltr'><strong>cum</strong></span> <span class='ocrx_word' id='word_1_554' title='bbox 3189 1783 3338 1838; x_wconf 89' lang='lat' dir='ltr'><strong>libris</strong></span> <span class='ocrx_word' id='word_1_555' title='bbox 3363 1783 3503 1852; x_wconf 79' lang='grc' dir='ltr'><strong>Περὶ</strong></span> <span class='ocrx_word' id='word_1_556' title='bbox 3535 1784 3638 1853; x_wconf 79' lang='grc' dir='ltr'><strong>ἀρ-</strong></span> 
     </span>
    </p>
   </div>
   <div class='ocr_carea' id='block_1_77' title="bbox 2066 1870 3635 1945">
    <p class='ocr_par' dir='ltr' id='par_1_77' title="bbox 2066 1870 3635 1945">
     <span class='ocr_line' id='line_1_77' title="bbox 2066 1870 3635 1945; baseline -0.004 -16"><span class='ocrx_word' id='word_1_557' title='bbox 2066 1874 2191 1945; x_wconf 79' lang='grc' dir='ltr'><strong>χῶν</strong></span> <span class='ocrx_word' id='word_1_558' title='bbox 2211 1889 2400 1930; x_wconf 89' lang='lat' dir='ltr'><strong>recens</strong></span> <span class='ocrx_word' id='word_1_559' title='bbox 2429 1889 2458 1927; x_wconf 92' lang='lat' dir='ltr'><strong>a</strong></span> <span class='ocrx_word' id='word_1_560' title='bbox 2491 1889 2548 1930; x_wconf 92' lang='lat' dir='ltr'><strong>se</strong></span> <span class='ocrx_word' id='word_1_561' title='bbox 2570 1871 2866 1927; x_wconf 88' lang='lat' dir='ltr'><strong>Latinitate</strong></span> <span class='ocrx_word' id='word_1_562' title='bbox 2893 1872 3108 1927; x_wconf 88' lang='lat' dir='ltr'><strong>donatis</strong></span> <span class='ocrx_word' id='word_1_563' title='bbox 3135 1870 3495 1942; x_wconf 86' lang='lat' dir='ltr'><strong>Hieronymus</strong></span> <span class='ocrx_word' id='word_1_564' title='bbox 3531 1874 3635 1926; x_wconf 81' lang='lat' dir='ltr'><strong>mi-</strong></span> 
     </span>
    </p>
   </div>
   <div class='ocr_carea' id='block_1_78' title="bbox 2070 1961 3641 2032">
    <p class='ocr_par' dir='ltr' id='par_1_78' title="bbox 2070 1961 3641 2032">
     <span class='ocr_line' id='line_1_78' title="bbox 2070 1961 3641 2032; baseline -0.005 -9"><span class='ocrx_word' id='word_1_565' title='bbox 2070 1976 2237 2032; x_wconf 90' lang='lat' dir='ltr'><strong>serat,</strong></span> <span class='ocrx_word' id='word_1_566' title='bbox 2263 1965 2557 2020; x_wconf 89' lang='lat' dir='ltr'><strong>triennium</strong></span> <span class='ocrx_word' id='word_1_567' title='bbox 2581 1965 2633 2018; x_wconf 74' lang='lat' dir='ltr'><strong>i&#39;i</strong></span> <span class='ocrx_word' id='word_1_568' title='bbox 2659 1963 2984 2018; x_wconf 86' lang='lat' dir='ltr'><strong>elaboranda</strong></span> <span class='ocrx_word' id='word_1_569' title='bbox 3009 1961 3206 2032; x_wconf 90' lang='lat' dir='ltr'><strong>duplici</strong></span> <span class='ocrx_word' id='word_1_570' title='bbox 3230 1962 3488 2032; x_wconf 86' lang='lat' dir='ltr'><strong>Apologia</strong></span> <span class='ocrx_word' id='word_1_571' title='bbox 3513 1977 3641 2016; x_wconf 83' lang='lat' dir='ltr'><strong>con-</strong></span> 
     </span>
    </p>
   </div>
   <div class='ocr_carea' id='block_1_79' title="bbox 2068 2055 3644 2124">
    <p class='ocr_par' dir='ltr' id='par_1_79' title="bbox 2068 2055 3644 2124">
     <span class='ocr_line' id='line_1_79' title="bbox 2068 2055 3644 2124; baseline -0.004 -10"><span class='ocrx_word' id='word_1_572' title='bbox 2068 2059 2244 2114; x_wconf 89' lang='lat' dir='ltr'><strong>trivit.</strong></span> <span class='ocrx_word' id='word_1_573' title='bbox 2279 2057 2434 2112; x_wconf 88' lang='lat' dir='ltr'><strong>Prior</strong></span> <span class='ocrx_word' id='word_1_574' title='bbox 2452 2066 2724 2110; x_wconf 86' lang='lat' dir='ltr'><strong>vetustate</strong></span> <span class='ocrx_word' id='word_1_575' title='bbox 2753 2055 3024 2109; x_wconf 88' lang='lat' dir='ltr'><strong>intercidit</strong></span> <span class='ocrx_word' id='word_1_576' title='bbox 3058 2071 3074 2107; x_wconf 87' lang='lat'>:</span> <span class='ocrx_word' id='word_1_577' title='bbox 3107 2055 3375 2122; x_wconf 89' lang='lat' dir='ltr'><strong>posterior</strong></span> <span class='ocrx_word' id='word_1_578' title='bbox 3398 2062 3644 2124; x_wconf 87' lang='lat' dir='ltr'><strong>superest</strong></span> 
     </span>
    </p>
   </div>
   <div class='ocr_carea' id='block_1_80' title="bbox 2072 2147 3642 2218">
    <p class='ocr_par' dir='ltr' id='par_1_80' title="bbox 2072 2147 3642 2218">
     <span class='ocr_line' id='line_1_80' title="bbox 2072 2147 3642 2218; baseline -0.003 -12"><span class='ocrx_word' id='word_1_579' title='bbox 2072 2152 2125 2206; x_wconf 88' lang='lat' dir='ltr'><strong>in</strong></span> <span class='ocrx_word' id='word_1_580' title='bbox 2156 2151 2289 2206; x_wconf 88' lang='lat' dir='ltr'><strong>duas</strong></span> <span class='ocrx_word' id='word_1_581' title='bbox 2341 2149 2539 2205; x_wconf 88' lang='lat' dir='ltr'><strong>divisas</strong></span> <span class='ocrx_word' id='word_1_582' title='bbox 2587 2157 2790 2218; x_wconf 87' lang='lat' dir='ltr'><strong>partes,</strong></span> <span class='ocrx_word' id='word_1_583' title='bbox 2832 2162 3056 2216; x_wconf 90' lang='lat' dir='ltr'><strong>quarum</strong></span> <span class='ocrx_word' id='word_1_584' title='bbox 3091 2149 3262 2216; x_wconf 91' lang='lat' dir='ltr'><strong>prima</strong></span> <span class='ocrx_word' id='word_1_585' title='bbox 3303 2147 3642 2201; x_wconf 57' lang='lat' dir='ltr'><strong>criminatioa</strong></span> 
     </span>
    </p>
   </div>
   <div class='ocr_carea' id='block_1_81' title="bbox 2072 2237 3643 2310">
    <p class='ocr_par' dir='ltr' id='par_1_81' title="bbox 2072 2237 3643 2310">
     <span class='ocr_line' id='line_1_81' title="bbox 2072 2237 3643 2310; baseline -0.004 -12"><span class='ocrx_word' id='word_1_586' title='bbox 2072 2258 2168 2298; x_wconf 93' lang='lat' dir='ltr'><strong>nes</strong></span> <span class='ocrx_word' id='word_1_587' title='bbox 2221 2244 2287 2296; x_wconf 90' lang='lat' dir='ltr'><strong>ab</strong></span> <span class='ocrx_word' id='word_1_588' title='bbox 2323 2241 2652 2310; x_wconf 89' lang='lat' dir='ltr'><strong>Hieronymo</strong></span> <span class='ocrx_word' id='word_1_589' title='bbox 2683 2241 2946 2309; x_wconf 86' lang='lat' dir='ltr'><strong>impactas</strong></span> <span class='ocrx_word' id='word_1_590' title='bbox 2986 2237 3201 2305; x_wconf 86' lang='lat' dir='ltr'><strong>refellit,</strong></span> <span class='ocrx_word' id='word_1_591' title='bbox 3238 2238 3406 2294; x_wconf 89' lang='lat' dir='ltr'><strong>altera</strong></span> <span class='ocrx_word' id='word_1_592' title='bbox 3452 2237 3643 2292; x_wconf 84' lang='lat' dir='ltr'><strong>Hiero-</strong></span> 
     </span>
    </p>
   </div>
   <div class='ocr_carea' id='block_1_82' title="bbox 2073 2331 3649 2409">
    <p class='ocr_par' dir='ltr' id='par_1_82' title="bbox 2073 2331 3649 2409">
     <span class='ocr_line' id='line_1_82' title="bbox 2073 2331 3649 2409; baseline -0.005 -17"><span class='ocrx_word' id='word_1_593' title='bbox 2073 2352 2294 2409; x_wconf 87' lang='lat' dir='ltr'><strong>nymum</strong></span> <span class='ocrx_word' id='word_1_594' title='bbox 2327 2334 2503 2405; x_wconf 89' lang='lat' dir='ltr'><strong>ipsum</strong></span> <span class='ocrx_word' id='word_1_595' title='bbox 2537 2334 2807 2404; x_wconf 74' lang='lat' dir='ltr'><strong>suggillet.</strong></span> <span class='ocrx_word' id='word_1_596' title='bbox 2843 2331 2971 2398; x_wconf 65' lang='lat' dir='ltr'><strong>Qua:</strong></span> <span class='ocrx_word' id='word_1_597' title='bbox 3010 2347 3130 2386; x_wconf 92' lang='lat' dir='ltr'><strong>cum</strong></span> <span class='ocrx_word' id='word_1_598' title='bbox 3163 2332 3215 2386; x_wconf 92' lang='lat' dir='ltr'><strong>in</strong></span> <span class='ocrx_word' id='word_1_599' title='bbox 3248 2340 3483 2400; x_wconf 89' lang='lat' dir='ltr'><strong>apertam</strong></span> <span class='ocrx_word' id='word_1_600' title='bbox 3519 2346 3649 2385; x_wconf 79' lang='lat' dir='ltr'><strong>con-</strong></span> 
     </span>
    </p>
   </div>
   <div class='ocr_carea' id='block_1_83' title="bbox 2077 2419 3646 2489">
    <p class='ocr_par' dir='ltr' id='par_1_83' title="bbox 2077 2419 3646 2489">
     <span class='ocr_line' id='line_1_83' title="bbox 2077 2419 3646 2489; baseline -0.005 -9"><span class='ocrx_word' id='word_1_601' title='bbox 2077 2426 2373 2481; x_wconf 87' lang='lat' dir='ltr'><strong>tentionem</strong></span> <span class='ocrx_word' id='word_1_602' title='bbox 2426 2432 2795 2489; x_wconf 83' lang='lat' dir='ltr'><strong>erumperent,</strong></span> <span class='ocrx_word' id='word_1_603' title='bbox 2823 2421 2956 2475; x_wconf 86' lang='lat' dir='ltr'><strong>duas</strong></span> <span class='ocrx_word' id='word_1_604' title='bbox 3006 2423 3058 2474; x_wconf 93' lang='lat' dir='ltr'><strong>in</strong></span> <span class='ocrx_word' id='word_1_605' title='bbox 3095 2429 3274 2489; x_wconf 86' lang='lat' dir='ltr'><strong>partes</strong></span> <span class='ocrx_word' id='word_1_606' title='bbox 3295 2460 3310 2483; x_wconf 91' lang='lat'><strong>,</strong></span> <span class='ocrx_word' id='word_1_607' title='bbox 3342 2429 3402 2473; x_wconf 92' lang='lat' dir='ltr'><strong>ut</strong></span> <span class='ocrx_word' id='word_1_608' title='bbox 3431 2419 3510 2485; x_wconf 90' lang='lat' dir='ltr'><strong>ﬁt,</strong></span> <span class='ocrx_word' id='word_1_609' title='bbox 3539 2419 3646 2472; x_wconf 84' lang='lat' dir='ltr'><strong>Ro-</strong></span> 
     </span>
    </p>
   </div>
   <div class='ocr_carea' id='block_1_84' title="bbox 2078 2511 3651 2575">
    <p class='ocr_par' dir='ltr' id='par_1_84' title="bbox 2078 2511 3651 2575">
     <span class='ocr_line' id='line_1_84' title="bbox 2078 2511 3651 2575; baseline -0.006 0"><span class='ocrx_word' id='word_1_610' title='bbox 2078 2535 2361 2575; x_wconf 90' lang='lat' dir='ltr'><strong>manorum</strong></span> <span class='ocrx_word' id='word_1_611' title='bbox 2386 2516 2820 2572; x_wconf 89' lang='lat' dir='ltr'><strong>Christianorum</strong></span> <span class='ocrx_word' id='word_1_612' title='bbox 2853 2514 3016 2569; x_wconf 90' lang='lat' dir='ltr'><strong>animi</strong></span> <span class='ocrx_word' id='word_1_613' title='bbox 3045 2515 3248 2575; x_wconf 89' lang='lat' dir='ltr'><strong>abiere,</strong></span> <span class='ocrx_word' id='word_1_614' title='bbox 3285 2528 3408 2566; x_wconf 91' lang='lat' dir='ltr'><strong>cum</strong></span> <span class='ocrx_word' id='word_1_615' title='bbox 3454 2511 3651 2566; x_wconf 85' lang='lat' dir='ltr'><strong>Ruﬁno</strong></span> 
     </span>
    </p>
   </div>
   <div class='ocr_carea' id='block_1_85' title="bbox 2079 2605 3653 2680">
    <p class='ocr_par' dir='ltr' id='par_1_85' title="bbox 2079 2605 3653 2680">
     <span class='ocr_line' id='line_1_85' title="bbox 2079 2605 3653 2680; baseline -0.004 -14"><span class='ocrx_word' id='word_1_616' title='bbox 2079 2613 2191 2679; x_wconf 89' lang='lat' dir='ltr'><strong>alii,</strong></span> <span class='ocrx_word' id='word_1_617' title='bbox 2223 2612 2312 2666; x_wconf 91' lang='lat' dir='ltr'><strong>alii</strong></span> <span class='ocrx_word' id='word_1_618' title='bbox 2348 2610 2678 2680; x_wconf 86' lang='lat' dir='ltr'><strong>Hieronymo</strong></span> <span class='ocrx_word' id='word_1_619' title='bbox 2728 2608 3009 2674; x_wconf 87' lang='lat' dir='ltr'><strong>faverent;</strong></span> <span class='ocrx_word' id='word_1_620' title='bbox 3042 2621 3140 2660; x_wconf 92' lang='lat' dir='ltr'><strong>nec</strong></span> <span class='ocrx_word' id='word_1_621' title='bbox 3188 2605 3415 2661; x_wconf 90' lang='lat' dir='ltr'><strong>Romani</strong></span> <span class='ocrx_word' id='word_1_622' title='bbox 3455 2607 3653 2661; x_wconf 81' lang='lat' dir='ltr'><strong>dunta-</strong></span> 
     </span>
    </p>
   </div>
   <div class='ocr_carea' id='block_1_86' title="bbox 2080 2695 3654 2770">
    <p class='ocr_par' dir='ltr' id='par_1_86' title="bbox 2080 2695 3654 2770">
     <span class='ocr_line' id='line_1_86' title="bbox 2080 2695 3654 2770; baseline -0.004 -12"><span class='ocrx_word' id='word_1_623' title='bbox 2080 2714 2196 2769; x_wconf 81' lang='lat' dir='ltr'><strong>xat,</strong></span> <span class='ocrx_word' id='word_1_624' title='bbox 2224 2701 2315 2758; x_wconf 86' lang='lat' dir='ltr'><strong>sed</strong></span> <span class='ocrx_word' id='word_1_625' title='bbox 2345 2708 2399 2756; x_wconf 89' lang='lat' dir='ltr'><strong>et</strong></span> <span class='ocrx_word' id='word_1_626' title='bbox 2447 2708 2713 2770; x_wconf 89' lang='lat' dir='ltr'><strong>quotquot</strong></span> <span class='ocrx_word' id='word_1_627' title='bbox 2743 2698 2857 2753; x_wconf 91' lang='lat' dir='ltr'><strong>fere</strong></span> <span class='ocrx_word' id='word_1_628' title='bbox 2904 2713 3002 2767; x_wconf 88' lang='lat' dir='ltr'><strong>per</strong></span> <span class='ocrx_word' id='word_1_629' title='bbox 3046 2695 3232 2751; x_wconf 89' lang='lat' dir='ltr'><strong>orbem</strong></span> <span class='ocrx_word' id='word_1_630' title='bbox 3268 2697 3438 2765; x_wconf 90' lang='lat' dir='ltr'><strong>sparsi</strong></span> <span class='ocrx_word' id='word_1_631' title='bbox 3475 2704 3654 2766; x_wconf 88' lang='lat' dir='ltr'><strong>erant,</strong></span> 
     </span>
    </p>
   </div>
   <div class='ocr_carea' id='block_1_87' title="bbox 2082 2790 2894 2850">
    <p class='ocr_par' dir='ltr' id='par_1_87' title="bbox 2082 2790 2894 2850">
     <span class='ocr_line' id='line_1_87' title="bbox 2082 2790 2894 2850; baseline -0.011 0"><span class='ocrx_word' id='word_1_632' title='bbox 2082 2795 2310 2850; x_wconf 82' lang='lat' dir='ltr'><strong>diversis</strong></span> <span class='ocrx_word' id='word_1_633' title='bbox 2340 2790 2535 2848; x_wconf 89' lang='lat' dir='ltr'><strong>studiis</strong></span> <span class='ocrx_word' id='word_1_634' title='bbox 2567 2790 2894 2845; x_wconf 88' lang='lat' dir='ltr'><strong>ferebantur.</strong></span> 
     </span>
    </p>
   </div>
   <div class='ocr_carea' id='block_1_88' title="bbox 2153 2917 3658 2990">
    <p class='ocr_par' dir='ltr' id='par_1_88' title="bbox 2153 2917 3658 2990">
     <span class='ocr_line' id='line_1_88' title="bbox 2153 2917 3658 2990; baseline -0.008 -6"><span class='ocrx_word' id='word_1_635' title='bbox 2153 2927 2297 2984; x_wconf 79' lang='lat' dir='ltr'><strong>XIX.</strong></span> <span class='ocrx_word' id='word_1_636' title='bbox 2342 2925 2480 2981; x_wconf 94' lang='lat' dir='ltr'><strong>Tum</strong></span> <span class='ocrx_word' id='word_1_637' title='bbox 2518 2937 2645 2978; x_wconf 90' lang='lat' dir='ltr'><strong>vero</strong></span> <span class='ocrx_word' id='word_1_638' title='bbox 2693 2921 2930 2990; x_wconf 89' lang='lat' dir='ltr'><strong>partium</strong></span> <span class='ocrx_word' id='word_1_639' title='bbox 2976 2934 3193 2974; x_wconf 91' lang='lat' dir='ltr'><strong>suarum</strong></span> <span class='ocrx_word' id='word_1_640' title='bbox 3231 2932 3353 2972; x_wconf 89' lang='lat' dir='ltr'><strong>esse</strong></span> <span class='ocrx_word' id='word_1_641' title='bbox 3390 2917 3658 2972; x_wconf 81' lang='lat' dir='ltr'><strong>intellexit</strong></span> 
     </span>
    </p>
   </div>
   <div class='ocr_carea' id='block_1_89' title="bbox 2084 3010 3660 3087">
    <p class='ocr_par' dir='ltr' id='par_1_89' title="bbox 2084 3010 3660 3087">
     <span class='ocr_line' id='line_1_89' title="bbox 2084 3010 3660 3087; baseline -0.009 -10"><span class='ocrx_word' id='word_1_642' title='bbox 2084 3019 2404 3077; x_wconf 88' lang='lat' dir='ltr'><strong>Anastasius</strong></span> <span class='ocrx_word' id='word_1_643' title='bbox 2433 3031 2592 3087; x_wconf 87' lang='lat' dir='ltr'><strong>papa,</strong></span> <span class='ocrx_word' id='word_1_644' title='bbox 2624 3029 2729 3070; x_wconf 90' lang='lat' dir='ltr'><strong>non</strong></span> <span class='ocrx_word' id='word_1_645' title='bbox 2769 3013 2987 3082; x_wconf 91' lang='lat' dir='ltr'><strong>quidem</strong></span> <span class='ocrx_word' id='word_1_646' title='bbox 3031 3010 3338 3065; x_wconf 83' lang='lat' dir='ltr'><strong>exorientes</strong></span> <span class='ocrx_word' id='word_1_647' title='bbox 3372 3018 3548 3066; x_wconf 92' lang='lat' dir='ltr'><strong>motus</strong></span> <span class='ocrx_word' id='word_1_648' title='bbox 3587 3010 3660 3064; x_wconf 83' lang='lat' dir='ltr'><strong>lc-</strong></span> 
     </span>
    </p>
   </div>
   <div class='ocr_carea' id='block_1_90' title="bbox 2089 3103 3661 3174">
    <p class='ocr_par' dir='ltr' id='par_1_90' title="bbox 2089 3103 3661 3174">
     <span class='ocr_line' id='line_1_90' title="bbox 2089 3103 3661 3174; baseline -0.008 -5"><span class='ocrx_word' id='word_1_649' title='bbox 2089 3112 2347 3169; x_wconf 87' lang='lat' dir='ltr'><strong>nimentis</strong></span> <span class='ocrx_word' id='word_1_650' title='bbox 2376 3109 2636 3165; x_wconf 88' lang='lat' dir='ltr'><strong>adhibitis</strong></span> <span class='ocrx_word' id='word_1_651' title='bbox 2661 3105 2970 3174; x_wconf 88' lang='lat' dir='ltr'><strong>consopire,</strong></span> <span class='ocrx_word' id='word_1_652' title='bbox 3000 3105 3144 3173; x_wconf 89' lang='lat' dir='ltr'><strong>quod</strong></span> <span class='ocrx_word' id='word_1_653' title='bbox 3185 3103 3385 3158; x_wconf 90' lang='lat' dir='ltr'><strong>factum</strong></span> <span class='ocrx_word' id='word_1_654' title='bbox 3408 3118 3438 3158; x_wconf 88' lang='lat' dir='ltr'><strong>a</strong></span> <span class='ocrx_word' id='word_1_655' title='bbox 3476 3103 3661 3158; x_wconf 46' lang='lat' dir='ltr'><strong>deces‘</strong></span> 
     </span>
    </p>
   </div>
   <div class='ocr_carea' id='block_1_91' title="bbox 2089 3194 3664 3274">
    <p class='ocr_par' dir='ltr' id='par_1_91' title="bbox 2089 3194 3664 3274">
     <span class='ocr_line' id='line_1_91' title="bbox 2089 3194 3664 3274; baseline -0.007 -13"><span class='ocrx_word' id='word_1_656' title='bbox 2089 3219 2214 3261; x_wconf 89' lang='lat' dir='ltr'><strong>sore</strong></span> <span class='ocrx_word' id='word_1_657' title='bbox 2247 3203 2366 3274; x_wconf 83' lang='lat' dir='ltr'><strong>ejus</strong></span> <span class='ocrx_word' id='word_1_658' title='bbox 2406 3201 2606 3257; x_wconf 85' lang='lat' dir='ltr'><strong>Siriciu</strong></span> <span class='ocrx_word' id='word_1_659' title='bbox 2647 3198 2978 3259; x_wconf 88' lang='lat' dir='ltr'><strong>notavimus,</strong></span> <span class='ocrx_word' id='word_1_660' title='bbox 3045 3197 3139 3251; x_wconf 85' lang='lat' dir='ltr'><strong>sed</strong></span> <span class='ocrx_word' id='word_1_661' title='bbox 3192 3194 3390 3249; x_wconf 90' lang='lat' dir='ltr'><strong>malum</strong></span> <span class='ocrx_word' id='word_1_662' title='bbox 3453 3194 3664 3250; x_wconf 85' lang='lat' dir='ltr'><strong>occulte</strong></span> 
     </span>
    </p>
   </div>
   <div class='ocr_carea' id='block_1_92' title="bbox 2091 3285 3665 3363">
    <p class='ocr_par' dir='ltr' id='par_1_92' title="bbox 2091 3285 3665 3363">
     <span class='ocr_line' id='line_1_92' title="bbox 2091 3285 3665 3363; baseline -0.011 -9"><span class='ocrx_word' id='word_1_663' title='bbox 2091 3310 2345 3354; x_wconf 88' lang='lat' dir='ltr'><strong>crescens</strong></span> <span class='ocrx_word' id='word_1_664' title='bbox 2381 3292 2683 3363; x_wconf 88' lang='lat' dir='ltr'><strong>apostolica</strong></span> <span class='ocrx_word' id='word_1_665' title='bbox 2733 3288 3062 3344; x_wconf 86' lang='lat' dir='ltr'><strong>auctoritate</strong></span> <span class='ocrx_word' id='word_1_666' title='bbox 3092 3285 3422 3342; x_wconf 89' lang='lat' dir='ltr'><strong>rescindere.</strong></span> <span class='ocrx_word' id='word_1_667' title='bbox 3456 3285 3538 3339; x_wconf 89' lang='lat' dir='ltr'><strong>Re</strong></span> <span class='ocrx_word' id='word_1_668' title='bbox 3563 3285 3665 3338; x_wconf 86' lang='lat' dir='ltr'><strong>ita-</strong></span> 
     </span>
    </p>
   </div>
   <div class='ocr_carea' id='block_1_93' title="bbox 2091 3383 3665 3459">
    <p class='ocr_par' dir='ltr' id='par_1_93' title="bbox 2091 3383 3665 3459">
     <span class='ocr_line' id='line_1_93' title="bbox 2091 3383 3665 3459; baseline -0.011 -14"><span class='ocrx_word' id='word_1_669' title='bbox 2091 3405 2197 3459; x_wconf 89' lang='lat' dir='ltr'><strong>que</strong></span> <span class='ocrx_word' id='word_1_670' title='bbox 2247 3390 2336 3444; x_wconf 92' lang='lat' dir='ltr'><strong>diu</strong></span> <span class='ocrx_word' id='word_1_671' title='bbox 2375 3401 2439 3442; x_wconf 90' lang='lat' dir='ltr'><strong>ac</strong></span> <span class='ocrx_word' id='word_1_672' title='bbox 2468 3394 2680 3440; x_wconf 89' lang='lat' dir='ltr'><strong>mature</strong></span> <span class='ocrx_word' id='word_1_673' title='bbox 2722 3383 2776 3437; x_wconf 94' lang='lat' dir='ltr'><strong>in</strong></span> <span class='ocrx_word' id='word_1_674' title='bbox 2805 3391 3092 3450; x_wconf 88' lang='lat' dir='ltr'><strong>utramque</strong></span> <span class='ocrx_word' id='word_1_675' title='bbox 3128 3387 3335 3449; x_wconf 90' lang='lat' dir='ltr'><strong>partem</strong></span> <span class='ocrx_word' id='word_1_676' title='bbox 3378 3391 3665 3446; x_wconf 87' lang='lat' dir='ltr'><strong>perpensa,</strong></span> 
     </span>
    </p>
   </div>
   <div class='ocr_carea' id='block_1_94' title="bbox 2093 3468 3666 3552">
    <p class='ocr_par' dir='ltr' id='par_1_94' title="bbox 2093 3468 3666 3552">
     <span class='ocr_line' id='line_1_94' title="bbox 2093 3468 3666 3552; baseline -0.01 -15"><span class='ocrx_word' id='word_1_677' title='bbox 2093 3481 2346 3552; x_wconf 88' lang='lat' dir='ltr'><strong>Origenis</strong></span> <span class='ocrx_word' id='word_1_678' title='bbox 2375 3479 2588 3532; x_wconf 90' lang='lat' dir='ltr'><strong>tandem</strong></span> <span class='ocrx_word' id='word_1_679' title='bbox 2611 3475 2890 3531; x_wconf 89' lang='lat' dir='ltr'><strong>erroribus</strong></span> <span class='ocrx_word' id='word_1_680' title='bbox 2925 3474 3194 3528; x_wconf 69' lang='lat' dir='ltr'><strong>hazreseos</strong></span> <span class='ocrx_word' id='word_1_681' title='bbox 3215 3477 3396 3522; x_wconf 92' lang='lat' dir='ltr'><strong>notam</strong></span> <span class='ocrx_word' id='word_1_682' title='bbox 3435 3468 3666 3542; x_wconf 83' lang='lat' dir='ltr'><strong>impres-</strong></span> 
     </span>
    </p>
   </div>
   <div class='ocr_carea' id='block_1_95' title="bbox 2094 3535 3669 3635">
    <p class='ocr_par' dir='ltr' id='par_1_95' title="bbox 2094 3535 3669 3635">
     <span class='ocr_line' id='line_1_95' title="bbox 2094 3535 3669 3635; baseline -0.012 -8"><span class='ocrx_word' id='word_1_683' title='bbox 2094 3535 2331 3627; x_wconf 46' lang='lat' dir='ltr'><strong>sitim</strong></span> <span class='ocrx_word' id='word_1_684' title='bbox 2358 3566 2488 3622; x_wconf 70' lang='lat'><strong>400.</strong></span> <span class='ocrx_word' id='word_1_685' title='bbox 2517 3564 2798 3635; x_wconf 85' lang='lat' dir='ltr'><strong>Theophili</strong></span> <span class='ocrx_word' id='word_1_686' title='bbox 2828 3561 3062 3619; x_wconf 88' lang='lat' dir='ltr'><strong>studium</strong></span> <span class='ocrx_word' id='word_1_687' title='bbox 3089 3560 3349 3624; x_wconf 85' lang='lat' dir='ltr'><strong>imitatus,</strong></span> <span class='ocrx_word' id='word_1_688' title='bbox 3387 3556 3478 3626; x_wconf 90' lang='lat' dir='ltr'><strong>qui</strong></span> <span class='ocrx_word' id='word_1_689' title='bbox 3512 3535 3669 3626; x_wconf 77' lang='lat' dir='ltr'><strong>supe-</strong></span> 
     </span>
    </p>
   </div>
   <div class='ocr_carea' id='block_1_96' title="bbox 2097 3647 3671 3724">
    <p class='ocr_par' dir='ltr' id='par_1_96' title="bbox 2097 3647 3671 3724">
     <span class='ocr_line' id='line_1_96' title="bbox 2097 3647 3671 3724; baseline -0.011 -7"><span class='ocrx_word' id='word_1_690' title='bbox 2097 3664 2244 3718; x_wconf 91' lang='lat' dir='ltr'><strong>riore</strong></span> <span class='ocrx_word' id='word_1_691' title='bbox 2270 3673 2413 3714; x_wconf 89' lang='lat' dir='ltr'><strong>anno</strong></span> <span class='ocrx_word' id='word_1_692' title='bbox 2442 3659 2496 3712; x_wconf 93' lang='lat' dir='ltr'><strong>in</strong></span> <span class='ocrx_word' id='word_1_693' title='bbox 2525 3655 2895 3712; x_wconf 78' lang='lat' dir='ltr'><strong>Alexandrina</strong></span> <span class='ocrx_word' id='word_1_694' title='bbox 2936 3652 3143 3724; x_wconf 89' lang='lat' dir='ltr'><strong>synodo</strong></span> <span class='ocrx_word' id='word_1_695' title='bbox 3178 3649 3397 3706; x_wconf 88' lang='lat' dir='ltr'><strong>eosdem</strong></span> <span class='ocrx_word' id='word_1_696' title='bbox 3443 3647 3671 3702; x_wconf 86' lang='lat' dir='ltr'><strong>damna-</strong></span> 
     </span>
    </p>
   </div>
   <div class='ocr_carea' id='block_1_97' title="bbox 2095 3737 3670 3813">
    <p class='ocr_par' dir='ltr' id='par_1_97' title="bbox 2095 3737 3670 3813">
     <span class='ocr_line' id='line_1_97' title="bbox 2095 3737 3670 3813; baseline -0.013 -2"><span class='ocrx_word' id='word_1_697' title='bbox 2095 3765 2271 3811; x_wconf 89' lang='lat' dir='ltr'><strong>verat.</strong></span> <span class='ocrx_word' id='word_1_698' title='bbox 2294 3752 2490 3808; x_wconf 90' lang='lat' dir='ltr'><strong>Statim</strong></span> <span class='ocrx_word' id='word_1_699' title='bbox 2515 3763 2646 3805; x_wconf 85' lang='lat' dir='ltr'><strong>vero</strong></span> <span class='ocrx_word' id='word_1_700' title='bbox 2667 3746 2907 3802; x_wconf 89' lang='lat' dir='ltr'><strong>dimissis</strong></span> <span class='ocrx_word' id='word_1_701' title='bbox 2939 3746 2992 3798; x_wconf 92' lang='lat' dir='ltr'><strong>in</strong></span> <span class='ocrx_word' id='word_1_702' title='bbox 3023 3758 3215 3799; x_wconf 91' lang='lat' dir='ltr'><strong>omnes</strong></span> <span class='ocrx_word' id='word_1_703' title='bbox 3242 3751 3425 3813; x_wconf 87' lang='lat' dir='ltr'><strong>partes</strong></span> <span class='ocrx_word' id='word_1_704' title='bbox 3447 3737 3670 3803; x_wconf 84' lang='lat' dir='ltr'><strong>nuntiis,</strong></span> 
     </span>
    </p>
   </div>
   <div class='ocr_carea' id='block_1_98' title="bbox 2098 3829 3674 3917">
    <p class='ocr_par' dir='ltr' id='par_1_98' title="bbox 2098 3829 3674 3917">
     <span class='ocr_line' id='line_1_98' title="bbox 2098 3829 3674 3917; baseline -0.014 -14"><span class='ocrx_word' id='word_1_705' title='bbox 2098 3846 2548 3917; x_wconf 80' lang='lat' dir='ltr'><strong>Origenianorum</strong></span> <span class='ocrx_word' id='word_1_706' title='bbox 2602 3854 2848 3895; x_wconf 90' lang='lat' dir='ltr'><strong>errorum</strong></span> <span class='ocrx_word' id='word_1_707' title='bbox 2908 3835 3306 3892; x_wconf 86' lang='lat' dir='ltr'><strong>damnationem</strong></span> <span class='ocrx_word' id='word_1_708' title='bbox 3367 3829 3674 3902; x_wconf 88' lang='lat' dir='ltr'><strong>promulgat</strong></span> 
     </span>
    </p>
   </div>
   <div class='ocr_carea' id='block_1_99' title="bbox 2097 3921 3673 4002">
    <p class='ocr_par' dir='ltr' id='par_1_99' title="bbox 2097 3921 3673 4002">
     <span class='ocr_line' id='line_1_99' title="bbox 2097 3921 3673 4002; baseline -0.014 -9"><span class='ocrx_word' id='word_1_709' title='bbox 2097 3935 2454 4000; x_wconf 85' lang='lat' dir='ltr'><strong>Anastasius;</strong></span> <span class='ocrx_word' id='word_1_710' title='bbox 2512 3946 2618 4002; x_wconf 92' lang='lat' dir='ltr'><strong>qua</strong></span> <span class='ocrx_word' id='word_1_711' title='bbox 2658 3937 2881 3998; x_wconf 88' lang='lat' dir='ltr'><strong>accepta</strong></span> <span class='ocrx_word' id='word_1_712' title='bbox 2933 3927 3093 3980; x_wconf 89' lang='lat' dir='ltr'><strong>iidem</strong></span> <span class='ocrx_word' id='word_1_713' title='bbox 3143 3925 3343 3994; x_wconf 89' lang='lat' dir='ltr'><strong>passim</strong></span> <span class='ocrx_word' id='word_1_714' title='bbox 3398 3921 3673 3990; x_wconf 89' lang='lat' dir='ltr'><strong>reprobati</strong></span> 
     </span>
    </p>
   </div>
   <div class='ocr_carea' id='block_1_100' title="bbox 2100 4011 3674 4086">
    <p class='ocr_par' dir='ltr' id='par_1_100' title="bbox 2100 4011 3674 4086">
     <span class='ocr_line' id='line_1_100' title="bbox 2100 4011 3674 4086; baseline -0.015 -1"><span class='ocrx_word' id='word_1_715' title='bbox 2100 4037 2245 4086; x_wconf 91' lang='lat' dir='ltr'><strong>sunt.</strong></span> <span class='ocrx_word' id='word_1_716' title='bbox 2277 4027 2353 4081; x_wconf 89' lang='lat' dir='ltr'><strong>Ea</strong></span> <span class='ocrx_word' id='word_1_717' title='bbox 2387 4025 2454 4080; x_wconf 89' lang='lat' dir='ltr'><strong>de</strong></span> <span class='ocrx_word' id='word_1_718' title='bbox 2499 4038 2558 4077; x_wconf 88' lang='lat' dir='ltr'><strong>re</strong></span> <span class='ocrx_word' id='word_1_719' title='bbox 2598 4021 2959 4076; x_wconf 87' lang='lat' dir='ltr'><strong>disserentem</strong></span> <span class='ocrx_word' id='word_1_720' title='bbox 3000 4017 3282 4070; x_wconf 89' lang='lat' dir='ltr'><strong>audiamus</strong></span> <span class='ocrx_word' id='word_1_721' title='bbox 3318 4011 3674 4081; x_wconf 87' lang='lat' dir='ltr'><strong>Theophilum</strong></span> 
     </span>
    </p>
   </div>
   <div class='ocr_carea' id='block_1_101' title="bbox 2103 4101 3682 4186">
    <p class='ocr_par' dir='ltr' id='par_1_101' title="bbox 2103 4101 3682 4186">
     <span class='ocr_line' id='line_1_101' title="bbox 2103 4101 3682 4186; baseline -0.013 -12"><span class='ocrx_word' id='word_1_722' title='bbox 2103 4121 2156 4175; x_wconf 91' lang='lat' dir='ltr'><strong>in</strong></span> <span class='ocrx_word' id='word_1_723' title='bbox 2199 4117 2439 4186; x_wconf 79' lang='lat' dir='ltr'><strong>Epistola</strong></span> <span class='ocrx_word' id='word_1_724' title='bbox 2490 4117 2558 4167; x_wconf 87' lang='lat' dir='ltr'><strong>ad</strong></span> <span class='ocrx_word' id='word_1_725' title='bbox 2611 4113 2869 4181; x_wconf 73' lang='lat' dir='ltr'><strong>quosdam</strong></span> <span class='ocrx_word' id='word_1_726' title='bbox 2915 4108 3230 4168; x_wconf 82' lang='lat' dir='ltr'><strong>monachos,</strong></span> <span class='ocrx_word' id='word_1_727' title='bbox 3262 4118 3424 4172; x_wconf 88' lang='lat' dir='ltr'><strong>quam</strong></span> <span class='ocrx_word' id='word_1_728' title='bbox 3473 4101 3682 4172; x_wconf 86' lang='lat' dir='ltr'><strong>profert</strong></span> 
     </span>
    </p>
   </div>
   <div class='ocr_carea' id='block_1_102' title="bbox 2103 4191 3681 4275">
    <p class='ocr_par' dir='ltr' id='par_1_102' title="bbox 2103 4191 3681 4275">
     <span class='ocr_line' id='line_1_102' title="bbox 2103 4191 3681 4275; baseline -0.015 -10"><span class='ocrx_word' id='word_1_729' title='bbox 2103 4210 2346 4266; x_wconf 83' lang='lat' dir='ltr'><strong>Julianus</strong></span> <span class='ocrx_word' id='word_1_730' title='bbox 2382 4206 2436 4261; x_wconf 92' lang='lat' dir='ltr'><strong>in</strong></span> <span class='ocrx_word' id='word_1_731' title='bbox 2473 4202 2714 4275; x_wconf 81' lang='lat' dir='ltr'><strong>Epistola</strong></span> <span class='ocrx_word' id='word_1_732' title='bbox 2761 4201 2830 4256; x_wconf 86' lang='lat' dir='ltr'><strong>ad</strong></span> <span class='ocrx_word' id='word_1_733' title='bbox 2876 4197 3084 4253; x_wconf 80' lang='lat' dir='ltr'><strong>Menam</strong></span> <span class='ocrx_word' id='word_1_734' title='bbox 3113 4213 3131 4250; x_wconf 91' lang='lat'><strong><em>:</em></strong></span> <span class='ocrx_word' id='word_1_735' title='bbox 3155 4192 3362 4248; x_wconf 83' lang='grc' dir='ltr'>Οὐκοῦν</span> <span class='ocrx_word' id='word_1_736' title='bbox 3407 4191 3681 4262; x_wconf 73' lang='grc' dir='ltr'>ἀναθεμασο</span> 
     </span>
    </p>
   </div>
   <div class='ocr_carea' id='block_1_103' title="bbox 2104 4281 3678 4366">
    <p class='ocr_par' dir='ltr' id='par_1_103' title="bbox 2104 4281 3678 4366">
     <span class='ocr_line' id='line_1_103' title="bbox 2104 4281 3678 4366; baseline -0.015 -10"><span class='ocrx_word' id='word_1_737' title='bbox 2104 4301 2340 4366; x_wconf 76' lang='grc' dir='ltr'><strong>τεζοντες</strong></span> <span class='ocrx_word' id='word_1_738' title='bbox 2390 4298 2480 4351; x_wconf 79' lang='grc' dir='ltr'>τὸν</span> <span class='ocrx_word' id='word_1_739' title='bbox 2515 4292 2816 4366; x_wconf 77' lang='grc' dir='ltr'><strong>Ὠριγένην,</strong></span> <span class='ocrx_word' id='word_1_740' title='bbox 2841 4291 2934 4342; x_wconf 70' lang='grc' dir='ltr'><strong>καὶ</strong></span> <span class='ocrx_word' id='word_1_741' title='bbox 2972 4289 3096 4350; x_wconf 81' lang='grc' dir='ltr'>τοὺς</span> <span class='ocrx_word' id='word_1_742' title='bbox 3133 4285 3322 4348; x_wconf 77' lang='grc' dir='ltr'>ἄλλους</span> <span class='ocrx_word' id='word_1_743' title='bbox 3350 4281 3678 4357; x_wconf 60' lang='grc' dir='ltr'>αἱρετικοὺς,</span> 
     </span>
    </p>
   </div>
   <div class='ocr_carea' id='block_1_104' title="bbox 2107 4373 3682 4464">
    <p class='ocr_par' dir='ltr' id='par_1_104' title="bbox 2107 4373 3682 4464">
     <span class='ocr_line' id='line_1_104' title="bbox 2107 4373 3682 4464; baseline -0.015 -16"><span class='ocrx_word' id='word_1_744' title='bbox 2107 4394 2294 4464; x_wconf 72' lang='grc' dir='ltr'>ὥσπερ</span> <span class='ocrx_word' id='word_1_745' title='bbox 2326 4391 2484 4463; x_wconf 79' lang='grc' dir='ltr'>ἡμεῖς</span> <span class='ocrx_word' id='word_1_746' title='bbox 2530 4387 2624 4440; x_wconf 73' lang='grc' dir='ltr'>καὶ</span> <span class='ocrx_word' id='word_1_747' title='bbox 2647 4385 2674 4436; x_wconf 91' lang='grc' dir='ltr'>ὁ</span> <span class='ocrx_word' id='word_1_748' title='bbox 2703 4382 2802 4452; x_wconf 79' lang='grc' dir='ltr'><strong>τῆς</strong></span> <span class='ocrx_word' id='word_1_749' title='bbox 2846 4380 3126 4450; x_wconf 83' lang='grc' dir='ltr'>Ῥωμαίων</span> <span class='ocrx_word' id='word_1_750' title='bbox 3166 4376 3326 4444; x_wconf 79' lang='grc' dir='ltr'>ἁγίας</span> <span class='ocrx_word' id='word_1_751' title='bbox 3360 4373 3682 4443; x_wconf 80' lang='grc' dir='ltr'><strong>Ἐκκλησίας</strong></span> 
     </span>
    </p>
   </div>
   <div class='ocr_carea' id='block_1_105' title="bbox 2110 4464 3685 4547">
    <p class='ocr_par' dir='ltr' id='par_1_105' title="bbox 2110 4464 3685 4547">
     <span class='ocr_line' id='line_1_105' title="bbox 2110 4464 3685 4547; baseline -0.017 -5"><span class='ocrx_word' id='word_1_752' title='bbox 2110 4486 2402 4547; x_wconf 79' lang='grc' dir='ltr'>ἐπίσκοπος</span> <span class='ocrx_word' id='word_1_753' title='bbox 2463 4477 2832 4540; x_wconf 77' lang='grc' dir='ltr'><strong>Ἀναστὰσιος,</strong></span> <span class='ocrx_word' id='word_1_754' title='bbox 2868 4476 2932 4527; x_wconf 79' lang='grc' dir='ltr'><strong>ἐκ</strong></span> <span class='ocrx_word' id='word_1_755' title='bbox 2967 4470 3337 4540; x_wconf 79' lang='grc' dir='ltr'><strong>παλαιοτέρων</strong></span> <span class='ocrx_word' id='word_1_756' title='bbox 3373 4464 3685 4536; x_wconf 77' lang='grc' dir='ltr'><strong>ἀγωνισμά-</strong></span> 
     </span>
    </p>
   </div>
   <div class='ocr_carea' id='block_1_106' title="bbox 2115 4553 3682 4640">
    <p class='ocr_par' dir='ltr' id='par_1_106' title="bbox 2115 4553 3682 4640">
     <span class='ocr_line' id='line_1_106' title="bbox 2115 4553 3682 4640; baseline -0.019 -8"><span class='ocrx_word' id='word_1_757' title='bbox 2115 4595 2221 4632; x_wconf 81' lang='grc' dir='ltr'><strong>των</strong></span> <span class='ocrx_word' id='word_1_758' title='bbox 2264 4574 2469 4640; x_wconf 72' lang='grc' dir='ltr'>ἔνδοξος</span> <span class='ocrx_word' id='word_1_759' title='bbox 2494 4566 2793 4640; x_wconf 78' lang='grc' dir='ltr'><strong>στρατηγὸς</strong></span> <span class='ocrx_word' id='word_1_760' title='bbox 2817 4563 3085 4632; x_wconf 78' lang='grc' dir='ltr'>ἐπισήμου</span> <span class='ocrx_word' id='word_1_761' title='bbox 3112 4558 3241 4612; x_wconf 83' lang='grc' dir='ltr'>λαοῦ</span> <span class='ocrx_word' id='word_1_762' title='bbox 3267 4553 3682 4629; x_wconf 76' lang='grc' dir='ltr'>χειροτονηθεὶς,</span> 
     </span>
    </p>
   </div>
   <div class='ocr_carea' id='block_1_107' title="bbox 2116 4651 3688 4742">
    <p class='ocr_par' dir='ltr' id='par_1_107' title="bbox 2116 4651 3688 4742">
     <span class='ocr_line' id='line_1_107' title="bbox 2116 4651 3688 4742; baseline -0.016 -15"><span class='ocrx_word' id='word_1_763' title='bbox 2116 4668 2162 4742; x_wconf 80' lang='grc' dir='ltr'>ᾧ</span> <span class='ocrx_word' id='word_1_764' title='bbox 2188 4673 2280 4726; x_wconf 76' lang='grc' dir='ltr'>καὶ</span> <span class='ocrx_word' id='word_1_765' title='bbox 2306 4671 2454 4722; x_wconf 79' lang='grc' dir='ltr'>πᾶσα</span> <span class='ocrx_word' id='word_1_766' title='bbox 2485 4664 2591 4718; x_wconf 84' lang='grc' dir='ltr'><strong>τῶν</strong></span> <span class='ocrx_word' id='word_1_767' title='bbox 2625 4661 2904 4734; x_wconf 82' lang='grc' dir='ltr'><strong>μακαρίων</strong></span> <span class='ocrx_word' id='word_1_768' title='bbox 2933 4657 3072 4713; x_wconf 80' lang='grc' dir='ltr'><strong>κατὰ</strong></span> <span class='ocrx_word' id='word_1_769' title='bbox 3093 4657 3190 4728; x_wconf 80' lang='grc' dir='ltr'><strong>τὴν</strong></span> <span class='ocrx_word' id='word_1_770' title='bbox 3205 4655 3352 4708; x_wconf 83' lang='grc' dir='ltr'>δύσιν</span> <span class='ocrx_word' id='word_1_771' title='bbox 3375 4651 3688 4706; x_wconf 74' lang='grc' dir='ltr'>ἐπισκόπων</span> 
     </span>
    </p>
   </div>
   <div class='ocr_carea' id='block_1_108' title="bbox 2115 4742 3691 4824">
    <p class='ocr_par' dir='ltr' id='par_1_108' title="bbox 2115 4742 3691 4824">
     <span class='ocr_line' id='line_1_108' title="bbox 2115 4742 3691 4824; baseline -0.016 -5"><span class='ocrx_word' id='word_1_772' title='bbox 2115 4765 2305 4818; x_wconf 75' lang='grc' dir='ltr'>ἕπεται</span> <span class='ocrx_word' id='word_1_773' title='bbox 2318 4760 2550 4822; x_wconf 80' lang='grc' dir='ltr'><strong>σύνοδος,</strong></span> <span class='ocrx_word' id='word_1_774' title='bbox 2569 4753 2936 4824; x_wconf 77' lang='grc' dir='ltr'>ἀποδεχομένη</span> <span class='ocrx_word' id='word_1_775' title='bbox 2952 4751 3049 4819; x_wconf 84' lang='grc' dir='ltr'><strong>τῆς</strong></span> <span class='ocrx_word' id='word_1_776' title='bbox 3061 4743 3559 4814; x_wconf 80' lang='grc' dir='ltr'>τῶνἈλεξανδρὲων</span> <span class='ocrx_word' id='word_1_777' title='bbox 3576 4742 3691 4795; x_wconf 78' lang='grc' dir='ltr'><strong>Ἑκ-</strong></span> 
     </span>
    </p>
   </div>
   <div class='ocr_carea' id='block_1_109' title="bbox 2116 4833 3691 4927">
    <p class='ocr_par' dir='ltr' id='par_1_109' title="bbox 2116 4833 3691 4927">
     <span class='ocr_line' id='line_1_109' title="bbox 2116 4833 3691 4927; baseline -0.017 -17"><span class='ocrx_word' id='word_1_778' title='bbox 2116 4855 2340 4927; x_wconf 79' lang='grc' dir='ltr'>κλησίας</span> <span class='ocrx_word' id='word_1_779' title='bbox 2360 4853 2456 4923; x_wconf 82' lang='grc' dir='ltr'><strong>τὴν</strong></span> <span class='ocrx_word' id='word_1_780' title='bbox 2472 4849 2612 4905; x_wconf 80' lang='grc' dir='ltr'>κατὰ</span> <span class='ocrx_word' id='word_1_781' title='bbox 2638 4847 2732 4900; x_wconf 79' lang='grc' dir='ltr'>τοῦ</span> <span class='ocrx_word' id='word_1_782' title='bbox 2753 4843 2980 4907; x_wconf 80' lang='grc' dir='ltr'>ἀσεϐοῦς</span> <span class='ocrx_word' id='word_1_783' title='bbox 2998 4842 3196 4912; x_wconf 72' lang='grc' dir='ltr'>ψῆφον.</span> <span class='ocrx_word' id='word_1_784' title='bbox 3221 4859 3238 4890; x_wconf 85' lang='grc'><strong>‹</strong></span> <span class='ocrx_word' id='word_1_785' title='bbox 3264 4835 3430 4906; x_wconf 85' lang='lat' dir='ltr'><strong>Igitur</strong></span> <span class='ocrx_word' id='word_1_786' title='bbox 3468 4833 3691 4886; x_wconf 89' lang='lat' dir='ltr'><strong>anathe-</strong></span> 
     </span>
    </p>
   </div>
   <div class='ocr_carea' id='block_1_110' title="bbox 2117 4927 3692 5002">
    <p class='ocr_par' dir='ltr' id='par_1_110' title="bbox 2117 4927 3692 5002">
     <span class='ocr_line' id='line_1_110' title="bbox 2117 4927 3692 5002; baseline -0.018 -1"><span class='ocrx_word' id='word_1_787' title='bbox 2117 4961 2204 5000; x_wconf 90' lang='lat' dir='ltr'><strong>ma</strong></span> <span class='ocrx_word' id='word_1_788' title='bbox 2231 4946 2473 4999; x_wconf 89' lang='lat' dir='ltr'><strong>dicentes</strong></span> <span class='ocrx_word' id='word_1_789' title='bbox 2507 4942 2559 4993; x_wconf 92' lang='lat' dir='ltr'><strong>in</strong></span> <span class='ocrx_word' id='word_1_790' title='bbox 2591 4933 3164 5002; x_wconf 69' lang='lat' dir='ltr'><strong>Origenem,aliosque</strong></span> <span class='ocrx_word' id='word_1_791' title='bbox 3187 4927 3490 4988; x_wconf 60' lang='lat' dir='ltr'><strong>haereticos,</strong></span> <span class='ocrx_word' id='word_1_792' title='bbox 3509 4937 3692 4993; x_wconf 88' lang='lat' dir='ltr'><strong>quem-</strong></span> 
     </span>
    </p>
   </div>
   <div class='ocr_carea' id='block_1_111' title="bbox 2122 5015 3695 5094">
    <p class='ocr_par' dir='ltr' id='par_1_111' title="bbox 2122 5015 3695 5094">
     <span class='ocr_line' id='line_1_111' title="bbox 2122 5015 3695 5094; baseline -0.019 -2"><span class='ocrx_word' id='word_1_793' title='bbox 2122 5039 2412 5094; x_wconf 90' lang='lat' dir='ltr'><strong>admodum</strong></span> <span class='ocrx_word' id='word_1_794' title='bbox 2446 5033 2646 5086; x_wconf 89' lang='lat' dir='ltr'><strong>factum</strong></span> <span class='ocrx_word' id='word_1_795' title='bbox 2687 5040 2772 5083; x_wconf 87' lang='lat' dir='ltr'><strong>est</strong></span> <span class='ocrx_word' id='word_1_796' title='bbox 2809 5043 2836 5079; x_wconf 90' lang='lat' dir='ltr'><strong>a</strong></span> <span class='ocrx_word' id='word_1_797' title='bbox 2880 5025 3054 5088; x_wconf 91' lang='lat' dir='ltr'><strong>nobis,</strong></span> <span class='ocrx_word' id='word_1_798' title='bbox 3075 5034 3129 5077; x_wconf 89' lang='lat' dir='ltr'><strong>et</strong></span> <span class='ocrx_word' id='word_1_799' title='bbox 3155 5021 3222 5075; x_wconf 89' lang='lat' dir='ltr'><strong>ab</strong></span> <span class='ocrx_word' id='word_1_800' title='bbox 3261 5015 3548 5074; x_wconf 82' lang='lat' dir='ltr'><strong>Anastasio</strong></span> <span class='ocrx_word' id='word_1_801' title='bbox 3574 5027 3695 5066; x_wconf 89' lang='lat' dir='ltr'><strong>san-</strong></span> 
     </span>
    </p>
   </div>
   <div class='ocr_carea' id='block_1_112' title="bbox 2118 5101 3695 5187">
    <p class='ocr_par' dir='ltr' id='par_1_112' title="bbox 2118 5101 3695 5187">
     <span class='ocr_line' id='line_1_112' title="bbox 2118 5101 3695 5187; baseline -0.018 -2"><span class='ocrx_word' id='word_1_802' title='bbox 2118 5141 2218 5186; x_wconf 72' lang='lat' dir='ltr'><strong>etae</strong></span> <span class='ocrx_word' id='word_1_803' title='bbox 2245 5129 2612 5182; x_wconf 88' lang='lat' dir='ltr'><strong>Romanorum</strong></span> <span class='ocrx_word' id='word_1_804' title='bbox 2638 5121 2891 5177; x_wconf 65' lang='lat' dir='ltr'><strong>Ecclesia:</strong></span> <span class='ocrx_word' id='word_1_805' title='bbox 2919 5119 3192 5187; x_wconf 84' lang='lat' dir='ltr'><strong>episcopo,</strong></span> <span class='ocrx_word' id='word_1_806' title='bbox 3213 5109 3302 5180; x_wconf 91' lang='lat' dir='ltr'><strong>qui</strong></span> <span class='ocrx_word' id='word_1_807' title='bbox 3323 5124 3388 5162; x_wconf 78' lang='lat' dir='ltr'><strong>ex</strong></span> <span class='ocrx_word' id='word_1_808' title='bbox 3421 5101 3695 5160; x_wconf 87' lang='lat' dir='ltr'><strong>veteribus</strong></span> 
     </span>
    </p>
   </div>
   <div class='ocr_carea' id='block_1_113' title="bbox 2123 5199 3698 5278">
    <p class='ocr_par' dir='ltr' id='par_1_113' title="bbox 2123 5199 3698 5278">
     <span class='ocr_line' id='line_1_113' title="bbox 2123 5199 3698 5278; baseline -0.02 -1"><span class='ocrx_word' id='word_1_809' title='bbox 2123 5219 2511 5278; x_wconf 88' lang='lat' dir='ltr'><strong>certaminibus</strong></span> <span class='ocrx_word' id='word_1_810' title='bbox 2565 5215 2774 5277; x_wconf 87' lang='lat' dir='ltr'><strong>clarus,</strong></span> <span class='ocrx_word' id='word_1_811' title='bbox 2814 5212 2919 5265; x_wconf 83' lang='lat' dir='ltr'><strong>dux</strong></span> <span class='ocrx_word' id='word_1_812' title='bbox 2984 5204 3212 5260; x_wconf 87' lang='lat' dir='ltr'><strong>illustris</strong></span> <span class='ocrx_word' id='word_1_813' title='bbox 3254 5199 3434 5270; x_wconf 86' lang='lat' dir='ltr'><strong>p0puli</strong></span> <span class='ocrx_word' id='word_1_814' title='bbox 3479 5204 3698 5250; x_wconf 88' lang='lat' dir='ltr'><strong>creatus</strong></span> 
     </span>
    </p>
   </div>
   <div class='ocr_carea' id='block_1_114' title="bbox 2125 5289 3697 5380">
    <p class='ocr_par' dir='ltr' id='par_1_114' title="bbox 2125 5289 3697 5380">
     <span class='ocr_line' id='line_1_114' title="bbox 2125 5289 3697 5380; baseline -0.022 -10"><span class='ocrx_word' id='word_1_815' title='bbox 2125 5323 2226 5379; x_wconf 85' lang='lat' dir='ltr'><strong>est,</strong></span> <span class='ocrx_word' id='word_1_816' title='bbox 2267 5325 2423 5380; x_wconf 88' lang='lat' dir='ltr'><strong>quem</strong></span> <span class='ocrx_word' id='word_1_817' title='bbox 2459 5321 2516 5364; x_wconf 89' lang='lat' dir='ltr'><strong>et</strong></span> <span class='ocrx_word' id='word_1_818' title='bbox 2541 5307 2718 5363; x_wconf 90' lang='lat' dir='ltr'><strong>omnis</strong></span> <span class='ocrx_word' id='word_1_819' title='bbox 2755 5306 3036 5358; x_wconf 88' lang='lat' dir='ltr'><strong>beatorum</strong></span> <span class='ocrx_word' id='word_1_820' title='bbox 3061 5294 3374 5352; x_wconf 88' lang='lat' dir='ltr'><strong>Occidentis</strong></span> <span class='ocrx_word' id='word_1_821' title='bbox 3415 5289 3697 5358; x_wconf 89' lang='lat' dir='ltr'><strong>episcopo-</strong></span> 
     </span>
    </p>
   </div>
   <div class='ocr_carea' id='block_1_115' title="bbox 2125 5380 3702 5474">
    <p class='ocr_par' dir='ltr' id='par_1_115' title="bbox 2125 5380 3702 5474">
     <span class='ocr_line' id='line_1_115' title="bbox 2125 5380 3702 5474; baseline -0.022 -11"><span class='ocrx_word' id='word_1_822' title='bbox 2125 5423 2245 5462; x_wconf 90' lang='lat' dir='ltr'><strong>rum</strong></span> <span class='ocrx_word' id='word_1_823' title='bbox 2271 5405 2514 5474; x_wconf 88' lang='lat' dir='ltr'><strong>sequitur</strong></span> <span class='ocrx_word' id='word_1_824' title='bbox 2545 5409 2736 5461; x_wconf 71' lang='lat' dir='ltr'><strong>cmtus,</strong></span> <span class='ocrx_word' id='word_1_825' title='bbox 2773 5389 3264 5449; x_wconf 80' lang='lat' dir='ltr'><strong>Alexandrinorum</strong></span> <span class='ocrx_word' id='word_1_826' title='bbox 3299 5380 3555 5436; x_wconf 74' lang='lat' dir='ltr'><strong>Ecclesia:</strong></span> <span class='ocrx_word' id='word_1_827' title='bbox 3581 5391 3702 5430; x_wconf 91' lang='lat' dir='ltr'><strong>sen-</strong></span> 
     </span>
    </p>
   </div>
   <div class='ocr_carea' id='block_1_116' title="bbox 2127 5464 3700 5557">
    <p class='ocr_par' dir='ltr' id='par_1_116' title="bbox 2127 5464 3700 5557">
     <span class='ocr_line' id='line_1_116' title="bbox 2127 5464 3700 5557; baseline -0.024 -3"><span class='ocrx_word' id='word_1_828' title='bbox 2127 5499 2349 5555; x_wconf 89' lang='lat' dir='ltr'><strong>tentiam</strong></span> <span class='ocrx_word' id='word_1_829' title='bbox 2381 5495 2641 5550; x_wconf 79' lang='lat' dir='ltr'><strong>adversus</strong></span> <span class='ocrx_word' id='word_1_830' title='bbox 2677 5489 2899 5557; x_wconf 90' lang='lat' dir='ltr'><strong>impium</strong></span> <span class='ocrx_word' id='word_1_831' title='bbox 2943 5484 3104 5537; x_wconf 90' lang='lat' dir='ltr'><strong>latam</strong></span> <span class='ocrx_word' id='word_1_832' title='bbox 3158 5474 3476 5544; x_wconf 89' lang='lat' dir='ltr'><strong>suscipiens.</strong></span> <span class='ocrx_word' id='word_1_833' title='bbox 3519 5487 3538 5520; x_wconf 82' lang='grc'><strong>›</strong></span> <span class='ocrx_word' id='word_1_834' title='bbox 3572 5464 3700 5519; x_wconf 80' lang='lat' dir='ltr'><strong>Hie-</strong></span> 
     </span>
    </p>
   </div>
   <div class='ocr_carea' id='block_1_117' title="bbox 2127 5558 3703 5660">
    <p class='ocr_par' dir='ltr' id='par_1_117' title="bbox 2127 5558 3703 5660">
     <span class='ocr_line' id='line_1_117' title="bbox 2127 5558 3703 5660; baseline -0.025 -14"><span class='ocrx_word' id='word_1_835' title='bbox 2127 5593 2562 5660; x_wconf 85' lang='lat' dir='ltr'><strong>ronymuscerte</strong></span> <span class='ocrx_word' id='word_1_836' title='bbox 2602 5583 2698 5636; x_wconf 91' lang='lat' dir='ltr'><strong>lib.</strong></span> <span class='ocrx_word' id='word_1_837' title='bbox 2733 5597 2772 5636; x_wconf 86' lang='grc' dir='ltr'>ιι</span> <span class='ocrx_word' id='word_1_838' title='bbox 2809 5577 3058 5648; x_wconf 80' lang='lat' dir='ltr'><strong>Apolog.,</strong></span> <span class='ocrx_word' id='word_1_839' title='bbox 3081 5573 3212 5643; x_wconf 70' lang='lat' dir='ltr'><strong>icap.</strong></span> <span class='ocrx_word' id='word_1_840' title='bbox 3256 5569 3308 5633; x_wconf 85' lang='lat'><strong>6,</strong></span> <span class='ocrx_word' id='word_1_841' title='bbox 3336 5572 3529 5634; x_wconf 66' lang='lat' dir='ltr'><strong>praeter</strong></span> <span class='ocrx_word' id='word_1_842' title='bbox 3555 5558 3703 5610; x_wconf 80' lang='lat' dir='ltr'><strong>Ana-</strong></span> 
     </span>
    </p>
   </div>
   <div class='ocr_carea' id='block_1_118' title="bbox 2132 5662 3702 5744">
    <p class='ocr_par' dir='ltr' id='par_1_118' title="bbox 2132 5662 3702 5744">
     <span class='ocr_line' id='line_1_118' title="bbox 2132 5662 3702 5744; baseline -0.025 -5"><span class='ocrx_word' id='word_1_843' title='bbox 2132 5684 2358 5739; x_wconf 81' lang='lat' dir='ltr'><strong>stasium</strong></span> <span class='ocrx_word' id='word_1_844' title='bbox 2406 5688 2460 5733; x_wconf 90' lang='lat' dir='ltr'><strong>et</strong></span> <span class='ocrx_word' id='word_1_845' title='bbox 2495 5672 2895 5744; x_wconf 89' lang='lat' dir='ltr'><strong>Theophilum,</strong></span> <span class='ocrx_word' id='word_1_846' title='bbox 2939 5666 3102 5722; x_wconf 89' lang='lat' dir='ltr'><strong>tradit</strong></span> <span class='ocrx_word' id='word_1_847' title='bbox 3141 5662 3432 5717; x_wconf 84' lang='lat' dir='ltr'><strong>Venerium</strong></span> <span class='ocrx_word' id='word_1_848' title='bbox 3488 5662 3702 5720; x_wconf 88' lang='lat' dir='ltr'><strong>quoque</strong></span> 
     </span>
    </p>
   </div>
   <div class='ocr_carea' id='block_1_119' title="bbox 2136 5738 3709 5832">
    <p class='ocr_par' dir='ltr' id='par_1_119' title="bbox 2136 5738 3709 5832">
     <span class='ocr_line' id='line_1_119' title="bbox 2136 5738 3709 5832; baseline -0.024 -2"><span class='ocrx_word' id='word_1_849' title='bbox 2136 5773 2588 5832; x_wconf 81' lang='lat' dir='ltr'><strong>Mediolanensem</strong></span> <span class='ocrx_word' id='word_1_850' title='bbox 2645 5738 2998 5832; x_wconf 74' lang='lat' dir='ltr'><strong>episcouum.</strong></span> <span class='ocrx_word' id='word_1_851' title='bbox 3037 5766 3092 5814; x_wconf 90' lang='lat' dir='ltr'><strong>et</strong></span> <span class='ocrx_word' id='word_1_852' title='bbox 3133 5749 3501 5814; x_wconf 81' lang='lat' dir='ltr'><strong>Chromatium</strong></span> <span class='ocrx_word' id='word_1_853' title='bbox 3539 5738 3709 5806; x_wconf 75' lang='lat' dir='ltr'><strong>Aqui-</strong></span> 
     </span>
    </p>
   </div>
  </div>
