4170 6406
498 341 634 397 1155

1772 330 1832 387 Ρ.
1870 328 2186 384 DANIELIS
2226 327 2462 384 IIUETII

3629 331 3770 387 “36

499 463 774 522 Ieieusem,
813 456 1100 527 Origenem
1139 452 1402 521 subjectis
1442 452 1545 508 sibi
1595 451 1807 523 populis
1856 452 2076 506 haereti-
2106 456 2151 510 Α
2182 451 2269 519 pio
2303 450 2373 503 ita
2416 449 2602 505 haberi
2639 463 2668 501 a
2709 447 2910 503 nostris
2950 446 3192 517 partibus
3231 445 3492 512 alienum,
3545 459 3600 502 at
3639 450 3770 516 quid

498 565 616 606 cum
657 551 1036 604 denuntiasse.

561 638 683 694 XX.
724 639 796 692 At
823 652 1010 707 parum
1036 647 1161 689 sese
1184 632 1519 704 promovisse
1557 641 1706 686 ratus
1736 630 2077 694 Anastasius,

495 731 537 784 si
579 743 686 785 non
741 726 999 782 tumultus
1041 732 1321 779 auctorem
1359 722 1635 786 Ruﬁnum,
1670 729 1725 776 et
1762 719 1961 776 bellum
1996 734 2081 773 re-

495 833 786 876 novantem
823 817 1162 883 retunderet,
1202 815 1433 870 Romam
1465 830 1590 868 eum
1638 815 1705 867 ad
1746 827 1967 867 causam
1999 811 2081 864 di-

495 912 721 966 cendam
747 908 978 964 accersit
1033 925 1046 962 :
1080 908 1466 978 tergiversatur
1500 904 1763 967 Ruﬁnus,
1799 912 1854 956 et
1885 901 2081 972 Apolo-

493 1004 634 1076 giam
675 1002 870 1058 scribit
895 1001 961 1056 ad
989 1000 1361 1061 Anastasium,
1401 1014 1506 1067 qua
1547 997 1759 1052 levibus
1782 996 1850 1049 ad
1891 995 2076 1050 detre-

495 1096 744 1152 ctandam
797 1080 1190 1164 profectionem
1239 1089 1679 1144 excusationibus
1728 1103 1858 1142 usus
1918 1087 2076 1142 ﬁdem

493 1201 650 1242 suam
685 1185 1006 1255 proﬁtetur:
1043 1181 1237 1235 deinde
1262 1181 1336 1234 ait
1367 1195 1380 1230 :
1430 1195 1448 1228 ι
1483 1176 1733 1246 Origeuis
1771 1191 1870 1244 ego
1903 1189 2080 1244 neque

494 1279 772 1350 defensor,
813 1291 987 1346 neque
1026 1283 1269 1329 assertor
1307 1288 1457 1336 sum,
1486 1285 1659 1340 neque
1685 1269 1891 1338 primus
1919 1269 2081 1321 inter-

491 1388 656 1442 pres:
701 1370 791 1424 alii
816 1380 940 1423 ante
981 1383 1065 1422 me
1102 1368 1206 1422 hoc
1247 1367 1388 1421 idem
1421 1378 1555 1433 Opus
1585 1361 1864 1427 fecerunt;
1898 1360 1998 1414 fcci
2026 1369 2081 1414 et

492 1479 593 1532 ego
627 1469 959 1531 postremus,
999 1466 1224 1526 rogatus
1259 1470 1288 1507 a
1334 1452 1620 1508 fratribus.
1657 1449 1712 1504 Si
1750 1449 1970 1518 jubetur
2012 1465 2078 1504 ne

491 1555 611 1622 ﬁat,
635 1551 810 1624 jussio
833 1548 1110 1606 observari
1145 1548 1307 1601 debet
1340 1546 1392 1600 in
1425 1552 1722 1614 posterum.
1760 1541 1817 1596 Si
1844 1540 2070 1610 culpan-

493 1659 580 1702 tur
625 1645 717 1716 qui
769 1653 893 1697 ante
934 1639 1236 1712 jussionem
1291 1637 1571 1700 fecerunt,
1615 1634 1774 1704 culpa
1814 1651 1842 1687 ει
1886 1632 2077 1702 primis

491 1737 734 1806 incipiat.
776 1733 888 1802 Ego
915 1732 1060 1786 enim
1101 1737 1299 1799 praeter
1332 1728 1472 1781 hanc
1505 1725 1686 1787 ﬁdem,
1720 1738 1880 1792 quam
1912 1734 2074 1788 supra

489 1798 737 1898 exposui,
767 1798 928 1878 id—est
967 1798 1130 1890 quam
1165 1817 1411 1872 Romana
1461 1813 1730 1875 Ecclesia,
1757 1819 1811 1865 et
1835 1808 2074 1862 Alexan—
2110 1798 2153 1857 Β

491 1919 667 1982 driua,
708 1925 766 1970 et
791 1910 1147 1982 Aquileiensis
1201 1917 1387 1963 nostra
1423 1918 1606 1968 tenet,
1665 1916 1892 1972 quaeque
1921 1899 2076 1955 Jcro-

489 2007 715 2079 solymis
741 2005 1088 2075 praedicatur,
1127 2000 1356 2054 alienam
1392 2011 1492 2050 nec
1530 1995 1690 2049 habui
1741 2007 1981 2062 unquam
2025 1993 2077 2045 in

492 2099 594 2152 isto
614 2098 847 2160 homine,
867 2110 964 2150 nec
984 2094 1179 2157 habeo,
1204 2106 1302 2146 nec
1333 2089 1561 2144 habebo.
1600 2106 1618 2136 ι
1639 2083 1960 2155 Neutiquam
1994 2094 2077 2137 ta-

492 2205 616 2244 men
651 2187 1060 2242 excusationem
1089 2185 1229 2239 hanc
1256 2180 1578 2236 Anastasius
1611 2178 1839 2246 accepit,
1869 2177 1962 2230 sed
1996 2176 2078 2229 in-

493 2289 672 2335 stante
700 2279 979 2345 Marcella,
1002 2275 1222 2340 Ruﬁno,
1241 2284 1300 2328 ut
1327 2272 1506 2328 verbis
1530 2279 1650 2324 utar
1675 2266 1984 2338 Hieronymi
2008 2267 2075 2329 ³³,

491 2374 792 2429 cauterium
820 2372 1091 2426 haereseos
1132 2368 1350 2432 inussit,
1397 2377 1632 2433 eumque
1665 2361 1945 2415 damnavit
1982 2375 2079 2413 an-

491 2482 561 2520 no
583 2465 708 2520 IUI.
747 2481 768 2516 α
815 2460 1192 2519 Damnationis
1223 2457 1627 2522 haereticorum,
1667 2474 1685 2507 ι
1731 2453 1906 2523 inquit
1933 2451 2073 2507 idem

490 2557 851 2628 Ilieronymus
896 2554 1058 2623 epist.
1090 2551 1178 2617 16,
1228 2569 1247 2604 ε
1288 2551 1403 2604 ὶιςεε
1453 2546 1704 2602 Marcella
1740 2545 1841 2600 fuit
1868 2543 2073 2613 princi-

489 2649 662 2718 pium,
687 2647 814 2701 dum
860 2642 1083 2699 adducit
1115 2650 1297 2706 testes,
1326 2639 1416 2709 qui
1459 2639 1609 2708 prius
1637 2635 1706 2690 ab
1743 2633 1823 2689 eis
1852 2631 2073 2696 eruditi,

488 2749 537 2795 et
566 2748 753 2809 postea
788 2737 856 2790 ab
888 2735 1143 2789 haeretico
1173 2731 1390 2788 fuerant
1415 2743 1606 2784 errore
1635 2725 1907 2796 correpti;
1950 2723 2074 2777 dum

485 2832 728 2888 ostendit
752 2828 1150 2884 multitudinem
1185 2827 1538 2893 deceptorum
1559 2861 1574 2886 ,
1597 2819 1724 2873 dum
1758 2816 1920 2886 impia
1934 2813 2072 2883 Περὶ

485 2923 690 2995 ἀρχῶν
728 2923 927 2994 ingerit
949 2920 1246 2984 volumina,
1269 2933 1388 2988 qua:
1417 2914 1702 2970 emendata
1728 2925 1890 2964 manu
1924 2922 2072 2963 scoro

484 3021 559 3089 pii
601 3015 1078 3079 monstrabantur;
1115 3012 1242 3067 dum
1268 3009 1431 3063 acciti
1458 3003 1839 3076 frequentibus
1876 2998 2076 3055 litteris

487 3110 760 3174 hatretici,
800 3117 860 3162 ut
895 3119 952 3161 se
989 3101 1385 3165 defenderent,
1416 3098 1605 3152 venire
1640 3109 1744 3149 non
1773 3099 1899 3146 sunt
1930 3090 2072 3154 ausi,
2101 3127 2143 3184 ϐ

485 3214 743 3276 tantaque
765 3204 848 3259 vis
870 3199 1219 3258 conscientiae
1259 3196 1380 3260 fuit,
1409 3204 1468 3248 ut
1503 3193 1760 3248 absentes
1800 3185 2068 3250 damnari,

484 3275 661 3367 quam,
680 3303 978 3367 praesentes
1003 3289 1228 3360 coargui
1273 3285 1584 3342 maluerint.
1614 3280 1788 3349 Hujus
1816 3289 1925 3332 tam
1957 3275 2070 3346 glo-

483 3394 645 3448 riosa:
674 3386 919 3442 victoriae
953 3385 1108 3454 origo
1146 3377 1400 3434 Marcella
1437 3385 1539 3432 est.
1582 3393 1600 3427 ι
1635 3371 1802 3440 Cujus
1829 3367 2070 3424 victoria:

485 3488 630 3541 fama
664 3496 786 3536 cum
831 3493 928 3549 per
967 3485 1139 3531 totum
1186 3471 1372 3525 urbem
1416 3465 1798 3528 increbuisset,
1839 3462 2069 3515 Anasta‘

484 3580 625 3634 sium
654 3577 834 3645 ipsum
865 3585 1024 3639 super
1053 3567 1253 3622 Ruﬁno
1283 3563 1556 3619 consuluit
1576 3558 1814 3614 Joannes
1842 3557 2067 3612 .leroso-

484 3669 804 3741 lymitanus,
861 3662 1087 3731 ejusque
1123 3655 1449 3712 sententiam
1507 3650 1830 3722 exploravit.
1877 3648 2069 3702 Exstat

481 3757 756 3816 Anastasii
782 3753 1063 3823 responsio
1097 3749 1219 3802 data
1248 3746 1314 3800 ad
1339 3760 1428 3798 an.
1463 3742 1590 3805 402,
1632 3742 1684 3796 in
1726 3755 1832 3808 qua
1873 3747 2067 3793 notan—

485 3855 611 3909 dum
643 3849 822 3920 primo
861 3844 996 3900 illud
1031 3851 1135 3906 est,
1186 3838 1370 3893 multis
1413 3837 1483 3891 ab
1511 3849 1576 3889 eo
1623 3832 1875 3886 laudibus
1904 3828 2068 3884 Joan-

482 3962 609 4002 nem
651 3939 976 4013 Origenismi
1015 3937 1142 3991 licet
1173 3940 1490 4002 suspectum
1541 3926 1760 3989 extolli;
1789 3924 1984 3980 deinde
2013 3935 2067 3977 et

485 4038 663 4095 istud:
692 4053 709 4086 ι
740 4032 1004 4102 Origenes
1045 4036 1250 4087 autem,
1288 4021 1448 4089 cujus
1472 4019 1525 4073 in
1551 4027 1792 4072 nostram
1826 4013 2066 4083 linguam

483 4127 778 4199 composita
821 4120 1086 4178 derivavit
1123 4112 1398 4188 (Ruﬁnus)
1431 4119 1559 4165 ante
1609 4108 1732 4180 quis
1786 4105 1970 4172 fuerit,
2011 4104 2065 4158 in

483 4196 624 4291 quae
647 4215 978 4288 processerit
1015 4211 1197 4276 verba,
1230 4214 1478 4261 nostrum
1513 4201 1856 4291 propositum.
1883 4196 2066 4252 nesci-

485 4285 581 4363 vit.
608 4327 627 4360 ι
649 4285 824 4360 Ἀὐᾱίι
865 4301 1119 4356 Ruﬁnum
1173 4299 1275 4352 hac
1306 4289 1755 4362 interpretatione
1787 4285 1948 4340 ﬁdem
1997 4285 2066 4339 ab

486 4397 744 4467 apostolis
773 4400 1123 4466 propagatam
1142 4385 1348 4442 violare
1373 4383 1647 4445 voluisse;
1673 4393 1778 4433 non
1807 4377 2066 4430 damnare

484 4502 688 4553 tamen,
725 4489 770 4542 si
797 4503 826 4540 a
855 4483 1073 4540 traditis
1105 4481 1158 4535 in
1202 4479 1560 4545 interpretato
1590 4485 1757 4540 opere
1800 4467 2066 4538 dogmatis
2095 4489 2141 4546 ι)

483 4585 802 4646 abhorreat;
844 4580 1100 4632 damnare
1138 4586 1198 4628 se
1235 4569 1468 4638 penitus,
1500 4566 1546 4621 si
1575 4563 1764 4620 iisdem
1789 4560 2061 4616 assentia-

483 4690 593 4732 tur.
617 4674 754 4728 Tum
791 4667 948 4740 paulo
987 4673 1130 4736 post,
1181 4680 1199 4714 ι
1234 4660 1368 4714 Illud
1393 4671 1643 4728 quoque,
1685 4652 1880 4722 inquit,
1917 4650 2062 4714 quod

481 4766 730 4823 evenisse
759 4762 988 4830 gaudeo,
1020 4766 1202 4810 tacere
1255 4765 1360 4805 non
1394 4748 1575 4818 potui,
1617 4744 2061 4801 beatissimorum

481 4858 786 4930 principum
830 4863 1082 4906 manasse
1135 4857 1390 4913 respousa
1415 4881 1429 4904 ,
1462 4840 1658 4908 quibus
1687 4835 2063 4904 unusquisque

484 4928 594 5006 I)eo
657 4945 900 5003 serviens
935 4942 1003 4995 ab
1021 4936 1268 5009 Origenis
1296 4933 1524 4988 lectione
1561 4935 1879 4991 revocetur;
1909 4928 2062 4980 dam-

484 5041 828 5107 nandumque
877 5031 1144 5089 sententia
1193 5025 1513 5098 principem,
1560 5033 1722 5089 quem
1773 5017 1934 5072 lectio
1965 5031 2065 5107 re-

486 5148 602 5186 rum
625 5106 852 5201 profana
874 5120 1199 5194 prodiderit.
1240 5136 1260 5170 ι
1298 5115 1462 5171 Suam
1511 5111 1726 5201 demum
1757 5123 1920 5201 super
1949 5106 2062 5162 Ru-

486 5225 592 5276 ﬁuo
613 5199 938 5276 sententiam
971 5216 1056 5269 his
1094 5210 1278 5265 verbis
1307 5204 1571 5277 exponit:
1608 5219 1626 5253 ι
1670 5199 1858 5270 Itaque
1893 5199 2064 5255 frater

485 5312 825 5373 charissime,
854 5305 1006 5361 omni
1025 5301 1334 5372 suspicione
1352 5296 1611 5368 seposita,
1641 5293 1898 5348 Ruﬁnum
1922 5293 2064 5348 scito

486 5400 628 5469 quod
650 5396 867 5467 propria
886 5400 1068 5448 mente
1092 5388 1342 5460 Origenis
1366 5386 1512 5442 dicta
1544 5384 1595 5438 in
1616 5382 1861 5438 Latinum
1883 5393 2063 5437 trans-

489 5491 610 5545 tulit
647 5504 710 5543 ac
739 5487 1008 5557 probavit,
1041 5499 1144 5539 nec
1171 5478 1452 5538 dissimilis
1475 5479 1542 5531 ab
1569 5489 1635 5530 eo
1668 5484 1754 5530 est
1799 5476 1889 5544 qui
1925 5474 2060 5529 alie-

490 5587 573 5638 nis
601 5583 744 5635 vitiis
797 5587 1019 5650 prtestat
1058 5590 1361 5632 assensum.
1399 5569 1537 5627 Illttd
1567 5578 1747 5626 tamen
1787 5568 1927 5626 scire
1963 5580 2059 5622 cu-

557 5783 603 5813 “
633 5778 854 5836 Hieron.
881 5775 1033 5833 Αυοι.
1059 5775 1252 5840 5,cap.
1281 5771 1336 5826 6.

2187 555 2333 612 agat,
2352 545 2438 597 ubi
2466 543 2555 604 sit,
2583 543 2792 598 nescire
2817 543 3120 610 cupiamus.
3145 539 3264 609 lpsc
3291 541 3523 609 denique
3553 541 3769 609 viderit,

2185 640 2272 694 ubi
2304 639 2481 708 possit
2506 637 2735 693 absolvi.
2785 657 2803 690 ι
2847 637 3108 705 Quocirca
3139 635 3392 689 Ruﬁnum
3423 635 3496 689 ita
3539 634 3770 703 alloqui-

2186 739 2272 784 tur
2331 729 2690 798 Ilieronymus
2744 728 2963 798 Apolog.
3016 727 3110 782 lib.
3148 742 3245 789 Ill;
3277 741 3395 796 cap.
3446 726 3523 781 6:
3557 743 3575 775 ι
3621 725 3771 780 Vade

2183 823 2364 891 potius
2413 821 2668 884 Romam,
2712 830 2767 876 et
2825 834 3063 890 praesens
3098 820 3238 888 apud
3275 832 3394 872 eum
3431 807 3788 886 (Romanum'

2181 915 2518 985 episcopum)
2558 914 2981 984 expostula,cur
3011 913 3106 967 tibi
3155 922 3210 968 et
3255 913 3486 974 absenti,
3519 920 3574 965 et
3618 910 3768 964 inno-

2181 1007 2323 1062 centi
2346 1007 2535 1062 fecerit
2567 1005 2985 1071 contumeliam;
3013 1005 3241 1074 primum
3276 1014 3334 1057 ut
3362 1019 3466 1058 non
3503 1002 3769 1071 reciperet

2183 1100 2575 1169 expositionem
2620 1099 2745 1153 ﬁdei
2798 1107 2922 1165 tuae,
2972 1112 3133 1166 quam
3184 1097 3397 1160 omnis,
3446 1106 3507 1150 ut
3544 1095 3766 1160 scribis,

2181 1192 2330 1248 Italia
2380 1193 2793 1262 comprobavit,
2825 1199 2877 1244 et
2919 1189 3110 1244 baculo
3158 1201 3370 1243 tuarum
3413 1189 3492 1242 uti
3539 1186 3772 1242 noluerit

2180 1284 2482 1338 litterarum
2532 1291 2722 1337 contra
2749 1294 2912 1334 canes
2945 1289 3067 1334 tuos
3111 1295 3125 1330 :
3157 1278 3350 1333 deinde
3384 1287 3444 1332 ut
3497 1277 3769 1348 Epistolas

2179 1383 2447 1431 contrate
2473 1372 2540 1428 ad
2585 1372 2858 1428 Orientem
2915 1372 3175 1435 mitteret,
3211 1379 3264 1425 et
3313 1371 3616 1424 cauterium
3671 1368 3766 1424 tibi

2180 1467 2452 1522 haereseos
2475 1465 2606 1518 dum
2639 1463 2817 1519 nescis
2838 1465 3100 1528 inureret,
3119 1463 3430 1530 diceretque
3456 1461 3620 1516 libros
3643 1459 3769 1516 Ori-

2179 1559 2333 1625 genis
2364 1556 2505 1624 Περὶ
2535 1554 2738 1625 ἀρχῶν
2767 1571 2796 1609 a
2827 1565 2878 1609 te
2908 1568 3030 1610 esse
3077 1553 3372 1608 translatos
3394 1594 3407 1617 ,
3441 1562 3495 1608 et
3532 1551 3764 1623 simplici

2179 1649 2436 1704 Romanae
2455 1647 2708 1703 Ecclesia:
2746 1646 2885 1715 plebi
2931 1646 3179 1711 traditos,
3212 1656 3270 1699 ut
3297 1645 3417 1700 ﬁdei
3450 1646 3762 1705 veritatem.

2179 1759 2342 1813 quam
2377 1744 2444 1796 ab
2473 1741 2731 1810 Apostolo
2755 1728 3093 1802 didicerant,
3127 1753 3223 1808 per
3268 1747 3318 1794 te
3361 1739 3767 1808 perderent;et

2180 1852 2288 1906 quo
2315 1837 2409 1890 tibi
2438 1835 2696 1904 majorem
2728 1833 2933 1889 faceret
2961 1831 3246 1896 invidiam,
3271 1846 3435 1886 ausus
3469 1833 3540 1885 sit
3577 1829 3758 1884 crimi-

2183 1928 2300 1984 nari
2334 1929 2431 1982 hos
2465 1929 2647 1997 ipsos,
2684 1925 3012 1996 prazfationis
3049 1935 3154 1978 tua:
3191 1924 3496 1979 testimonio
3541 1923 3762 1979 robora-

2186 2027 2321 2073 tos.»
2365 2017 2507 2084 Quin
2540 2019 2704 2072 etiam
2734 2021 2786 2072 in
2817 2016 3056 2086 Epistola
3088 2016 3179 2082 82,
3212 2017 3281 2068 ad
3321 2015 3692 2069 Marcellinum
3713 2023 3761 2070 et

2179 2112 2587 2182 Anapsychiam,
2626 2125 2747 2166 sese
2785 2111 2860 2164 ait
2914 2107 3197 2164 subdolum
3235 2107 3474 2164 libellum
3501 2123 3531 2161 a
3567 2106 3760 2164 Ruﬁno

2178 2205 2415 2259 oblatum
2451 2203 2736 2260 Anastasio
2774 2218 2946 2274 papae,
2973 2203 3215 2272 aliasque
3241 2201 3411 2272 ipsius
3437 2201 3760 2270 scriptiones

2178 2299 2450 2370 opusculis
2477 2298 2797 2368 quibusdam
2831 2298 3152 2367 explosisse,
3175 2312 3309 2365 quas
3337 2311 3441 2350 non
3469 2297 3616 2351 aliud
3642 2309 3762 2352 esse

2178 2390 2472 2460 conjecerit
2507 2391 2798 2460 quispiam,
2835 2406 2997 2460 quam
3025 2390 3313 2460 Apologias
3347 2391 3510 2458 ipsas,
3543 2390 3610 2446 de
3639 2391 3762 2461 qui-

2179 2481 2278 2536 bus
2302 2482 2550 2552 proxime
2586 2482 3155 2537 commemorabimus.

2249 2615 2388 2672 XXI.
2432 2615 2544 2672 IIoc
2571 2617 2688 2687 ipso
2726 2633 2869 2672 anno
2914 2617 3184 2688 geminam
3234 2617 3414 2672 Ruﬁni
3473 2620 3758 2673 adversum

2177 2724 2236 2763 se
2265 2707 2580 2778 Apologiam
2610 2708 2822 2780 gemina
2843 2709 3025 2764 itidem
3051 2709 3310 2763 adversus
3336 2708 3585 2763 Ruﬁnum
3615 2711 3762 2779 Apo-

2177 2799 2314 2870 logia
2358 2799 2720 2870 Ilieronymus
2757 2801 2972 2870 excepit
3003 2818 3017 2854 :
3049 2815 3171 2854 nam
3203 2816 3328 2854 cum
3375 2817 3436 2856 ex
3466 2800 3762 2858 Occidente

2176 2892 2566 2964 Jerosolymam
2592 2903 2881 2948 remeasset
2913 2893 3078 2963 ipsius
3102 2891 3272 2948 frater
3301 2892 3670 2959 Paulinianus,
3691 2894 3756 2950 Ii-

2175 2984 2302 3038 bros
2328 2984 2444 3038 illos
2467 2983 2728 3039 adversus
2749 2999 2871 3038 eum
2903 2984 3232 3050 elaboratos,
3266 2984 3502 3038 nondum
3535 2986 3751 3053 quidem

2179 3077 2247 3131 ab
2268 3086 2508 3142 auctore,
2544 3091 2706 3146 quem
2755 3085 2932 3130 metus
2976 3075 3185 3130 scilicet
3229 3084 3284 3129 et
3331 3077 3503 3145 pudor
3549 3076 3758 3130 inhibe-

2180 3165 2329 3229 bant,
2361 3166 2412 3219 in
2445 3166 2618 3220 lucem
2643 3179 2766 3220 esse
2809 3164 3004 3228 editos,
3034 3164 3127 3218 sed
3166 3164 3306 3218 inter
3350 3163 3528 3218 Ruﬁni
3572 3175 3750 3219 tamen

2178 3257 2473 3311 familiares
2529 3254 2871 3310 circumferri
2935 3255 3298 3325 signiﬁcavit;
3333 3271 3362 3310 e
3390 3256 3585 3326 quibus
3627 3271 3748 3311 cum

2180 3349 2231 3402 in
2256 3348 2444 3418 vulgus
2475 3347 2734 3403 exiisseut
2773 3347 3048 3413 nonnulla,
3078 3347 3298 3404 collecta
3327 3363 3392 3402 ea
3426 3349 3490 3402 ad
3530 3348 3751 3412 fratrem

2179 3440 2399 3512 pertulit
2427 3459 2441 3494 :
2467 3442 2608 3509 quod
2640 3439 2810 3508 ipsum
2848 3439 3214 3506 prmstiterunt
3237 3454 3331 3508 per
3361 3439 3566 3494 litteras
3595 3439 3754 3495 Pam-

2178 3532 2422 3586 machius
2467 3539 2521 3585 et
2565 3529 2926 3585 Marcellinus.
2966 3530 3079 3584 Non
3133 3531 3202 3585 ad
3255 3531 3352 3586 has
3391 3532 3532 3601 ipsas
3577 3533 3756 3602 itaqtte

2177 3623 2360 3678 Ruﬁni
2385 3621 2724 3692 scriptiones,
2746 3622 2839 3678 sed
2864 3622 2930 3678 ad
2956 3622 3152 3676 relatas
3174 3637 3203 3676 a
3229 3621 3594 3685 Pammachio,
3615 3622 3760 3677 Mar-

2177 3715 2371 3772 cellino
2421 3724 2475 3769 et
2519 3713 2843 3769 Pauliniano
2878 3715 3282 3769 criminationes
3313 3713 3549 3783 priorem
3589 3729 3752 3784 quam

2176 3810 2437 3864 habemus
2481 3808 2796 3877 Apologiam
2850 3805 3211 3876 Hieronymus
3261 3809 3562 3861 adornavit.
3609 3808 3752 3863 Duo-

2174 3899 2275 3952 bus
2307 3913 2369 3952 ea
2404 3897 2716 3952 continetur
2749 3897 2923 3963 libris,
2953 3909 3008 3952 et
3047 3896 3384 3952 Pammachii
3425 3913 3488 3953 ac
3524 3897 3753 3954 Marcel-

2173 3989 2271 4043 lini
2320 3990 2537 4044 nomine
2584 3990 2844 4058 iuscripta
2889 3997 3002 4053 est,
3035 4005 3264 4059 qttormn
3319 3991 3525 4044 monitu
3577 3991 3754 4045 fuerat

2173 4081 2485 4136 elucubrata
2512 4099 2525 4146 ;
2556 4083 2625 4135 ad
2674 4096 2768 4135 eos
2817 4095 2946 4135 vero
2983 4081 3325 4146 transinissa,
3350 4097 3486 4151 quos
3532 4084 3752 4154 scriptis

2173 4174 2286 4229 suis
2320 4173 2548 4227 Ruﬁnus
2577 4171 2896 4227 amaverat:
2939 4173 2988 4225 in
3015 4187 3185 4241 eaque
3223 4175 3461 4229 declarat
3489 4174 3753 4246 Hierony-

2173 4281 2293 4320 mus
2328 4265 2684 4319 constitutum
2717 4279 2839 4319 esse
2868 4265 2972 4318 sibi
3006 4264 3262 4334 peculiari
3293 4281 3456 4334 opere
3485 4265 3751 4333 Pamphili

2172 4367 2226 4414 et
2260 4357 2476 4413 Eusebii
2503 4356 2819 4426 Apologiam
2853 4355 3119 4411 refellere.
3148 4356 3270 4411 Ilaec
3296 4355 3454 4412 simul
3494 4366 3656 4426 atque
3681 4359 3750 4412 ad

2173 4452 2426 4506 Ruﬁnum
2459 4450 2666 4520 perlata
2699 4459 2801 4504 est.
2830 4447 2914 4502 Ira
2969 4450 3256 4516 incitatus,
3295 4464 3607 4518 responsum
3643 4465 3749 4504 una

2169 4562 2291 4600 cum
2326 4543 2597 4613 Apologiis
2630 4542 2776 4596 misit
2819 4542 2884 4596 ad
2932 4540 3340 4612 Hieronymum,
3377 4555 3482 4609 quo
3523 4541 3750 4596 hastatis

2170 4652 2291 4693 eum
2329 4635 2574 4704 apicibus
2635 4633 2954 4697 territabat,
3001 4644 3229 4686 mortem
3271 4631 3551 4694 minitans,
3587 4639 3642 4685 et
3681 4631 3749 4687 ad

2173 4728 2458 4783 tribunalia
2494 4740 2614 4781 sese
2660 4709 3101 4795 provocaturum,
3147 4723 3250 4777 nisi
3284 4722 3587 4777 maledictis
3623 4722 3750 4776 abs-

2169 4820 2384 4876 tineret.
2416 4817 2615 4874 Verum
2638 4816 2818 4870 futiles
2847 4816 3021 4869 minas
3043 4813 3439 4884 parvipendens
3478 4813 3747 4884 IIierony--

2170 4929 2311 4978 mus,
2341 4913 2696 4983 posteriorem
2724 4911 3042 4982 Apologiam
3071 4913 3332 4965 continuo
3373 4911 3670 4979 rescripsit.

2237 5004 2396 5060 XXII.
2424 5003 2551 5059 Post
2596 5011 2800 5070 septem
2856 5017 3030 5056 annos
3075 5016 3239 5070 quam
3288 5001 3406 5056 lucc
3436 5012 3554 5054 acta
3591 5011 3738 5065 sunt,

2163 5099 2306 5154 diem
2341 5099 2533 5154 clausit
2557 5105 2862 5151 extremum
2892 5093 3121 5147 Melania
3165 5094 3384 5158 senior,
3415 5093 3503 5148 vix
3553 5109 3582 5146 a
3614 5107 3748 5160 qua-

2165 5191 2411 5262 draginta
2482 5189 2669 5244 diebus
2730 5185 3122 5256 Jerosolymam
3186 5200 3425 5242 reversa.
3490 5184 3741 5240 Ruﬁnnm

2164 5297 2378 5353 quoque
2406 5290 2665 5351 sequente
2697 5293 2869 5342 anno,
2898 5279 2989 5348 qui
3018 5277 3118 5331 fuit
3145 5293 3174 5332 a
3207 5277 3426 5334 Christo
3455 5287 3581 5330 nato
3615 5278 3742 5343 410,

2165 5375 2407 5445 Aquileia
2438 5375 2506 5427 ab
2540 5372 2758 5427 Alarico
2785 5380 2993 5426 vastata
3035 5371 3088 5425 in
3116 5369 3304 5424 Sicilia
3336 5368 3618 5438 profugum
3652 5383 3746 5437 pe-

2167 5470 2322 5524 riisse
2356 5469 2518 5524 tradit
2550 5467 2834 5522 Baronius.
2875 5465 2946 5518 At
2971 5466 3024 5519 in
3057 5463 3295 5533 Epistola
3331 5465 3401 5517 ad
3431 5461 3742 5524 Ursac‘ium,

2162 5579 2322 5635 quam
2357 5560 2784 5634 interpretationi
2828 5557 3358 5616 Commentariorum
3406 5553 3658 5625 Origenis
3691 5553 3743 5607 in
