4170 6408
417 465 553 519 M31

1272 458 1842 518 ORIGENIANORUM
1880 458 2006 512 LIB.
2043 455 2108 520 ll,
2147 450 2297 510 CAP.
2341 455 2429 520 IV,
2472 453 2663 510 SECT.
2695 456 2742 508 I.

3505 453 3650 509 MSS

408 586 604 641 librum
623 582 988 640 Numerorum
1013 581 1246 654 praeﬁxit
1279 583 1522 647 Ruﬁnus,
1562 594 1827 651 quamque
1858 593 1978 633 cum
2009 583 2053 638 Α
2083 590 2203 642 cap.
2226 575 2280 629 2.
2303 574 2369 628 Et
2395 575 2727 644 Augustinus
2753 571 2847 628 lib.
2881 587 2920 626 ιι
2951 571 3029 625 De
3048 580 3249 639 peccat.
3274 571 3488 639 arigin.,
3519 571 3639 624 adv.

406 678 642 732 nondum
674 677 815 730 edita
848 685 1010 740 esset,
1041 690 1246 729 mecum
1293 675 1418 729 olim
1461 675 1687 745 benigne
1727 685 1963 726 commu-

409 768 959 825 nicaruntclarissimi
982 766 1176 821 fratres
1206 766 1418 835 Bigotii,
1452 767 1522 819 ita
1548 764 1736 820 scribit
1770 782 1784 817 :
1823 763 1968 817 «Sed

409 863 692 918 reddenda:
730 859 1098 932 pollicitationi
1159 875 1264 914 non
1315 861 1722 930 tempestivum,
1761 865 1820 910 ut
1879 855 1968 910 ille

409 956 521 1020 ait,
577 955 669 1008 sed
729 961 1150 1022 tempestuosum
1202 952 1354 1006 nobis
1381 960 1588 1020 tempus
1613 964 1676 1004 ac
1699 948 1967 1002 turbidum

413 1049 534 1103 fuit.
577 1049 706 1116 Quis
738 1049 878 1103 enim
909 1048 981 1102 ibi
1014 1046 1152 1117 stylo
1179 1047 1328 1102 locus
1350 1055 1452 1112 est,
1483 1044 1574 1099 ubi
1607 1043 1819 1098 hostilia
1865 1041 1969 1095 tela

412 1138 879 1195 metuuntur?ubi
924 1138 976 1192 in
1003 1137 1176 1192 oculis
1226 1144 1307 1192 est
1359 1136 1570 1190 urbium
1615 1146 1970 1202 agrorumque

409 1229 677 1284 vastatio?
717 1229 806 1282 ubi
844 1228 1043 1298 fugitur
1067 1243 1162 1297 per
1196 1228 1397 1280 marina
1437 1225 1754 1280 discrimina
1776 1264 1791 1288 ,
1826 1233 1878 1277 et
1904 1237 1971 1277 ne

412 1321 525 1392 ipsa
560 1321 774 1390 quidem
817 1319 1016 1386 absque
1046 1328 1188 1372 metu
1221 1318 1488 1372 habentur
1513 1315 1739 1370 exsilia?
1766 1315 1821 1368 In
1844 1329 1970 1368 con-

410 1421 595 1482 spectu
632 1410 850 1472 etenim,
880 1417 936 1461 ut
959 1409 1178 1462 videbas
1198 1409 1356 1462 etiam
1390 1407 1520 1475 ipse,
1556 1415 1739 1460 nostro
1767 1406 1969 1460 Barba-

411 1516 523 1567 rus,
555 1501 645 1569 qui
679 1500 926 1568 Rhegino
975 1498 1168 1568 oppido
1200 1498 1458 1552 miscebat
1510 1496 1774 1559 incendia,
1806 1510 1970 1564 angu-

409 1593 644 1649 stissimo
673 1606 703 1645 a
733 1590 885 1645 nobis
913 1589 1084 1654 freto,
1122 1587 1210 1642 ubi
1242 1588 1402 1642 Italiae
1435 1586 1602 1642 solum
1629 1585 1809 1640 Siculo
1841 1586 1973 1640 diri-

409 1683 593 1748 mitur,
628 1681 931 1735 arcebatur.
971 1699 988 1732 l
1027 1680 1231 1749 Agebat
1260 1695 1388 1747 ergo
1420 1689 1530 1733 tum
1576 1680 1628 1731 in
1653 1677 1859 1731 Sicilia.
1884 1677 1973 1730 Ait

409 1772 599 1826 deinde
623 1791 636 1826 :
676 1790 694 1823 ι
717 1771 832 1826 Jam
857 1771 1001 1825 enim
1030 1787 1094 1825 ex
1120 1770 1365 1825 omnibus
1394 1784 1514 1839 qua:
1553 1771 1606 1822 in
1634 1770 1747 1836 lege
1775 1768 1972 1837 scripta

409 1859 618 1926 reperi,
650 1859 775 1913 sola:
817 1866 874 1911 ut
907 1871 1035 1927 puto
1069 1860 1120 1911 in
1151 1859 1565 1913 Deuteronomio
1608 1857 1802 1911 desunt
1844 1872 1970 1910 ora-

2071 667 2251 738 Pelag.
2283 676 2337 721 et
2359 665 2600 731 Ccelest.,
2634 665 2800 718 refert
2852 663 2904 716 in
2933 663 3136 732 judicio
3184 663 3467 732 episcopali
3508 663 3641 717 Car-

2073 760 2290 829 thagine
2319 758 2525 821 habito,
2561 756 2824 826 quaerenti
2855 753 3078 808 Paulino
3105 754 3331 809 diacono
3359 755 3641 824 presbyteo

2071 866 2249 904 rerum
2280 849 2495 903 nomina
2523 888 2537 914 ,
2582 864 2609 901 a
2636 849 2829 916 quibus
2871 845 3207 915 pestilentem
3242 859 3394 900 suam
3445 845 3642 898 doctri-

2069 958 2191 997 nam
2218 941 2502 996 Ccelestius
2531 939 2856 1009 accepisset,
2896 937 3238 1007 respondisse
3283 934 3590 990 leestium
3620 952 3637 988 :

2077 1052 2097 1086 ι
2131 1034 2365 1089 Sanctus
2415 1033 2696 1102 presbyter
2747 1030 3014 1096 Ruﬁnus,
3065 1028 3250 1083 Romae
3300 1028 3390 1097 qui
3446 1027 3641 1082 mansit

2070 1142 2190 1181 cum
2218 1135 2406 1180 sancto
2440 1124 2804 1178 Pammachio.
2843 1122 2956 1192 Ego
2991 1121 3168 1174 audivi
3194 1119 3338 1172 illum
3371 1119 3639 1173 dicentem

2071 1217 2192 1286 quia
2227 1215 2416 1269 tradux
2471 1215 2680 1284 peccati
2719 1228 2825 1268 non
2881 1213 2972 1267 sit.
3011 1231 3030 1264 ι
3079 1211 3286 1266 Idcirco
3330 1209 3638 1280 Origeniani

2071 1307 2302 1361 nominis
2330 1307 2583 1360 invidiam
2636 1305 2686 1357 in
2741 1319 2800 1358 se
2848 1318 3162 1358 conversam
3205 1302 3445 1356 sentiens
3489 1301 3642 1356 Pela-

2071 1398 2208 1467 gius,
2241 1412 2361 1450 cum
2397 1397 2534 1465 apud
2569 1395 2938 1449 Innocentium
2969 1410 3160 1465 papam
3191 1409 3248 1448 se
3279 1404 3552 1462 purgaret,
3585 1392 3638 1444 in

2069 1485 2248 1540 libello
2317 1485 2438 1539 ﬁdei
2483 1486 2776 1552 praecipuos
2818 1485 3063 1555 Origenis
3107 1498 3320 1538 errores
3367 1492 3642 1551 proterere

2072 1591 2130 1630 se
2179 1577 2466 1631 simulavit.
2500 1575 2670 1630 Porro
2715 1585 2772 1630 ut
2801 1576 3136 1646 Origeniante
3175 1575 3366 1630 haeresi
3400 1574 3643 1644 Pelagia-

2073 1683 2158 1733 na,
2188 1669 2266 1724 sic

2423 1757 2809 1814 ...Nestoriana
2845 1760 2954 1814 lues
2978 1761 3220 1814 successit
3255 1759 3580 1828 Pelagianae,

2076 1851 2248 1920 inquit
2276 1851 2506 1919 Prosper
2535 1853 2584 1905 in
2617 1851 2899 1920 Epitaphio
2931 1851 3262 1906 Nestoriana:
3305 1860 3360 1904 et
3391 1848 3636 1919 Pelagia-

409 1949 678 2015 tiunculzn,
715 1965 848 2019 quas
876 1951 920 2004 si
950 1951 1207 2004 Dominus
1241 1948 1460 2018 juverit,
1490 1958 1546 2003 et
1573 1950 1856 2004 sanitatem
1881 1950 1972 2004 de-
2004 1935 2045 1989 Β
2074 1955 2156 1996 nae
2187 1940 2482 1995 haereseon.
2514 1941 2618 1995 Sed
2671 1941 2924 2010 quoniam
2957 1952 3152 2010 praeter
3198 1942 3498 1996 institutum
3545 1955 3638 1995 no-

409 2042 546 2096 derit
586 2041 777 2108 oculis,
843 2042 1087 2110 cupimus
1139 2039 1349 2111 reliquo
1402 2055 1626 2108 corpore
1690 2041 1897 2094 sociare
1951 2055 1964 2090 :

408 2133 652 2203 quamvis
691 2135 1090 2188 amantissimus
1133 2133 1275 2189 ﬁlius
1329 2142 1511 2188 noster
1543 2133 1800 2188 Pinianus
1823 2172 1838 2196 ,
1873 2147 1969 2188 cu-

405 2226 492 2296 jus
522 2226 827 2297 religiosum
858 2235 1058 2282 emtum
1102 2242 1200 2296 pro
1247 2241 1430 2281 amore
1484 2225 1752 2294 pudicitiae
1792 2225 1971 2294 profu-

407 2331 530 2385 gum
564 2317 906 2382 comitamur,
955 2316 1195 2386 injungat
1246 2325 1300 2370 et
1353 2316 1479 2371 alia.
1520 2334 1540 2367 ›
1583 2314 1835 2369 Pinianus
1859 2314 1968 2382 ille,

410 2405 564 2474 cujus
588 2406 644 2460 in
676 2407 928 2461 comitatu
961 2422 1020 2462 se
1049 2415 1157 2460 tum
1199 2407 1363 2462 fuisse
1395 2407 1468 2460 ait
1500 2407 1746 2471 Ruﬁnus,
1781 2406 1826 2460 is
1855 2413 1972 2459 erat

412 2495 652 2550 Melania:
691 2495 920 2562 junioris
963 2495 1205 2550 maritus.
1255 2493 1407 2550 Hunc
1446 2495 1613 2548 Roma
1659 2494 1972 2548 discessisse

413 2601 556 2640 anno
583 2585 708 2651 408,
739 2595 792 2642 et
829 2583 1204 2655 Carthaginem
1231 2586 1500 2655 appulisse
1523 2601 1663 2640 anno
1690 2585 1815 2652 409,
1857 2587 1972 2656 ipse

411 2678 655 2747 agnoscit
683 2677 961 2732 Baronius.
994 2677 1160 2746 Igitur
1203 2678 1287 2732 vel
1315 2677 1566 2732 Ruﬁnum
1619 2677 1672 2731 in
1705 2676 1888 2731 Sicilia
1938 2691 1967 2730 a

411 2769 633 2823 Piniano
660 2781 724 2836 et,
740 2779 970 2840 utraque
1004 2768 1231 2824 Melania
1255 2769 1500 2824 relictum
1540 2783 1686 2823 mors
1713 2781 1854 2822 anno
1887 2781 1971 2822 se-

407 2862 591 2929 quenti
622 2862 990 2929 oppresserit;
1021 2861 1102 2915 vel
1133 2871 1279 2916 certe
1304 2870 1512 2930 tempus
1555 2875 1584 2912 a
1619 2859 1847 2913 Baronio
1885 2872 1970 2913 as-

407 2954 674 3023 signatum
706 2968 810 3008 uno
833 2954 1020 3008 saltem
1051 2969 1192 3008 anno
1224 2953 1402 3007 Ruﬁni
1446 2953 1626 3007 obitus
1669 2958 1970 3006 anteverte-

409 3045 501 3107 rit,
534 3045 632 3097 viri
667 3043 1006 3114 Origenianaa
1029 3044 1286 3098 doctrinae
1317 3044 1390 3098 ita
1416 3043 1672 3107 studiosi,
1712 3053 1768 3096 ut
1792 3041 1971 3096 inﬁni-

408 3143 492 3188 tas
529 3134 631 3189 sibi
665 3135 869 3200 turbas,
905 3135 1165 3199 convicia,
1198 3133 1471 3188 infamiam
1494 3143 1548 3188 et
1576 3133 1968 3187 damnationem

406 3218 637 3287 denique
680 3219 795 3286 ejus
835 3235 994 3274 causa
1043 3218 1308 3288 pepererit
1350 3234 1362 3269 :
1411 3218 1500 3286 qui
1545 3218 1589 3270 si
1649 3218 1827 3270 animo
1874 3231 1971 3271 suo

406 3306 598 3363 fuisset
631 3309 955 3373 moderatus,
990 3319 1043 3365 et
1074 3325 1101 3362 a
1132 3309 1390 3364 librorum
1420 3309 1556 3376 Περὶ
1578 3305 1780 3375 ἀρχῶν
1802 3308 1969 3362 inter-

405 3400 707 3466 pretatione
736 3400 1079 3455 abstinuisset
1108 3416 1325 3454 manum
1351 3439 1366 3464 ,
1405 3415 1560 3454 suum
1585 3400 1685 3452 sibi
1710 3399 1968 3468 Origenes

409 3489 594 3552 decus,
621 3489 951 3558 gloriamque
995 3491 1046 3543 in
1095 3490 1385 3546 Occidente
1431 3497 1734 3550 servasset;
1779 3503 1966 3543 verum

408 3578 534 3634 dum
566 3579 726 3632 tradit
753 3579 897 3633 illum
927 3577 1131 3634 Latinis
1155 3581 1454 3650 legendum,
1489 3597 1553 3635 ex
1589 3581 1824 3634 omnium
1857 3595 1969 3632 ma-

407 3665 566 3720 nibus
599 3667 834 3721 excussit
864 3685 878 3721 :
911 3685 930 3718 (
959 3669 1127 3723 Totus
1174 3670 1315 3722 enim
1343 3668 1523 3732 orbis,
1557 3687 1575 3718 ι
1625 3668 1798 3736 inquit
1848 3666 1970 3722 Hie-

407 3769 666 3825 ronymus
715 3757 868 3826 Apol.
917 3773 958 3819 ι,
1010 3773 1128 3818 cap.
1161 3758 1215 3822 3,
1270 3777 1288 3809 ι
1335 3767 1453 3824 post
1507 3757 1910 3811 translationem
1945 3775 1965 3807 ›

411 3847 586 3900 Ruﬁni
637 3868 655 3900 ι
689 3849 739 3902 in
783 3846 1026 3918 Origenis
1076 3849 1256 3903 odium
1309 3849 1545 3913 exarsit,
1603 3861 1760 3918 quem
1812 3858 1968 3902 antea

409 3935 725 4006 simpliciter
769 3937 1061 3992 lectitabat.
1098 3957 1116 3990 ι
1169 3937 1527 3992 Nihilominus
1570 3940 1636 3992 ab
1681 3938 1971 3993 Anastasio

411 4027 534 4107 licet
564 4030 846 4083 damnatus
882 4029 1042 4084 fuerit
1067 4029 1312 4096 Ruﬁnus,
1350 4027 1464 4096 ejus
1486 4038 1664 4083 tamen
1694 4039 1976 4083 consuetu-

409 4121 529 4174 dine
580 4136 734 4175 usum
784 4120 949 4176 fuisse
991 4121 1356 4176 Chromatium
1397 4120 1794 4188 Aquileiensem
1855 4119 1971 4189 epi~

408 4227 626 4280 scopum
660 4214 945 4281 persuadet
972 4213 1138 4281 ipsius
1171 4212 1422 4267 Praafatio
1451 4212 1762 4268 Eusebianw
1791 4212 1974 4269 Histo-

409 4303 502 4354 riw
542 4317 571 4354 a
612 4317 669 4356 se
695 4317 966 4356 conversa:
991 4304 1266 4373 prasinissa
1290 4341 1304 4365 ,
1330 4319 1434 4371 qua
1480 4316 1662 4374 rogatu
1707 4305 1973 4360 Chroma-

411 4393 488 4454 til',
517 4394 697 4446 animo
731 4410 793 4447 ex
818 4395 1004 4464 patria:
1035 4396 1183 4450 clade
1207 4394 1401 4450 afﬂicto
1433 4397 1670 4450 solamen
1715 4397 1973 4450 adhibere

412 4485 661 4549 volentis,
706 4499 1004 4554 susreptam
1040 4489 1181 4542 illam
1221 4507 1250 4542 a
1295 4506 1353 4544 se
1387 4491 1622 4545 ostendit
1691 4489 1970 4544 Melaniam

2074 2040 2243 2090 strum
2277 2041 2359 2087 est
2385 2033 2591 2086 illarum
2621 2031 2866 2096 historia,
2895 2043 2946 2086 et
2976 2032 3202 2086 aliorum
3231 2032 3504 2087 laboribus
3527 2030 3637 2099 jam

2075 2124 2205 2177 satis
2237 2123 2527 2187 illustrata,
2561 2124 2627 2177 ad
2652 2125 2931 2193 sequentia
2959 2138 3329 2195 properamus.

2144 2212 2334 2268 XXIV.
2375 2213 2622 2270 Obtritus
2663 2214 2821 2283 plane
2865 2229 2928 2269 ac
2976 2217 3349 2284 pessumdatus
3389 2215 3439 2269 in
3481 2212 3638 2270 Occi-

2072 2304 2232 2359 dente
2280 2304 2559 2359 videbatur
2589 2305 2988 2374 Origenismus,
3022 2322 3142 2362 cum
3176 2320 3303 2362 ecce
3341 2306 3482 2360 Aviti
3533 2305 3638 2363 duo

2075 2396 2317 2465 Hispani,
2347 2395 2574 2450 Romam
2603 2397 2755 2456 alter.
2793 2398 2931 2451 alter
2963 2397 3351 2468 Jerosolymam
3371 2397 3636 2466 profecti,

2075 2488 2128 2542 in
2156 2488 2387 2558 patriam
2424 2497 2547 2558 post
2584 2489 2814 2542 reditum
2860 2504 3068 2544 merces
3110 2488 3462 2559 Origenianas
3492 2489 3634 2543 intu-

2074 2579 2266 2633 lerunt.
2298 2579 2496 2632 Horum
2529 2579 2664 2632 alter
2691 2578 2779 2651 (is,
2813 2581 2867 2633 ni
2906 2579 3081 2644 fallor,
3112 2581 3202 2650 qui
3238 2579 3630 2650 Jerosolymam

2074 2667 2443 2730 contenderat,
2489 2681 2754 2736 quemque
2786 2669 2980 2722 adiisse
3022 2669 3405 2739 Hieronymum
3451 2671 3501 2724 in
3529 2669 3634 2724 Pa-

2073 2757 2276 2813 laestina
2302 2757 2580 2828 degentem
2621 2759 2912 2813 verisimile
2937 2760 3040 2829 est)
3088 2760 3154 2815 ab
3182 2760 3502 2831 Hieronymo
3542 2776 3637 2828 po-

2073 2846 2386 2914 stulaverat,
2423 2859 2482 2903 ut
2504 2848 2748 2920 Origenis
2777 2848 2938 2904 libros
2971 2850 3111 2918 Περὶ
3145 2851 3351 2920 ἀρχῶν
3374 2891 3389 2917 ,
3426 2853 3636 2907 sincere

2073 2948 2129 2995 et
2161 2938 2388 2995 ﬁdeliter
2429 2956 2722 2996 conversos
2772 2943 2836 2995 ad
2891 2957 2950 2996 se
3013 2942 3287 3006 mitteret;
3323 2945 3463 3012 quod
3513 2958 3638 2997 cum

2077 3029 2232 3085 facile
2264 3031 2624 3100 impetrasset,
2667 3031 3045 3100 cavendusque
3072 3046 3288 3087 errores
3316 3048 3414 3098 per
3437 3033 3640 3101 episto-

2077 3122 2181 3177 lam
2211 3122 2567 3195 Hieronymus
2593 3132 3098 3193 prmmonstrasset,
3142 3125 3207 3179 iis
3255 3135 3428 3178 tamen
3464 3124 3637 3193 impli-

2077 3213 2187 3267 cari
2222 3228 2280 3269 se
2307 3222 2362 3268 et
2389 3215 2537 3269 illudl
2563 3230 2751 3284 passus
2781 3223 2902 3280 est;
2932 3230 2994 3269 ac
3009 3215 3236 3269 alterum
3268 3231 3479 3284 quoque
3505 3216 3637 3270 Avi-

2073 3311 2181 3355 tum
2212 3303 2262 3356 in
2292 3303 2509 3358 easdem
2542 3303 2881 3372 opinationes
2905 3305 3193 3374 pertraxit.
3227 3303 3421 3358 Pati-im
3453 3320 3641 3359 consu-

2069 3393 2183 3447 lens
2215 3391 2411 3448 Paulus
2441 3394 2665 3449 Orosius
2689 3435 2706 3463 ,
2738 3410 2897 3465 quam
2944 3396 3055 3450 haec
3079 3436 3094 3460 ,
3144 3403 3304 3464 atque
3349 3396 3465 3450 alia:
3513 3397 3638 3450 item

2069 3485 2302 3539 haereses
2346 3487 2736 3554 pervadebant,
2777 3485 3058 3556 Augustini
3108 3501 3263 3555 opem
3310 3486 3490 3541 oblato
3539 3487 3642 3555 ipsi

2071 3576 2492 3632 Commonitorio
2535 3578 2859 3647 imploravit.
2905 3575 3120 3646 Scripto
3173 3577 3354 3631 statim
3400 3578 3464 3631 ad
3505 3577 3641 3632 Oro-

2070 3670 2208 3724 sium
2260 3669 2724 3724 Commentariolo
2773 3670 3030 3724 adversus
3095 3668 3537 3724 Priscillianistas
3588 3678 3643 3722 et

2071 3760 2432 3829 Origenistas,
2458 3760 2706 3815 haeresim
2735 3770 3022 3829 utramque
3047 3759 3358 3828 Hispaniam
3384 3759 3643 3812 infestan-

2074 3861 2179 3905 tem
2218 3851 2939 3920 proculcavitAugustinus;
2966 3851 3098 3904 etin
3138 3851 3337 3904 eximio
3383 3859 3648 3918 praeterea.

2073 3940 2149 3994 De
2179 3941 2382 3994 civitate
2426 3941 2518 3993 Dei
2546 3954 2728 4009 opere,
2760 3941 2901 4009 quod
2949 3951 3077 3996 tunc
3121 3941 3462 4004 elaborabat,
3496 3951 3552 3994 ut
3587 3950 3643 3995 et

2075 4032 2125 4086 in
2157 4032 2279 4086 aliis
2308 4046 2522 4100 quoque
2549 4032 2962 4099 scriptionibus,
2997 4047 3117 4086 cum
3157 4029 3474 4100 Origenistis
3507 4044 3642 4098 prm-

2072 4124 2238 4177 liatus
2273 4135 2376 4178 est.
2416 4109 2771 4188 Quiestionem
2804 4137 2989 4185 unam,
3033 4137 3153 4192 quae
3193 4131 3277 4176 est
3333 4122 3398 4175 de
3435 4120 3646 4189 origine

2074 4215 2398 4278 animarum,
2433 4214 2662 4268 deﬁnire
2691 4229 2796 4269 non
2821 4230 3008 4279 ausus,
3038 4213 3288 4268 Orosium
3323 4214 3374 4266 in
3403 4211 3642 4266 Palaesti-

2075 4322 2198 4362 nam
2243 4296 2390 4362 misit
2435 4310 2500 4362 ad
2547 4307 2970 4377 Hieronymum,
3027 4319 3187 4374 quem
3234 4304 3644 4374 disceptationis

2073 4400 2229 4468 hujus
2253 4400 2514 4453 arbitrum
2559 4413 2680 4453 esse
2717 4399 2904 4453 voluit.
2957 4397 3299 4451 Manifestum
3349 4398 3532 4465 itaque
3570 4412 3642 4452 ex

2073 4503 2140 4543 eo
2163 4496 2266 4552 est,
2297 4489 2487 4542 merito
2517 4489 2655 4541 inter
2701 4488 3039 4557 supposilitia
3082 4496 3134 4542 et
3171 4488 3470 4558 Augustino
3512 4502 3643 4557 per-

412 4589 622 4644 quoque
643 4575 730 4630 diu
780 4589 898 4646 post
931 4578 1183 4632 inllictani
1233 4580 1426 4635 Ruﬁno
1474 4597 1758 4637 censuram
1799 4589 1975 4635 certa-
2005 4603 2049 4657 ι)
2079 4593 2262 4648 peram
2293 4579 2522 4646 ascripta
2553 4577 2702 4644 rejici
2732 4576 2965 4631 libellum
3026 4577 3098 4630 De
3153 4579 3346 4630 deitate
3369 4588 3417 4630 et
3465 4579 3644 4632 incar-

411 4666 502 4717 tim
540 4665 786 4721 laudibus
816 4668 1119 4722 extulerunt
1146 4671 1471 4740 Augustinus
1497 4680 1551 4725 et
1588 4670 1845 4725 Paulinus
1878 4687 1891 4722 :
1919 4680 1974 4724 et

410 4766 530 4822 post
569 4764 796 4811 mortem
852 4759 1062 4812 demum
1112 4759 1165 4812 in
1227 4759 1532 4814 Graecorum
1583 4759 1974 4831 Martyrologiis

412 4847 553 4900 inter
579 4856 792 4901 sanctos
827 4850 1058 4906 ascripta
1089 4861 1190 4906 est.
1231 4871 1234 4874 ’

484 4935 670 4989 XXIII.
703 4938 773 4991 At
802 4954 906 4991 non
957 4940 1133 4994 Ruﬁni
1175 4941 1322 4994 obitu
1358 4951 1470 4994 sata
1521 4942 1588 4995 ab
1635 4941 1747 5009 ipso
1793 4939 1975 5010 Orige-

413 5027 571 5081 nismi
624 5029 827 5084 semina
872 5033 1134 5087 exstincta
1189 5043 1330 5088 sunt.
1383 5032 1648 5103 Pelagius,
1685 5035 1977 5088 monachus

413 5119 629 5173 natione
645 5120 960 5189 Britannus,
985 5133 1198 5191 arrepta
1232 5125 1473 5192 quaadam
1495 5125 1741 5195 Origenis
1761 5126 1976 5196 dogma-

415 5220 468 5264 ta
508 5227 534 5264 a
575 5210 771 5266 Ruﬁno
817 5213 1026 5267 exculta
1062 5223 1115 5269 et
1149 5227 1438 5285 prepagata
1486 5218 1780 5271 renovavit.
1831 5217 1976 5283 Quo-

416 5303 558 5356 circa
594 5301 952 5372 Hieronymus
987 5305 1041 5358 in
1082 5304 1349 5360 Procemio
1394 5306 1460 5360 ad
1498 5307 1589 5362 lib.
1635 5324 1652 5362 ι
1686 5307 1972 5362 Comment.

413 5391 471 5444 in
518 5389 713 5445 Jerem.
765 5392 1094 5461 Grunnium,
1143 5395 1244 5448 hoc
1300 5403 1384 5448 est
1431 5396 1721 5460 Ruﬁnum,
1781 5398 1978 5468 Pelagii

417 5500 439 5534 ε
501 5497 916 5551 prmcursorem-
949 5492 1004 5539 et
1065 5485 1376 5553 magistrum
1424 5505 1444 5538 ι
1489 5489 1739 5556 appellat.
1773 5489 1981 5559 ,Dogma

413 5588 630 5643 quoque
659 5574 923 5638 ἀπαθείας
951 5586 1004 5630 et
1033 5576 1473 5647 ἀναμαρτησίας,
1503 5580 1646 5647 quod
1673 5594 1836 5648 supra
1868 5591 1978 5634 tra-

415 5666 698 5728 ctavimus,
735 5668 803 5721 ab
835 5666 1152 5736 Origenistis
1189 5669 1462 5737 accepisse
1506 5669 1817 5739 Pelagianos
1854 5686 1979 5740 pro-

418 5755 496 5808 dit
528 5755 579 5809 in
612 5755 879 5812 Prooemlo
919 5758 1128 5828 Dialog.
1181 5759 1298 5814 adv.
1334 5759 1513 5830 Pelag.
1560 5771 1614 5814 et
1647 5761 1700 5814 in
1746 5760 1978 5816 Promm.

420 5844 517 5901 lib.
554 5862 604 5902 tv
630 5845 919 5906 Comment.
952 5851 1005 5905 in
1034 5849 1230 5906 Jerem.
1252 5860 1306 5907 et
1336 5851 1388 5906 in
1424 5850 1594 5921 Epist.
1629 5852 1694 5906 ad
1728 5851 1984 5922 Ctesiph.,

2081 4671 2312 4733 natione,
2349 4671 2414 4724 ad
2443 4669 2782 4733 Januarium,
2833 4669 2922 4737 qui
2958 4669 3188 4724 habetur
3245 4671 3298 4723 in
3338 4669 3647 4738 Appendice

2079 4763 2254 4830 quarti
2291 4762 2418 4816 tomi
2458 4777 2471 4812 :
2518 4761 2717 4830 quippe
2774 4762 2866 4829 qui
2921 4760 3261 4830 Origenianis
3311 4760 3424 4815 fere
3454 4761 3646 4830 pannis

2080 4862 2334 4907 consutus
2362 4862 2416 4906 et
2436 4851 2843 4906 consarcinatus
2869 4860 2974 4906 est.

2151 4945 2377 4998 Circiter
2411 4945 2550 4998 idem
2591 4953 2796 5012 tempus
2846 4941 3286 5012 Semipelagianaa
3323 4944 3513 4999 haeresi
3554 4959 3646 4997 ro-

2082 5035 2184 5089 bur
2209 5033 2446 5089 Joannes
2470 5033 2762 5088 Cassianus
2792 5033 2844 5086 ln
2875 5033 3061 5088 Galliis
3086 5035 3406 5089 conciliabat
3437 5050 3503 5089 ex
3525 5034 3646 5088 0τί-

2084 5125 2236 5195 genis
2261 5124 2664 5194 scriptionibus,
2717 5123 2870 5192 cujus
2919 5124 3228 5179 econtrario
3278 5140 3470 5179 nomen
3518 5122 3648 5178 Vin-

2081 5215 2292 5270 centius
2316 5214 2616 5270 Lirinensis
2659 5215 2859 5270 ibidem
2898 5217 3215 5270 traducebat
3257 5231 3271 5267 :
3315 5215 3366 5270 in
3393 5214 3649 5270 Commo-

2081 5304 2278 5359 nitorio
2325 5303 2589 5373 siquidem
2638 5305 2821 5374 priore
2859 5306 3064 5359 advers.
3127 5304 3336 5360 eres.
3411 5320 3532 5374 cap.
3577 5304 3650 5357 25

2089 5397 2218 5450 dum
2257 5395 2543 5450 ostendere
2569 5406 2793 5450 conatur
2831 5411 3068 5452 errorem
3109 5396 3354 5465 Origenis
3402 5396 3652 5451 Ecclesiae

2090 5487 2183 5540 Dei
2203 5485 2486 5540 offensioni
2514 5484 2714 5554 fuisse,
2737 5497 3020 5555 postquam
3061 5489 3349 5557 praeclaras
3391 5487 3533 5542 illius
3558 5488 3654 5541 d0-

2089 5587 2168 5631 tes
2194 5575 2376 5631 multis
2405 5576 2736 5643 dilaudavit,
2787 5596 2804 5629 t
2838 5576 2946 5644 Eo,
2979 5578 3181 5648 inquit,
3211 5593 3298 5634 res
3320 5579 3552 5643 decidit,
3597 5590 3655 5632 ut

2087 5677 2247 5723 tanta:
2276 5683 2543 5739 personae,
2577 5669 2711 5722 tanti
2751 5669 2987 5724 doctoris
3009 5711 3025 5737 ,
3054 5671 3191 5725 tanti
3230 5672 3505 5740 praphetae
3546 5685 3652 5730 non

2088 5761 2324 5815 humana
2349 5761 2549 5830 aliqua,
2582 5761 2680 5814 sed
2704 5768 2761 5814 ut
2783 5761 2961 5816 exitus
2993 5761 3199 5827 docuit,
3251 5763 3474 5816 nimium
3511 5762 3657 5828 peri~

2091 5852 2273 5909 culosa
2305 5854 2538 5910 tentatio
2560 5852 2818 5924 plurimos
2846 5869 2875 5909 a
2904 5854 3030 5910 ﬁdei
3076 5854 3384 5925 integritate
3425 5853 3656 5910 deduce-
