4170 6406
556 456 693 510 H59

1813 462 1871 516 P.
1914 462 2230 517 DANIELIS
2268 461 2497 518 IIUETII

3658 461 3800 519 IIII)

553 581 659 625 ret.
701 573 1058 639 Quamobrem
1083 575 1173 629 hic
1207 577 1346 631 idem
1375 578 1639 649 Origenes
1667 590 1850 635 tantus
1876 596 1939 636 ac
1973 581 2116 649 talis,
2147 584 2194 642 Α
2292 582 2673 644 Sozomenum,
2718 577 3025 646 Sidonium',
3067 589 3331 633 auctorem
3381 576 3796 647 Prtedestinati,

530 663 682 718 -dum
714 666 887 734 gratia
922 666 1015 720 Dei
1053 666 1372 725 insolentius
1415 672 1688 737 abutitur,
1735 673 1862 728 dum
1905 674 2119 745 ingenio

553 769 654 809 suo
700 755 925 809 nimium
979 756 1245 830 indulget,
1298 760 1511 831 sibique
1569 764 1702 819 satis
1747 765 1955 829 credit,
2001 780 2124 820 cum

553 846 702 916 parvi
728 847 910 917 pendit
931 850 1205 919 antiquam
1246 851 1569 910 Christianae
1608 855 1889 928 religionis
1918 855 2126 926 simpli-

552 938 793 1004 citatem,
817 938 943 995 dum
972 954 1031 996 se
1057 941 1174 1010 plus
1198 944 1408 999 cunctis
1429 960 1617 1014 sapere
1647 946 1927 1016 praesumit
1947 988 1963 1013 ,
1997 949 2123 1003 dum

551 1030 949 1086 ecclesiasticas
991 1034 1342 1101 traditiones,
1394 1045 1449 1091 et
1515 1047 1757 1093 veterum
1815 1039 2123 1110 magisteria

552 1130 903 1180 contemnens
952 1127 1198 1195 quaedam
1244 1128 1646 1200 Scripturarum
1700 1132 1928 1201 capitula
1986 1148 2126 1188 novo

551 1227 703 1268 more
731 1213 1138 1285 interpretatur,
1176 1221 1372 1274 meruit
1404 1229 1459 1274 ut
1493 1223 1559 1274 de
1591 1234 1650 1275 se
1701 1236 1916 1291 quoque
1944 1220 2128 1277 Eccle-

554 1305 647 1359 sia:
674 1305 765 1359 Dei
797 1306 1069 1363 diceretur
1104 1326 1118 1362 :
1161 1308 1219 1364 Si
1260 1312 1545 1367 surrexerit
1583 1312 1639 1365 in
1679 1312 1849 1366 medio
1897 1314 1974 1366 tui
2007 1329 2129 1381 pra-

547 1397 738 1465 pheta;
770 1406 826 1452 et
866 1400 1025 1468 paulo
1058 1412 1178 1470 post
1221 1421 1233 1457 :
1280 1401 1403 1457 Non
1448 1403 1675 1469 audies,
1725 1405 1929 1475 inquit,
1974 1407 2127 1461 verba

549 1486 813 1555 prophetia
834 1489 977 1544 illius
998 1490 1067 1546 ι’.
1089 1490 1228 1547 Vere
1251 1508 1357 1547 non
1380 1493 1551 1549 solum
1579 1496 1824 1561 teutatio,
1848 1497 1941 1551 sed
1963 1497 2125 1552 etiam

552 1592 742 1645 magna
785 1580 1303 1652 teutatio,;deditam
1340 1584 1441 1639 sibi
1475 1593 1639 1653 atque
1682 1585 1736 1639 in
1777 1600 1836 1641 se
1883 1587 2122 1656 penden-

552 1676 659 1723 tem
687 1668 983 1725 Ecclesiam
1026 1672 1380 1729 admiratione
1419 1677 1645 1747 ingenii,
1700 1676 1962 1742 scientiae,
2010 1678 2116 1735 elo-

549 1761 802 1828 quentia),
838 1764 1271 1820 conversationis
1300 1774 1356 1820 et
1397 1767 1618 1837 gratiae,
1652 1768 1785 1823 nihil
1831 1770 1896 1824 de
1934 1785 1993 1824 se
2036 1786 2127 1825 su-

550 1851 872 1922 spicantem,
903 1852 1037 1908 nihil
1064 1866 1363 1924 verentem,
1396 1857 1577 1914 subito
1601 1874 1630 1913 a
1667 1861 1835 1916 veteri
1867 1860 2124 1931 religione

551 1941 607 1996 in
637 1956 830 1998 novam
858 1944 1237 2014 profanitatem
1269 1949 1465 2005 sensim
1486 1989 1504 2017 ,
1531 1950 1899 2022 paulatimque
1937 1925 2123 2009 tradu-
2158 1925 2200 1984 Β

551 2048 696 2089 cere.
726 2054 746 2087 ι
786 2034 921 2091 Tum
952 2036 1186 2093 lectores
1215 2049 1421 2106 monet,
1453 2041 1673 2097 etiamsi
1722 2043 1966 2114 corrupti
2015 2045 2126 2100 sint

552 2123 965 2197 IibriOrigenis,
999 2130 1140 2198 quod
1176 2146 1281 2185 non
1333 2131 1609 2195 dimtetur,
1652 2134 1754 2189 sub
1800 2134 1915 2201 ejus
1946 2144 2123 2189 tamen

552 2217 768 2273 nomine
802 2219 1088 2288 venditari,
1115 2229 1168 2275 et
1192 2222 1256 2274 ad
1294 2222 1645 2279 insinuandos
1673 2239 1889 2283 errores
1916 2234 2123 2280 tantum

553 2322 747 2365 nomen
802 2310 984 2367 valere
1031 2326 1211 2382 posse.
1269 2313 1348 2368 Ita
1411 2316 1748 2371 renascentis
1799 2315 2125 2388 Origeuismi

553 2403 874 2473 propagines
899 2405 952 2459 in
987 2403 1283 2463 Occidente
1331 2407 1477 2464 elisae
1509 2419 1653 2464 sunt.
1687 2409 1793 2465 Sed
1834 2419 1889 2465 et
1922 2409 2123 2465 iterum

553 2493 781 2560 ibidem,
824 2495 1129 2566 iterumque
1165 2507 1289 2554 sunt
1338 2509 1606 2568 contusas,
1665 2511 1722 2556 ut
1770 2503 1823 2556 in
1876 2503 2123 2573 sequenti

553 2583 795 2639 sectione
822 2586 1190 2641 ostendemus.

1170 2749 1408 2808 SECTIO
1446 2750 1508 2806 II.

554 2851 593 2907 I.
631 2853 943 2938 Theophilus
984 2861 1375 2938 Alefaudrinus
1412 2866 1695 2938 monac/ags
1730 2866 1981 2938 quaedam
2016 2867 2121 2938 Ni-

536 2982 541 2985 _
623 2933 840 3005 trieases
867 2941 1046 2997 vexat;
1075 2933 1139 2988 ll.
1163 2942 1212 2988 et
1242 2935 1571 3005 afﬁctanipsis
1620 2933 1949 3005 Origenisma
1999 2935 2125 2990 Ori-

624 2998 855 3066 genistas
888 3018 994 3076 una
1051 2998 1356 3076 insectatjir.
1408 2998 1495 3058 III.
1538 3005 1677 3059 Alia:
1717 2998 1927 3059 Elissidii
1954 3008 2125 3076 hujus

620 3083 795 3147 causa
840 3072 1204 3147 proferuntur.
1254 3071 1507 3147 §ynadus
1542 3076 1898 3147 Alea:n::_drina
1934 3071 2122 3147 Orige-

619 3141 1055 3215 nistaajarnnat,
1085 3160 1214 3215 quas
1254 3141 1571 3215 TheOphilus
1603 3161 1667 3198 ea:
1691 3144 1922 3215 nggpto
1945 3141 2126 3199 detur-

619 3206 727 3263 bat.
762 3208 849 3264 IV.
874 3206 1108 3278 xEquuni
1142 3214 1205 3266 de
1243 3213 1323 3265 his
1367 3206 1846 3269 concertationib'u's'
1892 3215 2123 3269 Postha-

618 3278 787 3354 miani
808 3264 1103 3354 ίηαίεῖεηρξ
1127 3264 2121 3354 agr/nepti};'itatg."'.p;.;.gtz.;u
2149 3264 2192 3323 ο

622 3347 956 3424 Anastasius,
979 3350 1307 3424 Epiphanius
1366 3347 1420 3406 et
1451 3347 1826 3424 Hieronymus.
1863 3347 2122 3424 :VlaUtris

620 3418 739 3491 plus
772 3418 1123 3491 adhibendum
1169 3423 1224 3474 in
1261 3426 1359 3491 hac
1398 3424 1617 3477 historia
1651 3418 1777 3491 fidei
1802 3466 1816 3487 ,
1850 3422 2119 3491 Palladio,

621 3486 876 3562 Socrati,
920 3488 1247 3562 Soaameno,
1291 3490 1516 3562 Georgio
1560 3486 1950 3553 Alexandrinos
1995 3486 2125 3548 ana;-

621 3571 778 3630 nymo
814 3555 948 3611 Viue
976 3558 1330 3630 Chrysostomi
1356 3555 1619 3627 scriptori.
1657 3571 1707 3616 at
1748 3563 1979 3617 Simeani
2010 3563 2125 3618 Me-

623 3629 1419 3702 tapltraatte;_aniEpiphanio
1456 3643 1503 3685 et
1552 3632 1869 3701 Hieronymo
1919 3635 2125 3702 disqui—

627 3695 784 3770 ritur.
810 3695 921 3752 VII.
956 3695 1234 3770 Theophili
1268 3702 1571 3770 synodicam
1610 3695 1880 3770 epistolam
1929 3716 1974 3756 et
2014 3695 2115 3757 'Pa-

623 3768 827 3842 schales
856 3768 1353 3842 quatuor—conuertit
1384 3768 1759 3842 Hieronymus.
1800 3769 1933 3825 VIII.
1966 3772 2125 3838 Qua:-

623 3838 759 3910 r_itur
807 3840 910 3892 utri
972 3841 1120 3905 prius
1179 3838 1690 3910 Constantinapo’lim
1744 3843 1964 3910 profecti
2017 3845 2122 3897 sint

626 3906 1077 3995 grigem’stwnau
1122 3909 1389 3995 Theophili
1442 3906 1620 3995 legati.
1670 3906 1756 3995 IX.
1798 3906 2123 3995 O'rigenistas

623 3978 1135 4052 benignefazcipinnt
1183 3979 1416 4052 Joannes
1462 3978 1864 4052 Chrysastomus
1896 3978 1957 4037 ἐι
2017 3981 2126 4035 Eu-

622 4048 807 4102 doxia.
943 4047 1225 4122 §3tnadum
1272 4050 1540 4122 inﬁgam
1571 4047 1832 4106 adversus
1883 4052 2125 4122 Origeni-

622 4130 733 4193 stas
768 4120 903 4188 cogit
934 4117 1284 4193 Epiphanius.
1323 4117 1432 4174 XI.’
1449 4121 1491 4175 Τ
1495 4122 1846 4189 heaphilenses
1882 4117 2040 4193 legati
2074 4136 2123 4176 et

624 4185 936 4258 Qrigeni'stte
957 4185 1097 4256 apud
1139 4190 1505 4257 imperatorem
1541 4185 1723 4245 mutuo
1771 4209 1825 4245 se
1849 4185 2122 4247 acc'usaut.

624 4255 741 4330 XII:
805 4255 1132 4328 Epiphanius
1170 4255 1705 4330 Constantinopolim
1778 4263 2025 4330 appellit,
2076 4275 2123 4316 et

622 4323 1046 4398 Qhrgsostomum
1071 4329 1207 4382 male
1245 4330 1415 4384 habet.
1464 4323 1597 4385 XIII.
1653 4323 1953 4384 Alter-catur
2006 4323 2124 4385 cum
2193 4334 2197 4338 ’

625 4395 894 4470 Eudoxio,
935 4399 1121 4452 deinde
1169 4398 1400 4469 Cyprum
1451 4412 1681 4470 repetens
1715 4401 1826 4469 fato
1869 4404 2121 4457 concedit.

797 4467 1080 4541 Reimgesta:
1109 4464 1312 4541 sum'ma
1351 4464 1602 4537 repetitur
1632 4464 1958 4541 em'l’alybio
1999 4483 2123 4526 teste

625 4538 854 4593 oculata.
888 4536 1002 4591 XV.
1022 4536 1531 4607 Constantinopolim
1555 4540 1757 4595 advenit
1785 4536 2119 4608 TheOphilus,

2298 661 2344 705 et
2388 649 2741 721 Ettlychetetn.

2298 763 2337 817 l.
2372 764 2495 819 Haec
2527 763 2654 819 dum
2691 764 2743 818 in
2765 762 3055 819 Occidente
3083 772 3401 834 gererentur
3421 803 3437 827 ,
3466 762 3625 835 longe
3675 777 3800 835 gra-

2225 855 2363 911 viori
2400 857 2625 911 tumultu
2659 856 2896 913 Orientis
2941 856 3209 913 Ecclesias
3250 856 3620 929 Origenismus
3667 873 3802 927 qua-

2230 948 2418 1003 tiebat.
2468 947 2635 1017 Cujus
2679 949 3043 1003 intermissam
3086 949 3319 1003 vitandre
3374 947 3677 1003 confusioni
3722 947 3803 1003 hi-

2226 1040 2450 1096 storiatn
2486 1049 2812 1107 repetemus.
2853 1041 3147 1111 Postquam
3202 1042 3438 1097 Isidorus
3482 1040 3606 1107 ille,
3637 1056 3797 1110 quem

2226 1145 2256 1184 a
2284 1129 2583 1201 Theophilo
2612 1132 2677 1186 ad
2700 1132 2962 1187 sedandas
2992 1131 3252 1187 Joannem
3282 1132 3423 1186 inter
3459 1141 3515 1187 et
3560 1132 3798 1201 Epipha-

2226 1222 2374 1277 nium
2410 1238 2475 1278 ac
2513 1221 2898 1295 Hieronymum
2937 1225 3334 1279 controversias
3365 1223 3687 1278 submissum
3719 1223 3799 1278 di-

2228 1315 2427 1382 ximus,
2456 1316 2838 1371 Alexandriam
2876 1332 3151 1391 regressus
3173 1326 3276 1381 est,
3312 1331 3507 1387 urgere
3523 1315 3801 1385 Theophi-

2227 1411 2334 1464 lum
2369 1423 2474 1462 non
2508 1407 2835 1463 destiterunt
2863 1408 3193 1479 Epiphanius
3224 1416 3280 1462 et
3302 1406 3664 1478 Hieronymus
3684 1448 3699 1474 ,
3739 1415 3799 1462 ut

2226 1516 2348 1557 cum
2387 1499 2708 1570 Origenistis
2739 1510 2910 1555 marte
2943 1508 3131 1571 aperto
3163 1499 3277 1569 ipse
3325 1514 3539 1569 quoque
3587 1499 3799 1570 prazlia-

2225 1585 2401 1646 retur;
2434 1590 2781 1646 Detrectabat
2805 1589 2895 1646 ille
2918 1604 3153 1661 pugnam
3176 1629 3193 1655 ,
3240 1598 3466 1660 rogante
3494 1571 3796 1660 praesertim

2227 1681 2549 1753 Epiphanio,
2579 1698 2707 1753 erga
2748 1697 2906 1751 quem
2959 1679 3639 1750 Anthropomorphitarum
3684 1678 3795 1734 bte-

2226 1789 2410 1830 reseos
2454 1774 2559 1830 sibi
2589 1785 2899 1844 suspectum
2942 1773 3081 1828 male
3120 1771 3346 1829 allectus
3374 1781 3512 1827 erat.
3543 1768 3663 1826 Mox
3697 1784 3792 1825 au-

2234 1875 2339 1920 tem
2371 1874 2432 1920 ut
2469 1866 2535 1921 ad
2557 1864 2815 1921 Ecclesia:
2844 1879 3062 1920 causam
3107 1864 3314 1933 privata
3347 1863 3467 1918 odia
3492 1875 3791 1927 accessere,

2228 1957 2408 2013 statim
2440 1958 2703 2014 adversus
2721 1957 2970 2028 Origenis
2997 1956 3235 2012 asseclas
3255 1954 3542 2011 classicum
3574 1953 3789 2009 cecinit.

2228 2047 2466 2104 Obscura
2492 2058 2641 2105 certe
2668 2059 2753 2104 est
2791 2058 2850 2118 et
2901 2049 3170 2119 implicata
3225 2057 3527 2117 temporum
3575 2042 3789 2100 illorum

2228 2140 2487 2207 historia,
2517 2155 2789 2211 quamque
2834 2140 3046 2196 nonnisi
3091 2155 3120 2193 a
3151 2138 3425 2204 Palladio,
3481 2135 3704 2191 Socrate
3740 2140 3797 2189 et

2228 2233 2551 2298 Sozomeno,
2584 2234 2761 2287 astatis
2791 2231 2949 2300 hujus
2972 2230 3234 2302 proximis
3268 2239 3451 2301 petere
3486 2238 3793 2296 possumus,

2227 2325 2476 2395 quamvis
2509 2325 2707 2395 prioris
2736 2324 3116 2381 auctoritatem
3140 2320 3398 2377 minuerit
3438 2326 3659 2389 apertus
3677 2315 3799 2373 Ori-

2226 2417 2452 2488 genismi
2494 2429 2663 2480 amor,
2700 2415 2837 2470 alios
2858 2415 3083 2469 aliarum
3110 2414 3389 2469 hasreseou
3417 2409 3656 2466 studium
3682 2422 3797 2464 me-

2227 2509 2327 2563 rita
2361 2522 2499 2579 pene
2530 2507 2929 2564 existimatione
2985 2504 3264 2563 fraudarit.
3302 2502 3415 2558 Cur
3458 2503 3638 2572 itaque
3675 2499 3797 2557 Ori-

2226 2602 2462 2673 genistas
2484 2602 2848 2656 insectaretur
2869 2599 3200 2669 Theophilus
3222 2611 3439 2653 causam
3463 2598 3605 2651 hanc
3629 2594 3795 2650 fuisse

2228 2692 2392 2749 tradit
2418 2692 2694 2749 Socrates.
2767 2691 3063 2759 Quaesitum
3118 2691 3172 2746 in
3198 2687 3435 2760 Eg’ypto
3477 2702 3584 2743 non
3626 2684 3795 2742 multo

2225 2797 2350 2844 ante
2385 2787 2585 2853 fuerat,
2631 2787 2843 2843 Deusne
2894 2799 3189 2855 corporeus
3217 2789 3401 2848 esset,
3428 2789 3482 2837 et
3502 2782 3796 2836 humanam

2226 2878 2451 2934 formam
2480 2891 2673 2948 gerens
2694 2917 2710 2942 ,
2741 2892 2809 2931 an
2842 2875 3059 2945 penitus
3099 2874 3473 2944 incorporeus.
3517 2869 3690 2934 Multi,
3734 2881 3799 2923 ac

2225 2967 2581 3037 simpliciores
2609 2966 2908 3036 prmsertim
2938 2964 3212 3027 monachi,
3234 2963 3400 3018 Deum
3432 2961 3668 3015 humano
3703 2958 3799 3013 ha-

2227 3057 2339 3112 hitu
2361 3057 2643 3126 praeditum
2684 3057 2992 3127 ﬁngebant,
3040 3053 3180 3109 unde
3211 3048 3797 3120 Anthropomorphita,

2227 3150 2341 3205 sive
2366 3159 2425 3203 ut
2450 3149 2684 3219 loquitur
2708 3146 3039 3217 Epiphanius
3087 3143 3451 3200 Scholasticus
3481 3140 3536 3195 in
3582 3139 3800 3209 Triparo

2226 3242 2323 3294 tita
2376 3238 2650 3304 Historia,
2694 3238 2786 3292 lib.
2831 3253 2887 3304 ι,
2934 3250 3054 3306 cap.
3089 3236 3144 3300 7,
3183 3253 3203 3286 ς
3251 3228 3738 3288 Humaniformiani
3771 3245 3792 3280 ι

2225 3334 2356 3389 dicti
2385 3343 2542 3397 sunt;
2604 3332 2783 3402 plures
2831 3329 3168 3386 contrariam
3228 3327 3556 3383 sententiam
3603 3336 3799 3394 seque-

2224 3426 2440 3480 bantur.
2468 3422 2575 3479 Hos
2603 3423 2746 3477 inter
2774 3431 2894 3476 erat
2922 3418 3273 3489 Theophilus,
3299 3419 3391 3488 qui
3438 3430 3560 3472 cum
3590 3414 3800 3486 opinio-

2224 3531 2346 3572 nem
2377 3532 2528 3572 suam
2557 3516 2611 3570 in
2639 3514 2860 3585 epistola
2893 3513 3122 3583 quadam
3180 3510 3423 3566 Paschali
3447 3550 3462 3575 ,
3502 3505 3803 3577 cuiusmodi

2224 3608 2505 3680 epistolam
2535 3608 2599 3661 de
2627 3620 2774 3661 more
2799 3596 3089 3675 quotannis
3114 3601 3409 3666 scribebat,
3445 3598 3798 3669 prodidisset,

2223 3715 2395 3771 eaque
2421 3700 2488 3755 ad
2534 3697 2822 3770 Egyptios
2857 3705 3070 3752 ascetas
3101 3694 3293 3750 fuisset
3341 3692 3570 3763 perlata,
3605 3691 3677 3744 ita
3707 3704 3802 3743 ex-

2223 3794 2561 3850 canduerunt
2588 3790 2685 3856 illi,
2732 3800 2792 3844 ut
2828 3787 3184 3856 Theophilum
3219 3786 3288 3839 ab
3319 3783 3561 3838 Ecclesia
3611 3778 3801 3849 expel-

2225 3885 2437 3939 lemlum
2512 3890 2820 3939 censerent.
2897 3880 3148 3937 Scetinos
3225 3878 3518 3933 monachos
3580 3875 3803 3945 reliquis

2225 3978 2514 4031 sanctitate
2539 3973 2946 4045 praestantiores
2975 3982 3030 4027 et
3052 3970 3296 4026 doctrina
3321 3970 3461 4024 hanc
3487 3967 3800 4038 repudiasse

2224 4082 2410 4123 omnes
2440 4066 2743 4136 epistolam,
2777 4075 2974 4138 praeter
2998 4065 3218 4120 unicum
3255 4065 3507 4117 abbatem
3548 4061 3804 4130 Paphnu-

2228 4162 2394 4225 tium,
2429 4146 2619 4215 litteris
2670 4159 2889 4213 tradidit
2919 4156 3212 4213 Cassianus
3255 4154 3432 4210 collat.
3471 4152 3557 4220 to,
3589 4166 3711 4221 cap.
3741 4152 3799 4206 ι.

2227 4251 2291 4305 Ει
2332 4250 2555 4319 reliquis
2612 4264 2741 4304 vero
2791 4262 2887 4318 per
2931 4245 3224 4315 Egyptum
3271 4244 3475 4315 sparsis
3519 4240 3803 4297 monachis

2226 4341 2440 4413 plurimi
2472 4357 2633 4396 manu
2690 4342 2833 4395 facta
2872 4339 3126 4393 advolant
3177 4335 3560 4390 Alexandriam
3585 4373 3601 4398 ,
3629 4341 3683 4388 et
3737 4332 3805 4388 de

2228 4435 2602 4490 interficiendo
2626 4432 2926 4503 Theophila
2977 4431 3233 4501 cogitant.
3300 4429 3390 4484 Ille
3431 4426 3656 4483 stolidos
3702 4424 3804 4481 ho-

2230 4526 2402 4582 mines
2435 4537 2552 4581 astu
2583 4527 2863 4589 tractavit,
2891 4534 2945 4581 et
2978 4526 3288 4596 ingruentes
3329 4519 3660 4590 compescuit
3686 4533 3805 4573 am-

625 4615 673 4659 et
711 4608 1118 4687 conciliabulum
1145 4600 1381 4687 cagituad'
1400 4608 1685 4687 Quercum.
1726 4609 1866 4687 XVI.
1892 4600 2125 4687 Accusa;
2155 4600 2201 4657 Ῑ)
2230 4619 2388 4687 biguo
2419 4619 2521 4673 hoc
2543 4619 2725 4673 dicto:
2772 4636 2791 4670 ι
2829 4617 2921 4672 Sic
2959 4633 3059 4687 ego
3089 4632 3184 4673 vos
3229 4615 3359 4679 vidi,
3393 4615 3547 4685 quasi
3605 4613 3802 4668 faciem

628 4688 715 4750 tur
737 4676 1165 4750 Chrysastomus.
1188 4676 1350 4731 XVII.
1378 4680 1626 4750 Actorum
1651 4683 2031 4750 pseudasynodi
2054 4682 2123 4735 ad

626 4746 890 4811 Querrum
911 4749 1103 4800 habita:
1131 4748 1260 4815 ﬁdes
1296 4749 1623 4816 exploratur.
1651 4746 1848 4803 ’XVIII.
1876 4746 2125 4806 Crimine

625 4817 1255 4888 liberanturilVitrienses,
1286 4829 1333 4871 et
1359 4819 1414 4871 in
1442 4821 1665 4886 gratiam
1692 4837 1809 4874 cum
1845 4819 2124 4888 Theaphilo

625 4887 865 4958 redeunt.
923 4887 1062 4941 XIX.
1094 4886 1490 4941 Exauctoralur
1514 4888 1952 4958 ﬁltrysastomus,
1983 4886 2029 4943 et
2068 4894 2124 4945 in

627 4957 814 5010 exsilia
848 4958 986 5011 diem
1014 4958 1179 5010 multo
1218 4969 1326 5026 post
1359 4956 1736 5029 obit._XX.'ln
1768 4960 2124 5029 (.‘hrysastomi

628 5029 861 5097 defuncti
882 5043 1093 5097 Attamen
1154 5038 1424 5097 grassatur
1466 5027 1803 5097 Theophilus,
1869 5027 2123 5084 renitente

627 5096 839 5169 Isidoro
865 5095 1158 5169 Pelusiota.
1192 5095 1329 5153 XXI.
1346 5095 1771 5169 Cht‘ysosttimum
1794 5103 2124 5169 prosequitur

626 5166 871 5239 laudibus
926 5166 1176 5239 Synesius
1201 5206 1216 5231 ,
1286 5166 1487 5235 probris
1509 5166 1917 5239 _l_lieronymus.
1955 5166 2119 5224 XXII.

628 5234 986 5306 Qrigenianos'
1029 5237 1189 5290 libros
1239 5234 1436 5306 lectitat
1507 5234 1820 5306 TheOphit'us
1867 5255 1885 5292 :
1935 5240 2118 5294 XXIII.

628 5304 1003 5388 Diemclaudit
1049 5323 1068 5360 :
1100 5309 1325 5388 succedit
1347 5304 1610 5388 Cyrinus,
1638 5304 1694 5388 _et
1731 5313 1976 5388 avunculi
2013 5312 2121 5365 ini-

628 5376 856 5431 micitias
897 5380 1253 5447 persequitur.
1291 5385 1380 5430 sed
1424 5380 1489 5430 ab
1534 5376 1745 5432 Isidoro
1784 5380 2121 5449 reprehensus

630 5446 823 5518 factum
852 5457 1036 5518 mutat.
1079 5445 1544 5518 Scribit_a_tl_t'ersus
1563 5446 1835 5518 Origenem
1861 5454 2123 5505 Hammon

632 5515 1149 5590 AdrianOpolitanus.
1199 5516 1398 5590 XXIV.
1426 5515 1673 5590 Joannis;
1701 5516 2129 5590 Jerosalymitani

630 5593 678 5636 et
718 5583 1029 5656 ﬂierongmi
1058 5588 1247 5639 obitus.
1284 5584 1427 5639 Male
1453 5588 1598 5639 audit
1625 5586 1868 5656 Origenis
1890 5583 2131 5644 doctrina

630 5657 682 5706 in
724 5652 935 5727 Oriente
957 5666 1015 5727 _et
1036 5656 1323 5727 Occidente
1355 5656 1562 5727 :AXXV.
1594 5652 1925 5714 suos—tamen
1960 5663 2136 5727 {auto-

633 5739 711 5777 tes
753 5724 901 5781 habet
946 5721 1327 5791 Philastrium,
1378 5725 1789 5793 Theodoretum,
1841 5721 2134 5796 Socratem,

638 5900 680 5938 ¹¹⁵
714 5899 927 5959 Denter.
960 5915 1076 5965 xm,
1111 5904 1161 5962 l.
1195 5904 1248 5957 ’5.

2229 4709 2356 4776 Dei,
2393 4727 2413 4762 ι
2451 4725 2559 4781 quo
2587 4709 2859 4779 quondam
2887 4708 3055 4764 Jacob
3082 4709 3222 4763 Esau
3264 4706 3485 4760 fratrem
3519 4719 3676 4760 suum
3703 4705 3804 4759 de-

2228 4800 2421 4867 linivit,
2449 4810 2506 4855 ut
2532 4811 2615 4856 est
2640 4800 2779 4856 Gen.
2818 4816 3018 4867 xum,
3052 4800 3139 4854 I0.
3174 4798 3378 4854 Placati
3410 4796 3485 4850 illi
3528 4809 3694 4850 unum
3746 4794 3804 4850 id

2230 4903 2499 4961 praeterea
2538 4893 2854 4965 postulant,
2890 4903 2949 4946 ut
2994 4894 3277 4947 damnaret
3327 4889 3577 4961 Origcnis
3616 4886 3803 4952 libros,

2227 4997 2454 5053 quorum
2487 4982 2723 5038 nonnulli
2753 4982 2915 5052 alDeo
2948 4996 3146 5051 corpus
3174 4979 3559 5051 abjudicabant
3595 4995 3609 5033 :
3644 4995 3665 5028 ι
3692 4975 3803 5046 Ego

2229 5089 2382 5139 vero,
2416 5075 2614 5144 inquit,
2657 5074 2899 5129 hominis
2949 5076 3106 5129 istius
3135 5074 3538 5129 lucubrationes
3561 5112 3577 5138 ,
3609 5079 3664 5126 et
3712 5069 3804 5139 qui

2228 5181 2321 5220 eas
2380 5168 2645 5235 probant,
2680 5180 2918 5222 aversor.
2954 5185 2970 5218 I
3021 5168 3199 5237 Atque
3261 5168 3365 5222 hoc
3410 5166 3517 5221 ﬁne
3567 5165 3804 5219 stetisset

2227 5258 2637 5327 controversia,
2699 5259 2802 5315 nisi
2866 5260 3048 5315 statim
3105 5274 3244 5315 nova
3286 5260 3367 5328 .de
3413 5272 3581 5315 causa
3614 5271 3802 5313 recru-

2227 5349 2451 5405 duisset.

2302 5459 2574 5517 Prmerant
2631 5462 2966 5535 Egyptiacis
3014 5466 3362 5521 monasteriis
3422 5465 3523 5519 viri
3570 5471 3807 5533 quatuor

2234 5551 2437 5622 pietate
2482 5553 2706 5620 nobiles,
2736 5556 3044 5618 Dioscorus,
3069 5556 3417 5621 Ammonius,
3446 5552 3708 5608 Eusebius
3752 5561 3809 5606 et

2237 5644 2575 5713 Euthymius,
2599 5650 2843 5718 germani
2874 5648 3074 5705 fratres
3094 5687 3111 5712 ,
3139 5656 3349 5703 statura
3379 5646 3622 5716 proceri,
3661 5645 3803 5699 ideo.

2240 5748 2341 5805 que
2397 5733 2560 5807 Longi
2610 5739 2972 5809 cognominati
3035 5754 3048 5792 :
3107 5737 3245 5808 quod
3295 5737 3457 5792 etiam
3505 5747 3805 5807 cognomen
