4170 6440
485 432 618 488 1141

1322 433 1887 498 ORIGENIANORUM
1926 439 2051 496 LIB.
2092 440 2157 507 Il,
2193 441 2341 496 CAP.
2387 438 2474 502 IV,
2519 439 2712 494 SECT.
2754 438 2815 494 II.

3589 444 3612 497 I
3627 441 3729 499 1⁷42

481 553 736 611 habuisse
784 555 1023 627 ipsorum
1077 557 1396 626 partiarium
1465 559 1727 615 lsidorum
1778 561 2051 631 conjicere
2078 567 2124 622 Α
2155 562 2436 632 dOgtnatis,
2462 564 2599 632 quod
2633 563 2799 617 Deum
2833 562 3210 633 incorporeum
3239 563 3447 628 statuit,
3474 565 3726 636 quodque

478 645 603 700 licet
639 662 702 700 ex
749 645 852 699 isto
905 646 1214 716 Hieronymi
1262 647 1430 714 Epist.
1467 647 1554 714 6i,
1602 649 1668 703 ad
1719 647 2050 714 Pammach.,

479 749 598 802 cap.
645 734 734 799 15,
770 752 787 784 ι
827 735 890 787 Ει
931 743 1111 788 tamen
1145 735 1248 788 iste
1279 734 1640 806 Hieronymus
1665 751 1787 791 cum
1813 751 2052 805 pannosa

481 827 636 879 turba
666 835 720 878 et
759 825 1052 880 sordidatis
1087 827 1339 895 gregibus
1361 869 1374 892 ,
1408 830 1534 896 quid
1577 828 1782 882 Isidoro
1814 827 1892 880 illi
1948 826 2050 880 ful-

479 919 660 973 mineo
690 933 853 973 ausus
885 929 970 974 est
1002 921 1371 988 respondere?
1416 922 1500 974 At.
1531 935 1598 974 ne
1632 920 1770 974 forte
1795 919 1902 973 ille
1945 934 2049 973 non

476 1010 744 1077 crederet,
776 1021 831 1064 et
857 1012 1185 1081 opprimeret
1220 1028 1313 1068 eos
1339 1016 1622 1082 praesentia
1653 1023 1708 1068 et
1751 1014 1894 1068 mole
1928 1029 2050 1068 cor-

474 1106 622 1172 poris
646 1106 750 1169 sui,
784 1125 803 1156 ι
837 1115 941 1161 etc.
965 1105 1099 1161 Cum
1127 1106 1321 1162 fratres
1352 1107 1469 1162 illos
1495 1109 1790 1176 percharos
1821 1109 2045 1163 haberet

477 1195 844 1266 Theophilus,
925 1198 1241 1254 Dioscorum
1320 1199 1705 1270 llermopoleos
1769 1201 2050 1254 constituit

473 1288 821 1358 episcopum;
869 1289 1006 1344 duos
1038 1301 1216 1345 autem
1267 1291 1466 1345 invitos
1513 1291 1650 1359 apud
1691 1306 1749 1346 se
1793 1292 2044 1345 detinuit.

474 1381 649 1448 Atque
682 1380 820 1436 hanc
842 1382 1060 1451 quidem
1092 1384 1281 1446 vitam,
1316 1383 1584 1439 desiderio
1625 1382 1752 1439 licet
1782 1387 2045 1441 monasti-

474 1487 552 1526 cae
587 1472 710 1527 vitte
761 1472 1123 1538 tabescentes,
1177 1472 1502 1538 tolerabant,
1542 1475 1717 1542 quoad
1766 1487 2046 1545 perspecta

470 1565 708 1632 episcopi
741 1565 989 1628 avaritia,
1023 1564 1294 1620 hominem
1320 1564 1495 1630 exosi,
1531 1581 1744 1621 rursum
1773 1569 1826 1621 in
1857 1567 2044 1622 solitu-

470 1654 649 1707 dinem
686 1663 804 1723 post
852 1654 1143 1709 triennium
1180 1665 1544 1709 secesserunt.
1578 1654 1752 1712 Causa
1799 1671 2046 1714 secessus

467 1747 705 1816 cognita,
739 1746 970 1816 pessima
1006 1760 1232 1816 quaeque
1257 1748 1492 1802 minatus
1520 1755 1604 1803 est
1637 1748 1742 1804 illis
1773 1748 2045 1820 Theophi-

467 1837 574 1902 lus,
624 1839 909 1907 ipsumque
967 1839 1285 1893 Dioscorum
1334 1839 1562 1894 invisum
1632 1839 1840 1895 habuit.
1907 1842 2041 1897 Cum

466 1944 598 2000 ergo
637 1930 1206 1999 Anthropomorphitis
1254 1928 1494 1986 infensos
1545 1932 1692 2002 ipsos
1722 1947 1788 1988 ex
1842 1934 2040 1988 mutuis

465 2020 845 2090 congressibus
896 2021 1232 2091 agnovisset;
1282 2023 1422 2092 apud
1470 2022 1745 2094 simplices
1780 2025 2039 2093 quosdam

464 2123 519 2169 et
547 2115 789 2168 indoctos
819 2115 1136 2179 monachos,
1164 2130 1298 2182 quos
1331 2115 1600 2170 haereseos
1647 2115 1808 2184 hujus
1854 2116 2040 2174 afﬁnes

463 2218 584 2259 esse
645 2205 882 2270 sciebat,
928 2205 1544 2274 Authropumorphitam
1619 2222 1679 2262 se
1741 2207 2037 2276 professus,

463 2296 778 2352 Dioscorum
819 2313 940 2351 cum
969 2297 1248 2353 .fratribus
1300 2298 1352 2351 in
1415 2300 1686 2354 contraria
1733 2314 1855 2355 esse
1893 2309 2040 2356 secta

463 2391 704 2457 monuit,
739 2400 792 2444 et
840 2405 1034 2460 corpus
1090 2393 1198 2447 Deo
1231 2391 1536 2457 detrahere,
1592 2392 1875 2462 Origenem
1913 2409 2039 2448 sen-

462 2481 643 2535 tentia:
693 2483 849 2550 hujus
903 2493 1191 2552 patronum
1258 2493 1496 2539 secutos.
1546 2483 1602 2538 lu
1667 2483 1908 2539 fraudem
1958 2485 2040 2541 his

460 2575 806 2629 sermonibus
840 2575 1003 2631 illecti
1027 2577 1149 2630 boui
1199 2576 1448 2630 homines
1471 2577 1811 2638 Dioscorum,
1845 2575 2040 2645 ipsius-

460 2680 564 2734 que
601 2667 838 2722 asseclas
867 2667 1215 2722 vehementer
1246 2668 1514 2735 aversati,
1556 2669 1824 2726 invidioso
1855 2671 2032 2742 Orige-

460 2759 724 2813 nistarum
789 2758 1004 2813 nomine
1050 2758 1381 2814 infamantes
1431 2761 1794 2815 traduxerunt
1846 2780 1862 2816 :
1916 2778 2038 2818 cum

438 2864 556 2906 eos
613 2851 925 2906 econtrario
973 2851 1310 2918 adversarii,
1348 2853 1634 2921 pauciores
1672 2853 1892 2923 quidem
1940 2871 2034 2910 nu-

459 2953 634 3004 mero,
668 2941 760 2994 sed
797 2941 1038 2996 doctrina
1068 2950 1121 2994 et
1145 2956 1242 2996 usu
1266 2954 1445 2993 rerum
1476 2942 1780 3010 peritiores,
1809 2943 2039 2999 Anthro-

457 3030 832 3099 pomorphitas
871 3029 1226 3098 appellarent.
1269 3028 1347 3083 Ita
1399 3031 1754 3087 seditionibus
1803 3033 1940 3086 inter
1981 3048 2040 3088 se

457 3121 642 3190 agitati
670 3120 1136 3176 conﬂictabantur.
1172 3121 1242 3174 At
1263 3121 1595 3191 Theophilus
1625 3123 1868 3191 privatas
1897 3125 2038 3195 inju-

456 3210 570 3265 rias
601 3225 962 3280 persequens,
994 3211 1426 3281 Origenistarum
1469 3211 1730 3266 tumultus
1771 3214 2034 3284 obtendit,
2063 3249 2104 3307 ο

456 3309 511 3354 et
535 3299 721 3354 Nitriae
744 3311 1005 3370 occupato
1033 3309 1214 3354 monte
1237 3340 1251 3365 ,
1298 3300 1873 3371 Anthropomorphitis
1914 3318 2034 3358 mo-

399 3428 404 3435 -
455 3391 647 3446 nacbis
691 3406 840 3445 arma
881 3391 1292 3457 subministrat,
1342 3390 1583 3445 Dioscori
1649 3393 2033 3448 monasterium

456 3482 724 3547 incendit;
762 3484 855 3553 qui
900 3497 1022 3536 cum
1069 3481 1326 3536 fratribus
1360 3483 1577 3538 abditus
1615 3484 1792 3553 puteis
1823 3484 1914 3539 vix
1952 3484 2035 3539 in-

456 3576 670 3646 gruenti
699 3575 836 3630 cladi
865 3589 924 3629 se
962 3575 1239 3630 subduxit.

525 3666 776 3736 Polybius
820 3665 1319 3721 Rhinocorurorum
1369 3669 1686 3737 episcopus,
1732 3668 2018 3739 Epiphanii

436 3758 772 3826 discipulus,
823 3758 1098 3827 ipsiusque
1128 3759 1254 3813 vitae
1307 3760 1560 3827 scriptor,
1614 3768 1725 3815 tres
1769 3763 2038 3818 duntaxat

455 3863 705 3906 numerat
756 3850 968 3920 Longos
1029 3850 1264 3915 fratres,
1313 3849 1661 3906 Heracleonis
1723 3853 1894 3918 filios,
1940 3856 2032 3923 qui

455 3942 795 3996 Alexandria:
859 3956 982 3995 cum
1049 3942 1278 4010 imperio
1341 3942 1676 4012 praafuerat,
1733 3945 2033 4015 Theophilo

455 4036 693 4090 amicitia
737 4035 1090 4104 conjunctos,
1135 4035 1201 4088 ab
1236 4047 1408 4104 eoque
1444 4035 1499 4088 in
1548 4036 1735 4090 urbem
1776 4049 1807 4089 e
1845 4051 2035 4091 mona-

457 4130 638 4185 steriis
667 4143 762 4199 per
797 4127 1036 4182 fraudem
1071 4129 1356 4194 deductos,
1392 4127 1652 4196 majorem
1687 4137 1930 4183 creatum
1959 4129 2035 4184 ait

456 4224 790 4292 episcopum,
821 4221 956 4276 alios
989 4223 1266 4286 diaconos,
1295 4232 1351 4276 et
1388 4222 1649 4276 Ecclesia:
1697 4237 2030 4279 (economos.

457 4316 654 4371 Narrat
698 4315 890 4370 deinde
919 4316 1022 4369 hoc
1069 4329 1291 4370 munere
1334 4329 1430 4383 per
1461 4314 1749 4369 triennium
1790 4314 2028 4381 functos,

457 4412 722 4465 renitente
751 4408 1046 4477 Theophilo
1086 4407 1139 4461 itt
1194 4408 1477 4476 pristinam
1524 4408 1868 4462 solitudinem
1900 4422 2034 4462 con-

455 4503 720 4567 cessisse;
777 4516 918 4571 aegre
973 4501 1025 4554 id
1088 4500 1274 4555 tulisse
1325 4499 1717 4569 Theophilum,
1771 4501 2029 4571 ipsosque

2157 653 2269 720 ipse
2293 663 2447 708 antea
2487 662 2938 724 prapuguaverat,
2972 663 3025 708 et
3059 655 3233 710 adhuc
3263 655 3428 710 etiam
3469 670 3568 724 pro
3591 671 3723 710 vero

2155 743 2404 810 habebat,
2427 760 2624 799 vexare
2654 745 2809 815 hujus
2835 745 3090 800 doctrinae
3112 745 3284 815 gratia
3308 761 3592 817 aggressus
3613 757 3720 810 est.

2153 835 2248 888 sed
2281 835 2408 904 ipsis
2443 834 2702 889 famosam
2727 835 3150 904 Origenistarum
3177 836 3600 905 appellationem
3633 838 3720 891 vir

2153 936 2342 981 acutus
2377 925 2599 994 aﬂinxit,
2629 943 2736 997 quo
2768 928 3091 998 Origenismi
3123 927 3462 983 adversarios
3489 928 3587 982 sibi
3629 929 3726 982 de-

2154 1027 2473 1081 mereretur,
2517 1028 2570 1072 et
2625 1021 2906 1075 adversum
2969 1019 3088 1074 illos
3139 1022 3457 1075 concitaret.
3506 1020 3570 1074 Et
3616 1019 3720 1073 levi

2153 1123 2283 1163 sane
2317 1119 2634 1178 argumento
2681 1110 2988 1180 impositam
3023 1110 3128 1166 illis
3153 1108 3478 1180 Origenismi
3512 1109 3721 1165 calum-

2151 1200 2292 1252 niam
2321 1200 2652 1267 approbavit,
2677 1183 2741 1254 eo
2763 1199 2965 1254 scilicet
2986 1201 3126 1267 quod
3150 1200 3428 1255 sententiae
3449 1198 3609 1268 hujus
3633 1212 3720 1252 as-

2148 1296 2323 1343 sertor
2348 1301 2490 1344 esset
2516 1288 2796 1361 Origenes,
2819 1305 2941 1360 qua:
2969 1307 3281 1361 corpoream
3315 1307 3344 1346 a
3374 1292 3483 1346 Deo
3521 1291 3718 1347 molem

2148 1391 2414 1451 segregat.
2469 1383 2640 1451 Atque
2685 1397 2750 1436 eo
2784 1383 2994 1438 facilius
3045 1386 3095 1437 id
3138 1383 3422 1453 persuasit,
3469 1383 3610 1452 quod
3652 1384 3721 1436 ad

2147 1487 2262 1539 eos,
2310 1475 2384 1528 uti
2424 1488 2544 1529 mox
2582 1476 2841 1539 dicemus,
2883 1475 3213 1544 confugisset
3258 1475 3520 1540 Isidorus,
3556 1488 3716 1542 quem

2147 1565 2468 1620 acerrimum
2524 1567 2782 1622 doctrinae
2831 1567 2988 1636 hujus
3050 1579 3337 1637 patronum
3402 1567 3568 1622 fuisse
3604 1565 3718 1636 jam

2145 1671 2306 1725 supra
2354 1659 2707 1715 ostendimus.
2755 1657 3079 1731 Origenismi
3125 1674 3253 1730 ergo
3297 1674 3515 1714 causam
3560 1666 3713 1728 post-

2146 1765 2304 1819 quam
2351 1753 2515 1806 semel
2573 1753 2799 1808 obduxit
2855 1754 3146 1807 iracundiae
3192 1768 3334 1820 suae,
3380 1750 3718 1822 Origenistas

2145 1855 2334 1896 omnes
2377 1843 2627 1897 insectari
2667 1857 2946 1898 necessum
2978 1843 3202 1898 habuit:
3235 1842 3590 1912 quamobrem
3629 1856 3720 1898 re-

2072 1902 2116 1956 Β
2144 1931 2281 1984 ferta
2308 1931 2411 1985 hoc
2440 1931 2716 1987 hominum
2744 1946 2939 2001 genere
2965 1931 3149 1987 Nitria:
3174 1931 3438 1987 asceteria
3466 1945 3719 2002 perscru-

2147 2029 2333 2087 tatum,
2359 2037 2464 2076 una
2504 2037 2628 2077 cum
2671 2023 2931 2078 Dioscoro
2969 2023 3302 2096 Origenistas
3339 2037 3528 2080 omnes
3571 2021 3718 2080 illinc

2144 2111 2459 2166 exturbasse
2484 2111 2774 2166 verisimile
2801 2120 2904 2166 est.

2211 2203 2301 2259 ΙΙΙ.
2335 2202 2584 2268 Scelinis,
2629 2219 2723 2260 seu
2756 2203 3114 2260 Nitrieusibus
3159 2205 3443 2260 monachis
3489 2203 3720 2270 (utrovis

2141 2298 2286 2352 enim
2322 2299 2480 2354 modo
2509 2297 2592 2352 vel
2637 2315 2666 2354 a
2694 2297 2865 2354 Nitria
2899 2309 3097 2364 monte,
3132 2299 3270 2354 vela
3308 2299 3455 2355 Sceti
3496 2302 3716 2370 regiun-

2143 2392 2264 2445 cula
2301 2391 2406 2445 dici
2444 2391 2686 2462 possunt)
2723 2391 2824 2447 alia
2862 2394 3022 2447 etiam
3064 2407 3223 2446 causa
3272 2391 3554 2461 Theophili
3584 2407 3717 2448 cou-

2141 2483 2375 2538 sciverat
2401 2485 2604 2539 odium.
2633 2483 2787 2540 Hunc
2817 2487 2954 2541 inter
2997 2495 3048 2541 et
3079 2484 3298 2539 Petrum
3339 2483 3719 2538 Alexandrinae

2143 2575 2401 2630 Ecclesia:
2434 2575 2961 2646 archipresbyterum
3009 2575 3254 2631 simultas
3307 2574 3714 2630 intercesserat.

2141 2663 2276 2720 Hinc
2323 2665 2558 2721 infensus
2610 2665 2768 2721 Petro
2807 2665 3136 2736 Theophilus
3199 2665 3485 2722 admissam
3534 2665 3602 2719 ab
3646 2678 3717 2718 eo

2139 2764 2364 2826 questus
2405 2765 2486 2812 est
2523 2759 2589 2812 ad
2621 2758 3000 2828 mysteriorum
3045 2757 3481 2812 communionem
3520 2752 3714 2809 muIie-

2139 2860 2253 2901 rem
2281 2849 2566 2916 quamdam
2612 2846 2906 2902 Manichaea
2952 2847 3040 2901 lue
3079 2846 3358 2911 infectam,
3393 2845 3714 2914 priusquam

2139 2937 2383 2989 nuntium
2423 2936 2618 2991 haeresi
2658 2936 2970 2992 remisisset.
3011 2935 3232 2990 Factum
3274 2932 3442 2987 fuisse
3472 2931 3523 2985 id
3558 2930 3714 2998 juxta

2107 3025 2394 3080 .Ecclesiae
2429 3026 2891 3090 consuetudinem,
2914 3035 2969 3080 et
3000 3039 3067 3078 ex
3089 3021 3373 3091 Theophili
3415 3020 3709 3083 sententia,

2137 3116 2331 3173 Petrus
2360 3119 2654 3189 respondit,
2679 3127 2734 3172 et
2765 3119 3073 3172 testimonio
3120 3113 3460 3169 conﬁrmavit
3491 3111 3677 3166 lsidori
3696 3149 3712 3174 ,

2140 3229 2300 3285 supra
2339 3229 2368 3267 a
2401 3212 2554 3267 nobis
2590 3211 2894 3273 memorati,
2934 3209 3034 3262 viri
3068 3208 3269 3279 gravis,
3307 3216 3362 3260 et
3393 3219 3552 3274 quem
3594 3211 3717 3272 post

2139 3304 2374 3361 Nectarii
2435 3303 2640 3357 obitum
2691 3301 2752 3358 ad
2802 3297 3457 3366 Constantinopolitanam
3525 3295 3711 3349 sedem

2139 3398 2368 3454 evehere
2399 3395 2726 3464 Theophilus
2754 3393 3052 3449 studuerat.
3085 3391 3178 3444 Hic
3212 3390 3450 3458 graviter
3481 3402 3712 3442 succen-

2139 3506 2264 3547 sens
2311 3500 2603 3558 utrumque
2636 3487 2875 3542 Ecclesia
2916 3483 3138 3555 expulit.
3175 3481 3310 3537 Rem
3353 3482 3424 3535 ita
3469 3497 3498 3534 a
3533 3479 3728 3535 multis.

2139 3585 2349 3639 narrari
2401 3582 2567 3638 refert
2616 3581 2951 3634 Sozomenus
2993 3596 3006 3631 :
3057 3586 3113 3630 at
3156 3575 3316 3630 aliter
3350 3589 3379 3627 a
3424 3574 3542 3628 viro
3591 3586 3716 3626 cum

2137 3677 2418 3735 monachis
2459 3675 2564 3730 illis
2605 3672 2914 3729 conversari
2957 3670 3114 3725 solito
3146 3668 3422 3738 accepisse
3461 3680 3520 3722 se
3549 3664 3752 3728 dicit;~.r

2138 3772 2272 3826 duas
2318 3784 2509 3837 nempe
2553 3781 2749 3822 causas
2796 3764 3051 3820 habuisse
3089 3760 3447 3828 Theophilum
3480 3774 3578 3814 cur
3614 3756 3716 3813 lsi-

2139 3865 2328 3920 dorum
2363 3864 2746 3924 insectaretur,
2773 3858 2933 3912 aliam
2963 3855 3168 3911 Isidoro
3198 3863 3252 3908 et
3281 3853 3442 3908 Petro
3469 3865 3718 3906 commu-

2137 3969 2282 4019 nem,
2308 3953 2449 4021 quod
2474 3949 2750 4006 testificari
2781 3955 3126 4004 recusassent
3149 3944 3432 4013 Theophili
3468 3955 3720 3998 sororem.

2137 4019 2599 4100 haeredemTuisse
2617 4041 2908 4110 scriptam;
2937 4039 3093 4092 aliam
3124 4035 3332 4092 Isidoro
3355 4035 3711 4102 peculiarem,

2136 4137 2279 4205 quod
2306 4151 2426 4190 cum
2457 4149 2748 4204 pauperum
2779 4139 2993 4202 gereret
3021 4144 3228 4194 curam,
3256 4136 3508 4197 erogatas
3534 4127 3586 4180 in
3617 4141 3722 4183 eos

2136 4231 2392 4300 pecunias
2414 4226 2713 4297 Theophilo
2741 4226 2795 4279 in
2824 4221 3166 4279 exstruentlis
3189 4219 3400 4290 templis
3425 4219 3720 4276 absumere-

2138 4321 2332 4376 volenti
2369 4321 2498 4375 dare
2530 4317 2812 4373 reuuisset.
2842 4315 3030 4370 Simile
3061 4313 3188 4384 quid
3220 4313 3384 4368 habet
3414 4311 3710 4379 Palladius,

2136 4432 2228 4472 seu
2262 4415 2507 4485 quisquis
2538 4411 2769 4480 scriptor
2796 4419 2879 4464 est
2906 4408 3027 4462 vitze
3056 4405 3453 4476 Chrysoslomi,
3492 4419 3616 4458 nam
3647 4404 3716 4458 de

2137 4519 2358 4564 auctore
2389 4523 2493 4562 non
2538 4513 2752 4560 constat
2781 4501 2919 4570 apud
2945 4515 3165 4564 omnes;
3201 4499 3291 4569 qui
3325 4507 3382 4552 et
3410 4497 3513 4551 alia
3545 4497 3712 4551 multa

455 4597 836 4652 communione
878 4594 1154 4664 privasse;
1193 4595 1259 4647 ad
1291 4609 1452 4662 quam
1486 4609 1605 4648 cum
1659 4609 1780 4649 sese
1813 4594 2028 4649 admitti
2059 4595 2110 4655 Β
2137 4593 2412 4663 congerit,
2458 4604 2575 4659 quae
2618 4589 2685 4642 ab
2731 4587 2850 4640 aliis
2905 4585 3177 4655 practerita
3227 4599 3256 4636 a
3301 4583 3458 4637 nobis
3501 4596 3716 4651 quoque

455 4687 658 4745 frustra
709 4697 998 4758 rogarent,
1043 4686 1483 4758 Chrysostomum
1542 4686 1918 4756 interpellasse
1965 4700 2031 4742 ea

453 4783 559 4837 sibi
601 4791 660 4835 ut
715 4781 1134 4845 restitueretur;
1186 4780 1484 4847 postulasse
1535 4780 1587 4832 id
1654 4795 1684 4833 a
1731 4779 2032 4850 TheOphilo

457 4874 939 4944 Chrysostomum,
985 4887 1085 4926 nec
1137 4872 1490 4941 impetrasse,
1557 4886 1760 4939 eosque
1816 4871 2029 4924 tandem

456 4964 738 5034 TheOphili
796 4980 1023 5019 censura
1077 4964 1338 5019 liberasse
1383 4982 1398 5018 :
1448 4965 1574 5019 hinc
1640 4973 1826 5019 exorta
1888 4965 2032 5018 inter

459 5068 750 5126 utrumque
783 5057 1030 5112 dissidia.

526 5151 590 5203 ll.
617 5149 785 5218 Igitur
811 5151 880 5204 ad
911 5151 1210 5221 graviorem
1243 5152 1522 5217 Dioscuro,
1561 5150 1838 5219 ipsiusque
1869 5150 2033 5205 sociis

457 5242 793 5296 couﬂaudam
831 5243 1109 5307 invidiam,
1138 5245 1395 5312 singulari
1433 5246 1668 5298 versutia
1695 5243 2033 5313 Theophilus

456 5331 887 5404 Origenistarum
947 5349 1164 5389 causam
1215 5351 1334 5388 cum
1387 5337 1625 5405 ipsorum
1694 5352 1852 5390 causa
1898 5353 2030 5392 con—

430 5410 649 5493 -junxit.
677 5424 811 5479 Cum
845 5426 988 5480 enim
1012 5424 1122 5493 jam
1159 5425 1314 5496 vulgo
1352 5428 1494 5480 male
1519 5428 1704 5482 audire
1737 5438 2033 5484 sectatores

458 5517 708 5589 Origenis
754 5518 1116 5588 intelligeret,
1165 5517 1604 5588 clarissimosque
1659 5521 1826 5590 partis
1888 5520 2030 5573 illius

461 5620 848 5665 consectaneos
892 5626 919 5663 a
971 5609 1334 5665 Nitriensibus
1381 5611 1658 5665 monachis
1706 5613 2030 5666 subornatos

458 5705 750 5775 prodiisse,
775 5703 1108 5774 Nitriamque
1138 5705 1466 5774 praecipuum
1497 5703 1820 5775 Origenismi
1855 5705 2032 5760 domi-

461 5796 642 5850 cilium
674 5797 881 5863 haberi,
924 5813 1152 5866 cumque
1194 5797 1454 5853 adversus
1497 5813 1590 5852 eos
1629 5798 1697 5852 ab
1735 5798 2038 5867 Epiphanio

461 5895 516 5940 ct
567 5887 896 5958 Hieronymo
953 5888 1334 5960 instigarctur;
1390 5904 1494 5944 non
1553 5887 1669 5958 ejus
1731 5891 2039 5947 defensores

2136 4687 2638 4758 prmtermitteutur.
2685 4680 3017 4735 Gravissima
3047 4692 3176 4732 vero
3216 4677 3303 4730 hic
3343 4683 3427 4730 est
3457 4673 3714 4744 anouytni

2137 4778 2448 4847 cujusdam,
2493 4791 2522 4828 a
2574 4789 2680 4842 quo
2730 4771 3100 4841 Chrysostomi
3177 4768 3378 4836 scripta
3435 4775 3517 4820 est
3569 4765 3713 4829 vita,

2139 4884 2300 4938 quam
2355 4869 2406 4922 in
2456 4876 2704 4921 octavum
2751 4875 2952 4918 tomum
2981 4861 3214 4932 Opertun
3262 4860 3433 4930 ipsius
3485 4858 3718 4928 conjecit

2140 4963 2397 5026 Savilius,
2423 4971 2478 5014 et
2507 4957 2775 5014 Simeonis
2800 4953 3180 5022 Metaphrastaa
3213 4951 3587 5015 halluciuatio,
3619 4949 3718 5018 qui

2142 5057 2404 5111 Isidorum
2445 5052 2592 5106 illum
2633 5064 2754 5103 cum
2785 5047 2990 5102 Isidoro
3028 5044 3296 5098 Pelusiota
3336 5041 3714 5095 confundunt:

2142 5149 2243 5202 nisi
2290 5147 2428 5200 forte
2468 5143 2703 5212 priorem
2739 5141 2880 5193 hunc
2927 5136 3250 5191 Pelusiotam
3293 5149 3509 5203 quoque
3550 5134 3720 5187 fuisse

2139 5241 2280 5295 dicat
2317 5237 2530 5306 aliquis,
2577 5249 2700 5287 cum
2732 5230 3127 5285 Alexandrinus
3164 5238 3342 5282 tamen
3377 5227 3535 5297 vulgo
3567 5227 3720 5281 dica-

2140 5341 2245 5384 tur.
2299 5328 2403 5384 Sed
2466 5329 2824 5382 Sozomenum
2869 5323 3052 5377 audire
3099 5336 3406 5392 pergamus.
3450 5319 3720 5391 Expulsus

2138 5425 2378 5480 Isidorus
2412 5421 2591 5476 Scetin
2623 5419 2759 5487 apud
2795 5417 3088 5471 monachos
3125 5414 3412 5470 concessit.
3436 5414 3562 5468 Adit
3587 5427 3718 5468 con-

2139 5521 2286 5575 tinuo
2307 5515 2661 5586 Theophilum
2690 5511 3023 5574 Ammonius,
3053 5509 3393 5578 postulatque
3415 5516 3474 5561 ut
3497 5507 3551 5560 in
3573 5521 3720 5562 com-

2135 5611 2444 5667 munionem
2489 5609 2747 5664 Isidorum
2781 5605 3072 5659 admittat:
3107 5603 3501 5671 tergiversante
3534 5600 3720 5655 Theo-

2137 5702 2284 5773 philo
2315 5701 2550 5757 instabat
2587 5698 2925 5761 Ammonius,
2966 5705 3021 5750 et
3051 5711 3186 5765 quos
3224 5696 3326 5750 sibi
3371 5694 3581 5751 itineris
3613 5707 3708 5748 εο-

2137 5794 2247 5850 cios
2279 5792 2629 5862 adjunxerat;
2673 5792 2804 5846 adeo
2835 5802 2891 5846 ut
2930 5789 3436 5860 perterrefaciendis
3474 5788 3614 5852 aliis,
3661 5797 3721 5844 et

2141 5903 2170 5943 a
2201 5903 2256 5944 se
2297 5888 2607 5944 amovendis
2641 5902 2802 5941 unum
2845 5901 2911 5942 ex
2950 5884 3079 5956 ipsis
3110 5886 3171 5957 in
3205 5898 3479 5941 carcerem
3524 5879 3701 5951 tletru.
