4170 6434
432 477 434 480 ,
525 431 667 486 1145

1785 419 1847 474 P.
1889 419 2208 477 DANIELIS
2247 419 2475 476 HUETII

3623 419 3760 475 HM

521 546 652 600 serit
677 542 1029 612 TheOphilus.
1048 539 1201 593 Illum
1232 538 1426 608 reliqui
1455 538 1724 592 subsecuti
1761 538 1814 591 in
1843 543 2090 593 eamdem
2121 542 2169 597 Α
2194 554 2300 608 que
2341 537 2616 592 erroribus
2659 536 2966 602 scaterent‘,
3001 534 3213 602 penitus
3237 548 3360 590 esse
3403 538 3760 605 respuendas;

522 636 820 692 custodiam
858 632 1048 688 fraude
1077 632 1302 702 ingressi
1350 645 1470 686 sese
1497 641 1688 700 sponte
1733 630 2089 696 incluserunt,

521 729 662 797 quod
713 727 995 780 universos
1058 723 1374 779 dimisisset.
1414 722 1578 789 Cujus
1626 725 1703 777 rei
1747 731 1892 776 tanta
1952 725 2094 792 apud

519 835 642 872 eum
676 817 776 872 fuit
819 816 1132 887 indignatio,
1174 823 1234 870 ut
1261 831 1384 870 cum
1419 831 1529 886 pra:
1575 815 1756 884 quiete
1796 823 1848 869 et
1901 830 2090 869 mona-

520 913 668 964 sticae
695 911 816 964 vita
854 910 1046 964 studiis
1072 908 1281 978 reliqua
1307 909 1489 964 omnia
1517 922 1610 962 eos
1639 916 1958 976 postputare
1989 906 2086 960 sci-

520 1009 624 1061 ret,
659 999 745 1057 his
772 1000 920 1067 ipsos
947 998 1340 1063 intercluserit,
1367 998 1651 1054 concitatis
1680 997 1906 1052 subdole
1935 998 2092 1053 dissi-

517 1091 653 1153 diis,
703 1092 912 1145 turbata
958 1105 1123 1160 pace,
1171 1101 1225 1146 et
1260 1091 1606 1146 monasteriis
1655 1091 1777 1160 igne
1840 1089 2092 1160 ferroque

519 1180 758 1233 vastatis.
787 1179 946 1234 Addit
975 1180 1244 1236 Palladius
1277 1182 1460 1236 oranti
1496 1181 1776 1235 Ammonio
1817 1191 1872 1236 et
1898 1181 2088 1236 lsidori

518 1279 695 1335 partes
738 1273 918 1340 agenti
972 1271 1206 1326 ferreum
1255 1281 1499 1342 torquem
1567 1273 1800 1342 propriis
1846 1274 2090 1328 manibus

519 1359 767 1425 iniecisse
821 1361 1204 1428 Theophilum,
1261 1364 1458 1434 pugnis
1509 1364 1756 1419 maxillas
1802 1373 1856 1420 et
1904 1364 2090 1422 oculos

517 1454 847 1518 contudisse,
874 1455 976 1509 hac
1008 1455 1214 1524 ingesta
1251 1465 1307 1510 et
1343 1457 1564 1524 repetita
1593 1472 1764 1511 voce:
1801 1457 2083 1524 eretice,

515 1545 903 1599 anatltematiza
949 1544 1248 1616 Origenem.
1289 1544 1423 1600 Utut
1453 1555 1574 1610 est,
1625 1557 1836 1602 constat
1875 1549 2086 1616 episco-

515 1650 704 1703 porum
753 1636 1014 1706 synodum
1057 1635 1394 1690 Alexandriae
1437 1638 1681 1708 coegisse
1727 1637 2085 1708 TheOphilum

512 1740 654 1778 anno
685 1725 884 1780 Christi
915 1726 1040 1792 599,
1067 1728 1457 1796 damnatosque
1483 1743 1592 1784 uno
1621 1744 1718 1786 ore
1745 1730 2088 1801 Origenislas

514 1833 544 1869 e
575 1815 759 1870 Nitriae
793 1826 992 1879 monte,
1024 1826 1082 1870 ut
1127 1832 1288 1885 supra
1325 1829 1602 1873 narratum
1649 1831 1751 1885 est,
1797 1823 2081 1893 exegisse:

514 1910 804 1963 accedente
832 1909 1213 1977 imperatorum
1253 1910 1605 1976 auctoritate,
1632 1911 1721 1980 qui
1754 1926 1821 1965 ex
1850 1911 2087 1982 Egypto

514 2008 572 2053 nt
612 1998 936 2068 pellerentur
990 1998 1204 2067 scriptis
1263 1999 1403 2054 datis
1457 2001 1751 2069 iusserant.
1801 2003 2089 2074 Synodicaa

512 2091 670 2158 hujus
711 2090 922 2145 concilii
968 2091 1209 2158 epistola:
1255 2092 1551 2161 fragmenta
1585 2094 1827 2160 quaedam
1862 2097 1914 2149 in
1965 2097 2090 2166 Epi-

510 2183 647 2237 stola
674 2183 741 2237 ad
771 2182 980 2260 uenam
1015 2182 1354 2239 Justinianus
1395 2187 1649 2241 servavit.
1697 2188 1976 2256 Adjiciunt
2021 2191 2087 2245 ad

511 2276 786 2342 superiora
823 2273 1086 2344 Georgius
1125 2276 1540 2339 Alexandrinus,
1567 2286 1621 2332 et
1659 2276 1879 2332 Simeon
1925 2279 2088 2334 Meta-

510 2367 777 2435 phrastes,
823 2367 1018 2420 finibus
1076 2367 1188 2422 suis
1232 2373 1481 2422 extorres
1517 2368 1812 2422 monachos
1859 2368 2088 2423 Alexan-

469 2459 681 2513 'driam
734 2461 1044 2529 pervenisse
1072 2500 1087 2526 ,
1133 2469 1186 2514 et
1225 2460 1516 2515 miserabili
1555 2475 1743 2516 eorum
1794 2461 1978 2517 habitu
2015 2468 2086 2517 ita

508 2561 832 2606 cmnmotam
875 2552 1040 2607 fuisse
1087 2552 1318 2621 plebem,
1370 2560 1428 2605 ut
1465 2551 1821 2621 TheOpbilum
1867 2554 2086 2608 latitan-

511 2654 616 2699 tem
652 2644 717 2698 ad
762 2659 946 2699 necem
970 2645 1304 2713 deposceret,
1336 2645 1532 2714 vixque
1563 2645 1808 2712 praesidis
1837 2646 2088 2700 adhorta.

508 2738 748 2792 tionibus
789 2738 1088 2792 sedaretur.
1126 2736 1364 2806 Digressi
1392 2751 1457 2790 ex
1503 2735 1741 2807 Egypto
1771 2734 2086 2805 Origenistze

505 2826 899 2899 Jerosolymam
930 2830 997 2883 ad
1041 2827 1302 2884 Joannem
1358 2830 1508 2884 urbis
1553 2829 1853 2883 antistitem
1892 2827 2082 2884 confu-

506 2923 680 2990 giunt,
709 2936 866 2990 quem
905 2929 1063 2976 antea
1097 2921 1342 2990 partibus
1375 2923 1489 2976 suis
1521 2920 1789 2975 faventem
1821 2936 2085 2992 cognove-

507 3024 653 3068 rant.
689 3014 987 3085 Sylvanum
1021 3028 1143 3067 eum
1179 3027 1460 3081 perperam
1505 3011 1776 3081 appellant
1820 3010 2085 3081 Georgius

505 3105 904 3161 Alexandrinus
930 3107 983 3159 in
1025 3104 1150 3158 Vita
1180 3103 1554 3175 Chrysostomi,
1582 3119 1708 3174 cap.
1732 3103 1820 3171 58,
1859 3114 1915 3158 et
1947 3106 2084 3159 alter

503 3213 803 3268 anonymus
849 3199 1080 3268 scriptor
1122 3196 1256 3250 Vita:
1300 3196 1692 3268 Chrysostomi,
1735 3211 1856 3268 cap.
1895 3198 1982 3262 89,
2027 3205 2082 3254 et
2108 3233 2149 3288 ο

505 3291 722 3347 Sitneon
784 3291 1175 3362 Metaphrastes
1225 3292 1278 3344 in
1343 3289 1461 3343 Vita
1521 3289 1903 3359 Chrysostomi.
1942 3288 2077 3343 Nam

502 3397 643 3436 anno
669 3381 794 3445 386,
839 3383 892 3435 in
934 3381 1394 3452 Jerosolymitano
1429 3383 1622 3436 throno
1670 3382 1873 3437 sedisse
1913 3381 2078 3437 Joan-

505 3489 650 3540 nem,
687 3475 888 3528 obiisse
924 3490 1054 3528 vero
1082 3490 1225 3529 anno
1247 3475 1373 3538 M6,
1405 3475 1740 3529 demonstrat
1773 3473 2076 3528 Baronius:

499 3562 892 3634 Jcrosolymam
924 3573 1104 3619 autem
1140 3580 1283 3620 anno
1322 3564 1428 3619 599
1468 3564 1811 3636 Origeuistze,
1847 3575 1904 3620 ut
1941 3566 2073 3633 dixi,

501 3656 883 3726 confugerunt.
943 3657 1236 3712 Submissis
1303 3658 1559 3712 continuo
1623 3657 1674 3712 in
1740 3659 2076 3713 Palaestinam

503 3747 696 3811 legatis
744 3748 928 3802 Prisco
975 3759 1030 3802 et
1077 3749 1316 3815 Eubulo,
1367 3748 1698 3819 Jerosolyma
1763 3765 1976 3821 quoque
2023 3761 2077 3806 et

505 3839 764 3908 proximis
797 3839 926 3894 locis
967 3854 1060 3895 eos
1105 3840 1300 3908 expelli
1347 3851 1501 3896 curat
1546 3840 1897 3910 Theophilus,
1951 3858 2076 3897 nus-

502 3944 663 3996 quam
694 3941 1024 3999 repugnante
1068 3929 1293 3984 Joanne.
1333 3931 1534 3985 ilorum
1570 3933 1938 4002 conjecturam
1983 3950 2076 3988 ca-

501 4019 677 4087 pimus
716 4034 782 4074 ex
815 4019 1040 4088 epistola
1069 4019 1140 4074 70
1180 4010 1514 4090 Hieronymi.
1543 4020 1912 4092 Scythopolim
1952 4023 2074 4079 Ori-

502 4112 726 4174 genistze
773 4127 995 4166 numero
1045 4112 1260 4166 circiter
1303 4111 1570 4181 octoginta
1633 4115 1968 4182 perveniunt.
2017 4115 2072 4169 l-u

502 4203 586 4256 his
633 4202 942 4268 Dioscorus,
992 4204 1330 4266 Ammonius,
1385 4203 1678 4268 Eusebius,
1728 4204 2068 4276 Euthymius,

503 4293 717 4358 llierax,
744 4294 912 4349 lsaaci
946 4296 1068 4359 duo,
1098 4305 1148 4349 et
1180 4294 1436 4350 Isidorus.
1473 4297 1542 4349 At
1576 4311 1698 4351 cum
1727 4297 1793 4350 ad
1841 4300 2074 4368 impera-

502 4395 669 4438 torem
713 4385 996 4439 Arcadium
1042 4395 1097 4441 et
1137 4387 1602 4456 archiepiscopum
1663 4386 1926 4442 Joannem
1977 4390 2069 4444 de-

499 4475 666 4530 lectos
716 4490 747 4530 e
808 4475 982 4530 Nitria
1041 4477 1365 4542 monachos,
1415 4475 1740 4547 Origenistis
1795 4479 2067 4544 infensos,

2195 637 2382 683 contra
2433 625 2766 696 pcrtendisse
2795 625 3125 690 monachos,
3168 626 3424 695 quidquid
3472 627 3642 680 inerat
3677 643 3763 681 er-

2195 735 2399 784 rorum,
2430 719 2499 774 ab
2545 717 2817 773 haereticis
2855 717 3023 773 fuisse
3055 719 3349 784 inscrtum;
3397 734 3499 774 nec
3545 731 3762 788 propter

2191 827 2254 866 ea
2285 825 2404 880 quae
2432 811 2486 864 in
2521 811 2998 876 reprehensionem
3029 813 3222 867 merito
3251 811 3523 878 venirent,
3554 811 3758 881 reliqua

2191 918 2311 958 esse
2355 904 2864 961 damnanda..ﬂinc
2912 915 3089 960 ortam
3139 905 3499 970 seditionem;
3541 918 3608 958 ex
3651 918 3760 971 quo

2191 993 2580 1048 contentiosum
2625 1006 2680 1051 et
2725 1012 2936 1066 pugnax
2984 995 3385 1051 cervicosorum
3415 993 3756 1064 Origenista-

2192 1099 2309 1138 rum
2344 1084 2618 1154 ingenium
2669 1102 2900 1158 arguas;
2948 1087 3038 1157 qui
3079 1102 3199 1141 cum
3252 1086 3626 1155 episcoporum
3666 1101 3765 1139 au-

2191 1178 2438 1231 ctoritate
2472 1177 2691 1246 reprimi
2743 1193 2848 1233 non
2884 1186 3125 1249 possent,
3156 1180 3540 1232 assumendum
3590 1176 3762 1232 fuisse

2191 1267 2522 1332 praefectum,
2553 1270 2621 1323 ab
2652 1284 2826 1338 eoque
2855 1270 2908 1324 in
2944 1270 3122 1340 lugam
3153 1268 3429 1338 conjectos
3467 1267 3762 1323 monachos

2190 1358 2265 1412 ita
2296 1358 2567 1429 dispersos
2596 1374 2736 1426 esse,
2765 1369 2823 1415 ut
2863 1361 3154 1430 propositis
3190 1359 3385 1414 edictis
3415 1358 3608 1412 nullibi
3639 1373 3763 1413 con-

2189 1451 2385 1505 sistere
2420 1452 2750 1508 sinerentur.
2777 1454 2938 1507 Addit
2965 1461 3192 1521 postea:
3229 1469 3248 1503 ι
3281 1452 3384 1506 Sed
3438 1460 3613 1505 tamen
3648 1451 3764 1506 sive

2190 1542 2320 1595 illud
2349 1556 2503 1597 error
2533 1554 2636 1606 est,
2663 1555 2722 1597 ut
2749 1559 2848 1613 ego
2889 1545 3097 1607 sentio;
3137 1545 3250 1598 sive
3291 1544 3535 1606 haeresis,
3569 1551 3624 1594 ut
3659 1557 3756 1610 pu-

2190 1643 2354 1696 tatur,
2381 1649 2487 1688 non
2515 1634 2688 1689 solum
2723 1637 2939 1702 reprimi
2979 1651 3082 1689 non
3111 1637 3285 1704 potuit
3308 1635 3491 1690 multis
3523 1635 3764 1688 animad-

2185 1727 2528 1781 versionibus
2576 1727 2945 1793 sacerdotum,
2992 1719 3096 1783 sed.
3127 1743 3464 1798 nequaquam
3501 1737 3608 1780 tam
3654 1727 3762 1782 late

2189 1833 2247 1873 se
2279 1817 2540 1886 potuisset
2569 1817 2865 1884 ellundere,
2904 1819 3003 1873 nisi
3033 1821 3385 1874 contentione
3422 1820 3706 1874 crevisset.
3734 1838 3754 1872 ι

2121 1881 2160 1935 Β
2192 1910 2430 1979 Denique
2470 1923 2568 1963 nec
2613 1910 2987 1978 episcoporum
3031 1911 3401 1978 severitatem,
3434 1925 3532 1965 nec
3573 1926 3762 1965 mona-

2189 2001 2412 2055 chorum
2448 1998 2870 2068 perduellionem
2906 2001 3137 2068 probare
3161 2015 3220 2055 se
3254 2001 3401 2054 dicit.
3436 2001 3592 2067 Quod
3624 2002 3754 2055 mihi

2187 2107 2319 2146 sane
2356 2092 2510 2146 valde
2544 2092 2803 2161 probatur
2845 2091 3142 2160 judicium;
3189 2109 3310 2146 nam
3360 2093 3523 2148 nimis
3574 2108 3762 2149 severe

2189 2181 2240 2234 in
2271 2179 2605 2251 Origenistas
2636 2196 2664 2233 a
2694 2178 2992 2250 Theophilo
3021 2182 3325 2237 consultum
3356 2191 3476 2250 est;
3512 2183 3605 2238 sed
3638 2199 3762 2253 gra-

2189 2272 2304 2326 vius
2359 2281 2536 2326 tamen
2594 2286 2852 2340 peccasse
2892 2272 3143 2329 videntur
3187 2274 3440 2328 monachi
3483 2289 3512 2328 a
3563 2275 3760 2344 quibus

2189 2373 2298 2417 tam
2343 2363 2626 2433 praefracte
2655 2365 3037 2436 episc0porum
3071 2367 3371 2420 auctoritas
3415 2367 3760 2437 pessumdata

2187 2464 2289 2510 εει.

2256 2547 2320 2602 V.
2354 2547 2697 2605 Anastasium
2733 2539 2973 2606 interim‘
2997 2566 3266 2605 summum
3311 2553 3616 2620 pontiﬁcem
3665 2571 3761 2622 per

2186 2641 2500 2711 synodicam
2568 2642 2852 2711 epistolam
2914 2645 2990 2697 rei
3050 2654 3214 2714 gestae
3277 2646 3563 2700 certiorem
3631 2648 3761 2705 fecit

2186 2731 2536 2803 Theophilus,
2584 2749 2648 2788 ac
2694 2734 2830 2790 alios
2865 2736 2990 2788 item
3035 2735 3338 2804 episcopos,
3385 2739 3479 2791 sed
3529 2737 3760 2807 Epipha-

2186 2823 2332 2876 nium
2372 2825 2734 2893 potissimum,
2763 2829 2830 2880 ad
2857 2841 3017 2895 quem
3049 2828 3268 2894 scripsit
3295 2828 3346 2880 in
3385 2843 3505 2882 eam
3540 2840 3759 2886 senten-

2188 2915 2348 2979 tiam,
2395 2931 2456 2971 se
2499 2915 2751 2985 Origenis
2789 2917 3040 2972 colubros
3077 2919 3387 2988 evangelico
3426 2934 3557 2975 ense
3604 2931 3756 2976 trun-

2184 3021 2354 3072 casse,
2378 3018 2432 3064 et
2460 3007 2747 3064 fecundum
2775 3009 2960 3065 Nitriae
2989 3011 3371 3066 monachorum
3407 3028 3601 3080 agmen
3631 3029 3758 3068 con-

2186 3099 2399 3168 tagione
2432 3099 2686 3166 pestifera
2734 3099 3021 3165 liberasse;
3056 3100 3164 3167 jam
3213 3114 3342 3154 vero
3371 3116 3491 3155 esse
3531 3117 3755 3170 operum

2186 3189 2350 3256 ipsius
2381 3186 2684 3257 Epiphanii,
2711 3189 2940 3260 Cyprios
2973 3191 3255 3259 episcopos
3301 3204 3657 3261 congregare,
3697 3202 3753 3246 et

2182 3279 2312 3333 dare
2358 3281 2662 3347 negotium,
2709 3290 2768 3334 ut
2810 3298 2829 3331 ι
2862 3281 3121 3352 Origenes
3169 3283 3512 3346 nominatim,
3551 3293 3606 3337 et
3658 3298 3754 3337 ne-

2184 3374 2312 3428 faria
2360 3374 2584 3430 haeresis
2633 3377 3064 3442 condemnetur;
3093 3396 3112 3428 ι
3168 3377 3364 3432 deinde
3412 3393 3542 3432 vero
3589 3393 3753 3448 syno-

2181 3464 2328 3518 dicas
2367 3465 2625 3532 epistolas
2669 3466 2736 3520 ad
2771 3483 2860 3532 se,
2907 3477 2961 3522 et
3006 3467 3072 3521 ad
3122 3466 3382 3522 Joannem
3424 3467 3754 3538 Chrysosto—

2181 3570 2351 3620 mum,
2388 3556 2630 3625 aliosque
2661 3558 2946 3628 episcopos
3000 3559 3252 3625 mittere;
3289 3558 3457 3614 fuisse
3489 3561 3752 3630 perlatum

2179 3649 2244 3700 ad
2297 3660 2356 3702 se
2405 3644 2742 3718 Origenistas
2791 3665 2857 3704 ex
2894 3649 3127 3720 Egypto
3173 3650 3413 3720 dejectos
3473 3653 3756 3721 navigasse

2177 3737 2730 3810 Constantinopolim;
2773 3753 2929 3798 curet
2963 3743 3128 3813 igitur
3157 3751 3216 3798 ut
3243 3744 3484 3809 Isauriae,
3509 3754 3564 3797 et
3601 3745 3758 3799 Pam-

2177 3831 2378 3899 philiaa,
2401 3832 2807 3904 vicinarumque
2835 3835 3230 3903 provinciarum
3261 3837 3531 3892 antistites
3559 3851 3756 3906 operas

2176 3936 2301 3977 suas
2327 3924 2392 3977 ad
2438 3926 2849 3994 exstirpandum
2880 3926 3278 3996 Origenismum
3319 3929 3622 3994 conferant,
3670 3930 3751 3983 vi-

2176 4028 2294 4067 rum
2322 4014 2552 4084 aliquem
2598 4016 2922 4072 industrium
2957 4019 3476 4090 Constantinopolim
3533 4021 3749 4085 mittat,

2174 4105 2264 4173 qui
2311 4105 2437 4159 illuc
2481 4121 2600 4174 quae
2643 4117 2792 4176 gesta
2853 4119 2978 4163 sunt
3032 4109 3266 4176 referat;
3310 4126 3580 4164 summam
3629 4124 3751 4164 esse

2176 4197 2312 4264 apud
2356 4211 2546 4251 omnes
2595 4198 2650 4251 in
2697 4199 2931 4269 AEgypto
2979 4199 3047 4254 ob
3098 4199 3435 4270 proﬂigatam
3498 4202 3750 4256 haeresim

2176 4288 2436 4343 laetitiam.
2490 4290 2672 4345 Notari
2716 4292 2893 4347 obiter
2943 4293 3101 4347 velim
3135 4294 3436 4359 jocularem
3487 4294 3750 4349 Guidonis

2173 4383 2474 4438 Carmelitae
2520 4400 2792 4452 errorem,
2839 4389 2929 4456 qui
2979 4387 3263 4456 Theophili
3311 4389 3498 4452 verba,
3551 4389 3749 4457 quibus

2172 4472 2420 4544 Origenis
2482 4477 2736 4533 colubros
2795 4493 2855 4533 se
2907 4479 3216 4550 evangelico
3261 4493 3391 4534 ense
3463 4488 3750 4533 truncasse

497 4566 741 4636 aliosque
792 4567 1324 4635 Constantinopolim
1385 4568 1647 4637 allegasse
1711 4569 2066 4638 Theolnhilum
2105 4578 2147 4632 ι)
2175 4569 2314 4637 apud
2347 4568 2702 4638 Epiphanium
2730 4571 2990 4640 jactabat,
3021 4586 3302 4641 perperam
3337 4572 3745 4639 interpretatus,

498 4659 854 4728 accepissent,
883 4660 972 4728 qui
1002 4675 1101 4728 pro
1121 4676 1179 4714 se
1207 4675 1425 4714 causam
1452 4661 1716 4726 dicerent,
1743 4662 1930 4716 eodem
1969 4664 2067 4730 ipsi

498 4749 564 4803 ad
593 4750 873 4805 diluendas
911 4750 1193 4814 Theophili
1240 4754 1652 4820 accusationes,
1700 4767 1933 4822 suasque
1983 4769 2069 4808 res

495 4844 866 4910 procurandas
903 4843 1128 4911 profecti
1157 4855 1301 4897 sunt.

565 4930 654 4984 Π.
701 4931 801 4987 Per
831 4932 970 4987 idem
1007 4942 1216 5001 tempus
1245 4950 1352 5002 quo
1381 4933 1497 4989 lucc
1526 4936 1826 5005 agebantur
1858 4938 2066 4993 delatus

494 5033 578 5079 est
606 5025 658 5078 in
697 5039 791 5079 eas
825 5041 951 5080 oras
984 5041 1014 5079 a
1045 5025 1215 5081 Gallia
1254 5025 1692 5084 Posthumianus.
1741 5029 1939 5085 Narrat
1979 5031 2069 5086 ille

495 5115 636 5186 apud
676 5115 974 5185 Sulpicium
1023 5116 1279 5173 Severum
1321 5122 1366 5152 ²⁰
1396 5119 1567 5175 fcedas
1603 5122 1886 5190 episcopos
1926 5123 2069 5177 inter

437 5193 444 5198 ’
493 5217 549 5263 et
596 5211 889 5264 monachos
935 5213 1374 5267 concertationes
1424 5215 1836 5280 intercessisse,
1892 5231 1910 5265 ι
1941 5215 2067 5283 quia

493 5303 801 5370 congregati
835 5303 886 5355 in
922 5318 1086 5356 unum
1115 5304 1310 5373 saepius
1352 5304 1662 5360 sacerdotes
1691 5303 2066 5375 frequentibus

493 5389 801 5446 decrevisse
844 5393 1063 5462 synodis
1093 5393 1438 5459 videbantur,
1465 5411 1532 5449 ne
1562 5395 1685 5465 quis
1715 5397 1969 5466 Origenis
1999 5397 2068 5452 li-

493 5480 623 5536 bros
668 5482 872 5552 legeret
916 5496 1009 5540 aut
1061 5487 1311 5553 haberet,
1353 5489 1446 5556 qui
1496 5497 1757 5543 tractator
1789 5502 2065 5542 sacrarum

495 5567 896 5639 Scripturarum
943 5574 1304 5644 peritissimus
1346 5575 1734 5641 habebatur“
1788 5577 2064 5632 censuisse

493 5660 794 5730 episcopos,
828 5663 996 5719 libros
1047 5665 1316 5735 Origenis,
1350 5667 1493 5734 quod
1531 5666 1735 5736 sparsis
1775 5667 1879 5721 huc
1915 5666 2067 5722 illuc-

566 5778 614 5853 '_°_
651 5775 855 5853 Sulpic.
892 5777 1078 5853 sever.
1115 5779 1258 5835 Dial.
1304 5797 1355 5846 ι,
1378 5796 1494 5853 cap.
1527 5783 1579 5837 5.

502 5845 546 5876 ’⁸
579 5845 757 5901 Exod.
779 5865 906 5907 xvn.
939 5850 1024 5904 ‘ll.

1660 5783 1702 5817 ³¹
1745 5782 1902 5838 Guid.
1939 5783 1990 5838 in
2029 5783 2246 5839 Summa
2273 5786 2337 5839 de
2369 5785 2552 5841 hwres.
2581 5786 2630 5842 in
2678 5785 2808 5842 liter.
2852 5786 3067 5858 Origcn.

2177 4667 2422 4726 questum
2455 4657 2507 4711 id
2544 4658 2711 4714 fuisse
2742 4661 2961 4728 seripsit
2993 4659 3370 4729 Theophilum,
3402 4661 3543 4730 quod
3578 4675 3747 4714 mein-

2177 4750 2272 4802 bra
2303 4749 2407 4804 sibi
2446 4749 2590 4805 ferro
2621 4760 2934 4805 truncarent
2959 4753 3299 4822 Origeuistze,
3329 4763 3386 4806 ut
3417 4753 3748 4806 haberentur

2177 4841 2410 4896 humiles
2436 4850 2489 4896 et
2520 4842 2757 4910 religiosi
2781 4843 2850 4897 ²¹.
2880 4843 2996 4896 Mox
3037 4857 3094 4897 ut
3122 4845 3435 4914 synodicam
3463 4843 3747 4912 Theophili

2175 4933 2457 5003 epistolam
2487 4936 2696 5003 accepit
2726 4934 3076 5003 Epiphanius,
3109 4939 3174 4990 ad
3207 4936 3588 5010 Hieronymum
3617 4951 3749 4991 con-

2178 5024 2324 5077 tiutto
2370 5025 2610 5088 remisit,
2656 5025 2924 5094 aliamque
2953 5026 3150 5095 adjecit
3189 5029 3256 5082 de
3288 5043 3407 5095 suo,
3437 5030 3489 5082 in
3526 5044 3627 5092 qua
3668 5031 3748 5082 sic

2171 5113 2318 5167 illum
2372 5113 2566 5169 all'atur
2585 5117 2676 5168 “z
2714 5133 2732 5166 ι
2778 5117 2964 5182 Scito,
3018 5118 3088 5171 fili
3134 5121 3486 5183 charissimc,
3527 5119 3747 5174 Amalec

2173 5221 2342 5275 usque
2369 5207 2435 5261 ad
2465 5207 2684 5277 stirpem
2723 5223 2841 5262 esse
2870 5209 3124 5276 deletum,
3159 5220 3211 5264 et
3238 5211 3291 5264 in
3334 5221 3514 5266 monte
3547 5211 3746 5279 Raphi-

2172 5299 2280 5352 dim
2343 5309 2584 5354 erectum
2640 5309 2895 5370 tropaeum
2942 5303 3145 5359 crucis.
3205 5304 3417 5359 Etenim
3476 5306 3747 5374 quomodo

2173 5391 2436 5460 porrectis
2458 5393 2512 5443 in
2537 5390 2705 5446 altum
2733 5392 2898 5465 Moysi
2924 5394 3190 5460 manibus,
3210 5396 3460 5450 vincebat
3487 5397 3741 5457 Israel";

2173 5484 2253 5537 sic
2287 5483 2545 5538 Dominus
2589 5485 2914 5541 confortavit
2965 5487 3222 5543 famulum
3262 5503 3417 5543 suum
3467 5489 3739 5558 Theophi-

2171 5573 2303 5641 lum,
2345 5585 2402 5629 ut
2434 5589 2597 5644 super
2627 5577 2797 5632 altare
2845 5579 3102 5634 Ecclesia:
3143 5581 3520 5635 Alexandrina:
3555 5591 3741 5635 contra

2175 5667 2460 5739 Origeuem
2515 5668 2768 5724 vexillum
2823 5681 3085 5740 poneret,
3125 5681 3179 5728 et
3224 5671 3542 5742 impleretur
3581 5673 3638 5727 in
3676 5687 3742 5726 eo

3145 5791 3186 5823 "
3211 5787 3429 5844 Hieron.
3458 5789 3615 5860 epist.
3653 5790 3738 5848 73.
