4170 6426
403 425 540 482 1145

1280 421 1857 481 ORIGENIANORUM
1896 425 2023 481 LIB.
2066 428 2131 493 II,
2173 428 2327 484 CAP.
2365 426 2456 496 IV,
2498 426 2689 482 SEC'I'.
2731 427 2795 480 Il.

3525 427 3662 482 1146

401 539 544 604 quod
591 537 792 591 dicitur
827 536 874 569 ³⁸
916 555 931 591 :
979 535 1160 592 Scribe
1211 538 1417 608 signum
1461 556 1578 605 nec,
1627 557 1750 610 quia
1805 541 1980 594 delebo
2012 545 2056 601 Α
2083 541 2268 596 Nitriae
2310 541 2553 623 rediisse.
2602 536 2912 593 Audiendus
2952 547 3211 606 praeterea
3269 536 3657 607 Hieronymus,

405 630 646 683 funditus
675 626 926 698 Origenis
962 628 1211 681 hmresim
1247 646 1276 682 a
1310 629 1444 695 facie
1483 640 1638 684 terra:
1684 645 1806 685 cum
1862 632 1980 700 ipso

407 720 672 774 Amalec.»
708 719 824 787 Quo
858 731 1176 790 argumento
1199 721 1264 774 ad
1297 721 1656 791 Epiphanium
1691 723 1982 790 scripserat

408 811 761 882 Theophilus,
794 811 986 866 eodem
1021 813 1409 880 propemodum
1440 812 1660 881 scripsit
1687 813 1752 866 ad
1791 811 1983 866 Hiero-

409 915 662 971 nymum;
698 901 785 954 cui
826 901 912 955 hic
951 901 1280 968 respondens
1304 902 1372 965 ’⁸,
1409 918 1428 952 ι
1458 900 1591 965 Vox,
1623 901 1818 970 inquit,
1852 903 1981 955 bea-

413 992 656 1046 titudinis
699 999 802 1045 tua:
854 994 904 1044 in
963 1000 1074 1044 toto
1128 993 1260 1046 orbe
1313 993 1620 1060 pertonuit,
1668 1002 1724 1047 et
1775 993 1983 1048 cunctis

409 1079 609 1135 Christi
639 1079 899 1134 Ecclesiis
927 1080 1232 1135 laetantibus
1277 1082 1472 1135 diaboli
1516 1097 1722 1137 venena
1765 1082 1983 1136 siluere.

411 1171 755 1241 Nequaquam
799 1173 1028 1240 amplius
1075 1174 1324 1242 antiquus
1359 1189 1584 1242 serpens
1633 1174 1846 1238 sibilat,
1890 1173 1984 1228 sed

409 1273 683 1318 contortus
726 1273 781 1318 et
844 1265 1172 1319 evisceratus
1224 1267 1276 1318 in
1326 1282 1676 1319 cavernarum
1745 1266 1983 1320 tenebris

408 1355 729 1410 delitescens
777 1355 940 1409 solem
989 1355 1190 1410 clarum
1237 1355 1382 1410 ferre
1435 1372 1540 1410 non
1589 1357 1862 1411 sustinet:
1891 1359 1982 1426 qui

409 1445 624 1512 quidem
662 1460 822 1514 super
860 1449 960 1501 hac
1009 1463 1100 1514 re,
1143 1459 1196 1501 et
1243 1457 1531 1516 antequam
1583 1448 1870 1513 scriberes,
1917 1449 1984 1501 ad

409 1534 756 1590 Occidentem
797 1538 1049 1606 epistolas
1085 1539 1362 1603 miseram,
1399 1553 1461 1592 ex
1505 1549 1659 1608 parte
1703 1540 1984 1595 hteretico-

411 1642 526 1680 rum
567 1630 817 1697 strophas
851 1645 982 1684 inea:
1029 1631 1220 1701 lingua:
1265 1632 1574 1686 hominibus
1607 1632 1870 1686 indicans.
1907 1631 1986 1686 Ex

409 1720 806 1788 dispensatione
839 1722 930 1776 Dei
962 1722 1160 1776 factum
1198 1733 1349 1793 puto,
1377 1732 1436 1777 ut
1465 1739 1527 1777 eo
1561 1724 1612 1777 in
1651 1733 1895 1791 tempore
1928 1733 1982 1778 tu

408 1825 620 1882 quoque
649 1813 714 1866 ad
740 1814 1079 1868 Anastasium
1107 1831 1294 1885 papam
1331 1818 1618 1880 scriberes,
1650 1823 1703 1872 et
1733 1825 1976 1870 nostram

2083 633 2210 686 dum
2241 615 2518 700 aliquanto
2558 638 2681 698 post
2722 630 2788 683 ad
2822 627 3228 682 Pammachium
3263 638 3318 684 et
3350 628 3657 683 Marcetlam

2081 723 2323 776 scribens
2348 723 2432 778 ’δε
2469 739 2486 771 ι
2519 719 2620 774 Ubi
2654 734 2793 773 nunc
2826 725 2926 781 est,
2961 718 3155 788 inquit,
3184 719 3410 774 coluber
3455 730 3662 775 tortuo-

2082 815 2208 870 sus?
2237 815 2325 869 ubi
2355 814 2768 869 venenatissima
2798 812 3021 881 vipera?

2157 905 2336 959 Prima
2368 905 2591 959 hominis
2625 903 2785 972 facies
2818 914 2966 956 utero
3000 902 3278 956 commissa
3317 902 3558 971 luporum
3580 903 3661 958 "‘1

2089 994 2187 1051 Ubi
2225 995 2445 1048 haeresis
2478 1009 2599 1062 qua:
2640 992 2888 1048 sibilabat
2921 991 2972 1044 in
3011 992 3247 1046 mundo?
3276 1010 3294 1043 ι
3333 1001 3389 1046 et
3421 993 3655 1052 deinde:

2089 1105 2107 1138 ι
2138 1087 2402 1157 Oppressa
2436 1094 2519 1140 est
2567 1086 2684 1153 ejus
2723 1084 3054 1156 (Theophili)
3095 1085 3417 1138 auctoritate
3455 1096 3508 1141 et
3543 1087 3660 1142 elo-

2085 1179 2327 1248 quentia,
2365 1187 2420 1232 et
2466 1177 2519 1230 in
2556 1192 2758 1232 morem
2802 1177 3226 1232 dremonicorum
3263 1177 3547 1246 spirituum
3594 1180 3662 1235 de

2087 1282 2228 1328 terra
2259 1272 2534 1341 loquitur:
2571 1271 2746 1326 nescit
2774 1271 2920 1325 enim
2952 1284 3074 1325 eum
3114 1270 3204 1339 qui
3257 1271 3536 1326 desursum
3568 1286 3659 1328 ve-

2088 1365 2242 1417 niens
2291 1377 2353 1416 ea
2409 1361 2645 1431 loquitur
2693 1377 2812 1430 qua:
2883 1375 3097 1415 sursum
3167 1372 3313 1417 sunt.
3351 1381 3370 1414 ι
3409 1363 3664 1429 Queritur

2085 1453 2426 1524 postmodum
2478 1451 2642 1506 tantis
2687 1450 3143 1506 simultationibus
3188 1452 3262 1505 uti
3303 1452 3491 1507 solitos
3537 1453 3660 1509 Ori-

2088 1543 2351 1616 genistas,
2379 1553 2440 1598 ut
2471 1543 2560 1597 vix
2593 1558 2622 1597 a
2653 1543 2949 1599 Catholicis
2979 1545 3514 1600 internoscerentur:
3550 1556 3662 1600 tum

2087 1635 2308 1692 subdit:
2345 1652 2364 1685 ι
2395 1633 2533 1699 Quid
2577 1646 2798 1688 necesse
2843 1641 2926 1688 est
2965 1633 3214 1689 obsidere
3263 1633 3662 1704 Propontidem,

2088 1738 2300 1783 mutare
2334 1727 2476 1791 loca,
2518 1727 2760 1782 diversas
2799 1727 3032 1782 lustrare
3078 1728 3348 1798 regiones,
3388 1736 3443 1782 et
3477 1727 3665 1783 claris-

2089 1819 2281 1873 simum
2325 1815 2635 1886 pontiﬁcem
2672 1815 2915 1879 Christi,
2969 1817 3199 1887 ejusque
3241 1819 3530 1888 discipulus
3581 1835 3666 1874 ra-

407 1901 535 1957 dum
569 1902 785 1973 ignoras
811 1905 1129 1959 sententiam
1162 1907 1503 1960 roborares.»
1540 1906 1603 1958 Et
1640 1904 1796 1974 paulo
1826 1914 1980 1975 post:
2019 1889 2062 1950 Β
2087 1909 2214 1965 bido
2243 1923 2339 1963 ore
2371 1907 2712 1976 discerpere?
2765 1905 2822 1961 Si
2857 1922 2984 1990 vera
3033 1908 3336 1979 loquimini,
3373 1909 3663 1978 pristinum

414 2011 434 2045 ι
468 1992 774 2050 Vincentius
803 1996 1081 2065 presbyter
1102 2005 1226 2051 ante
1254 1996 1476 2052 biduum
1503 2012 1665 2066 quam
1700 1997 1839 2051 hanc
1869 1997 1985 2065 epi-

408 2088 600 2144 stolam
630 2089 834 2154 darem,
859 2091 925 2145 de
967 2088 1110 2144 Urbe
1137 2091 1304 2154 venit,
1327 2102 1384 2146 et
1407 2090 1724 2160 suppliciter
1756 2101 1806 2146 te
1843 2090 1989 2145 salu-

414 2188 523 2243 tat,
569 2179 871 2248 crebroque
924 2195 1174 2235 sermone
1234 2182 1580 2237 concelebrat
1629 2182 1890 2245 Romam,
1933 2191 1989 2236 et

411 2279 576 2324 totam
623 2269 829 2324 Italiam
879 2271 983 2325 tuis
1021 2280 1142 2341 post
1179 2272 1453 2327 Christum
1500 2271 1742 2340 epistolis
1782 2271 1983 2325 libera-

412 2371 519 2416 tam
545 2375 559 2413 :
588 2379 607 2412 ι
647 2375 775 2415 cura
805 2361 1055 2416 nimirum
1093 2363 1360 2418 Anastasii
1393 2378 1562 2431 papae,
1598 2378 1627 2416 a
1654 2378 1782 2430 quo,
1813 2374 1870 2416 ut
1897 2377 1986 2416 su-

409 2456 621 2525 periore
650 2455 889 2511 sectione
930 2456 1132 2510 dictum
1172 2464 1279 2519 est,
1310 2454 1628 2524 proﬁigatus
1657 2453 1834 2509 fuerat
1859 2454 1985 2510 Ori-v

407 2546 698 2618 genismus.
743 2545 796 2600 In
843 2546 944 2600 alia
986 2545 1052 2600 ad
1090 2546 1340 2601 eumdem
1376 2545 1608 2614 epistola
1640 2546 1708 2610 ",
1741 2544 1983 2599 Priscum

405 2649 463 2692 et
504 2637 770 2694 Eubulum
815 2653 845 2692 a
898 2638 1197 2706 Theophllo
1262 2637 1318 2691 in
1371 2636 1717 2692 Palaestinam
1781 2637 1987 2708 legatos

408 2739 592 2784 narrat
618 2731 890 2800 dispersos
925 2729 1157 2800 regulos.
1189 2728 1527 2797 Origenistas
1570 2729 1850 2794 nimirum,
1889 2744 1984 2783 us-

404 2836 512 2891 que
553 2823 620 2876 ad
666 2837 790 2876 suas
838 2822 1075 2876 latebras
1129 2821 1296 2875 fuisse
1348 2830 1700 2888 persecutos;
1753 2820 1986 2890 gaudere

405 2929 595 2970 omnes
631 2915 700 2970 ob
739 2925 950 2984 partam
981 2914 1048 2968 ab
1082 2914 1352 2969 haereticis
1398 2913 1724 2968 victoriam:
1765 2931 1784 2964 ι
1812 2911 1987 2968 Macte

407 3007 636 3071 virtute,
681 3005 886 3075 inquit,
930 3015 1104 3059 macte
1143 3005 1260 3058 zelo
1310 3004 1470 3069 ﬁdei,
1514 3003 1795 3058 ostendisti
1845 3003 1987 3073 quod

408 3096 512 3150 huc
560 3109 730 3164 usque
778 3095 1124 3150 taciturnitas
1157 3095 1491 3164 dispensatio
1533 3094 1667 3162 fuit,
1713 3110 1818 3149 non
1854 3112 1976 3150 con-

405 3203 618 3243 sensus.
646 3207 669 3239 ι
718 3186 1001 3242 Postremo
1047 3185 1312 3242 Joannem
1363 3186 1871 3257 Jerosolymitanum
1915 3188 1984 3241 ob

405 3289 717 3348 susceptum
745 3280 1109 3351 Origenistam
1138 3280 1455 3350 quemdam,
1485 3289 1774 3350 antequam
1809 3277 1986 3334 Theo-

406 3373 539 3442 phili
566 3373 778 3428 litteras
799 3374 1117 3439 accepisset,
1145 3383 1370 3428 excusat
1399 3373 1485 3428 his
1508 3373 1724 3428 verbis:
1761 3390 1780 3424 ι
1813 3373 1987 3441 Super

406 3463 752 3531 susceptione
784 3465 1064 3532 cujusdam
1103 3481 1208 3520 non
1239 3465 1401 3520 debes
1429 3474 1615 3519 contra
1649 3465 1798 3520 urbis
1827 3465 1985 3534 hujus

407 3553 590 3608 dolere
637 3553 967 3622 pontiﬁcem,
1016 3555 1141 3623 quia
1186 3556 1320 3610 nihil
1370 3555 1476 3609 tuis
1529 3555 1728 3609 litteris
1779 3569 1982 3624 praece-

406 3649 532 3718 pisti
567 3665 582 3702 :
627 3655 682 3701 et
725 3649 1068 3702 temerarium
1121 3646 1222 3702 fuit
1267 3648 1332 3703 de
1369 3663 1434 3702 eo
1478 3647 1620 3717 quod
1671 3649 1981 3714 nesciebat,

408 3739 552 3790 l'erre
582 3736 906 3791 sententiam
931 3754 946 3790 :
975 3745 1152 3791 tamen
1185 3751 1307 3790 reor
1333 3737 1484 3790 illum
1511 3751 1611 3792 nec
1639 3736 1857 3802 audere,
1885 3750 1983 3792 nec

406 3827 543 3881 velle
588 3836 641 3881 te
682 3825 736 3880 in
784 3825 967 3896 aliquo
1010 3825 1222 3880 laedere.
1250 3844 1270 3877 ι
1323 3825 1530 3892 Quibus
1575 3840 1680 3880 non
1721 3823 1980 3880 Joannem

406 3917 1058 3989 Jerosolymitanum,'_sed
1091 3917 1542 3989 Chrysostomum
1583 3919 1757 3973 notari
1790 3928 1982 3988 putant

409 4009 644 4064 nonnulli
675 4027 690 4062 :
726 4009 822 4064 sed
855 4025 960 4064 non
993 4013 1315 4078 persuadent
1345 4029 1362 4078 ;
1413 4026 1537 4065 nam
1583 4027 1746 4064 unum
1793 4026 1982 4091 quem-

406 4106 529 4155 dam
562 4111 869 4169 susceptum
900 4101 1035 4155 dicit
1077 4102 1456 4172 Hieronymus,
1501 4110 1556 4156 at
1593 4101 1980 4171 quinquaginta

406 4193 823 4263 Chrysostomus
870 4193 1124 4262 suscepit.
1173 4193 1375 4249 Deinde
1417 4209 1542 4248 cum
1593 4194 1670 4248 ait
1719 4193 1982 4263 Hierony-

409 4301 546 4351 mus,
575 4283 730 4338 Urbis
763 4285 946 4354 hujus,
992 4294 1166 4339 utram
1207 4288 1386 4355 potius
1420 4287 1636 4341 videtur
1671 4288 1982 4355 signiﬁcare

405 4373 924 4441 Constantinopolim
959 4382 1038 4428 tot
1080 4374 1451 4429 mansionibus
1481 4374 1762 4441 dissitam;
1797 4391 1863 4429 an
1893 4373 1982 4431 Je-

409 4469 729 4539 rosolymam
769 4467 922 4535 cujus
951 4468 1003 4523 in
1033 4468 1226 4523 vicinia
1256 4469 1371 4523 [nec
1402 4468 1708 4525 scribebat?
1744 4469 1980 4526 Omnino

2088 2003 2292 2058 erroris
2318 2002 2566 2056 ardorem
2598 2001 2792 2055 ardore
2829 2000 2951 2056 ﬁdei
2993 2011 3343 2056 commutate.
3371 2021 3389 2052 ι
3441 2001 3664 2056 Demum

2087 2093 2380 2148 Paschales
2417 2092 2699 2162 Theophili
2733 2093 3016 2162 epistolas,
3057 2092 3252 2162 quibus
3295 2092 3664 2162 Origenismus

2086 2185 2371 2250 obteritur,
2415 2200 2444 2238 a
2491 2193 2601 2238 toto
2645 2183 2866 2238 Oriente
2909 2199 3030 2238 cum
3071 2182 3426 2238 admiratione
3465 2183 3664 2253 suscipi

2085 2283 2142 2330 et
2165 2275 2442 2343 praedicari
2473 2273 2776 2329 denuntiat.
3362 2257 3390 2283 “

2163 2364 2249 2419 γι.
2285 2365 2498 2419 Prolixe
2533 2365 2647 2419 haec
2673 2378 2702 2418 a
2736 2378 2822 2418 me
2853 2372 3037 2418 notata
3067 2372 3215 2428 sunt,
3240 2372 3299 2418 ut
3328 2379 3450 2418 cum
3479 2374 3664 2419 aucto-

2086 2458 2245 2512 ritate
2275 2455 2537 2521 Palladii,
2584 2455 2849 2520 Socratis,
2895 2455 3221 2520 Sozomeni,
3273 2453 3492 2522 Georgii
3535 2456 3664 2510 Ale-

2085 2547 2362 2612 xandrini,
2402 2547 2656 2617 anonymi
2706 2545 2928 2600 alterius
2961 2545 3052 2615 qui
3086 2545 3457 2615 Chrysostomi
3498 2545 3664 2598 vitam

2086 2641 2140 2695 in
2187 2640 2397 2694 litteras
2424 2637 2627 2702 retulit,
2664 2645 2720 2692 et
2746 2651 2776 2690 a
2805 2635 3008 2690 Savilio
3047 2634 3224 2689 editus
3253 2644 3336 2688 est
3383 2644 3518 2689 tom.
3555 2633 3663 2688 VIII

2086 2733 2456 2806 Chrysostomi
2483 2743 2538 2788 et
2563 2732 2832 2788 Simeonis
2856 2730 3260 2801 Metaphrastze,
3288 2729 3455 2784 lector
3476 2741 3664 2797 aequus

2088 2825 2371 2896 Epiphanii
2421 2834 2478 2879 et
2539 2821 2852 2892 Hieronymi
2895 2821 3272 2875 auctoritatem
3331 2825 3662 2886 componat,

2085 2928 2138 2973 et
2180 2933 2338 2987 quam
2399 2917 2610 2970 diversa
2682 2917 2748 2970 de
2799 2914 3078 2982 Theophili
3130 2924 3185 2967 et
3233 2912 3663 2980 Origeuistarum

2085 3009 2309 3064 dissidio
2356 3007 2659 3074 senserint,
2708 3013 3018 3077 cognoscat.
3065 3004 3140 3058 llli
3185 3018 3448 3059 summam
3493 3002 3664 3070 pieta‘

2091 3105 2178 3166 tis,
2210 3102 2533 3166 sanctitatis,
2559 3109 2615 3156 et
2643 3098 3070 3154 mansuetudinis
3097 3098 3305 3151 laudem
3341 3095 3662 3163 Origenistis

2089 3189 2331 3242 tribuunt
2372 3205 2386 3241 :
2427 3187 2480 3240 hi
2513 3180 2844 3255 versipelles,
2879 3184 3222 3238 refractarios
3253 3191 3309 3238 et
3350 3184 3654 3252 pertinaces

2088 3279 2305 3334 eosdem
2342 3277 2570 3346 ﬁngunt.
2600 3275 2676 3330 Illi
2713 3275 3068 3343 Theophilum
3098 3273 3444 3337 iracundum,
3483 3273 3660 3341 impo-

2089 3378 2326 3433 tentem,
2377 3367 2662 3436 iuiquum,
2711 3367 2954 3436 pecunia:
3004 3365 3294 3434 cupidum,
3338 3377 3562 3433 pronum
3609 3362 3663 3416 in

2086 3459 2398 3524 vindictam,
2434 3458 2656 3528 privatis
2701 3458 2910 3528 injuriis
2957 3456 3051 3510 Dei
3097 3469 3318 3510 causam
3389 3452 3528 3508 falso
3569 3452 3664 3508 ob-

2087 3555 2396 3607 tendentem
2434 3551 2732 3605 exhibent:
2765 3550 2819 3604 hi
2856 3548 2973 3604 zelo
3004 3547 3126 3602 ﬁdei
3155 3547 3348 3601 ardere
3389 3547 3660 3611 eumdem,

2086 3643 2288 3711 pollere
2316 3643 2630 3713 prudentia,
2666 3641 2863 3712 Moysis
2897 3641 3156 3694 virtutem
3199 3637 3404 3693 referre
3443 3638 3656 3692 dicunt.

2083 3735 2237 3801 Quod
2267 3736 2310 3790 si
2346 3751 2432 3790 res
2458 3735 2530 3789 i'ta
2557 3736 2784 3789 fuissent
2809 3745 2992 3802 gestae,
3018 3741 3075 3787 ut
3104 3746 3134 3785 a
3159 3730 3397 3785 Palladio
3431 3745 3655 3784 narrau-

2087 3837 2190 3890 tur,
2221 3840 2348 3879 num
2381 3835 2696 3894 praesentem
2724 3824 3196 3886 Posthumianum,
3219 3832 3275 3876 et
3303 3820 3660 3890 Epiphanium

2082 3933 2147 3970 ac
2177 3916 2563 3986 I'Iieronymum
2598 3917 2651 3970 in
2675 3915 2870 3970 vicinia
2893 3916 3096 3985 positos
3130 3913 3298 3968 latere
3326 3909 3665 3980 potuissent?

2082 4022 2211 4060 num
2241 4007 2485 4060 insontes
2521 4022 2587 4061 ac
2639 4008 2754 4076 pios
2783 4008 3028 4062 homines
3085 4013 3278 4074 praeter
3324 4003 3404 4056 fas
3449 4003 3664 4057 sedibus

2082 4096 2195 4176 suis
2229 4096 2620 4151 exterminatos
2651 4096 2903 4152 eonvitiis
2930 4096 3029 4164 ipsi
3065 4109 3278 4163 quoque
3307 4093 3664 4148 lacerassent?

2081 4172 2207 4242 num
2232 4172 2517 4258 Theophili
2558 4187 2866 4258 petulantize
2894 4186 3332 4242 consensissent?
3362 4200 3486 4240 num
3531 4184 3664 4239 fero-

2079 4281 2298 4336 citatem
2346 4281 2463 4346 ejus
2518 4295 2584 4334 ac
2618 4279 2880 4334 saevitiam
2939 4279 3269 4344 laudassent,
3298 4287 3354 4332 et
3402 4277 3664 4331 laudando

2078 4372 2394 4426 auxissent?
2423 4370 2576 4438 Quod
2623 4372 2668 4425 si
2725 4371 3033 4425 econtrario
3067 4369 3202 4424 falsa
3231 4370 3298 4425 de
3323 4367 3664 4438 Origenisus.

2079 4474 2135 4517 et
2155 4461 2528 4534 Chrysostomi
2559 4475 2719 4517 causa
2746 4461 3069 4532 prodidisset
3099 4459 3327 4525 litteris;
3359 4474 3424 4513 an
3452 4459 3518 4512 de
3549 4459 3664 4526 ipso

404 4569 554 4614 certe
597 4557 1081 4630 Jerosolymitanus
1119 4557 1357 4616 Joannes
1405 4561 1618 4616 videtur
1675 4561 1978 4633 intelligen-
2013 4588 2055 4643 ι)
2081 4556 2481 4624 pronuntiasset
2515 4553 2733 4608 Pholius
2762 4554 2880 4609 ϐοά.
2901 4568 3044 4616 XCVI.
3069 4554 3151 4606 ὅτι
3195 4551 3484 4622 διαλογικῷ
3509 4552 3664 4621 τύπῳ

403 4649 524 4705 dus.
569 4650 649 4704 Ex
687 4651 770 4706 his
816 4651 1078 4719 suspicari
1117 4650 1245 4705 licet
1296 4651 1633 4708 deferbuisse
1676 4653 1981 4722 aliquantu-

407 4739 513 4795 lum
548 4742 652 4796 hoc
680 4751 919 4812 tempore
944 4744 1112 4813 ipsius
1137 4758 1259 4798 cum
1295 4743 1624 4814 Hieronymo
1650 4745 1975 4812 simultates,

407 4817 577 4902 (quas
608 4851 818 4890 rursum
856 4846 1034 4892 tamen
1080 4837 1485 4906 redintegratas
1531 4838 1699 4893 fuisse
1752 4838 1978 4895 inferius

406 4927 794 4996 ostendemus),
821 4937 877 4983 et
907 4929 1237 4998 aliquantum
1269 4931 1335 4984 de
1363 4944 1547 4986 amore
1581 4946 1680 4986 suo
1713 4931 1974 4987 adversus

405 5017 691 5087 Origenem
723 5019 1018 5086 remisisse,
1041 5021 1126 5075 vel
1157 5022 1487 5078 sententiam
1518 5031 1666 5076 certe
1693 5037 1842 5075 suam
1873 5021 1977 5078 dis-

405 5108 706 5164 simulasse.
732 5109 884 5175 Quod
915 5122 976 5165 ut
1002 5113 1248 5182 suspicer
1282 5113 1414 5168 facit
1443 5112 1572 5167 illud
1603 5112 1882 5182 Theophili
1922 5114 1975 5166 in

407 5199 510 5252 alia
557 5200 623 5253 ad
664 5199 1050 5272 Hieronymum
1101 5203 1326 5274 epistola
1365 5205 1406 5236 ⁸⁷
1452 5222 1466 5258 :
1502 5222 1520 5256 ι
1551 5205 1727 5273 Atque
1768 5204 1975 5257 utinam

407 5289 547 5357 apud
592 5305 687 5344 vos
710 5305 942 5361 'quoque
979 5293 1311 5362 deponerent
1360 5295 1718 5364 hypocrisim,
1763 5294 1852 5362 qui
1882 5309 1972 5348 oc-

406 5378 548 5434 culte
579 5379 832 5434 dicuntur
875 5383 1138 5436 subruere
1171 5383 1457 5444 veritatem
1484 5401 1497 5438 :
1531 5384 1598 5438 de
1641 5383 1835 5452 quibus
1865 5398 1974 5438 non

405 5469 544 5524 bene
585 5473 881 5526 sentientes
925 5473 976 5525 in
1020 5472 1089 5527 iis
1126 5473 1434 5543 regionibus
1491 5473 1686 5529 fratres
1728 5473 1845 5528 haec
1892 5489 1978 5530 me

406 5562 644 5617 scribere
700 5574 1060 5632 provocarunt
1089 5565 1134 5617 ε»
1187 5565 1350 5620 Addit
1397 5563 1730 5635 Theophilus
1780 5565 1978 5636 fugatis

405 5652 725 5722 Origenistis
752 5654 819 5710 ad
853 5655 1131 5724 pristinam
1165 5655 1604 5726 tranquillitatem
1645 5655 1976 5712 monasteria

2087 4645 2268 4710 καλῶς
2289 4644 2355 4699 ’τε
2387 4646 2480 4700 καὶ
2515 4645 2966 4717 ἐσπουδασμένως
2987 4644 3055 4698 τὰ
3081 4645 3207 4714 περὶ
3242 4644 3333 4697 τὸν
3363 4642 3662 4714 Χρυσόπο-

2090 4755 2188 4808 μον
2221 4735 2588 4810 ἀνεγράψατο.
2639 4755 2658 4788 t
2685 4737 2958 4806 Dialogico
2988 4737 3160 4806 ipsum
3197 4736 3507 4790 charactere
3541 4735 3662 4804 pul-

2085 4831 2214 4883 chre
2243 4844 2306 4884 ac
2335 4829 2620 4898 diligenter
2671 4842 2760 4883 res
2809 4827 3181 4899 Chrysostomi
3225 4827 3658 4896 descripsisse?»

2083 4919 2342 4990 Equidem
2374 4930 2427 4975 et
2451 4921 2564 4990 jam
2587 4935 2748 4989 supra
2780 4919 2915 4984 dixi,
2938 4929 2993 4973 et
3025 4934 3168 4974 nunc
3189 4935 3401 4990 quoque
3425 4935 3662 4989 pronun-

2085 5015 2157 5069 tio
2194 5013 2420 5082 duplicis
2479 5012 2645 5067 fuisse
2674 5012 2886 5082 generis
2925 5011 3258 5082 Origenistas
3285 5051 3300 5076 ,
3338 5010 3663 5065 orthodoxos

2086 5114 2140 5160 et
2173 5105 2578 5171 heterodoxos;
2617 5120 2753 5172 quos
2781 5120 2902 5159 cum
2928 5105 2996 5159 ab
3027 5105 3254 5159 invicem
3289 5118 3574 5158 secernere
3608 5105 3677 5186 in:

2084 5208 2332 5268 promptu
2358 5213 2462 5252 non
2485 5206 2652 5263 esset,
2685 5208 2944 5266 utrosque
2985 5196 3450 5251 indiscriminatim
3485 5187 3674 5250 Theo-9

2080 5292 2282 5359 philum
2319 5292 2643 5354 divexasse;
2685 5293 3035 5358 eamdemque
3067 5289 3137 5343 ob
3166 5304 3380 5342 causam
3410 5298 3660 5356 utrosque

2085 5384 2556 5439 indiscriminatim
2606 5383 2867 5439 Joannem
2915 5383 3354 5452 Chrysostomum
3411 5381 3656 5436 fovisse:

2083 5473 2213 5530 hinc
2267 5475 2554 5530 nonnullos
2606 5473 2805 5529 factum
2858 5473 3139 5541 Theophili
3189 5473 3545 5528 heterodoxos
3579 5472 3661 5525 in-

2083 5566 2340 5622 sectantis
2403 5565 2701 5633 probasse;
2750 5567 2868 5621 aliis
2910 5566 3235 5620 ortlnodoxos
3290 5563 3426 5618 male
3473 5562 3658 5620 haberi

2085 5657 2340 5712 doluisse.
2380 5655 2734 5726 TheOphilum
2770 5666 3029 5727 praeterea
3074 5657 3277 5727 judicio
3321 5656 3487 5712 fuisse
3523 5669 3661 5725 pre-

481 5788 528 5819 “
552 5787 720 5864 Exod.
747 5806 877 5855 xvn,
906 5792 995 5864 με
1023 5863 1030 5864 ί
1066 5793 1110 5822 ’⁸
1141 5791 1285 5864 Hier.
1316 5792 1470 5862 epist.
1509 5791 1594 5848 7i.
1672 5794 1717 5825 “
1745 5793 1887 5851 llier.
1912 5792 2170 5864 epistJO.
2251 5794 2292 5824 ’τ
2316 5791 2459 5849 Ilier.
2485 5794 2645 5863 epist.
2667 5792 2755 5848 72.
2833 5793 2877 5825 ³⁸
2897 5792 3044 5848 Ilicr.
3063 5793 3219 5863 epist.
3247 5793 3332 5849 78.
3407 5783 3656 5861 "Virgil.

407 5857 624 5912 Λίηεὶίι.
652 5875 739 5924 III,
770 5877 906 5917 vers.
938 5862 1059 5920 426.
1088 5863 1209 5918 4⁸28.
