4170 6416
539 440 672 493 1147

1870 419 1928 472 Ρ.
1972 411 2283 470 DANIELIS
2322 410 2553 465 IIUETII

3647 398 3779 451 1H8

539 554 714 625 cipiti,
747 561 802 607 et
862 547 1022 604 animi
1054 543 1332 599 affectibus
1372 541 1594 595 nimium
1640 540 2040 604 obtemperasse
2072 531 2116 584 si
2147 535 2191 588 Δ
2221 543 2350 582 vero
2409 535 2563 594 rogat
2613 521 2965 625 Epiphaniam
3023 517 3396 625 Theophilus."
3436 523 3493 619 ut
3548 515 3777 584 aliquem

541 660 816 716 negarem,
843 639 1163 694 reclamaret
1186 634 1629 702 Chrysostmnus,
1669 629 1718 680 in
1747 641 1906 695 quem
1949 625 2116 689 impo-

542 748 720 795 tenter
742 733 983 790 desaeviit
1008 749 1023 794 ;
1057 729 1378 783 reclamaret
1407 734 1460 779 et
1478 723 1672 776 Paulus
1699 720 1786 773 ille
1808 718 2112 786 cpiscopus,

541 845 698 901 quem
743 835 861 896 post
899 821 1124 891 ﬂagella,
1172 831 1447 873 carcerem
1493 824 1546 870 et
1587 811 1818 874 metalla,
1872 807 2117 901 aiTheo-

529 900 707 990 philo,
739 932 843 970 non
873 923 1091 984 propter
1143 909 1561 979 Origenismum,
1591 905 1682 958 sed
1729 901 1860 955 alias
1887 900 1954 952 ob
1990 912 2118 950 cau-

542 1027 633 1067 sas
683 1024 748 1063 ex
782 1007 1012 1077 Egypto
1037 1005 1372 1060 eliminatum
1423 997 1780 1066 Hieronymus
1833 1002 2118 1047 transeun-

545 1115 651 1160 tem
675 1103 907 1172 liospitio
933 1098 1188 1168 suscepit,
1246 1102 1382 1150 etut
1413 1106 1506 1162 per
1536 1085 1812 1157 imperiale
1853 1083 2112 1172 scriptum

544 1171 946 1252 restitueretur,
983 1186 1263 1242 laboravit.
1300 1179 1532 1237 Privatis
1581 1176 1805 1247 proinde
1842 1173 2018 1228 causis
2046 1171 2114 1224 ad

544 1282 844 1351 carpendos
871 1277 1202 1346 Origenistas
1253 1273 1538 1326 adductum
1607 1265 1768 1319 fuisse
1821 1262 1934 1316 veri
1983 1258 2113 1314 mihi

545 1373 758 1427 videtur
789 1383 1046 1438 perquam
1083 1364 1436 1424 simillimum,
1485 1367 1539 1413 et
1565 1356 1810 1411 vindictae
1849 1369 1960 1409 suze
1994 1351 2117 1408 Ori-

545 1463 845 1532 genismum
893 1457 1117 1514 subdole
1169 1453 1552 1526 praetexuisse;
1587 1446 1940 1517 Epiphanium
1986 1456 2114 1497 vero

543 1563 614 1607 et.
637 1551 1041 1618 Hieronymum,
1096 1560 1208 1600 rem
1278 1544 1449 1612 ipsam
1509 1539 1759 1594 Ecclesia:
1803 1534 2110 1605 perutilem,

547 1642 872 1712 Origenismi
902 1640 1106 1695 scilicet
1125 1634 1565 1705 exstirpationem
1600 1639 1889 1699 spectasse,
1923 1641 2113 1682 causas

547 1734 692 1803 ipsas
724 1734 940 1802 insuper
983 1731 1255 1785 habuisse.
1299 1727 1640 1794 Quaecunque
1662 1731 1808 1778 certe
1831 1737 1918 1777 res
1940 1721 2111 1775 Theo-

545 1824 748 1892 pbilum
783 1823 1072 1892 impulerit,
1101 1827 1314 1876 constat
1366 1817 1613 1888 legitima:
1651 1815 1838 1886 synodi
1879 1814 2110 1870 decretis

2219 621 2398 673 mittat
2437 614 2980 684 Constantiiwpnlim,
3027 614 3164 664 sicut
3195 626 3222 662 a
3253 624 3311 663 se
3338 607 3634 662 Nitrienses
3664 624 3779 661 mo-

2216 712 2372 764 nachi
2423 711 2571 762 missi
2605 719 2767 762 sunt:
2797 722 2902 775 quo
2947 704 3130 757 missi?
3169 717 3359 770 nempe
3416 715 3519 768 quo
3549 700 3779 768 aliquem

2217 803 2356 856 mitti
2386 803 2497 855 vult
2543 802 2610 854 ab
2659 798 3000 868 Epiphanio;
3037 792 3552 861 Constantinopolim
3593 806 3608 844 :
3657 806 3779 845 nam

2216 895 2344 962 quid
2414 894 2558 946 aliud
2603 893 2767 946 verba
2825 888 3058 942 sonant?
3088 887 3236 953 Quod
3269 896 3445 938 autem
3500 884 3781 953 peregrina

2217 986 2593 1041 communione
2621 998 2714 1038 eos
2744 981 3016 1049 exceperit
3043 979 3482 1048 Chrysostomus,
3507 975 3629 1029 inde
3653 989 3784 1030 con-

2217 1077 2388 1131 cludit
2437 1075 2702 1129 Baronius
2748 1073 2934 1146 synodi
2997 1070 3377 1126 Alexandrina
3413 1068 3620 1122 litteras
3657 1067 3781 1122 illuc

2215 1169 2449 1223 nondum
2487 1167 2650 1222 fuisse
2697 1167 2962 1236 perlatas;
2995 1163 3190 1231 alioqui
3237 1163 3518 1215 damnatos
3557 1170 3611 1214 et
3654 1173 3780 1228 pro-

2215 1260 2449 1328 scriptos
2503 1260 2798 1313 monachos
2845 1257 3064 1310 minime
3115 1254 3282 1309 fuisse
3309 1262 3676 1321 excepturum.
3714 1251 3785 1308 Ut

2215 1351 2266 1405 id
2290 1353 2466 1418 detur,
2502 1354 2645 1422 quod
2669 1351 2852 1422 negari
2896 1359 3069 1403 tamen
3097 1357 3292 1418 potest,
3324 1362 3447 1402 nam
3479 1346 3782 1402 damnatio-

2215 1446 2300 1500 nis
2324 1459 2544 1500 causam
2585 1454 2792 1498 certum
2824 1451 2907 1498 est
2947 1443 3108 1495 licere
3140 1440 3359 1508 inquiri,
3393 1453 3498 1492 non
3535 1439 3660 1492 inde
3693 1451 3781 1493 se-

2215 1536 2398 1604 quitur
2429 1534 3090 1604 Constantinopolitanum
3152 1533 3254 1586 iter
3285 1531 3433 1599 prius
3478 1529 3784 1599 suscepisse

2214 1626 2514 1681 Nitrienses
2564 1625 2923 1696 Origenistas,
2979 1641 3140 1695 quam
3191 1625 3394 1694 legatos
3443 1638 3567 1678 suos
3590 1623 3776 1678 eodem

2214 1719 2542 1788 The0philus
2591 1720 2852 1772 misisset.
2913 1716 3197 1771 Probabile
3241 1715 3435 1783 quippe
3486 1724 3566 1767 est
3598 1711 3773 1768 Theo-

2215 1813 2344 1882 pliili
2379 1813 2582 1881 legatos
2619 1811 2924 1879 provincias
2955 1810 3150 1863 multas
3176 1809 3395 1872 adiisse,
3420 1807 3774 1860 disseminan-

546 1914 971 1983 Origenistarum
1003 1927 1218 1968 errores
1242 1911 1407 1965 fuisse
1438 1909 1732 1972 rescissos;
1775 1922 1838 1961 ac
1864 1921 1967 1960 non
1994 1915 2112 1958 tan-
2142 1883 2184 1938 Β
2215 1908 2402 1960 darum
2443 1903 2687 1973 priesulis
2725 1903 2865 1958 illius
2897 1902 3272 1973 synodicarum
3323 1899 3620 1953 litterarum
3656 1914 3774 1968 gra-

549 2017 659 2060 tum
690 2006 920 2062 fortasse
946 2004 1246 2074 Theophili,
1284 2011 1541 2073 quantum
1591 1999 1778 2070 synodi
1807 1997 2114 2054 auctoritati

548 2098 930 2168 Hieronymum
966 2105 1020 2152 et
1049 2097 1402 2167 Epiphanium
1439 2092 1707 2148 tribuisse.

619 2187 730 2243 Vll.
782 2189 950 2244 Porro
1006 2203 1110 2243 non
1158 2187 1470 2257 synodicam
1532 2185 1791 2238 duntaxat
1835 2182 2117 2252 Theophili

548 2271 857 2350 epistolam,
917 2284 1096 2336 datam
1133 2293 1274 2334 anno
1304 2277 1504 2332 Christi
1544 2276 1670 2340 399,
1702 2281 1794 2331 sed
1829 2275 2118 2330 Paschales

545 2373 710 2427 etiam
736 2383 988 2440 quatuor,
1015 2373 1172 2426 annis
1213 2371 1339 2435 400,
1373 2369 1496 2430 401.
1525 2367 1650 2432 402,
1675 2367 1802 2431 405,
1829 2367 1956 2432 404,
1981 2367 2120 2422 scri-

470 2505 476 2512 .
550 2474 685 2532 ptas,
741 2463 1099 2536 llieronymus
1147 2463 1433 2516 Latinitate
1493 2459 1730 2523 donavit,
1772 2468 1828 2513 nt
1885 2474 2003 2527 qua:
2051 2459 2118 2514 iis

550 2555 933 2609 continebatur
959 2554 1206 2626 Origenis
1237 2553 1526 2617 damnatio,
1567 2551 1748 2616 latius,
1786 2562 1840 2606 et
1874 2552 1924 2604 in
1963 2551 2120 2607 Occi-

551 2646 712 2699 dente
760 2647 1094 2714 potissimum
1154 2645 1574 2714 pervulgaretur.
1634 2643 2001 2697 Pervenerunt
2051 2643 2120 2698 ad

554 2737 694 2790 hanc
716 2747 926 2791 atatem
973 2739 1297 2805 posteriores
1331 2747 1463 2800 tres,
1520 2735 1666 2804 prior
1711 2750 1832 2789 cum
1865 2733 2116 2804 synodica

528 2827 859 2893 .intercidil;
895 2829 944 2881 in
969 2827 1162 2896 quibus
1183 2829 1474 2895 depravata
1499 2826 1676 2894 aliqua
1701 2825 1767 2879 ab
1795 2823 2120 2894 Hieronymo

551 2933 672 2971 cum
714 2917 878 2986 ipsius
901 2918 1191 2972 adversarii
1210 2918 1524 2986 jactassent,
1555 2932 1672 2972 sese
1696 2917 1748 2970 in
1773 2916 1996 2984 epistola
2029 2916 2117 2982 78,

552 3010 621 3062 ad
659 3007 1050 3062 Pammachium
1092 3020 1137 3062 et
1179 3008 1513 3069 Marcellam,
1572 3023 1691 3062 cum
1724 3010 1790 3062 ad
1818 3023 1911 3063 eos
1939 3018 2119 3078 poste-

554 3102 729 3155 riores
752 3100 1040 3155 Paschales
1075 3101 1328 3165 mitteret,
1357 3099 1651 3154 luculenter
1679 3100 1944 3169 purgavit.

2221 2000 2312 2063 tia,
2342 2000 2672 2067 proindeque
2696 1997 2868 2050 serius
2895 1993 3410 2062 Constantinopolim
3443 1992 3657 2046 easdem
3686 1992 3784 2045 im-

2215 2104 2497 2162 portasse;
2531 2106 2652 2145 cum
2709 2089 2918 2142 interea
2954 2085 3282 2141 discessione
3333 2083 3544 2138 illorum
3578 2083 3781 2150 audita,

2219 2189 2420 2244 nullam
2454 2187 2860 2254 interponentes
2897 2195 3126 2244 moram,
3162 2177 3372 2248 magnis
3406 2175 3689 2230 itineribus
3717 2174 3784 2228 il-

2219 2281 2303 2335 lue
2331 2278 2737 2334 contendissent
2777 2273 3130 2344 Origenistze;
3173 2280 3228 2326 et
3259 2271 3350 2339 qui
3393 2270 3571 2325 serius
3600 2281 3785 2322 susce-

2217 2381 2411 2442 perant
2446 2371 2567 2435 iter,
2600 2368 2866 2423 maturius
2894 2366 3022 2420 illud
3050 2365 3424 2420 confecissent.

2292 2463 2382 2518 IX.
2409 2459 2922 2529 Constantinopolim
2955 2456 3117 2512 delati
3156 2455 3475 2522 Origenistze
3516 2451 3786 2522 supplices

2221 2555 2473 2611 accidunt
2504 2554 2569 2608 ad
2617 2567 2789 2620 genua
2824 2549 3066 2615 Joannis,
3114 2548 3488 2617 postulauitque
3515 2554 3572 2599 ut
3623 2559 3786 2614 opera

2221 2646 2387 2714 ipsius
2413 2654 2468 2700 et
2491 2643 2833 2706 auctoritate,
2862 2640 3145 2710 TheOphili
3179 2640 3463 2694 adversum
3490 2653 3548 2692 se
3571 2638 3784 2692 iracun-

2222 2741 2308 2794 dia
2355 2745 2599 2804 sedetur,
2640 2746 2692 2793 et
2724 2736 3016 2809 Egyptum
3050 2735 3304 2790 redeundi
3329 2734 3431 2788 sibi
3469 2733 3621 2802 copia
3650 2730 3783 2786 εἰειιὲ

2222 2831 2362 2900 quod
2396 2831 2440 2885 si
2470 2829 2772 2884 reverentia
2803 2837 2894 2880 aut
2922 2835 3066 2881 metu
3088 2824 3392 2893 Theophili,
3430 2824 3498 2878 ab
3521 2824 3635 2893 ipso
3663 2836 3786 2890 quo-

2223 2939 2327 2991 que
2359 2921 2806 2992 quemadmodum
2829 2927 2882 2974 et
2910 2920 2977 2972 ab
2999 2917 3116 2972 aliis
3139 2916 3405 2986 episc0pis
3441 2915 3781 2984 repellantur,

2225 3013 2564 3082 imperatoris
2593 3026 2747 3082 opem
2782 3025 2841 3066 se
2863 3009 3096 3078 denique
3130 3009 3528 3078 imploraturos.
3560 3007 3786 3074 Campo-

2227 3105 2363 3158 situs
2393 3104 2460 3155 ad
2499 3101 2898 3155 miserationem
2948 3098 3384 3152 commovendam
3415 3097 3650 3150 virorum
3683 3096 3788 3150 ha-

626 3190 759 3244 Vlll.
794 3191 911 3245 .lam
948 3205 1075 3244 vero
1107 3205 1286 3244 rerum
1311 3190 1506 3244 seriem
1533 3203 1940 3259 persequamur.
1975 3189 2124 3244 Dixi-
2149 3210 2192 3268 ο
2226 3195 2370 3249 bitus
2394 3194 2782 3264 Chrysostomo
2828 3190 3094 3260 lacrymas
3123 3189 3378 3242 excussit.
3427 3186 3657 3254 Benigne
3685 3187 3786 3238 ita.

552 3294 672 3334 mns
709 3280 1232 3348 Constantinopolim
1278 3280 1549 3348 profectos
1589 3295 1711 3336 esse
1763 3280 2114 3350 Origenistas,

555 3380 834 3439 postquam
879 3370 1066 3424 eodem
1111 3371 1314 3440 legatos
1355 3387 1384 3424 a
1408 3370 1707 3439 Theophilo
1744 3371 1935 3426 missos
1964 3386 2119 3426 acce-

554 3471 767 3531 perunt.
801 3460 956 3515 Falso
987 3463 1036 3514 id
1067 3477 1096 3514 a
1129 3462 1364 3515 Palladio
1395 3472 1450 3517 et
1505 3461 1806 3516 Sozomeno
1829 3461 2117 3516 confictum

555 3552 730 3620 arguit
757 3551 1016 3606 Baronius
1044 3552 1111 3604 ad
1141 3569 1227 3605 an.
1261 3553 1388 3616 400,
1412 3569 1532 3621 cap.
1555 3553 1644 3618 61,
1673 3569 1771 3607 nec
1796 3568 2116 3622 quemquam

557 3646 686 3698 illuc
720 3655 844 3698 ante
871 3645 1076 3712 legasse
1100 3644 1452 3714 Theophilum
1497 3645 1791 3711 contendit,
1829 3660 1987 3716 quam
2023 3661 2119 3701 eo-

555 3739 676 3790 dem
710 3736 908 3790 abiisse
941 3735 1277 3806 Origenistas
1312 3738 1591 3792 intellexit.
1651 3738 1864 3793 Falsum
1909 3753 2120 3808 quoque

553 3842 672 3882 esse
695 3828 829 3893 vult,
863 3829 1002 3883 inter
1032 3829 1361 3898 Origenistas
1395 3830 1562 3886 fuisse
1629 3830 1888 3886 lsidorum
1916 3849 1930 3899 ;
1965 3833 2016 3885 id
2050 3833 2118 3885 li-

554 3929 638 3974 cct
691 3931 885 3989 praeter
935 3920 1294 3976 Sozomenum
1329 3921 1580 3976 Socrates
1607 3931 1896 3976 asseveret.
1927 3921 2120 3976 Nititur

553 4011 813 4067 Baronius
839 4012 1119 4082 Theophili
1153 4016 1220 4067 ad
1243 4012 1596 4083 Epiphaniam
1617 4014 1863 4083 epistola,
1898 4029 2016 4083 qua:
2038 4024 2121 4069 est

553 4105 692 4160 inter
741 4106 1185 4178 Hieronymianas
1215 4107 1319 4171 67;
1373 4107 1451 4161 sic
1507 4105 1666 4160 habet
1703 4106 1790 4160 illa
1851 4123 1915 4159 ει
1946 4106 2119 4162 Didici

553 4199 695 4252 enim
744 4201 887 4267 quod
935 4199 1352 4254 calumniatores
1405 4213 1544 4254 vera:
1591 4199 1736 4262 fidei,
1767 4199 2117 4263 fAmmonius,

556 4291 838 4356 Eusebius,
867 4300 922 4344 et
963 4290 1302 4360 Euthymius,
1356 4305 1493 4345 novo
1551 4305 1648 4357 pro
1710 4289 1898 4343 haeresi
1940 4287 2120 4342 furore

555 4382 898 4450 bacchantes,
936 4381 1448 4450 Constantinopolim
1472 4381 1776 4450 navigarint
1805 4398 1818 4434 :
1854 4389 1910 4432 ut
1943 4388 1997 4432 et
2026 4392 2122 4432 no-

555 4490 670 4541 vos,
703 4476 746 4529 si
779 4490 912 4544 quos
957 4475 1239 4537 valuerint,
1270 4475 1559 4543 decipiant,
1619 4483 1672 4528 et
1696 4473 1967 4526 veteribus
2011 4485 2122 4524 sum

556 4567 851 4637 impietatis
908 4567 1068 4620 sociis
1117 4567 1530 4636 conjungantur.
1564 4585 1582 4617 ι
1623 4564 1773 4617 Nulla
1811 4565 1899 4617 hic
1932 4563 2119 4618 Isidori
2151 4545 2194 4599 Ῑ)

557 4659 801 4712 mentio:
835 4668 981 4714 certe
1026 4673 1198 4726 neque
1243 4657 1500 4721 Dioscori,
1551 4673 1649 4713 nec
1697 4657 1921 4711 aliorum
1967 4657 2124 4724 quin-

554 4751 830 4820 quaginta,
887 4765 1020 4818 quos
1085 4750 1207 4804 illuc
1255 4751 1554 4818 perrexisse
1615 4751 1777 4804 tradit
1826 4748 2118 4803 Palladius.

556 4841 719 4906 Quasi
756 4856 883 4894 vero
942 4842 1154 4894 nomina
1187 4841 1516 4909 singulorum
1573 4856 1896 4909 percensere
1944 4841 2121 4895 Theo-

557 4931 738 5000 philus
775 4931 1090 4984 instituerit.
1129 4933 1201 4983 At
1248 4930 1438 4984 deinde
1472 4929 1800 4998 Theophilus
1847 4947 1862 4984 :
1920 4947 1937 4979 ι
1969 4929 2032 4983 Et
2065 4938 2124 4982 ut

555 5022 788 5077 celerius
816 5031 999 5076 nostra
1023 5021 1536 5088 Constantinopolim
1565 5021 1759 5090 scripta
1788 5021 2119 5089 perveniant,

556 5115 710 5169 mitte
761 5115 1077 5168 industritnn
1114 5115 1306 5179 virum,
1330 5124 1383 5167 et
1404 5112 1631 5180 aliquem
1657 5113 1722 5164 de
1742 5112 1973 5176 clericis,
2014 5113 2116 5166 sic~

557 5214 614 5256 ut
654 5213 707 5259 et
753 5220 850 5258 nos
871 5205 935 5257 de
962 5203 1098 5272 ipsis
1125 5203 1305 5255 Nitriae
1345 5201 1692 5256 monasteriis
1723 5213 1904 5270 patres
1934 5217 2120 5256 mona-

555 5295 801 5358 chorum,
834 5311 953 5348 cum
987 5294 1108 5348 aliis
1150 5294 1350 5348 sanctis
1393 5304 1445 5347 et
1491 5293 1966 5348 continentissimis
1994 5293 2121 5346 viris

557 5386 823 5450 misimus,
861 5387 949 5454 qui
987 5387 1195 5455 possint
1225 5396 1456 5439 cunctos
1512 5386 1563 5439 in
1599 5384 1882 5452 prmsentia
1927 5385 2120 5439 docere

556 5490 674 5543 quae
701 5485 849 5545 gesta
886 5487 1031 5530 sunt.
1072 5495 1090 5527 ι
1134 5475 1208 5529 Ex
1245 5476 1326 5530 his
1381 5475 1516 5528 efﬁci
1565 5484 1717 5545 putat
1757 5474 2020 5529 Baronius
2057 5477 2125 5529 ab

558 5565 878 5634 Epiphanio,
917 5583 1020 5620 non
1070 5577 1248 5620 autem
1312 5581 1340 5618 a
1374 5565 1670 5634 Theophila
1727 5573 1855 5619 tunc
1891 5565 2122 5635 legatum

560 5655 724 5708 fuisse
764 5657 985 5709 missum
1021 5654 1543 5721 ConstantinOpolim
1572 5673 1586 5720 ;
1619 5655 1975 5724 Theophilum
2028 5671 2124 5708 au-

559 5754 664 5798 tem
695 5744 951 5810 quosdam
981 5761 1011 5797 e
1044 5747 1316 5799 monachis
1351 5745 1710 5798 Nitricnsibus
1737 5746 1840 5798 alio
1875 5746 2118 5815 ablegas-

559 5850 637 5887 se.
695 5834 836 5888 Sane
886 5836 936 5888 id
967 5853 1029 5889 cx
1072 5836 1308 5901 cpistolm
1347 5836 1524 5889 verbis
1559 5852 1661 5889 non
1710 5840 1917 5906 cogitur
1962 5861 1970 5891 :
2018 5841 2121 5896 imo

2217 3300 2323 3355 qne
2357 3287 2501 3354 ipsos
2529 3283 2842 3350 alloquitur,
2874 3280 3026 3348 jubet
3064 3295 3281 3335 causam
3325 3279 3586 3333 adventus
3609 3278 3785 3332 suisi-

2219 3379 2383 3441 leant,
2415 3377 2480 3432 de
2527 3377 2768 3444 ipsorum
2811 3374 3148 3430 restitutione
3195 3386 3313 3426 sese
3338 3386 3460 3424 cum
3493 3368 3786 3438 TheOphilo

2219 3483 2314 3538 per
2339 3469 2545 3522 litteras
2584 3475 2851 3531 acturum,
2893 3465 2944 3519 in
2972 3463 3170 3534 templo
3199 3464 3436 3527 interim,
3472 3463 3557 3516 cui
3591 3475 3785 3515 nomen

2217 3559 2526 3624 Anastasis,
2580 3558 2760 3614 sedem
2799 3573 2864 3612 ac
2893 3556 3224 3610 mansionem
3270 3554 3454 3623 figant.
3484 3552 3788 3607 Paruerant

2219 3651 2318 3714 illi,
2355 3660 2409 3704 et
2429 3650 2550 3704 vine
2575 3649 2879 3704 necessaria
2910 3649 3102 3717 partim
3134 3647 3361 3716 propriis
3395 3646 3491 3715 ipsi
3519 3647 3785 3712 manibus,

2221 3753 2278 3796 ut
2316 3756 2430 3796 mos
2453 3751 2569 3795 erat
2604 3741 3012 3804 monachorum,
3037 3742 3229 3811 partim
3266 3738 3633 3808 religiosarum
3669 3753 3786 3792 mu-

2220 3835 2405 3890 lierum
2436 3833 2754 3890 liberalitate
2787 3842 3185 3902 compararunt,
3224 3846 3287 3886 ac
3314 3829 3646 3903 Olympiadis
3684 3846 3778 3901 po-

2222 3928 2512 3990 tissimum,
2554 3940 2672 3993 qua:
2707 3933 2827 3994 post
2849 3923 3054 3979 obitum
3084 3922 3320 3978 Nebridii
3342 3923 3583 3992 conjugis
3605 3935 3783 3978 creata

2219 4017 2470 4072 Ecclesia:
2541 4016 3144 4085 Constantinopolitanae
3211 4015 3510 4071 diaconissa
3543 4057 3559 4082 ,
3637 4031 3788 4084 pere-

2221 4107 2406 4178 grinos
2439 4109 2672 4176 hospitio
2695 4108 2965 4177 excipere,
2993 4115 3048 4162 et
3081 4105 3424 4164 facultatibus
3455 4111 3564 4165 suis
3603 4109 3789 4164 fovere

2221 4201 2446 4256 solebat.
2500 4199 2843 4254 Publicarum
2892 4199 2976 4254 his
3015 4199 3384 4268 precationum
3451 4200 3788 4256 communio-

2222 4309 2341 4348 nem
2396 4293 2666 4347 concessit
2721 4293 3154 4363 Chrysostomus,
3211 4307 3274 4347 ac
3327 4303 3786 4348 sacramentorum

2224 4400 2378 4438 usuin
2411 4401 2516 4438 non
2545 4384 2788 4450 admisit,
2833 4384 3067 4437 nondum
3092 4384 3300 4453 cognita
3327 4384 3562 4450 ipsorum
3585 4398 3783 4449 causa;

2222 4491 2342 4530 cum
2381 4476 2678 4544 praesertim
2726 4476 2953 4531 clericos
2984 4477 3240 4544 quosdam
3279 4491 3307 4528 a
3340 4475 3632 4544 Theophilo
3672 4477 3786 4544 jam

2225 4577 2348 4622 ante
2378 4567 2496 4622 aliis
2531 4569 2598 4622 de
2632 4567 2794 4622 rebus
2819 4566 3334 4636 ConstantinOpolim
3377 4568 3568 4621 missos
3599 4581 3786 4622 accer-

2225 4660 2385 4714 sisset
2413 4657 2670 4724 Joannes,
2715 4674 2859 4727 nque
2888 4673 3048 4726 super
3088 4660 3246 4713 rebus
3283 4659 3666 4712 monachorum
3702 4659 3786 4712 in-

2227 4741 2481 4819 terrogati
2513 4765 2759 4820 magnam
2785 4749 2903 4802 illos
2941 4748 3189 4816 injuriam
3231 4751 3548 4804 sustinuisse
3571 4751 3785 4818 quidem

2225 4839 2503 4902 dixissent,
2541 4845 2632 4894 sed
2677 4839 2742 4892 ad
2776 4837 3203 4891 communionem
3259 4848 3435 4893 tamen
3477 4841 3790 4908 neutiquam

2225 4946 2318 4986 eos
2342 4931 2552 4985 admitti
2611 4930 2992 4999 postulassent.
3021 4945 3087 4983 ne
3126 4931 3420 5000 Theophilo
3446 4946 3532 4985 res
3561 4946 3623 4986 ea
3653 4933 3792 4986 foret

2227 5020 2530 5076 oﬂ‘ensioni.
2568 5020 2771 5074 Scribit
2823 5020 2888 5072 ad
2949 5019 3298 5090 The0philum
3348 5022 3789 5093 Chrysostomus,

2228 5121 2486 5182 rogatque
2524 5121 2581 5165 ut
2612 5111 2890 5166 restitutos
2910 5111 3237 5180 Origenistas
3273 5115 3324 5167 in
3363 5115 3791 5169 communionem

2229 5208 2480 5261 admittat
2517 5222 2532 5260 :
2561 5207 2644 5260 sin
2677 5205 2879 5272 judicio
2909 5208 3231 5263 contendere
3257 5209 3427 5272 malit,
3454 5210 3792 5264 necessarios

2229 5296 2515 5366 mittatqui
2556 5311 2641 5350 res
2679 5296 2843 5364 ipsius
2886 5308 3190 5366 procurent.
3233 5297 3345 5352 Non
3375 5300 3650 5367 rescripsit
3683 5299 3790 5361 ille,

2227 5388 2485 5456 quosdam
2534 5401 2564 5440 e
2595 5387 2704 5440 suis
2731 5386 2856 5441 illud
2899 5386 3158 5457 allegasse
3208 5399 3512 5454 contentus,
3541 5388 3792 5443 «libellos

2226 5488 2284 5532 ut
2305 5477 2638 5547 porrigerent
2653 5479 2968 5541 admonens,
2993 5479 3161 5548 inquit
3183 5479 3466 5545 Palladius,
3490 5495 3625 5549 quos
3640 5495 3792 5534 more

2226 5568 2383 5622 solito
2409 5569 2538 5637 ipsis
2595 5569 2907 5632 dictaverat,
2957 5578 3200 5639 apertum
3236 5569 3451 5638 quidem
3491 5580 3544 5624 et
3566 5585 3790 5639 expres-

2226 5676 2344 5715 sum
2375 5662 2708 5716 mendacium
2741 5665 3096 5728 continentes,
3132 5665 3298 5718 variis
3318 5664 3604 5720 calumniis
3629 5680 3791 5733 oper-

2230 5764 2340 5806 tum
2393 5761 2444 5805 et
2493 5754 2865 5808 obumbratnm
2895 5771 2908 5814 ;
2941 5763 3142 5808 etcum
3195 5771 3301 5808 non
3350 5766 3532 5824 posset
3579 5756 3788 5810 illorum
3881 5791 3884 5793 λ

2232 5845 2350 5900 vita:
2376 5842 2651 5915 derogare,
2704 5846 2832 5902 facit
2885 5857 2943 5900 ut
3005 5847 3142 5902 intra
3175 5848 3427 5916 palatium
3465 5849 3618 5919 quasi
3649 5850 3790 5920 magi
