4170 6434
423 449 442 502 l
463 449 476 500 l
491 450 556 504 11-9

1273 446 1848 504 ORIGENIANORUM
1889 448 2018 508 LIB.
2061 450 2128 516 ll,
2173 451 2323 506 CAP.
2366 451 2455 517 ιν,
2500 450 2693 507 SECT.
2730 451 2795 506 ll.

3538 460 3679 516 “50

419 577 758 623 notarentur.
789 584 807 617 δ
852 565 1048 620 Subdit
1077 567 1416 636 postmodum
1445 567 1786 623 advertenles
1814 569 2001 638 Orige-
2030 573 2076 628 A
2105 579 2200 623 stre
2226 569 2431 638 experti
2460 579 2586 623 sunt
2613 583 2626 622 :
2660 569 2928 639 proditum
2980 570 3176 640 quippe
3207 578 3289 624 est
3318 585 3346 624 a
3375 569 3677 628 Sozomeno

420 660 589 713 nistas
617 657 748 711 nihil
793 672 850 711 se
879 657 1200 726 profecisse,
1244 658 1569 729 «plerosque
1618 662 1671 714 in
1707 663 1985 732 dignitati-

418 751 515 803 bus
551 752 881 805 constitutos
909 750 1196 803 adduxisse
1229 764 1436 817 secum,
1463 767 1652 807 omnes
1675 754 1989 808 anathema-

417 841 619 895 tizasse
655 842 925 894 haeresim.
958 860 976 892 ι
1015 840 1150 894 Tum
1210 842 1402 895 deinde
1428 842 1685 914 .rollectas
1733 845 1989 899 adversus

419 931 698 999 Tl‘lCOplllll
753 933 1090 1003 tyrannidem
1123 936 1514 1002 accusationes,
1563 937 1703 990 etin
1756 937 1987 992 libellum

420 1024 691 1092 conjectas
731 1022 922 1077 Joanni
980 1024 1177 1078 frustra
1212 1025 1334 1080 illos
1384 1025 1450 1080 ab
1476 1027 1689 1096 incepto
1718 1029 1990 1083 revocanti

422 1117 659 1169 tradunt.
725 1115 902 1170 Mouet
943 1116 1032 1170 ille
1056 1115 1410 1185 Theonhilum
1441 1118 1683 1173 conﬂata:
1706 1121 1989 1174 adversum

419 1219 476 1259 se
504 1206 882 1261 accusationis.
931 1205 1204 1261 Rescribit
1247 1207 1576 1276 Theophilus
1614 1209 1837 1263 vetitum
1873 1223 1992 1264 esse

419 1295 654 1352 Nicaenis
699 1298 1016 1367 canonibus,
1054 1315 1119 1355 ne
1169 1299 1290 1368 quis
1319 1300 1602 1370 cpisc0ptts
1658 1305 1722 1355 de
1755 1318 1813 1357 re
1836 1313 1989 1356 extra

421 1388 678 1443 ditionem
730 1405 880 1443 suam
921 1392 1092 1458 posita
1121 1393 1330 1462 judicet
1362 1413 1375 1448 :
1404 1411 1483 1457 se.
1518 1395 1561 1448 si
1601 1395 1651 1447 in
1679 1394 1767 1462 jus
1799 1410 1994 1450 vocan-

419 1480 521 1534 dus
547 1480 636 1545 sit,
674 1480 740 1535 ab
767 1481 1035 1552 .IEgyptiis
1064 1485 1329 1555 episcopis
1352 1502 1473 1542 esse
1513 1485 1884 1555 iudicandum.
1910 1487 1993 1541 Ad

419 1570 536 1625 haec
581 1575 996 1640 permovebatur
1045 1575 1194 1630 falsis
1238 1579 1578 1643 rumoribus;
1627 1587 1994 1632 sacramento-

420 1675 538 1714 rum
569 1663 1000 1718 communionem
1020 1664 1336 1733 Origenistis
1359 1668 1689 1724 concessisse
1707 1667 1990 1735 Joannem,

420 1759 475 1806 et
501 1753 678 1807 animo
709 1768 831 1809 esse
886 1756 951 1809 ad
999 1756 1248 1812 ferendas
1299 1760 1428 1829 ipsis
1457 1761 1731 1829 suppetias
1781 1769 1990 1830 parato.

421 1842 601 1907 Quare
661 1843 728 1896 ad
784 1845 1065 1914 episcopos
1100 1847 1265 1900 mittit
1320 1847 1532 1904 litteras
1569 1864 1993 1918 quaquaversus,

419 1930 680 1988 Joannem
703 1933 968 2003 dignitate
996 1947 1050 1990 et
1081 1938 1392 2008 episcopatu
1419 1950 1684 2006 evertere,
1708 1951 1765 1996 et
1790 1941 2007 1998 Diosco-

423 2037 538 2076 rmn
567 2038 688 2078 cum
730 2024 985 2082 fratribus
1025 2043 1090 2083 ac
1116 2029 1279 2086 sociis
1320 2030 1509 2085 ulcisci
1538 2032 1684 2086 omni
1717 2032 1876 2090 modo
1907 2047 1992 2087 sa-

421 2120 633 2183 tagens,
665 2116 947 2171 consilium
985 2127 1163 2174 tamen
1213 2131 1372 2177 caute
1417 2122 1712 2189 occultans,
1744 2122 1993 2195 Origenis

419 2204 585 2260 libros
611 2207 948 2266 solummodo
977 2226 1223 2280 carpens.

489 2297 547 2353 Si
579 2301 699 2368 quis
721 2300 1056 2372 Origenistas
1092 2320 1122 2359 a
1153 2304 1358 2362 Joanne
1389 2318 1643 2376 exceptos
1686 2308 1855 2364 fuisse
1893 2310 1995 2364 mi-

421 2401 592 2454 retur,
628 2406 875 2461 ntagnam
916 2396 1056 2464 apud
1092 2411 1278 2452 omnes
1305 2397 1658 2454 Nitriensium
1699 2401 1992 2455 monacho-

421 2495 540 2533 rum
579 2482 1038 2540 existimationem
1086 2485 1250 2542 fuisse
1287 2490 1627 2556 meminerit;
1671 2499 1726 2544 et
1753 2491 1993 2562 Chryso-

421 2581 599 2626 stomo
640 2573 754 2640 jam
799 2574 922 2631 inde
965 2586 1118 2632 notas
1157 2594 1280 2633 esse
1328 2578 1612 2650 Tbe0phili
1657 2591 1820 2649 artes,
1869 2596 1990 2638 cum

417 2662 676 2719 lsidorum
718 2667 1442 2740 iuConstantinOpolitanam
1472 2672 1654 2728 sedem
1696 2674 1992 2739 intrudere,

420 2765 474 2810 et
511 2758 800 2825 quominus
828 2760 894 2815 ad
935 2776 1055 2816 eam
1097 2764 1423 2820 eveheretur
1466 2764 1700 2822 Joannes
1733 2767 1994 2837 impedire

419 2857 641 2903 conatus
667 2862 771 2904 est.
808 2851 1075 2908 Prarterea
1121 2854 1478 2926 Origenianos
1519 2872 1734 2912 errores
1784 2858 1994 2927 publice

420 2939 666 2994 detestati
722 2941 936 2997 fuerant
970 2943 1270 3002 Nitrienses
1321 2965 1334 3004 :
1389 2947 1515 3004 hinc
1548 2948 1700 3003 valde
1746 2959 1992 3019 suspecta

421 3029 495 3084 illi
531 3030 810 3102 Theophili
837 3037 1163 3092 criminatio.
1208 3042 1276 3091 At
1311 3053 1408 3094 nec
1431 3039 1554 3094 dum
1583 3041 1717 3095 satis
1745 3041 1995 3097 adverteo

421 3131 504 3177 rat
532 3125 652 3193 pius
686 3127 914 3182 antistes
963 3127 1333 3184 simulationes
1364 3128 1820 3200 Origenistarum,
1869 3131 1991 3199 qui-

420 3213 521 3269 bus
573 3215 814 3285 objectos
864 3233 1079 3274 errores
1127 3220 1436 3290 iuramento
1497 3221 1701 3277 diluere
1756 3221 1993 3292 proclive

418 3315 556 3360 erat.
600 3305 842 3362 N0tanda
882 3311 996 3364 haec
1037 3309 1347 3382 Hieronymi
1375 3313 1532 3382 epist.
1571 3313 1662 3377 65,
1724 3315 1792 3367 ad
1833 3313 1998 3368 Pam-

418 3399 592 3452 much.
616 3410 661 3453 et
691 3401 910 3467 Ocean.,
949 3418 1070 3473 cap.
1100 3405 1153 3468 l,
1205 3423 1224 3454 c
1255 3404 1470 3459 Faciam
1511 3407 1652 3475 quod
1691 3404 1866 3460 solum
1903 3420 1994 3461 ca-

421 3498 568 3553 vent,
605 3499 662 3543 ut
713 3507 866 3547 sacra
906 3508 1091 3548 eorum
1123 3505 1284 3562 atque
1330 3498 1587 3567 mysteria
1621 3499 1673 3552 in
1724 3499 1996 3567 publicum

424 3579 720 3648 proferam,
748 3595 802 3636 et
835 3585 1013 3638 omnis
1039 3585 1319 3653 prudentia
1354 3603 1562 3654 eorum,
1605 3603 1711 3657 qua
1741 3603 1838 3644 nos
1866 3589 1998 3642 sim-

424 3672 590 3741 plices
615 3673 825 3740 luduut,
855 3676 906 3729 in
939 3677 1220 3746 propatulo
1263 3679 1370 3745 sit;
1404 3689 1458 3734 et
1486 3680 1575 3748 qui
1625 3682 1841 3750 neganti
1880 3683 1996 3736 voci

423 3781 529 3819 non
573 3769 825 3834 credunt,
880 3771 1104 3824 credant
1163 3771 1353 3826 saltem
1399 3773 1644 3842 arguenti
1673 3773 1832 3844 stylo.
1883 3773 1997 3830 Hoc

422 3860 565 3914 enim
589 3859 672 3914 vel
724 3861 956 3917 maxime
987 3873 1198 3929 cavent,
1231 3879 1299 3918 ne
1333 3865 1547 3933 quando
1582 3875 1768 3920 contra
1814 3877 1998 3922 aucto-

425 3969 536 4006 rem
570 3968 727 4007 suum
769 3969 954 4008 eorum
990 3957 1190 4026 scripta
1240 3965 1544 4010 teneantur.
1596 3957 1774 4011 Facile
1813 3958 1998 4012 dicunt

425 4058 544 4096 cum
570 4043 901 4110 juramento,
935 4048 1075 4116 quod
1132 4055 1313 4116 postea
1351 4047 1456 4101 alio
1501 4047 1710 4103 solvant
1737 4049 1994 4118 periurio.

423 4137 504 4191 Ad
535 4137 947 4207 suscriptionem
979 4141 1424 4211 tergiversantur,
1451 4149 1804 4210 quaeruntque
1831 4139 1996 4196 sulfu-

423 4228 530 4299 gia.
570 4227 718 4283 Alius
757 4233 776 4282 ς’
797 4228 912 4283 Non
947 4245 1186 4298 possum,
1220 4231 1414 4300 inquit,
1447 4231 1709 4286 damnare
1734 4232 1875 4300 quod
1901 4247 1996 4287 ne-

424 4337 512 4376 mo
545 4323 840 4376 damnavit.
879 4323 1028 4377 Alius
1064 4340 1078 4377 :
1111 4323 1254 4377 Nihil
1305 4338 1465 4392 super
1513 4325 1616 4379 boc
1654 4339 1683 4379 a
1745 4324 1996 4381 Patribus

422 4423 685 4468 statutum
720 4423 802 4468 est
824 4431 839 4479 ;
868 4427 926 4470 ut
962 4417 1085 4469 dum
1112 4417 1277 4470 totius
1301 4416 1448 4470 orbis
1464 4426 1786 4485 provocatur
1811 4427 1996 4472 aucto-

425 4505 574 4572 ritas,
601 4506 972 4562 subscribendi
1000 4507 1289 4562 necessitas
1306 4506 1599 4562 differatur.
1619 4509 1844 4575 Quidam
1868 4523 1997 4563 con-

424 4597 676 4661 stantius,
718 4596 1015 4664 Quomodo,
1051 4598 1243 4666 iuquit,
1278 4596 1648 4652 damnabimus
1673 4612 1808 4666 quos
1843 4611 1995 4667 syno-

425 4689 524 4742 dus
559 4689 773 4742 Nicazna
809 4704 913 4743 non
953 4689 1199 4758 tetigit?»
1230 4691 1403 4757 Atque
1431 4689 1482 4743 id
1516 4704 1618 4743 non
1646 4690 1711 4742 de
1745 4690 1995 4744 omnibus

409 4777 759 4848 Origenistis,
803 4788 1148 4850 quotcunque
1173 4783 1238 4834 ad
1273 4780 1720 4851 Chrysostomum
1745 4779 1998 4851 confuge-

428 4881 568 4936 rant,
629 4873 956 4927 intellectum
1008 4873 1189 4938 velim,
1238 4889 1359 4927 nam
1419 4876 1614 4942 partim
1657 4875 1993 4940 orthodoxis,

426 4958 618 5026 partim
652 4959 988 5014 belerodoxis
1023 4963 1162 5015 hanc
1188 4962 1494 5017 constitisse
1531 4973 1801 5018 catervam
1841 4974 1997 5032 puto;

413 5049 561 5104 adeo
611 5060 668 5104 ttt
713 5051 786 5104 illi
825 5067 890 5106 ex
940 5054 1138 5121 animo,
1196 5056 1247 5108 hi
1281 5065 1531 5110 oretenus
1558 5070 1771 5111 errores
1808 5055 1998 5126 Orige-

429 5143 513 5198 nis
556 5143 954 5200 damnaverint.
1012 5146 1142 5212 Quae
1182 5163 1304 5202 cum
1333 5147 1720 5218 Chrysostomo
1777 5149 1998 5202 minime

424 5243 702 5303 perspecta
744 5249 861 5288 esse
895 5247 1132 5304 possent,
1161 5238 1322 5292 corda
1369 5238 1476 5291 Deo
1509 5239 1793 5292 scrutanda
1829 5239 1993 5292 relin-

424 5337 620 5392 quens,
655 5323 834 5378 verbis
869 5325 986 5379 illos
1031 5327 1275 5380 hmresim
1325 5326 1569 5392 ejurasse
1600 5328 1731 5382 satis
1782 5329 1988 5384 habuit.

423 5416 672 5470 Accessit
711 5415 898 5469 eodem
949 5414 1178 5469 fortasse
1223 5416 1399 5484 aliqua
1423 5416 1732 5486 Origeniani
1763 5418 1992 5473 nominis

425 5506 743 5569 reverentia,
781 5504 935 5574 cujus
981 5507 1178 5574 scripta
1233 5507 1469 5560 studiose
1515 5508 1782 5562 lectitasse
1824 5507 1990 5562 Joan-

414 5611 573 5660 nem,
600 5596 876 5665 multaque
903 5611 970 5649 ex
1009 5597 1074 5650 iis
1104 5596 1169 5651 ad
1211 5609 1337 5651 suos
1368 5599 1706 5654 transtulisse
1745 5615 1872 5654 usus
1895 5601 1992 5654 ob-

429 5703 672 5744 servasse
705 5689 834 5742 mihi
860 5689 1061 5754 videor,
1092 5700 1146 5742 et
1199 5691 1251 5743 in
1283 5692 1633 5759 sequentibus
1669 5693 1812 5747 notis
1848 5706 1994 5746 rom-

427 5782 697 5850 probasse.

500 5871 751 5928 Easloxim
794 5889 1006 5944 quoque
1037 5875 1286 5944 Augusta:
1334 5875 1716 5929 humanitatem
1751 5875 1992 5946 Origeni-

2095 671 2149 712 et
2183 657 2506 728 Nicephoro,
2547 660 2614 713 ad
2641 674 2784 722 eam,
2809 661 2940 712 cum"
2961 659 3103 712 forte
3128 675 3291 714 curru
3317 663 3676 729 praetervehe-

2098 759 2269 813 retur,
2304 750 2602 805 accessisse
2643 748 2960 814 monachos,
2997 749 3206 820 sibique
3229 750 3408 805 illatas
3436 765 3464 805 a
3497 751 3676 806 Theo-

2098 841 2246 911 philo
2281 841 2506 910 injurias
2547 843 2884 910 exposuisse,
2933 843 3071 896 hanc
3101 843 3303 896 honore
3329 843 3457 912 ipsis
3490 844 3676 898 habito

2097 931 2416 999 pollicitam,
2445 931 2687 984 futurum
2717 941 2776 984 ut
2805 931 2954 986 brevi
2983 944 3270 1001 cogeretur
3300 936 3558 1002 synodus,
3607 936 3675 991 ad

2097 1035 2324 1090 eamque
2350 1021 2679 1090 Theophilus
2703 1030 3037 1076 evocaretur.

2173 1111 2240 1168 X.
2271 1113 2402 1166 Dum
2431 1113 2545 1166 inec
2574 1121 2885 1182 agerentur,
2920 1113 3255 1184 Epiphanius
3279 1115 3473 1171 litteris
3499 1117 3676 1172 Theo-

2100 1204 2228 1274 phili
2271 1205 2520 1272 acceptis,
2595 1205 2788 1273 quibus
2821 1207 2886 1261 ad
2942 1208 3341 1262 convocandam
3390 1210 3672 1278 synodum,

2103 1309 2158 1353 et
2190 1297 2525 1351 damnandos
2588 1295 2929 1366 Origenistas
2985 1301 3266 1354 incitatum
3319 1299 3482 1355 fuisse
3513 1316 3675 1370 supra

2100 1391 2354 1456 diximus,
2401 1392 2545 1463 cogit
2581 1395 2951 1462 episcoporum
2993 1390 3312 1461 Cypriorum
3362 1390 3676 1458 concilium,

2105 1483 2368 1538 librorum
2411 1485 2658 1556 Origenis
2690 1485 2974 1541 lectionem
3021 1486 3242 1539 decreto
3283 1485 3550 1554 prohibet,
3589 1499 3678 1539 cu-

2094 1577 2185 1645 jus
2215 1577 2415 1631 decreti
2465 1579 2744 1649 exemplar
2795 1593 2916 1632 eum
2948 1576 3051 1630 alia
3081 1576 3134 1630 in
3186 1576 3322 1640 loca,
3349 1585 3459 1630 tum
3490 1576 3679 1645 praeci—

2101 1685 2204 1741 pue
2226 1668 2744 1740 Constantinopolim
2797 1669 2983 1734 mittit,
3016 1667 3278 1723 Joannem
3324 1667 3389 1723 ad
3428 1667 3568 1722 idem
3599 1665 3679 1718 fa-

2103 1763 2352 1817 ciendum
2381 1764 2697 1818 adhortans.
2729 1762 3021 1817 Collectatn
3072 1773 3286 1829 quoque
3315 1773 3345 1812 a
3380 1756 3678 1826 Theophila

2106 1865 2292 1924 postea
2322 1855 2584 1925 synodum
2613 1854 2960 1910 Alexandriae
2990 1854 3178 1908 eadem
3229 1853 3295 1907 de
3321 1867 3483 1907 causa
3512 1851 3679 1905 fuisse

2039 1945 2079 1999 Β
2105 1945 2349 2000 scribunt
2394 1946 2669 2010 Socrates,
2703 1955 2757 2001 et
2803 1944 3137 2000 Sozomenus
3161 1962 3176 2010 ;
3204 1953 3360 2013 negat
3394 1942 3676 2007 Baronius,

2100 2046 2156 2092 et
2186 2050 2469 2106 perperam
2498 2038 2562 2092 ad
2604 2039 2656 2091 id
2687 2045 2900 2105 tempus
2935 2035 3157 2091 relatam
3201 2035 3364 2089 fuisse
3405 2035 3472 2089 ab
3507 2035 3679 2104 impu-

2101 2131 2177 2186 ris
2206 2131 2557 2200 scriptoribus
2598 2132 2860 2204 synodum
2885 2129 3306 2185 Alexandrinam
3341 2129 3554 2196 asserit,
3587 2138 3674 2183 ut-

2101 2235 2225 2294 pote
2255 2239 2374 2293 quze
2416 2225 2525 2295 jam
2562 2235 2686 2279 ante
2715 2226 2894 2279 fuerat
2936 2223 3227 2278 celebrata.
3262 2221 3372 2292 Ego
3401 2235 3529 2276 vero
3550 2220 3680 2290 quid

2101 2325 2368 2383 statuam,
2404 2331 2507 2370 non
2539 2317 2741 2381 habeo;
2776 2331 2900 2370 nam
2928 2330 3034 2370 non
3078 2329 3242 2368 unum
3269 2314 3528 2368 adversus
3552 2312 3678 2368 Ori-

2100 2410 2338 2478 genistas
2379 2409 2670 2464 conﬂatum
2708 2408 2881 2464 fuisse
2921 2407 3210 2463 concilium
3242 2413 3428 2460 narrat
3456 2403 3681 2459 Postbu-

2102 2500 2311 2554 mianus
2342 2502 2482 2570 apud
2506 2500 2802 2571 Sulpicium
2837 2499 3127 2565 Severum,
3153 2497 3358 2568 Dialog.
3403 2515 3440 2564 ι,
3476 2511 3595 2566 cap.
3621 2497 3678 2552 3.

2173 2589 2261 2645 XI.
2296 2590 2488 2647 Missas
2521 2593 2588 2646 ad
2619 2605 2681 2647 se
2714 2594 2784 2648 ab
2813 2593 3116 2662 Epiphanio
3165 2599 3219 2644 et
3252 2587 3550 2659 Theophilo
3573 2589 3682 2657 cpi-

2103 2683 2291 2748 stolas,
2343 2693 2676 2753 paratasque
2703 2684 2804 2740 sibi
2837 2684 3064 2739 insidias
3100 2681 3680 2751 neglexitChrysosto-

2102 2790 2242 2840 mus,
2283 2778 2630 2845 animumque
2658 2776 2711 2829 in
2751 2776 3112 2830 ecclesiastica
3142 2773 3482 2828 restituenda
3520 2770 3681 2826 disci-

2102 2867 2245 2936 plina
2289 2868 2499 2921 habuit.
2537 2866 2725 2936 Legati
2760 2866 2976 2920 interim
3021 2882 3048 2919 a
3082 2865 3380 2932 TheOphilo
3410 2863 3679 2918 Constan-

2108 2958 2385 3029 tinopolim
2443 2959 2694 3012 monachi
2729 2956 3066 3027 Origenistas
3121 2957 3316 3011 libellis
3363 2953 3680 3024 proscinde-

2100 3053 2230 3107 bant
2253 3069 2266 3105 :
2293 3051 2345 3104 hi
2366 3059 2573 3115 contra,
2604 3065 2696 3120 spe
2725 3051 2874 3119 pacis
2908 3049 3192 3120 praeclusa,
3219 3046 3357 3116 apud
3391 3045 3678 3099 Arcadium

2105 3146 2487 3213 imperatorem
2536 3152 2589 3197 et
2626 3143 2949 3208 Eudoxiam,
3003 3139 3284 3208 Theophili
3333 3138 3506 3206 questi
3553 3142 3682 3190 sunt

2103 3236 2355 3306 injurias,
2407 3235 2693 3303 libelloque
2735 3234 2917 3290 oblato
2972 3247 3166 3304 graves
3224 3231 3324 3300 ipsi
3358 3238 3412 3284 et
3454 3229 3680 3282 acerbas

2103 3325 2512 3378 criminationes
2545 3324 2904 3393 impegerunt,
2947 3322 3394 3391 postularuntque
3427 3327 3484 3371 ut
3505 3319 3679 3372 addu-

2101 3424 2316 3470 ceretur
2345 3413 2427 3469 vel
2480 3413 2706 3479 invitus,
2766 3423 2819 3468 et
2853 3428 3034 3468 coram
3059 3411 3266 3468 Joanne
3310 3410 3680 3465 vadimonium

2101 3512 2356 3575 sisteret;
2417 3507 2632 3563 conficti
2666 3520 2796 3562 vero
2851 3506 3139 3560 adversum
3181 3519 3240 3559 se
3272 3503 3679 3557 accusationum

2100 3601 2263 3656 libelli
2315 3599 2586 3671 praefectis
2634 3600 2782 3654 urbis
2835 3598 3164 3668 diiudicandi
3214 3598 3679 3667 permitterentur.

2101 3689 2432 3744 Adducendo
2491 3688 2798 3758 Tlieophilo
2833 3689 3066 3742 mittitur
3121 3685 3506 3741 Alexandriam
3556 3683 3682 3737 Ela-

2101 3781 2292 3851 phius;
2325 3796 2544 3835 causam
2575 3781 2879 3836 libellorum
2917 3789 2971 3835 et
2999 3780 3404 3834 accusationum
3439 3777 3679 3846 prtefecti

2099 3878 2458 3938 cognoscunt.
2495 3869 2839 3936 Deprehensa
2871 3867 3346 3936 Tbeophilensium
3380 3868 3676 3934 legatorum

2099 3958 2392 4020 calumnia,
2456 3959 2663 4012 crimen
2711 3957 2763 4011 hi
2797 3957 2848 4009 in
2879 3955 3234 4024 Theophilum
3277 3954 3580 4018 conferunt,
3609 3954 3678 4007 ab

2108 4063 2283 4117 eoque
2309 4049 2632 4104 subornatos
2690 4063 2810 4103 sese
2862 4048 3117 4102 fatentur.
3160 4046 3410 4114 Flagellis
3439 4045 3680 4113 graviter

2097 4142 2223 4195 caesi
2268 4141 2626 4195 detruduntur
2663 4140 2717 4193 in
2777 4153 3079 4202 carcerem,
3126 4137 3302 4206 quoad
3345 4135 3676 4203 Theophilus

2097 4243 2314 4283 causam
2345 4245 2444 4298 pro
2471 4244 2531 4284 se
2559 4231 2807 4283 dicturus
2839 4228 3052 4282 adesset
3086 4245 3098 4280 :
3135 4241 3241 4296 quo
3265 4226 3438 4280 serius
3469 4226 3675 4279 adven-

2099 4332 2246 4376 tante
2287 4336 2412 4390 pars
2445 4323 2497 4376 in
2538 4321 2775 4377 vinculis
2817 4321 2973 4389 obiit,
3030 4334 3154 4388 pars
3189 4320 3241 4372 in
3274 4317 3502 4372 insulam
3545 4317 3678 4371 Pro-

2099 4430 2394 4469 connesum
2427 4415 2740 4482 deportatur
2787 4421 2909 4482 post
2940 4412 3225 4466 adventum
3263 4408 3566 4478 TheOpltill,
3589 4405 3678 4475 ju-

2097 4503 2280 4557 dicutn
2313 4503 2512 4558 animis
2555 4502 2782 4571 pecunia
2815 4501 3051 4556 mollitis.
3102 4501 3226 4555 llaec
3261 4501 3331 4553 ita
3369 4515 3398 4552 a
3434 4497 3674 4552 Palladio

2100 4595 2431 4650 referuntur.
2475 4595 2892 4665 Chrysostomus
2947 4592 3159 4647 interim
3190 4590 3523 4659 Origenistas
3551 4604 3677 4643 cou-

2104 4687 2240 4741 siliis
2275 4695 2330 4741 et
2358 4685 2686 4740 auctoritate
2733 4700 2826 4739 sua
2875 4682 3092 4752 juvasse
3120 4683 3361 4738 creditus
3395 4692 3496 4736 est.
3524 4681 3672 4748 Quo-

2103 4782 2249 4833 circa
2277 4777 2376 4832 sub
2407 4777 2668 4832 Barnabze
2728 4776 2946 4830 nomine
2984 4778 3216 4831 obscure
3245 4775 3313 4830 ab
3344 4773 3673 4842 Hieronymo

2103 4869 2488 4941 perstringitur
2526 4869 2580 4922 in
2613 4868 2781 4937 Epist.
2810 4866 2877 4920 16
2920 4867 2989 4919 ad
3023 4865 3350 4934 Principiam
3389 4881 3407 4918 :
3448 4881 3466 4915 ί
3498 4864 3672 4919 Refri-

2101 4965 2309 5024 gerata,
2341 4955 2533 5024 inquit,
2559 4956 2826 5008 charitate
2867 4953 3182 5016 multorum,
3212 4953 3367 5022 pauci
3403 4952 3495 5022 qui
3518 4967 3671 5006 ama-

2099 5049 2228 5102 bant
2254 5048 2374 5102 tidei
2409 5051 2694 5102 veritatem
2727 5056 2912 5100 nostro
2952 5045 3498 5116 laterijuugebantur,
3532 5061 3668 5115 quo-

2103 5157 2218 5193 rum
2255 5139 2470 5210 publice
2500 5141 2783 5209 petebatur
2814 5147 2995 5207 caput,
3023 5146 3209 5192 contra
3241 5151 3378 5206 quos
3406 5152 3535 5205 opes
3555 5153 3670 5190 om-

2101 5247 2199 5286 nes
2228 5232 2591 5299 parabantur;
2647 5231 2722 5284 ita
2752 5239 2808 5284 ut
2829 5229 3104 5283 Barnabas
3144 5245 3359 5300 quoque
3385 5230 3670 5284 duceretur

2099 5325 2153 5377 iu
2207 5324 2349 5378 illam
2402 5324 2822 5387 simulationem,
2880 5323 2988 5376 imo
3019 5331 3263 5390 apertum
3296 5320 3666 5388 parricidium,

2100 5417 2242 5485 quod
2272 5431 2375 5468 non
2405 5415 2632 5480 viribus,
2661 5415 2754 5468 sed
2780 5413 3059 5467 voluntate
3081 5412 3372 5466 commisit.
3398 5429 3417 5461 ›

2171 5505 2288 5560 XII.
2320 5504 2548 5575 Jamque
2577 5505 2718 5558 fama
2745 5506 3134 5574 percrebuerat
3163 5503 3300 5556 male
3326 5503 3377 5555 in
3407 5500 3668 5557 Joannem

2099 5597 2348 5652 affectum
2377 5612 2498 5652 esse
2545 5596 2924 5666 TbeOpbilum,
2981 5605 3034 5650 et
3057 5611 3250 5650 causas
3280 5609 3521 5663 quaerere
3553 5594 3672 5664 qui-

2097 5690 2200 5744 bus
2230 5705 2352 5743 emn
2403 5689 2532 5742 sede
2584 5688 2858 5756 dejiceret.
2906 5686 3019 5742 Hoc
3079 5687 3352 5741 intellecto
3383 5684 3668 5740 concilium

2100 5781 2564 5850 Constantinopoli
2631 5783 2746 5852 cogi
2796 5781 2982 5835 volunt
3015 5779 3322 5850 optimates,
3378 5788 3432 5832 et
3489 5777 3672 5833 clerici

2101 5878 2423 5945 complures,
2461 5891 2684 5945 quorum
2719 5875 3030 5932 inimicitias
3074 5874 3496 5940 Chrysostomus
3527 5884 3678 5926 seve-
