4152 6428
503 458 635 515 IIS!

1791 450 1850 507 P.
1896 446 2223 504 DANIELIS
2257 448 2490 504 HUETII

3630 447 3768 502 “52

503 579 667 633 ritate
695 593 794 633 sua
834 577 935 633 sibi
988 587 1294 648 pepererat.
1350 576 1613 632 Futurum
1643 577 1694 631 id
1721 575 1956 646 pollicita
1979 572 2088 643 jam
2120 575 2166 630 Α
2198 570 2370 624 nistas
2415 571 2482 624 ad
2514 569 2890 640 :Epiphanium
2933 568 3249 638 quaesivisse
3297 580 3425 622 num
3475 563 3768 633 aliquando

503 681 633 723 ante
657 668 981 740 Origenistis
1014 671 1189 724 fuerat
1235 669 1496 724 Eudoxia.
1534 666 1718 738 Itaque
1755 665 2087 734 Theophilus

501 758 790 832 Egyptios
843 761 1130 830 episcopos
1159 777 1225 816 eo
1279 760 1565 815 confestim
1620 760 1873 829 navigare
1911 757 2086 825 jubet,

504 854 779 908 antistites
807 854 1046 910 Orientis
1075 855 1140 908 ad
1185 854 1474 908 concilium
1525 853 1737 906 invitat.
1780 850 1889 905 Nec
1919 848 2086 902 multo

505 955 624 1013 post
662 945 840 1015 Cypro
899 947 1120 1000 solvens
1181 946 1512 1016 Epiphanius
1562 943 2083 1012 Constantinopolim

505 1037 744 1107 appellit.
771 1035 995 1092 Obviam
1021 1053 1341 1107 progressus
1373 1037 1608 1092 Joannes
1636 1037 1798 1092 totius
1831 1037 1959 1091 cleri
1994 1051 2086 1092 eo-

504 1133 698 1185 mitatu
723 1132 1098 1185 advenientem
1124 1131 1452 1191 honestavit,
1499 1145 1603 1185 nec
1636 1146 1702 1185 eo
1737 1131 1968 1200 perpulit
2002 1139 2082 1184 ta-

505 1239 630 1279 men
659 1238 719 1278 ttt
742 1223 975 1294 hospitio
1007 1237 1129 1285 suo,
1161 1223 1244 1276 vel
1285 1223 1536 1278 domibus
1575 1224 1987 1290 ecclesiasticis,‘
2003 1223 2084 1279 vel

504 1329 600 1369 sua
627 1315 856 1384 denique
879 1315 1271 1370 consuetudine
1299 1316 1373 1370 uti
1408 1316 1568 1370 vellet
1601 1334 1614 1368 :
1655 1317 1790 1370 adeo
1815 1316 2084 1371 infensum

507 1405 704 1461 Joanni
742 1409 985 1462 animum
1024 1418 1248 1476 propter
1278 1419 1558 1477 susceptos
1589 1407 1927 1477 Origenistas
1976 1424 2085 1477 pra:

505 1515 565 1555 se
601 1500 826 1554 ferebat.
864 1501 1059 1555 Statim
1105 1502 1434 1571 Epiphanius
1473 1503 1538 1556 ad
1569 1516 1628 1557 se
1667 1511 1929 1556 convocat
1971 1504 2085 1571 epi-

509 1607 704 1662 scopos
736 1594 826 1662 qui
853 1604 961 1647 tum
1013 1593 1153 1648 forte
1184 1593 1649 1662 Constantinopoli
1682 1595 2081 1648 versabantur:

507 1685 722 1738 decreta
771 1685 1094 1754 synodorum
1133 1686 1362 1754 profert,
1406 1687 1604 1755 quibus
1637 1686 1862 1741 lectione
1891 1685 2082 1756 Orige-

505 1775 590 1829 nis
619 1776 869 1828 omnibus
901 1776 1354 1842 interdicebatur;
1385 1777 1623 1845 postulat
1655 1787 1711 1830 III.
1737 1793 1798 1831 ea
1826 1777 1926 1843 ipsi
1951 1793 2084 1845 quo-

503 1879 612 1932 que
656 1863 928 1934 suffragiis
955 1867 1068 1920 suis
1094 1868 1434 1921 confirment.
1488 1866 1790 1923 Paruerunt
1819 1869 2080 1934 nonnulli,

504 1955 688 2025 plures
724 1956 1180 2012 detrectaverunt.
1230 1958 1283 2011 In
1317 1959 1402 2014 his
1429 1959 1744 2015 Thcotimus
1771 1959 2085 2016 Tomitanus

505 2046 809 2114 episcopus,
858 2058 1110 2114 spectatae
1155 2050 1236 2102 vir
1295 2051 1621 2113 sanctitatis,
1678 2053 1918 2120 iniquttm
1966 2068 2086 2108 esse

507 2137 661 2202 dixit,
689 2139 890 2192 homini
911 2140 1232 2208 jampridem
1261 2153 1474 2196 mortuo
1503 2143 1750 2212 injuriam
1776 2145 1999 2208 inferre,
2031 2155 2087 2200 et

506 2229 770 2294 majorum
805 2230 871 2284 de
901 2247 965 2285 co
993 2231 1210 2286 decreta
1268 2235 1576 2290 rescindere
1618 2254 1632 2290 :
1677 2250 1784 2304 quo
1825 2236 1968 2291 dicto
2025 2237 2086 2290 Ii-

508 2321 661 2375 hrum
685 2325 970 2392 quemdam
1003 2323 1255 2394 Origenis
1285 2327 1512 2394 profert,
1547 2326 1897 2396 pellectisque
1923 2330 2091 2383 versi-

504 2414 605 2467 bus
639 2414 870 2482 aliquot,
898 2417 1096 2484 quibus
1128 2415 1383 2470 Ecclesiae
1413 2417 1571 2472 utiles
1605 2420 1886 2472 sententia:
1913 2422 2084 2474 conti-

505 2503 771 2558 nebantur
797 2523 811 2558 :
837 2505 1167 2576 Intelligant,
1197 2508 1390 2576 inquit,
1413 2509 1502 2576 qui
1535 2509 1700 2562 libros
1726 2507 1974 2578 Origenis
2007 2526 2088 2565 rc-

502 2593 754 2662 pudiant,
789 2596 903 2650 haec
936 2612 1148 2665 quoque
1177 2614 1204 2651 a
1252 2614 1310 2654 se
1367 2599 1659 2666 repudiari.
1701 2599 1878 2654 Nihilo
1907 2611 2084 2654 tamen

501 2685 682 2739 secius
723 2688 932 2755 roganti
979 2687 1387 2758 Chrysostomo,
1426 2699 1485 2744 ut
1538 2706 1641 2743 una
1678 2705 1859 2744 secum
1883 2692 2080 2757 Idomo,

503 2785 561 2831 et
599 2792 700 2829 una
733 2776 975 2832 Ecclesia
1019 2790 1283 2847 uteretur,
1315 2782 1646 2848 renuntiavit
1676 2781 2008 2851 Epiphanius
2030 2782 2084 2836 in

503 2867 698 2922 domus
724 2877 778 2922 et.
805 2883 1022 2936 precum
1063 2875 1495 2929 communionem
1528 2890 1652 2929 cum
1682 2875 1774 2930 illo
1809 2891 1930 2930 sese
1955 2892 2085 2931 ven-

506 2963 706 3013 turum.
761 2957 834 3009 ita
866 2960 908 3011 si
940 2957 1106 3013 libros
1140 2960 1392 3031 Origenis
1427 2963 1705 3029 damnare,
1746 2973 1799 3020 et
1830 2965 2082 3036 Origeni-

505 3058 620 3100 stas
649 3045 938 3118 Egyptios
970 3068 996 3105 a
1025 3069 1083 3108 se
1129 3054 1360 3124 rejicere
1389 3055 1551 3110 vellet
1586 3075 1598 3110 :
1634 3059 1777 3126 quod
1807 3075 1927 3112 cum
1960 3071 2084 3115 ante

503 3139 946 3207 disceptationem
972 3161 1148 3201 causae
1176 3147 1354 3201 facere
1377 3158 1658 3204 recusaret
1686 3148 1940 3212 Joannes.
1968 3167 2084 3220 pcr-

503 3247 696 3286 suasus
726 3241 807 3286 est
838 3234 1168 3305 Epiphanius
1217 3253 1244 3290 a
1276 3237 1602 3306 quibusdam
1632 3239 1854 3294 Joannis
1892 3244 2083 3295 adver-

502 3321 685 3384 sariis,
715 3333 775 3376 ut
805 3324 856 3377 in
887 3329 1142 3392 templum
1182 3327 1582 3395 Apostolorum,
1615 3343 1724 3402 quo
1760 3328 2082 3383 celebranda

501 3423 621 3466 erat
654 3413 907 3485 Syuaxis,
938 3417 1150 3484 publice
1175 3419 1432 3486 prodiret,
1463 3419 1744 3473 damnaret
1778 3421 1942 3475 libros
1971 3421 2085 3477 Ori-

502 3505 655 3574 genis
685 3520 747 3558 ac
775 3505 1126 3572 Origcnistas,
1160 3517 1213 3561 et
1241 3508 1684 3579 Cltrysostomum
1708 3511 1879 3580 ipsum
1911 3513 2084 3567 Inces-

501 3604 668 3648 seret.
702 3594 767 3648 Et
798 3597 1012 3650 fecisset
1052 3613 1202 3663 sane,
1231 3599 1332 3653 nisi
1356 3600 1468 3669 jam
1503 3601 1698 3669 templo
1725 3604 2081 3673 propinquum

504 3688 727 3740 adiisset
756 3689 1018 3757 Serapion
1072 3692 1334 3744 diaconus
1379 3707 1406 3744 a
1441 3691 1648 3747 Joanne
1698 3697 1913 3759 missus,
1968 3714 2084 3751 mo-

503 3777 818 3845 nuissetque
841 3779 1080 3846 periculo
1133 3781 1300 3847 ipsius
1349 3781 1611 3849 futurum,
1648 3784 1691 3838 si
1726 3785 1867 3852 quod
1901 3787 2082 3840 animo

500 3868 889 3936 destinaverat,
925 3870 1098 3940 reipsa
1139 3880 1452 3940 prmstaret;
1483 3873 1548 3926 ad
1579 3873 1895 3929 seditionem
1921 3878 2081 3945 quip-

502 3975 570 4029 pe
595 3975 708 4015 rem
734 3971 997 4028 spectare.
1031 3963 1411 4018 Admonitione
1437 3965 1726 4021 deterritus
1755 3967 2082 4037 Epiphanius

501 4052 687 4120 pedem
715 4053 910 4108 retulit.

573 4141 707 4196 XIII.
738 4143 894 4198 Circa
935 4144 1073 4198 idem
1113 4155 1320 4216 tempus
1354 4149 1498 4204 hunc
1534 4150 1678 4204 inter
1702 4160 1753 4204 et
1783 4148 2078 4206 Eudoxiam

501 4235 748 4303 simultas
779 4235 1116 4289 intervenit:
1167 4253 1384 4292 causam
1430 4241 1580 4294 varie
1615 4241 1913 4311 scriptores
1952 4259 2082 4296 nar-

499 4337 644 4380 rant.
692 4327 946 4382 Scribnnt
999 4329 1108 4384 Leo
1163 4331 1456 4399 imperator
1516 4342 1570 4384 et
1614 4332 1833 4387 Simeon
1906 4333 2078 4388 Meta-

503 4419 752 4488 phrastes
798 4421 1095 4476 Eudoxiam
1147 4424 1470 4492 Augustam,
1521 4424 1746 4480 inimico
1781 4435 1839 4479 ut
1871 4435 1992 4480 erat
2026 4428 2077 4480 in

501 4501 946 4579 Chrysostoirum
992 4515 1195 4580 animo,
1230 4514 1406 4583 ipsum
1458 4515 1728 4571 haereseos
1772 4519 1911 4585 apud
1955 4518 2080 4587 Epi-

2194 662 2248 716 in
2278 663 2447 716 libros
2471 677 2598 716 suos
2627 662 2709 716 vel
2734 661 3027 731 discipulos
3059 661 3376 725 incidisset;
3412 667 3644 727 negante
3675 655 3766 708 illo

2193 763 2544 822 percontatos
2579 755 2720 806 unde
2754 768 2811 807 se
2838 753 3126 808 haereticos
3159 749 3627 819 deprehendisset,
3672 748 3765 816 qui

2194 844 2478 898 sententia:
2505 857 2616 897 sua:
2643 842 2850 896 nullum
2904 843 3120 896 fecisset
3165 840 3503 910 periculum;
3535 840 3662 894 huic
3697 852 3766 892 ex

2193 935 2380 989 auditu
2411 933 2824 988 seiutellexisse
2864 933 3242 1002 respondenti,
3281 932 3578 1002 subiecisse
3602 930 3766 984 illos:

2192 1026 2361 1081 Nobis
2394 1041 2520 1080 vero
2565 1025 2899 1081 contrarium
2949 1024 3157 1088 evenit,
3205 1039 3327 1078 nam
3376 1039 3442 1077 ex
3491 1021 3769 1090 discipulis

2194 1121 2301 1174 tuis
2328 1128 2380 1174 et
2409 1117 2580 1183 libris,
2619 1133 2681 1173 ac
2714 1118 2980 1172 Ancorato
3028 1117 3294 1187 praecipue
3330 1126 3421 1170 tua
3469 1115 3625 1170 nobis
3652 1128 3771 1183 per-

2199 1221 2386 1282 specta
2429 1211 2696 1265 sententia
2749 1209 3036 1264 nonnullos
3078 1223 3218 1278 saepe
3252 1208 3630 1272 refutavimus,
3673 1207 3766 1276 qui

2194 1305 2470 1359 ltzereseos
2504 1301 2832 1357 calumniam
2867 1302 2966 1356 tibi
2997 1301 3410 1371 impingebaut;
3449 1315 3631 1367 parem
3666 1300 3770 1353 ita-

2193 1413 2300 1466 que
2324 1397 2478 1450 nohis
2507 1395 2680 1448 vicem
2711 1394 3012 1448 retribuere
3037 1394 3304 1447 debueras
3331 1410 3344 1445 :
3371 1393 3455 1447 his
3478 1392 3768 1446 intellectis

2197 1489 2467 1558 placatum
2512 1487 2872 1556 Epiphanium
2926 1486 3073 1541 viros
3110 1485 3384 1540 dimisisse
3424 1502 3438 1550 ;
3493 1494 3547 1538 et
3591 1485 3770 1578 ipsum'

2191 1595 2406 1650 quoque
2436 1578 2595 1647 paulo
2627 1587 2749 1648 post
2787 1577 3068 1646 navigasse
3112 1577 3164 1632 in
3202 1576 3458 1647 Cyprum,
3491 1577 3604 1630 sive
3625 1575 3770 1652 Con-1

2193 1671 2543 1739 stantinopoli
2596 1670 2948 1740 pteaituisset
3006 1684 3130 1724 eum
3186 1669 3417 1731 itineris,
3465 1668 3578 1722 sive
3625 1667 3767 1722 Deus

2190 1769 2410 1824 oraculo
2433 1778 2662 1822 mortem
2707 1767 2914 1820 instare
2970 1768 3290 1820 monuisset.
3332 1766 3545 1830 Ecquas
3591 1763 3764 1818 disce-

2191 1862 2351 1917 dendi
2389 1875 2582 1916 causas
2637 1859 2908 1922 habuerit,
2957 1859 3224 1912 incertum
3270 1866 3373 1912 est.
3426 1857 3584 1912 Certe
3613 1865 3770 1946 ante?

2119 1935 2164 1989 Β
2191 1970 2351 2022 quam
2383 1953 2648 2022 attigisset
2675 1950 2932 2021 Cyprum,
2969 1951 3021 2004 in
3047 1951 3161 2019 ipsa
3194 1949 3315 2003 navi
3353 1948 3604 2012 decessit,
3641 1935 3769 2002 cum!

2183 2046 2294 2114 jam
2339 2053 2482 2098 esset
2521 2057 2714 2111 magno
2752 2052 2902 2095 natu.
2955 2041 3092 2096 Fato
3137 2056 3355 2110 quoque
3399 2041 3622 2095 circiter
3661 2023 3770 2095 hoc.

2192 2146 2402 2206 tempus
2428 2135 2682 2189 exstincti
2719 2141 2848 2187 sunt
2893 2131 3370 2202 Constantinopoli
3413 2131 3672 2197 Isidorus,
3711 2139 3766 2186 et

2191 2229 2500 2293 Dioscorus,
2528 2233 2582 2278 et
2616 2225 2775 2294 paulo
2802 2233 2926 2292 post
2961 2225 3303 2287 Ammonius,
3351 2239 3600 2292 magnam
3645 2232 3766 2293 post

2188 2321 2399 2374 obitum
2441 2317 2742 2371 sanctitatis
2772 2315 2969 2368 famam
3015 2315 3310 2369 consecuti.
3362 2315 3481 2381 Quo
3524 2323 3766 2382 tempore

2189 2427 2364 2465 annus
2391 2410 2656 2479 agebatur
2677 2407 2802 2461 405.

2263 2502 2407 2557 XIV.
2441 2499 2580 2567 Quid
2616 2501 2681 2554 de
2718 2501 2819 2553 hoc
2865 2499 3081 2562 itinere,
3112 2498 3431 2567 itinerisque
3471 2512 3636 2554 causa
3672 2491 3770 2551 lit-'

2185 2591 2319 2644 teris
2361 2589 2643 2644 tradiderit
2711 2587 2966 2660 Polybius
3019 2587 3298 2657 Epiphanii
3356 2589 3650 2656 discipulus
3702 2603 3766 2643 ac

2186 2682 2387 2743 socius,
2431 2695 2495 2734 ac
2539 2695 2720 2734 rerum
2775 2679 3017 2733 omnium
3065 2680 3313 2735 oculatus
3362 2681 3536 2743 testis,
3580 2695 3763 2748 operte

2187 2773 2423 2841 pretium
2488 2780 2571 2825 est
2627 2786 2976 2841 cognoscere.
3025 2771 3231 2826 Scribit
3276 2771 3364 2825 ille
3406 2771 3760 2838 Theophilum

2186 2865 2377 2920 Joanni
2405 2863 2796 2934 Chrysostomo
2825 2865 3092 2918 infensum
3156 2865 3226 2918 ob
3273 2864 3640 2918 communioni
3679 2879 3765 2919 re-

2187 2958 2405 3012 stitutos
2437 2956 2656 3025 Longos
2696 2955 2916 3018 fratres,
2948 2971 3069 3009 cum
3101 2953 3503 3024 imperatricem
3551 2954 3764 3009 mittere

2189 3051 2332 3104 hunc
2367 3049 2421 3102 in
2457 3048 2710 3102 exsilium
2746 3047 2880 3100 velle
2927 3047 3252 3114 accepisset,
3302 3045 3353 3099 id
3391 3055 3450 3098 ut
3480 3046 3767 3114 perficere-

2190 3150 2275 3193 tur
2310 3154 2654 3208 summopere
2706 3137 3030 3202 laborasse;
3065 3137 3276 3192 dedisse
3328 3136 3510 3206 itaque
3555 3137 3764 3194 litteras

2191 3233 2257 3284 ad
2293 3231 2678 3300 Epiphaniam,
2711 3232 2910 3299 quibus
2935 3230 3262 3296 Origenismi
3299 3227 3558 3284 Joannem
3603 3243 3765 3282 aecu-

2189 3324 2378 3385 sahat;
2416 3321 2580 3374 aliam
2623 3331 2802 3374 autem
2839 3322 2908 3374 ob
2959 3335 3187 3374 causam
3233 3318 3763 3387 Constantinopolim

2187 3415 2566 3481 navigaturum
2622 3413 2980 3481 Epiphanium
3035 3426 3101 3466 eo
3149 3410 3322 3481 magis
3369 3410 3758 3479 profectionem

2186 3507 2545 3569 aucelerasse,
2578 3520 2682 3559 non
2715 3505 3104 3576 Chrysostomo
3139 3513 3317 3558 tamen
3367 3502 3596 3558 nocendi
3641 3512 3758 3556 stu-

2187 3599 2311 3652 dio:
2345 3612 2593 3667 magnam
2629 3607 2736 3651 tum
2765 3596 2935 3649 fuisse
2970 3597 3023 3649 ln
3056 3596 3190 3651 urbe
3224 3595 3369 3664 regia
3407 3609 3588 3649 rerum
3635 3608 3760 3662 per-

2186 3689 2568 3752 turbationem,
2611 3699 2829 3758 propter
2858 3687 3116 3742 Eudoxia:
3147 3701 3210 3741 ac
3237 3685 3614 3758 Chrysostomi
3649 3686 3764 3740 dis-

2186 3783 2322 3838 sidia
2361 3799 2375 3845 ;
2433 3781 2740 3851 ingressum
2787 3779 3178 3835 mbnasterium
3215 3779 3486 3849 quoddam
3526 3777 3764 3848 Epipha-

2187 3874 2335 3926 nium
2366 3872 2692 3924 necessitate
2721 3869 2887 3925 fuisse
2916 3880 3188 3934 coactum,
3213 3878 3270 3922 ut
3300 3866 3587 3938 quemdam
3615 3867 3764 3922 ordi-

2186 3972 2340 4018 naret
2365 3980 2380 4028 ;
2403 3979 2545 4032 aegre
2576 3964 2625 4016 id
2655 3962 2842 4015 tulisse
2870 3960 3319 4031 Cltrysostomum
3347 3976 3361 4019 :
3397 3960 3524 4013 hinc
3549 3960 3761 4013 dissen-

2183 4055 2365 4109 siones
2391 4056 2533 4107 intcr
2567 4061 2857 4120 utrumque
2897 4051 3215 4116 exstitisse;
3283 4049 3576 4105 Eudoxiam
3626 4064 3756 4103 vero

2186 4145 2272 4200 his
2305 4143 2598 4213 compertis
2648 4143 3008 4199 acccrsivisse
3053 4143 3434 4213 Epiphanium,
3485 4143 3761 4198 h=ereseos

2183 4250 2467 4290 accusasse
2499 4235 2960 4305 Chrysostomum,
3015 4246 3069 4289 et
3097 4235 3399 4305 postulasse
3421 4243 3477 4288 ut
3506 4249 3571 4288 eo
3599 4237 3763 4290 abro-

2183 4339 2305 4399 gato
2340 4328 2504 4381 alium
2543 4325 3010 4395 Constantinopoli
3053 4328 3366 4396 episcopum
3412 4325 3758 4394 pra-ticeret;

2183 4421 2530 4490 respondisse
2576 4419 2962 4490 Epiphanium,
3001 4419 3304 4475 sacerdotio
3358 4419 3572 4487 quidem
3623 4417 3763 4470 indi-

2184 4528 2349 4581 gnum
2385 4527 2504 4565 esse
2541 4509 2828 4577 Joannem,
2859 4513 2904 4567 si
2935 4512 3108 4580 reipsa
3161 4513 3215 4566 in
3252 4510 3500 4566 haeresim
3541 4509 3762 4567 incidis-

502 4599 760 4667 pltanium
807 4617 1101 4656 accusasse
1137 4621 1151 4669 ;
1220 4602 1520 4672 postulasse
1577 4605 1956 4673 Epiphaniam,
2017 4616 2075 4659 ut
2109 4625 2153 4679 ι)
2183 4613 2258 4656 set
2285 4620 2299 4668 ;
2331 4603 2412 4656 sin
2443 4603 2554 4670 ipsa
2581 4603 2646 4654 ad
2676 4601 3010 4656 ulciscendas
3080 4601 3318 4668 privatas
3365 4601 3592 4669 injurias
3631 4614 3758 4653 eum

501 4703 722 4744 causam
770 4691 1016 4748 dicturus
1064 4693 1298 4748 Joannes
1339 4705 1738 4759 accerseretur,
1773 4712 1832 4749 se
1876 4696 2076 4764 alioqui

499 4781 724 4834 minime
781 4783 1174 4851 assensurum;
1222 4786 1289 4838 ad
1339 4785 1452 4839 haec
1509 4785 1840 4840 exclamasse
1897 4787 2078 4858 Augu-

501 4882 662 4938 stam,
694 4875 740 4929 si
766 4873 992 4930 Joannis
1025 4878 1251 4932 exitium
1291 4877 1619 4947 interpellet,
1653 4894 1772 4933 sese
1806 4879 2068 4933 idolorum

501 4963 704 5018 cultum
740 4965 1152 5030 reslituturam;
1189 4981 1296 5035 quo
1331 4967 1518 5021 audito
1553 4967 1739 5022 dolore
1763 4968 2073 5036 perculsum

501 5054 855 5124 Epiphanium
887 5055 1020 5111 fusis
1059 5057 1310 5127 lacrymis
1362 5057 1828 5128 Constantinopoli
1881 5074 2072 5114 exces-

499 5147 658 5200 sisse.
703 5147 771 5200 At
811 5148 1023 5200 diversa
1060 5147 1223 5202 habet
1271 5149 1605 5202 Sozomenus
1644 5167 1659 5215 ;
1717 5151 1768 5202 in
1826 5152 2073 5204 morbum

500 5237 1128 5306 incidisseimperatoris
1162 5239 1384 5292 filiolum
1413 5257 1426 5302 ;
1459 5238 1620 5306 hujus
1641 5241 1765 5294 vita:
1797 5242 2074 5296 timentem

504 5328 904 5398 imperatricem
954 5346 1176 5398 rogasse
1210 5331 1573 5401 Epiphanium
1625 5340 1682 5386 ut
1734 5348 1832 5402 pro
1865 5347 1931 5386 eo
1955 5348 2077 5386 ora-

504 5429 585 5474 ret
613 5438 628 5487 ;
663 5421 753 5490 qui
784 5437 907 5476 cum
949 5422 1188 5478 futurunt
1219 5422 1538 5492 recepisset,
1569 5434 1629 5478 ut
1672 5425 2078 5480 convalesceret

504 5508 670 5575 Illius,
705 5512 748 5566 si
775 5512 842 5565 ab
875 5511 1312 5582 Origenistarum
1340 5512 1587 5582 partibus
1608 5513 1695 5566 illa
1729 5515 2078 5578 descisceret,

505 5602 847 5668 respondisse
900 5604 1198 5671 Augustam
1256 5619 1270 5656 :
1343 5604 1399 5657 In
1456 5604 1549 5658 Dei
1616 5614 1886 5674 potestate
1939 5605 2080 5659 filius

506 5705 660 5743 meus
688 5701 805 5753 est;
839 5700 894 5744 tu
930 5707 1077 5757 vero,
1116 5693 1404 5763 Epiphani,
1442 5693 1484 5746 si
1518 5702 1760 5748 mortuos
1803 5694 1870 5747 ad
1911 5695 2076 5748 vitam

507 5796 767 5835 revocare
801 5797 1007 5850 posses,
1051 5787 1366 5853 neutiquam
1395 5783 1620 5839 ohiisset
1661 5795 1784 5840 tuus
1811 5786 2079 5841 archidia-

519 5883 730 5928 conus:
767 5871 961 5930 missos
999 5873 1188 5927 eodem
1232 5883 1473 5942 tempore
1520 5875 1856 5952 abEudoxia
1894 5875 2082 5944 Orige-

2181 4704 2540 4747 exauctorare
2575 4693 2758 4758 vellet,
2786 4693 3106 4762 neutiquam
3134 4706 3192 4746 se
3217 4691 3714 4760 obtemperaturum
3738 4708 3755 4756 ;

2180 4783 2540 4838 excanduisse
2570 4783 2737 4847 illam,
2769 4791 2824 4837 et
2853 4781 3256 4836 interminatam
3287 4781 3532 4836 futurum
3555 4791 3611 4835 ut
3644 4782 3762 4837 ido-

2181 4877 2356 4927 lorum
2387 4873 2584 4942 ternpla
2621 4875 2879 4941 aperiret,
2937 4873 2981 4927 si
3017 4871 3241 4927 Joannis
3289 4873 3483 4927 exsilio
3531 4874 3760 4928 interce-

2179 4965 2308 5018 dere
2362 4964 2555 5019 vellet:
2592 4964 2853 5034 perlatum
2918 4964 3083 5018 fuisse
3113 4965 3180 5018 ad
3201 4964 3669 5033 Chrysoslornum,
3702 4966 3756 5020 in

2181 5055 2434 5109 exsilium
2466 5072 2622 5110 suum
2658 5055 3016 5124 Epiphanium
3059 5057 3440 5122 consensisse;
3472 5057 3631 5125 eique
3663 5072 3760 5110 va-

2177 5147 2454 5203 ticinatum
2501 5147 2645 5200 illum
2678 5147 2793 5201 fore
2833 5157 2892 5201 ut
2923 5148 2974 5203 in
3009 5147 3203 5204 throno
3243 5164 3346 5202 non
3405 5148 3634 5217 amplius
3665 5163 3758 5204 se-

2177 5239 2350 5302 deret,
2400 5249 2562 5307 atque
2614 5239 2760 5291 hunc
2815 5239 3054 5294 vicissim
3108 5241 3508 5309 prteuuntiasse
3552 5240 3751 5294 Joanni

2177 5327 2416 5382 futurum
2458 5337 2516 5381 ιιι
2538 5327 2604 5381 ad
2638 5328 2814 5382 exsilii
2866 5329 3042 5385 locum
3094 5347 3198 5385 non
3248 5333 3590 5401 perveniret;
3625 5347 3757 5386 con-

2177 5436 2368 5475 scensa
2395 5421 2613 5474 demum
2651 5423 2769 5475 navi
2794 5420 3176 5491 Epiphanium,
3202 5434 3488 5492 antequam
3515 5424 3751 5494 Cyprum

2179 5511 2493 5580 attingeret,
2533 5511 2756 5565 obiisse.
2798 5511 3062 5567 Baronius
3111 5514 3184 5566 ad
3236 5531 3326 5567 an.
3356 5513 3482 5578 402,
3524 5529 3644 5584 cap.
3694 5512 3750 5579 7,

2180 5599 2371 5654 falsum
2391 5615 2510 5655 esse
2528 5601 2726 5656 asserit
2751 5603 2815 5655 ad
2857 5603 3203 5656 diaconatum
3233 5617 3556 5672 quemquam
3585 5602 3754 5659 fuisse

2184 5701 2492 5760 promotum
2555 5691 2624 5746 ab
2693 5691 2994 5761 Epiphanio
3048 5691 3101 5744 in
3155 5691 3752 5758 Constantinopolitana

2188 5783 2436 5851 dioecesi,
2475 5793 2532 5838 et
2563 5783 2724 5838 unius
2751 5782 3042 5838 Sozomeni
3063 5783 3336 5837 silentium
3358 5782 3598 5852 opinioni
3640 5797 3754 5836 sum

2198 5877 2519 5944 praetendit;
2553 5890 2776 5932 causam
2809 5891 2938 5931 vero
2972 5890 3068 5930 cur
3100 5874 3153 5931 id
3174 5873 3432 5944 iactatum
3477 5875 3566 5941 sit,
3611 5874 3752 5929 hanc
