4152 6476
411 385 552 440 Ηὸὅ
1261 381 1831 438 ORIGENIANORUM
1867 382 1993 438 LIB.
2038 385 2051 437 I

2038 384 2102 450 IL
2143 385 2295 440 CAP.
2339 386 2428 448 IV,
2475 387 2666 440 SEC'I.
2713 390 2775 439 ll.
3511 397 3651 452 “5‘4

409 513 528 552 esse
555 497 784 561 divinat,
817 498 962 565 quod
997 496 1048 550 in
1084 495 1309 552 Joannis
1357 495 1804 568 Jerosolymitani
1847 499 1978 552 ἀίω·
2005 508 2051 560 Α
2081 511 2370 568 prmsentat
2413 500 2632 556 I’hotius
2683 503 2802 556 cod.
2855 520 2970 557 ιιι.
3003 504 3070 558 At
3109 501 3382 564 Palladius
3439 512 3656 582 triginta

407 590 516 647 cesi
546 590 657 660 jam
686 604 716 643 a
741 603 830 645 nte
864 589 1176 643 Pauliniano
1206 589 1516 660 Hieronymi
1546 589 1701 644 fratri
1752 591 1976 660 presby-
2081 607 2176 646 sex
2211 594 2471 646 duntaxat
2498 595 2745 665 agnoscit
2786 613 2799 649 :
2830 598 2909 650 sic
2956 597 3100 652 enim
3139 599 3421 669 episcopos
3449 605 3539 672 qui
3570 621 3655 659 as-

411 683 923 739 teriicbaracterem
961 683 1333 751 imposuerat;
1371 683 1527 736 facile
1581 683 1759 750 itaque
1807 681 1979 736 Jnan-
2080 683 2332 737 sidebant
2383 683 2617 752 Joanni,
2687 687 2754 739 ad
2814 690 3246 744 conventiculum
3309 695 3657 763 rescripsisse

407 791 529 830 nem
591 776 1102 846 Jerosolymitanum
1185 791 1304 828 eum
1372 773 1972 845 ConstantinOpolitano
2082 773 2277 826 tradit:
2315 796 2334 823 ι
2365 774 2476 828 Tua
2502 776 2718 844 quidem
2749 778 2988 846 synodus
3021 779 3241 849 triginta
3266 791 3321 835 et
3352 797 3449 838 sex
3489 786 3655 842 habet

406 867 609 924 Joanne
664 869 958 938 scriptores
1023 868 1352 923 confudisse.
1424 867 1618 922 Verum
1681 879 1740 923 ut
1792 871 1974 925 dicere
2077 864 2359 934 episcopos
2426 882 2491 920 ex
2543 883 2643 921 una
2703 869 3020 936 provincia:
3066 887 3163 926 nos
3210 885 3388 928 autem
3416 878 3651 946 quadra~

405 962 810 1029 praetermittam
841 976 1002 1028 quam
1035 960 1152 1014 leve
1185 961 1255 1014 sit
1285 971 1663 1031 argumentum
1691 978 1755 1017 ex
1792 961 1964 1016 Sozo-
2077 957 2224 1026 ginta
2270 972 2457 1012 sumus
2486 973 2549 1012 ex
2582 961 2872 1028 provinciis
2903 963 3086 1026 variis,
3128 965 3181 1018 in
3205 967 3399 1034 quibus
3445 978 3500 1024 et
3555 985 3646 1025 se-

406 1052 546 1106 tneni
580 1053 685 1119 (cui
718 1062 771 1105 et
797 1051 1101 1106 Cedreuum
1133 1050 1332 1104 addere
1363 1055 1559 1121 potuit)
1590 1052 1804 1106 silentio
1835 1055 1974 1122 peti-
2077 1057 2219 1114 ptem
2291 1059 2416 1104 sunt
2489 1052 2860 1120 metmpolitte.
2896 1071 2916 1105 ι
2984 1054 3128 1111 Duos
3181 1065 3236 1110 et
3294 1059 3648 1131 quadraginta

406 1149 542 1205 tttm,
571 1151 759 1194 contra
783 1139 1045 1203 Socratis,
1074 1140 1267 1194 Leonis
1313 1144 1672 1211 imperatoris,
1703 1142 1972 1198 Simeonis
2073 1137 2263 1194 Joanni
2293 1139 2535 1196 adfuisse
2559 1153 2746 1196 auctor
2783 1153 2866 1198 est
2909 1144 3018 1200 Leo
3049 1146 3364 1217 imperator.
3405 1150 3538 1206 Cum
3565 1155 3650 1219 sit

405 1231 820 1298 Metaphrasue,
886 1241 939 1284 et
1010 1231 1296 1300 Nicephori
1362 1234 1762 1299 auctoritatem,
1823 1236 1963 1289 tollit
2075 1239 2252 1282 autem
2310 1231 2363 1283 in
2429 1231 2754 1287 aduotaudis
2808 1237 3046 1291 numeris
3098 1239 3356 1306 proclivis
3426 1240 3643 1312 lapsus,

401 1333 562 1373 omne
605 1319 824 1374 dubium
870 1319 1128 1392 Polybius
1163 1322 1214 1375 id
1247 1323 1420 1391 ipsum
1449 1337 1720 1390 asserens,
1763 1326 1854 1395 qui
1877 1326 1968 1396 ⁵ι·εεὶ
2073 1321 2377 1388 promptius
2411 1331 2494 1376 est
2522 1324 2785 1393 suSpieari
2817 1337 3130 1394 corruptum
3177 1345 3464 1386 numerum
3499 1335 3642 1402 apud

399 1419 564 1478 gesta:
588 1411 858 1467 interfuit.
2071 1412 2364 1482 scriptores
2395 1414 2533 1478 illos,
2570 1432 2730 1486 quam
2785 1419 2925 1486 apud
2966 1418 3264 1476 Palladium
3295 1425 3386 1492 qui
3427 1429 3642 1494 paucio-

467 1499 585 1556 XV.
636 1501 749 1556 Hac
816 1510 1136 1571 tempestate
1191 1503 1964 1576 Constantinopoli-agebant
2071 1520 2157 1560 res
2181 1520 2340 1574 quam
2366 1507 2745 1578 quadringiuta
2801 1509 3102 1578 Theophilo
3164 1513 3402 1568 adfuisse
3433 1516 3640 1573 diserte

395 1594 628 1649 Aeacius
648 1594 979 1655 Bermensis.
1010 1596 1343 1651 Severianus
1367 1596 1748 1667 Gabalitauus,
1781 1608 1835 1655 et
1863 1601 1966 1656 An.
2069 1597 2285 1650 asserit.
2319 1597 2517 1650 Statim
2549 1599 2746 1654 adesse
2769 1598 2989 1667 iubetur
3011 1600 3271 1668 Joannes,
3299 1614 3348 1658 et
3376 1607 3443 1660 ad
3476 1623 3639 1662 accu-

398 1687 605 1742 tiochus
657 1686 1006 1742 Ptolemaidis
1049 1689 1308 1759 episcopi,
1334 1698 1387 1744 et
1418 1689 1644 1761 Syrulus
1672 1695 1966 1750 monachus
2010 1711 2038 1726 -~
2067 1687 2310 1743 Sationes
2346 1691 2693 1756 respondere,
2725 1708 2940 1762 unaque
2975 1710 3098 1749 cum
3141 1710 3206 1750 eo
3253 1695 3541 1767 Serapion,
3588 1709 3643 1755 et

394 1778 629 1834 lsaacus.
676 1777 739 1832 Hi
771 1781 1012 1848 privatas
1047 1781 1363 1836 inimicitias
1409 1799 1532 1838 cum
1575 1783 1963 1854 Chrysostomo
1994 1845 2033 1855 ﬁ

2001 1845 2033 1855 λ
2069 1778 2243 1848 Tigris
2279 1781 2557 1835 eunuchus
2599 1783 2932 1853 presbyteri,
3004 1796 3058 1840 et
3101 1785 3299 1842 Paulus
3340 1788 3534 1855 lector;
3568 1791 3641 1844 sic

393 1880 664 1940 gerentes,
718 1845 1072 1940 Theophilum
1125 1873 1417 1928 sollicitant
1475 1890 1572 1944 per
1637 1879 1852 1932 nuntios
1903 1888 1961 1932 nt
1993 1845 2035 1898 Β
2066 1871 2179 1924 mul
2209 1872 2522 1926 universum
2569 1872 2826 1928 Ecclesiae
2864 1875 3482 1946 ConstantinOpolitanze
3526 1881 3637 1936 cle-

393 1977 576 2016 secum
609 1976 806 2030 operas
850 1964 915 2017 ad
946 1964 1320 2033 expellendum
1365 1963 1629 2022 Joannem
1667 1969 1942 2023 consocia-
2066 1977 2185 2014 rum
2217 1964 2456 2033 synodus
2483 1965 2738 2018 accersit.
2767 1965 3025 2031 Quamvis
3060 1979 3240 2022 autem
3278 1967 3472 2024 Joanni
3509 1986 3636 2040 qna-

390 2063 494 2107 ret.
525 2053 825 2110 Morantem
861 2071 1079 2124 quoque
1105 2067 1256 2127 urget
1291 2057 1535 2113 Eudoxia
1574 2059 1960 2132 Chrysostomo

2062 2052 2309 2121 draginta
2333 2055 2656 2110 assisterent
2683 2056 2941 2125 episcopi,
2973 2073 3080 2111 non
3111 2058 3313 2113 idcirco
3348 2068 3529 2114 tamen
3561 2063 3629 2117 ad

389 2143 667 2212 offensior,
703 2146 823 2201 ideo
855 2149 996 2216 quod
1020 2150 1192 2204 sacris
1217 2150 1386 2218 ipsius
1414 2152 1792 2219 concionibns,
1838 2155 1959 2223 qni-
2061 2141 2334 2206 Quercum
2384 2160 2602 2199 causam
2649 2146 2896 2200 dicturus
2948 2149 3138 2202 adesse
3194 2152 3531 2212 recusabat:
3587 2154 3635 2208 si

389 2238 490 2293 bus
519 2239 815 2294 auncamm
851 2241 1138 2296 mulierum
1172 2259 1354 2297 mores
1388 2259 1528 2313 δίκερε
1573 2228 1954 2313 carpebam“,
2059 2230 2218 2284 modo
2248 2245 2315 2285 ex
2387 2234 2684 2288 antistitum
2727 2253 2950 2293 numero
2977 2247 3212 2306 quatuor
3243 2239 3632 2308 eximerentur,

385 2331 638 2385 vitiorum
667 2348 884 2387 suorum
915 2335 1014 2388 sibi
1043 2335 1258 2390 conscia
1289 2337 1464 2391 notari
1504 2351 1562 2390 se
1587 2337 1864 2393 censebat.
1884 2337 1955 2392 E-

2058 2321 2254 2377 merito
2284 2323 2384 2378 sibi
2416 2326 2522 2380 odii
2551 2336 2604 2380 et
2636 2327 3036 2383 inimicitiarum
3094 2332 3331 2398 suspecti
3371 2347 3387 2397 ;
3438 2332 3521 2385 sin
3560 2333 3633 2386 ul-

385 2424 660 2478 contrario
689 2439 818 2478 vero
838 2426 1156 2482 accersitum
1192 2443 1314 2481 eum
1345 2428 1410 2482 ad
1454 2428 1704 2483 diluenda
1725 2428 1953 2483 crimina

2059 2415 2225 2468 terius
2265 2419 2683 2484 pertenderent,
2716 2421 2977 2490 synodum
3019 2422 3410 2476 mcumenicam
3449 2424 3633 2492 appel-

384 2512 544 2582 (apud
596 2515 972 2584 imperatorem
1031 2518 1225 2586 quippe
1299 2518 1474 2573 fuerat
1528 2520 1849 2574 εριιειίοηηη,
1897 2529 1953 2575 ει
2056 2502 2170 2558 lare
2191 2519 2250 2559 se
2277 2507 2675 2563 obtestabatur.
2710 2512 2920 2577 Quibus
2956 2511 3178 2576 auditis,
3219 2524 3415 2583 quater
3441 2531 3505 2569 eo
3537 2531 3632 2570 vo-

385 2604 607 2657 caedium
641 2609 944 2675 accusatus)
1001 2617 1225 2662 testatur
1275 2609 1388 2677 ipse
1428 2609 1850 2677 Chrysostomus
1892 2611 1944 2664 in
2054 2607 2199 2664 (ἴδιον
2250 2601 2548 2670 eademque
2591 2605 2911 2672 excePiif“lc
2965 2621 3083 2669 υεο.
3137 2605 3205 2660 ad
3251 2608 3631 2664 accusationes

379 2695 606 2764 epistola
665 2698 731 2752 ad
783 2699 1151 2755 Innocentium
1223 2715 1449 2769 papam,
1507 2716 1666 2770 quam
1735 2702 1952 2757 exhibet
2053 2695 2270 2750 tandem
2320 2696 2702 2764 expendendas
2743 2697 2987 2751 animum
3035 2697 3392 2764 Quercetana:
3433 2701 3626 2772 synodi

377 2784 669 2846 Paliadius.
711 2788 822 2845 Leo
865 2800 1044 2845 autem
1096 2791 1428 2861 imperator,
1463 2803 1819 2862 cognomento
1846 2793 1948 2846 Sa-
2052 2786 2308 2856 praesules
2337 2786 2681 2855 appulerunt-

379 2877 554 2946 piens,
596 2880 788 2935 scribit
835 2882 889 2934 in
922 2879 1044 2935 Vita
1070 2880 1458 2953 Chrysostonii,
1505 2883 1728 2952 jussisse
1777 2885 1947 2937 Arca-
2121 2877 2262 2932 XVI.
2307 2877 2426 2931 Non
2475 2894 2563 2932 res
2614 2878 2723 2932 illic
2768 2892 2834 2932 ex
2878 2893 3033 2948 aequo
3074 2893 3364 2950 expensas,
3407 2883 3498 2936 Sed
3529 2896 3630 2952 per

375 2969 522 3023 dium
574 2971 622 3024 vi
672 2973 867 3026 adduci
927 2971 1305 3040 Theophilum,
1368 2989 1488 3028 CUIII
1523 2990 1640 3042 qua:
1686 2975 1943 3030 adversus
2047 2970 2432 3024 contumeliam
2471 2980 2526 3023 et
2555 2969 2837 3024 maledicta
2888 2969 3058 3026 fuisse
3101 2985 3282 3042 gestas
3329 2978 3625 3044 scriptores

373 3057 634 3113 Joannem
670 3059 851 3114 fuerat
909 3062 1128 3117 molitus
1164 3065 1551 3132 comperisset;
1598 3073 1652 3118 et
1690 3065 1946 3120 ab'lnno-
2048 3062 2290 3115 tradunt.
2324 3060 2389 3114 Et
2421 3071 2529 3116 Ires
2553 3062 2772 3130 quidem
2815 3062 3257 3117 criminationum
3300 3065 3509 3120 libellos
3556 3068 3623 3121 ad

374 3151 554 3206 centio
597 3154 849 3222 pontifice
882 3153 1144 3219 Romano,
1177 3163 1230 3208 et
1262 3156 1328 3209 ab
1360 3153 1596 3210 Honorio
1630 3154 1800 3210 fratre
1850 3171 1944 3223 ρο·
1969 3191 2011 3248 C
2045 3152 2458 3207 conciliabulum
2522 3152 2727 3206 delatos
2761 3166 3190 3208 commemorant
3246 3165 3365 3209 acta
3417 3157 3557 3211 illius
3588 3173 3618 3211 a

372 3244 624 3311 stulasse,
660 3253 718 3298 ut
747 3245 911 3315 aliqui
944 3246 1115 3300 Roma
1160 3246 1521 3311 mitterentur,
1554 3246 1644 3316 qui
1677 3247 1742 3300 de
1765 3245 1943 3301 Theo—
1979 3243 2011 3248 “
2049 3243 2240 3298 Pltotio
2263 3245 2530 3308 exhibita,
2569 3252 2623 3297 et
2672 3243 2723 3296 in
2763 3243 2890 3298 Jure
2921 3243 3388 3301 Graeco-Romano
3428 3246 3620 3310 relata,

373 3334 500 3401 pltili
525 3349 684 3388 causa
710 3347 1141 3403 cognoscerent:
1176 3339 1575 3408 tergiversante
1611 3353 1740 3392 vero
1775 3337 1940 3392 lnno-
2046 3334 2190 3402 quod
2225 3335 2394 3387 edidit
2424 3332 2804 3388 Leunclavius.
2850 3333 3096 3388 Priorem
3140 3337 3339 3390 obtulit
3381 3336 3619 3393 Joannes

368 3425 571 3489 centio,
623 3425 979 3493 Theophilum
1035 3426 1356 3498 Origenismi
1418 3428 1594 3484 dicam
1657 3429 1942 3498 scripsisse
2044 3424 2413 3496 Chrysostomi
2450 3425 2733 3487 diaconus,
2765 3424 2956 3492 viginti
2984 3441 3178 3478 novem
3208 3429 3615 3482 accusationum

367 3510 582 3578 Joanni,
615 3523 671 3567 et
712 3514 1072 3571 Nitriensibus
1121 3518 1401 3572 monachis
1427 3560 1441 3582 ,
1481 3533 1512 3572 a
1562 3518 1756 3586 quibus
1799 3519 1940 3588 apud
2042 3517 2309 3586 capitibus
2361 3517 2618 3571 refertum
2661 3532 2676 3580 ;
2715 3515 2946 3569 alterum
2994 3515 3243 3572 Joannes
3296 3519 3614 3584 monachus,

367 3603 745 3673 imperatorem
790 3606 964 3661 fuerat
1016 3616 1324 3670 accusatus,
1361 3623 1594 3676 suasque
1650 3609 1704 3662 in
1757 3620 1940 3677 partes
2041 3625 2148 3678 quo
2198 3610 2512 3664 Heraclides
2552 3608 2876 3678 Origenismi
2929 3624 2993 3663 ac
3037 3610 3169 3663 furti
3214 3612 3612 3677 arcessebatur,

368 3699 721 3770 Epiphanium
774 3701 1025 3756 illexisse.
1063 3700 1298 3755 Narrant
1323 3699 1432 3756 Leo
1460 3712 1513 3755 et
1541 3701 1809 3758 Palladius
1843 3705 1939 3758 da-
2039 3701 2428 3773 Chrysostomo
2476 3716 2606 3755 vero
2656 3701 2873 3754 crimini
2905 3703 3159 3769 dabatur,
3191 3705 3332 3772 quod
3371 3702 3617 3758 Heracli-

367 3798 448 3845 tos
483 3791 742 3845 adversus
773 3790 1128 3859 Theophilum
1156 3791 1524 3846 accusationis
1576 3791 1810 3856 libellos,
1859 3807 1934 3846 se-
2038 3793 2163 3858 den,
2196 3794 2508 3848 hcereticum
2538 3793 2666 3849 licet
2692 3809 2755 3848 ac
2789 3792 2989 3858 furem,
3047 3793 3378 3863 Ephesinunt
3404 3796 3616 3864 episco-

363 3885 636 3953 ptuaginta
671 3883 850 3952 capita
903 3882 1184 3938 habuisse.
1220 3880 1599 3951 Maturatergo
1632 3882 1736 3935 iter
1762 3881 1936 3937 Theo-
2037 3898 2161 3953 pum
2191 3884 2595 3949 constituisset,
2634 3887 2909 3952 multaque
2941 3899 3136 3952 passus
3194 3895 3337 3940 esset
3362 3885 3612 3955 Origeni-

362 3974 561 4041 philus,
591 3982 645 4028 et
673 3974 1064 4029 Chalcedonem
1089 3974 1351 4044 pervenit.
1398 3972 1595 4027 Eodem
1652 3973 1932 4028 conﬂuunt
2038 3985 2242 4026 starnm
2264 3989 2463 4039 causa;
2492 3974 2847 4042 posteriorem
2877 3975 3021 4028 dedit
3049 3975 3286 4029 lsaaeius
3307 3977 3608 4046 episcopus,

357 4061 617 4130 episcopi,
681 4064 874 4131 partim
900 4061 1182 4132 Theophili
1221 4063 1441 4127 nuntiis,
1475 4063 1668 4132 partim
1696 4065 1932 4135 impera-
2034 4065 2209 4133 capita
2241 4066 2543 4120 octodecim
2581 4065 3024 4119 criminationum
3071 4068 3436 4136 complexum,
3473 4083 3598 4122 cum

361 4155 492 4208 toris
526 4155 779 4209 mandato
805 4157 988 4210 exciti.
1039 4156 1115 4211 Ex
1171 4172 1274 4210 una
1309 4172 1499 4213 omnes
1547 4159 1758 4214 venisse
1802 4174 1930 4230 pro—
2033 4155 2184 4223 prius
2225 4153 2547 4222 Origenismi
2601 4153 2848 4207 eumdem
2901 4153 3221 4207 Heracliden
3269 4165 3603 4212 accusasset.

359 4246 533 4300 vincia
563 4248 754 4302 scribit
798 4247 1112 4315 Palladius;
1153 4250 1241 4303 alii
1283 4265 1350 4304 ex
1389 4249 1653 4322 Ᾱῑςγριο,
1703 4254 1928 4320 aliisque
2030 4243 2228 4298 Narrat
2265 4243 2487 4298 Photius
2513 4244 2766 4297 tredecim
2797 4244 3102 4298 actionibus
3138 4245 3404 4315 synodum
3436 4247 3606 4313 illam,

355 4338 626 4406 profectos
681 4339 816 4394 locis
848 4351 1095 4407 narrant,
1147 4357 1353 4395 necnon
1400 4358 1462 4395 ex
1492 4344 1641 4411 Asia,
1701 4346 1930 4413 quicun-

2029 4352 2150 4406 qnaa
2183 4352 2209 4388 a
2235 4351 2294 4390 se
2323 4335 2462 4388 lecta
2489 4345 2592 4398 est,
2633 4335 2799 4388 fuisse
2829 4333 3160 4398 absolutam,
3206 4349 3431 4403 quarum
3459 4338 3606 4403 prio-

353 4443 459 4496 que
484 4430 702 4483 sedibus
755 4431 866 4486 suis
911 4432 1161 4500 depulsos
1187 4447 1246 4488 se
1283 4432 1548 4488 aJoanne
1606 4452 1751 4504 agre
1785 4437 1928 4491 fere.
2031 4445 2116 4485 res
2145 4428 2430 4484 duodecim
2481 4427 2928 4498 Chrysostumum
2997 4427 3276 4494 petebant,
3328 4438 3603 4496 postrema

351 4518 502 4584 bant,
543 4519 624 4574 vel
653 4519 772 4574 aliis
817 4521 916 4589 ipsi
948 4523 1014 4575 de
1061 4523 1244 4577 causis
1283 4527 1691 4580 succensebant.
1745 4525 1913 4599 Egy-
1952 4524 1995 4578 D
2026 4519 2372 4580 Heracliden;
2401 4518 2596 4586 prioris
2620 4518 2783 4571 libelli
2830 4527 2992 4587 caput
3021 4518 3255 4586 primum
3308 4533 3372 4573 ac
3418 4534 3606 4574 secun-

349 4612 477 4680 ptiis
504 4611 578 4666 illi
605 4614 828 4668 navibus
855 4615 1174 4669 transmisso
1217 4615 1498 4685 Bosphoro
1528 4619 1917 4674 Constantino-
2028 4611 2150 4665 dum
2185 4609 2525 4664 εκθιηίηίὶεεθ
2574 4608 2882 4678 θυῖεοοροεν
2918 4607 3040 4662 inde
3081 4608 3134 4662 in
3193 4607 3509 4663 Πθηθιίάθη
3547 4620 3603 4666 el

348 4703 513 4773 polim
540 4705 833 4774 appellunt.
853 4704 1290 4776 AtTheophilum
1317 4723 1438 4762 cum
1479 4709 1666 4779 plausu
1684 4726 1914 4781 excepe-
2025 4702 2318 4757 Palladium
2345 4702 2698 4770 quaestionem
2724 4700 3006 4767 habuisse,
3037 4701 3088 4754 in
3120 4717 3320 4755 nouum
3346 4703 3600 4773 deinceps

350 4805 477 4850 runt
503 4795 746 4868 Egyptii
781 4807 1000 4865 nautae;
1036 4798 1375 4854 clericorum
1415 4801 1624 4855 obviam
1652 4805 1918 4872 processit

2023 4809 2086 4849 ac
2102 4796 2416 4849 vicesimum
2435 4793 2724 4862 septimum
2742 4804 2904 4861 caput
2927 4795 3268 4863 inquisivisse
3293 4812 3306 4849 :
3335 4797 3594 4864 postremi

348 4887 559 4953 nullus,
631 4898 812 4958 utpote
886 4890 1151 4945 infensum
1207 4891 1597 4962 Chrysostomo
1671 4894 1913 4947 animum
2024 4889 2256 4958 denique
2309 4887 2472 4941 libelli
2509 4901 2797 4940 excussum
2851 4886 3016 4940 fuisse
3068 4896 3228 4954 caput
3276 4887 3592 4948 secundum,

346 4993 458 5046 prae
484 4994 544 5032 se
588 4978 797 5034 ferenti.
852 4980 968 5050 Ipse
1009 4983 1291 5039 ecclesiam
1341 4994 1780 5053 praetergressus,
1857 4988 1910 5040 in

2020 4982 2162 5051 quod
2215 4980 2314 5033 fuit
2354 4978 2704 5048 huiusmodi:
2749 4979 2870 5031 Ὅτι
2907 4980 2934 5031 ὁ
2972 4978 3240 5049 μακάριος
3283 4979 3593 5048 Ἐπιφάνιος

347 5068 751 5136 imperatoriam
781 5072 1070 5139 quamdam
1109 5075 1325 5128 domum
1375 5075 1478 5129 sibi
1521 5085 1767 5144 paratam
1821 5077 1905 5131 di-

2017 5073 2107 5126 διὰ
2136 5074 2264 5136 τοὺς
2303 5071 2734 5144 Ὠριγενειαστὰς
2773 5069 3101 5141 Ἀμμώνιον,
3162 5070 3467 5140 Ἐυθύμιον,
3499 5072 3593 5124 καὶ

346 5160 530 5214 vertit.
558 5159 703 5214 Mora
735 5161 841 5215 illic
873 5161 1032 5215 trinnt
1065 5163 1530 5219 hebdomadarum
1573 5165 1742 5232 facta,
1787 5183 1912 5236 per-

2028 5164 2402 5238 Ἦρακλείδην,
2421 5163 2512 5216 καὶ
2536 5163 2852 5228 Παλλάδιον,
2873 5163 2972 5214 οὐκ
2998 5161 3221 5232 ἐθέλησε
3246 5161 3588 5230 κοινωνῆσαι.

342 5253 564 5308 tentatis
591 5253 882 5306 multorum
908 5253 1125 5319 animis,
1159 5265 1214 5309 et
1243 5257 1310 5309 ad
1347 5260 1712 5312 accusandum
1739 5258 1907 5315 Joan-
2022 5283 2040 5309 ι
2074 5256 2295 5310 Beatum
2332 5255 2690 5324 Epiphanium
2738 5263 2959 5322 proliter
2990 5251 3326 5321 Origenistas
3364 5253 3589 5304 Ammo-

340 5360 486 5408 nem,
519 5341 676 5413 cujus
707 5357 1064 5411 congressum
1111 5355 1270 5400 caute
1329 5347 1556 5412 vitabat,
1606 5350 1907 5418 instructis,
2014 5351 2184 5415 nium,
2241 5349 2613 5420 Euthymium,
2679 5346 2988 5410 Eusebium,
3037 5355 3092 5398 et
3141 5343 3480 5408 Heracliden,
3533 5352 3588 5397 et

337 5437 391 5491 in
431 5435 698 5503 Quercum
745 5435 1103 5491 Chalcedonis
1155 5437 1477 5495 suburbium
1515 5458 1621 5497 una
1655 5458 1776 5496 cum
1827 5445 1908 5499 fa—
2010 5443 2332 5506 Palladium,
2376 5438 2817 5496 communionem
2875 5452 2996 5493 cum
3048 5451 3115 5490 eo
3153 5435 3585 5507 (Chrysostomo)

336 5531 530 5586 ctionis
568 5544 679 5585 sua:
721 5529 1041 5598 praesulibus
1070 5534 1366 5598 concessit,
1407 5544 1462 5590 et
1484 5536 1903 5592 conciliabulum
2010 5536 2208 5590 habere
2235 5534 2512 5588 noluisse:
2544 5550 2563 5582 ι
2599 5545 2888 5586 excussum
2931 5528 3147 5598 insuper
3168 5527 3454 5597 septimum
3495 5542 3587 5581 ca-

313 5621 647 5678 .celebravit.
695 5621 1067 5692 Quadraginta
1113 5625 1355 5694 quinque
1407 5628 1721 5683 interfuisse
1785 5631 1902 5699 epi-
2006 5636 2124 5698 pur,
2155 5640 2219 5680 ac
2244 5625 2438 5680 deinde
2475 5623 2714 5677 tertium.
2743 5620 2947 5676 Prmter
2977 5620 3128 5684 illud,
3163 5621 3267 5674 duo
3291 5619 3583 5675 admodum

332 5728 524 5783 scopos
565 5713 845 5768 declarant
887 5711 1155 5784 Georgius
1188 5715 1617 5785 Alexandrinus,
1673 5719 1898 5776 Sinteon
2009 5721 2076 5772 ad
2115 5719 2515 5788 Origenismum
2552 5714 2944 5785 pertinebant;
2998 5713 3261 5783 primum,
3305 5710 3579 5773 ,Joannem

335 5805 743 5875 Metaphrastes,
776 5816 830 5861 et
858 5808 998 5862 Acta
1029 5808 1428 5879 pseudosynodi
1459 5810 1631 5871 illius.
1658 5826 1777 5878 qua:
1810 5828 1898 5868 re-
2007 5813 2334 5869 monachum
2373 5818 2592 5879 propter
2618 5807 2954 5875 Origeuistas
2979 5822 3180 5864 cassum
3211 5805 3578 5877 Chrysostomi
