4152 6400
556 351 697 405 M55

1863 348 1921 402 Ρ.
1965 346 2275 402 DANIZCLIS
2312 345 2546 401 IIUETII

3662 347 3802 404 H56

546 469 721 540 jussu,
766 479 822 526 et
865 486 1026 541 porro
1072 472 1310 526 vinclum
1358 471 1526 527 fuisse
1574 472 1843 525 decimum
1878 481 2122 533 sextum,
2158 475 2203 530 Α
2234 469 2496 533 Eudoxia,
2524 479 2582 524 ut
2611 483 2733 524 eum
2765 468 2832 522 ab
2860 467 3052 523 exsilio
3078 466 3322 522 revocari
3361 466 3618 522 continuo
3644 481 3805 522 cura-

551 565 798 618 eumdem
839 565 1142 632 suscepisse
1166 563 1526 635 Origenistas,
1566 581 1618 619 in
1667 579 1941 618 carcerem
1998 578 2124 616 con-

547 655 744 726 jecisse
775 654 1052 725 TheOphili
1085 655 1316 725 legatos,
1364 666 1419 711 et
1468 671 1535 711 ne
1586 657 1880 711 morientes
1903 657 2122 724 quidem

554 747 623 799 ad
656 745 934 799 visendum
991 747 1210 801 adiisse.
1268 747 1423 802 Nulla
1476 759 1735 816 prmterea
1795 749 1848 802 in
1901 747 2124 816 reliquis

555 836 1025 892 criminationibus
1050 839 1401 906 Origenismi,
1432 839 1933 909 Origenistarumve
1973 852 2126 892 men-

555 928 628 982 tio
656 944 668 980 :
701 929 752 981 in
785 929 965 997 priore
998 946 1128 985 vero
1157 931 1334 986 libello
1364 932 1505 985 nulla
1535 935 1768 1001 penitus.

629 1018 785 1074 XVII.
860 1022 1116 1074 Actorum
1180 1021 1565 1077 Photiauorum
1635 1023 1997 1078 conventiculi
2057 1023 2125 1077 ad

559 1111 832 1178 Quercum
873 1112 1034 1166 fidem
1070 1113 1283 1167 elevare
1330 1125 1558 1169 conatur
1593 1114 1858 1169 Baronius
1897 1115 2000 1169 hoc
2039 1130 2127 1169 ar-

554 1211 828 1274 gumento,
857 1206 998 1273 quod
1026 1206 1284 1274 pleraque
1311 1207 1378 1260 ab
1406 1206 1526 1259 aliis
1569 1215 2014 1273 commemorata,
2069 1207 2124 1260 in

557 1295 624 1348 iis
656 1296 858 1349 omissa
888 1297 1018 1349 sint.
1053 1297 1250 1350 Verum
1301 1313 1405 1350 non
1452 1298 1682 1350 attendit
1727 1297 2124 1352 illustrissimus

554 1385 843 1438 cardinalis
895 1385 1089 1439 eximia
1153 1389 1400 1454 quantam
1449 1386 1825 1440 tantummodo
1870 1386 2128 1454 selegisse

559 1473 852 1539 Photium,
893 1485 947 1529 et
1000 1477 1052 1529 in
1111 1475 1483 1545 Myriobiblum
1538 1476 1840 1541 retulisse;
1899 1477 2128 1544 plurima

554 1583 684 1621 vero
725 1569 972 1622 consulto
1004 1570 1436 1636 praetermisisse.
1503 1569 1609 1621 Sua
1657 1583 1785 1638 ergo
1846 1570 1980 1624 actis
2020 1569 2128 1625 illis

557 1671 805 1713 servetur
835 1660 1154 1725 auctoritas,
1188 1660 1364 1728 quoad
1384 1659 1632 1714 validiori
1666 1661 1873 1715 ratione
1910 1659 2126 1715 Baronii

556 1751 864 1820 conjectura
907 1752 1170 1804 firmetur.

2232 560 2394 612 verit.
2433 560 2500 612 At
2536 558 3040 613 recrudescentibus
3070 565 3334 626 sequente
3362 573 3506 613 anno
3539 557 3794 612 simulta-
3831 584 3840 590 -

2235 651 2378 706 tibus
2425 659 2480 705 et
2519 649 2867 714 factionibus,
2910 650 3119 719 injuriae
3180 650 3450 713 concedit,
3501 658 3557 703 et
3609 648 3804 704 Nicaeae

2233 744 2621 812 aliquantisper
2671 751 2936 804 moratus,
2991 741 3292 808 Cucusum,
3355 756 3475 811 quae
3530 742 3804 796 Armenia:

2233 835 2361 888 urbs
2385 842 2486 897 est,
2511 833 2594 886 vel
2627 841 2686 886 ut
2713 840 2943 887 testatur
2971 832 3085 899 ipse
3109 832 3550 902 Chrysostomus,
3577 830 3802 900 Cilicia),

2233 927 2283 979 in
2317 925 2568 980 exsilium
2607 925 2876 978 mittitur:
2906 923 3119 979 Cucuso
3147 925 3462 978 Arabissum
3492 933 3545 978 et
3579 923 3804 993 Pityun-

2236 1028 2339 1071 tem
2379 1017 2589 1085 migrat.
2623 1013 2904 1069 Snlﬁoitur
2944 1016 3043 1084 ipsi
3073 1016 3330 1070 Arsacius
3374 1017 3658 1086 presbyter
3688 1015 3794 1070 Ne-

2233 1111 2384 1164 ctarii
2417 1107 3004 1176 Constantinopolitani
3035 1107 3162 1160 olim
3192 1107 3438 1175 praesulis
3489 1108 3675 1172 frater,
3705 1108 3804 1162 Ar-

2234 1200 2629 1254 sacio'Atticus.
2662 1197 2814 1250 Pium
2859 1197 3077 1250 interim
3114 1199 3355 1250 exsulem
3412 1199 3632 1252 mitibus
3689 1199 3806 1266 epi-

2234 1292 2386 1346 stolis
2424 1289 2633 1344 solatur
2667 1289 3013 1344 Innoeentius
3042 1303 3176 1358 papa
3245 1289 3356 1359 (qui
3403 1305 3579 1343 rerum
3628 1298 3806 1358 gesta-

2235 1398 2353 1435 rum
2385 1396 2481 1450 per
2508 1383 2677 1450 ipsius
2705 1382 2915 1436 litteras
2938 1385 3143 1436 certior
3168 1382 3342 1436 factus
3367 1381 3564 1450 fuerat)
3585 1393 3636 1436 et
3659 1399 3804 1436 com-

2235 1476 2495 1528 munione
2531 1490 2626 1530 sua
2663 1477 3010 1546 impertitur;
3051 1477 3352 1545 improbata
3395 1475 3677 1547 Theophili
3716 1478 3802 1531 fa-

2235 1574 2340 1629 cto,
2373 1581 2532 1634 quem
2568 1576 2624 1620 et
2678 1567 3138 1624 consentientibus
3179 1570 3294 1624 fere
3334 1569 3560 1638 Europa:
3591 1571 3805 1638 episco-

2235 1657 2318 1726 pis
2347 1672 2376 1710 a
2405 1658 2790 1713 communione
2819 1675 2919 1714 sua
2954 1660 3149 1714 deinde
3177 1661 3484 1729 segregavit
3513 1675 3528 1726 ;
3564 1675 3621 1714 ut
3661 1669 3809 1730 patet

2235 1760 2300 1800 ex
2341 1747 2569 1815 epistola
2600 1748 2834 1816 quadam
2870 1748 3170 1804 Innocentii
3205 1751 3273 1802 ad
3304 1751 3614 1814 Arcadium,
3641 1766 3804 1818 quam

628 1843 812 1898 XVIII.
853 1844 1119 1897 Caeterum
1158 1843 1226 1897 de
1257 1843 1412 1897 libris
1445 1842 1694 1912 Origenis
1727 1842 1896 1896 altum
1944 1843 2045 1896 fuit
2071 1843 2122 1897 in
2157 1841 2200 1896 B
2227 1837 2487 1891 exhibent
2534 1838 2798 1908 Georgius
2835 1839 3236 1894 Alexandrinus
3299 1839 3352 1892 in
3404 1837 3523 1892 Vita
3573 1838 3807 1910 Chryso-

557 1935 917 1992 conciliabulo
963 1934 1273 1990 silentium:
1324 1934 1390 1987 de
1429 1933 1754 2002 Origenistis
1785 1947 1913 1986 vero
1943 1943 2136 2001 praeter

557 2041 830 2096 perpauca
866 2026 978 2091 illa,
1016 2041 1135 2096 quae
1161 2027 1539 2088 disseruimus,
1569 2025 1681 2079 haec
1703 2025 1867 2078 etiam
1899 2024 2136 2078 referun-

562 2125 694 2181 tur;
738 2115 984 2170 Scetinos
1034 2115 1227 2170 leniter
1264 2116 1560 2186 appellasse
1594 2116 1981 2184 Theophilum,
2014 2119 2137 2173 hor-

563 2218 733 2262 tatum
768 2223 886 2262 esse
922 2209 988 2262 ad
1018 2209 1416 2278 pmnitentiam,
1454 2208 1829 2278 impunitatem
1857 2222 1976 2262 esse
2022 2209 2137 2279 pol-

559 2297 795 2362 licitum,
831 2297 988 2353 simul
1017 2312 1110 2352 eos
1140 2298 1205 2350 ad
1244 2299 1631 2367 implorandam
1685 2300 1895 2353 veniam
1930 2302 2138 2370 magnis

560 2389 1045 2445 vociferationibus
1125 2389 1400 2460 impulisse
1445 2391 1534 2459 qui
1577 2392 1805 2446 aderant
1855 2391 2138 2460 Theophili

562 2480 894 2547 familiares;
933 2497 1040 2550 qua
1085 2496 1142 2534 re
1196 2492 1476 2550 permotos
1511 2483 1808 2536 monachos
1838 2497 2006 2536 noxas
2035 2483 2136 2538 sibi

565 2574 857 2628 condonari
889 2575 1190 2642 postulasse
1217 2591 1229 2639 ;
1275 2573 1452 2628 foedus
1487 2575 1651 2630 inisse
1677 2591 1801 2630 cum
1842 2576 1945 2630 illis
1969 2575 2140 2630 Theo-

562 2665 796 2734 philum,
842 2675 897 2718 et
947 2668 996 2718 in
1036 2666 1469 2720 communionem
1521 2667 1813 2736 recepisse,
1857 2679 2019 2736 atque
2064 2671 2137 2723 ita

563 2753 794 2808 crimine
828 2754 1106 2808 absolutos
1138 2770 1258 2808 esse
1284 2756 1609 2822 Nitrienses,
1641 2772 1670 2810 e
1693 2759 1891 2826 quibus
1919 2760 2054 2828 jam,
2082 2769 2140 2812 ut

565 2845 822 2907 diximus,
857 2847 1197 2910 interierunt,
1230 2847 1521 2901 Dioscorus
1549 2857 1603 2902 et
1630 2846 1887 2915 Isidorus,
1918 2851 2137 2904 Ammo-

567 2935 690 2989 nius
716 2951 847 2991 vero
879 2939 930 2990 in
966 2936 1180 3002 Quercu
1211 2940 1313 2992 sub
1345 2939 1457 3009 ipsa
1489 2941 1678 3010 synodi
1705 2940 1855 2993 initia
1888 2941 2137 2996 decesse-

568 3037 671 3082 rat.
706 3028 903 3084 Fertur
933 3030 1092 3099 hujus
1123 3031 1301 3084 audita
1337 3041 1508 3086 morte
1554 3032 1922 3101 illacrymasse
1965 3033 2140 3088 Theo-

565 3123 770 3194 philus,
813 3123 1099 3193 palamque
1130 3124 1340 3179 dixisse
1369 3125 1600 3178 similem
1635 3125 1776 3178 inter
1805 3140 1932 3179 suos
1966 3129 2139 3182 nemi-

2237 1927 2414 1991 uomt’,
2442 1941 2558 1996 cap.
2590 1927 2676 1991 68,
2705 1937 2759 1982 et
2791 1943 3094 1998 anonymus
3134 1929 3257 1982 vita:
3285 1927 3524 1996 ejusdem
3550 1930 3806 1998 scriptor,

2239 2033 2358 2087 cap.
2396 2018 2520 2083 I30,
2583 2033 2810 2088 qumque
2856 2019 2908 2072 in
2962 2020 3124 2073 tomis
3171 2019 3536 2074 Couciliorum
3584 2030 3804 2074 exstat:

2239 2121 2296 2164 et
2326 2111 2560 2164 stitisset
2593 2121 2739 2165 certe
2762 2112 3136 2165 vadimonium
3157 2125 3346 2180 coram
3393 2111 3686 2166 universali
3720 2125 3810 2180 sy—

2239 2201 2406 2266 nodo,
2436 2216 2597 2270 quam
2624 2217 2819 2272 cogere
2855 2201 3219 2256 meditabatur
3252 2201 3537 2265 Arcadius,
3571 2202 3676 2257 nisi
3720 2202 3810 2257 In-

2240 2293 2556 2348 nocentium
2582 2309 2800 2363 papam,
2855 2293 3161 2348 conﬂandze
3195 2295 3311 2363 ejus
3342 2305 3619 2350 auctorem
3665 2310 3812 2350 mors

2239 2393 2584 2454 occupasset.
2651 2385 2892 2440 Tandem
2948 2386 3101 2440 varie
3153 2386 3390 2456 jactatus
3437 2385 3706 2452 Joannes,
3758 2397 3814 2442 et

2239 2491 2448 2531 summa
2489 2477 2883 2532 inhumanitate
2907 2478 2976 2532 ab
3014 2477 3246 2533 inimicis
3280 2479 3519 2544 habitus,
3559 2478 3814 2534 Cumanis

2239 2567 2375 2622 obiit
2405 2583 2548 2623 anno
2574 2569 2699 2622 407.

2311 2659 2428 2715 XX.
2462 2660 2571 2716 Nec
2617 2662 2691 2716 ita
2724 2671 2900 2717 tamen
2959 2660 3240 2731 Theophili
3291 2663 3384 2717 irae
3428 2664 3811 2732 conquierunt.

2242 2752 2290 2807 Is
2322 2763 2442 2822 post
2467 2758 2707 2822 priorem
2742 2755 3120 2826 Chrys0stomi
3160 2755 3593 2819 restitutionem,
3624 2755 3676 2808 in
3718 2757 3810 2810 de-

2239 2846 2378 2900 cima
2434 2847 2589 2902 tertia
2626 2848 3015 2919 pseudosynodi
3049 2850 3260 2904 actione
3300 2846 3612 2910 Heraclidae,
3657 2863 3812 2917 quem

2241 2939 2576 3008 Ephesinum
2612 2941 2922 3010 episcopum
2951 2941 3196 2997 Joannes
3224 2952 3524 3005 creaverat,
3579 2942 3817 3011 dignita-

2247 3040 2353 3084 tem
2387 3032 2652 3101 abrogare
2683 3033 2924 3086 studuit:
2965 3041 3021 3086 at.
3044 3034 3469 3103 repugnantibus
3525 3034 3727 3101 multis,
3761 3034 3816 3086 in

2243 3133 2485 3191 apertam
2514 3123 2850 3178 seditionem
2899 3126 3183 3179 contentio
3226 3127 3430 3194 erupit.
3475 3125 3698 3194 Jamque
3729 3142 3818 3181 res

567 3229 689 3268 nem
717 3213 971 3267 habuisse
1007 3213 1375 3267 Ammonium.
1409 3214 1725 3269 Dioscorum
1757 3217 1971 3284 quidem
2019 3227 2140 3287 post
2168 3198 2210 3255 ο
2247 3212 2414 3268 armis
2442 3215 2743 3282 agebatur;
2788 3215 2975 3269 multis
3025 3215 3352 3282 vulneratis,
3391 3219 3580 3285 paucis
3613 3218 3820 3286 aliquot

567 3307 829 3376 synodum
865 3315 922 3359 et
952 3304 1237 3375 TheOphiIi
1273 3305 1451 3374 fugam
1487 3307 1690 3361 obiisse
1713 3309 1946 3375 produnt
1974 3309 2143 3364 Geor-

567 3398 686 3466 gius
735 3396 1135 3450 Alexandrinus
1186 3408 1242 3450 et
1315 3395 1609 3461 Socrates;
1661 3399 1755 3452 sed
1799 3399 1852 3451 in
1903 3409 2142 3468 tempora

571 3487 777 3558 synodo
813 3489 995 3556 priora
1024 3497 1252 3542 mortem
1302 3488 1473 3556 ipsius
1522 3487 1858 3544 Sozomenus
1901 3491 2140 3560 conjicit,

570 3581 653 3632 cui
680 3581 1008 3647 prwcipuam
1053 3578 1211 3632 fidem
1261 3579 1570 3635 tribuimus.
1600 3581 1778 3647 Atque
1811 3581 1890 3634 ita
1927 3583 2142 3636 demum

571 3671 849 3740 consopita
883 3680 968 3724 est
999 3671 1169 3724 tristis
1195 3669 1283 3724 illa
1332 3680 1384 3724 et
1435 3671 1756 3726 calamitosa
1794 3674 1861 3728 de
1893 3673 2144 3745 Origenis

570 3763 849 3817 erroribus
895 3763 1310 3816 controversia:
1351 3763 1599 3830 quamvis
1641 3765 1783 3817 enim
1835 3765 1965 3820 hinc
2012 3776 2145 3820 ortae

571 3856 676 3910 sint
709 3862 1058 3922 tempestates
1084 3864 1138 3907 et
1163 3854 1450 3919 tumultus,
1479 3856 1678 3923 quibus
1707 3868 1902 3910 vexata
1945 3857 2142 3912 deinde

571 3955 627 4002 et
677 3949 892 4001 turbata
943 3946 1196 4016 Ecclesia
1231 3953 1334 4010 est,
1365 3949 1748 4002 accedentibus
1799 3960 1976 4003 tamen
2007 3950 2135 4002 sub-

573 4039 696 4092 inde
751 4037 905 4092 novis
965 4039 1311 4107 querelarum
1365 4048 1417 4093 et
1458 4039 1564 4093 odii
1619 4042 1975 4109 argumentis,
2016 4041 2141 4094 dum

573 4141 766 4202 prazstu
795 4142 922 4186 sunt
956 4135 1288 4187 recentiores
1347 4132 1588 4199 offensae,
1627 4143 1840 4187 veteres
1888 4133 2143 4186 exoleve-

573 4235 722 4279 runt.
758 4223 952 4278 Paucis
979 4224 1162 4292 itaque
1191 4232 1244 4276 et
1272 4223 1475 4277 cursim
1512 4239 1630 4292 qua:
1665 4233 1956 4292 supersunt
1985 4225 2146 4278 attin-

573 4330 783 4385 gamus.

648 4404 786 4460 XIX.
840 4406 996 4459 Anno
1038 4405 1238 4459 Christi
1286 4405 1411 4471 405,
1461 4406 1607 4460 circa
1656 4420 1896 4461 mensem
1945 4405 2142 4461 Julium

2246 3304 2587 3372 interfectis,
2637 3307 2728 3374 qui
2774 3321 2912 3361 unus
2964 3307 3205 3360 omnium
3251 3309 3485 3362 maxime
3537 3311 3820 3376 petebatur

2247 3396 2602 3465 Theophilus,
2637 3395 2760 3467 fuga
2814 3398 2915 3452 sibi
2954 3397 3228 3452 consuluit
3269 3415 3282 3463 ;
3333 3401 3580 3467 quamvis
3623 3401 3822 3455 litteris

2244 3501 2652 3555 quaquaversus
2683 3490 2888 3554 missis,
2914 3491 2977 3543 ad
3005 3491 3270 3561 synodum
3300 3493 3705 3556 celebrandam,
3731 3507 3822 3547 ro-

2244 3586 2371 3646 gatu
2408 3577 2806 3647 Chrysostomi,
2855 3583 3141 3651 episcopos
3185 3583 3456 3637 Arcadius
3507 3583 3816 3637 accivisset.

2243 3671 2374 3728 Post
2429 3674 2636 3727 obitum
2695 3687 2873 3728 autem
2925 3672 3174 3737 Joannis,
3219 3689 3327 3728 non
3379 3687 3598 3743 operam
3642 3673 3817 3728 solum

2246 3763 2581 3835 Theophilus
2612 3765 2759 3819 dedit
2795 3781 2861 3818 ne
2896 3766 2948 3818 in
2986 3765 3249 3836 Diplycha
3279 3780 3475 3819 nomen
3525 3766 3696 3835 ipsius
3742 3779 3822 3818 re-

2247 3860 2479 3914 ferretur
2506 3859 2838 3915 abOrientis
2875 3859 3169 3929 episcopis,
3209 3858 3301 3912 sed
3341 3868 3400 3911 ut
3427 3857 3628 3910 infame
3650 3857 3818 3911 etiam

2246 3953 2408 4022 vulgo
2466 3953 2781 4016 haberetur,
2824 3954 3030 4022 scripto
3087 3951 3152 4004 ad
3189 3951 3240 4006 id
3283 3950 3475 4020 grandi
3523 3949 3817 4004 volumine.

2246 4046 2413 4113 Cujus
2446 4047 2565 4099 libri
2595 4045 2960 4114 fragmentum
3012 4044 3154 4099 libro
3199 4058 3298 4097 suo
3343 4052 3498 4096 sexto
3537 4040 3822 4097 Facundus

2248 4138 2514 4202 inseruit,
2547 4140 2906 4205 eamdemque
2931 4137 2998 4190 ab
3028 4135 3359 4205 Hieronymo
3385 4135 3573 4189 Latine
3593 4149 3820 4190 conver-

2248 4246 2363 4286 sum
2397 4232 2562 4286 fuisse
2592 4241 2820 4286 testatus
2853 4241 2957 4286 est.
2995 4232 3084 4285 Ila:
3113 4233 3316 4287 Isidoro
3342 4231 3626 4286 Pelusiotae
3644 4245 3824 4285 causa:

2249 4323 2487 4386 fuerunt,
2516 4339 2612 4379 cur
2639 4323 2997 4392 Theophilum
3025 4325 3265 4394 graviter
3295 4333 3632 4394 coarguerct,
3679 4322 3824 4374 λιθο-

2251 4414 2395 4484 μανῆ
2423 4415 2594 4479 illum,
2618 4426 2674 4470 et
2707 4415 3070 4488 χρυσολάτριν
3112 4417 3414 4486 appellans,
3447 4427 3502 4470 et
3533 4417 3822 4469 adductum

575 4498 933 4551 conventiculi
971 4497 1242 4567 suffragiis
1273 4509 1661 4554 exauctoratur
1689 4498 2136 4570 Chrysostomus.
2176 4544 2219 4599 υ
2251 4507 2440 4560 dicens
2488 4510 2555 4560 ad
2607 4509 2980 4562 insectandum
3025 4506 3294 4561 Joannem
3324 4525 3390 4561 ex
3429 4507 3620 4561 lsidori
3679 4508 3822 4563 illius

577 4589 632 4642 Id
667 4604 829 4641 unum
861 4591 1224 4642 causabantur
1253 4590 1511 4658 epise0pi,
1546 4595 1687 4656 quod
1736 4590 2005 4643 mandatis
2033 4592 2145 4646 suis

581 4679 787 4731 accitus
819 4681 1126 4732 audientem
1165 4693 1223 4732 se
1256 4697 1362 4732 non
1396 4681 1735 4748 praebuisset.
1783 4679 1887 4733 Per
1922 4697 2142 4736 causam

576 4786 706 4825 vero
755 4773 831 4826 rei
886 4783 1051 4839 gestae
1095 4772 1161 4825 ad
1203 4773 1584 4841 imperatorem
1634 4773 1950 4839 refer-entire,
2010 4775 2146 4830 laesa:

577 4878 789 4932 quoque
831 4864 1125 4931 majestatis
1161 4865 1610 4936 Chrysostomnm
1645 4868 1782 4936 apud
1841 4867 2014 4935 ipsum
2046 4884 2142 4923 ac-

578 4964 788 5011 cusant.
817 4958 1013 5024 quippe
1047 4959 1146 5008 sub
1173 4956 1437 5010 Jezabela:
1465 4969 1519 5010 et
1549 4957 1868 5011 lIerodiadis
1915 4960 2146 5014 nomini-

583 5043 684 5098 bus
723 5047 932 5114 publice
969 5048 1106 5115 apud
1136 5047 1390 5115 pOpulum
1421 5049 1765 5117 perstrictam
1795 5051 1862 5103 ab
1889 5065 1953 5104 eo
1980 5051 2146 5105 fuisse

579 5135 898 5190 Eudoxiam.
936 5136 1134 5191 Verum
1166 5138 1401 5194 Arcadio
1428 5139 1563 5192 satis
1603 5139 1702 5194 fuit
1747 5140 2006 5196 Joannem
2050 5143 2150 5197 Ee-

580 5226 742 5280 clesia
791 5227 1077 5296 depulisse,
1119 5229 1288 5283 misso
1319 5232 1384 5283 ad
1419 5232 1469 5284 id
1500 5232 1698 5285 comite
1741 5243 1795 5286 et
1853 5233 2139 5291 militibus.

581 5315 962 5370 Tumultuante
1001 5318 1192 5372 deinde
1233 5320 1452 5387 populo,
1485 5331 1539 5375 et
1569 5322 1944 5392 Chrysostomi
1978 5324 2147 5376 resti-

584 5405 840 5459 tutionem
883 5407 1138 5460 seditiose
1191 5419 1523 5476 postulante,
1570 5411 1852 5480 ingruente
1880 5423 2144 5480 prmterea

591 5497 684 5553 sub
735 5499 901 5566 ipsam
951 5509 1186 5564 noctem,
1247 5514 1366 5569 qua:
1419 5501 1588 5570 ipsius
1639 5503 1842 5556 exitum
1903 5504 2147 5572 proxime

608 5600 878 5644 tonsecuta
929 5600 1031 5654 est,
1078 5600 1234 5646 terra:
1288 5601 1456 5658 motu,
1508 5595 1577 5648 ita
1629 5598 2020 5665 perterrefaeta
2064 5608 2148 5652 est

656 5769 696 5799 '°
728 5769 910 5825 Isidor.
946 5771 1145 5837 Pelus.,
1176 5773 1260 5826 5'2.
1342 5774 1380 5805 ³¹
1419 5775 1610 5829 Baron.
1645 5793 1732 5830 an.
1773 5780 1893 5842 400,
1919 5795 2035 5849 cap.
2070 5781 2156 5835 53.

2251 4613 2411 4666 supra
2426 4613 2452 4650 a
2471 4599 2622 4653 nobis
2639 4601 3042 4654 commemorati
3057 4599 3340 4654 occasione
3355 4601 3399 4630 ³ο
3421 4619 3432 4652 :
3456 4600 3558 4652 Τὸν
3581 4599 3822 4669 Θεοφιλῆ,

2254 4687 2448 4754 inquit,
2475 4689 2568 4740 καὶ
2603 4687 2850 4756 θεόλογον
2889 4690 3330 4760 κατεπολέμησεν
3374 4689 3678 4761 ἄνθρωπον,
3725 4691 3825 4760 τὴν

2255 4777 2384 4846 περὶ
2415 4777 2503 4831 τὸν
2530 4779 2652 4849 ἐμοὶ
2679 4779 2968 4849 ὁμώνυμον
3007 4780 3304 4850 ἀπέχθειαν
3350 4783 3445 4834 καὶ
3483 4780 3823 4850 δυσμένειαν,

2257 4870 2592 4940 ὁρμητήριον
2621 4872 2718 4941 τῆς
2746 4872 2954 4934 οἰκείας
2985 4873 3258 4943 εὑρηκότα
3293 4873 3631 4942 σκαιότητος.
3668 4890 3686 4922 t
3719 4873 3827 4926 Deo

2257 4964 2503 5025 charum,
2537 4975 2591 5016 et
2615 4977 2797 5016 rerum
2829 4964 3134 5018 divinarum
3169 4967 3475 5021 consultum
3495 4966 3828 5036 oppugnavit

2257 5053 2553 5118 hominem,
2592 5070 2714 5108 cmn
2749 5055 3092 5110 inimicitiam
3127 5068 3181 5112 et
3204 5058 3386 5112 odium
3422 5061 3682 5114 adversus
3736 5059 3832 5112 ho-

2259 5147 2456 5198 minem
2487 5147 2615 5200 mihi
2659 5149 3032 5216 cognominem
3072 5152 3300 5218 proprim
3331 5150 3708 5220 perversitatis
3735 5164 3831 5205 oc-

2257 5237 2528 5290 casionem
2581 5239 2892 5305 reperisset.
2941 5259 2959 5291 »
3009 5239 3166 5295 Unde
3221 5243 3507 5297 Sozomeni
3559 5241 3828 5306 narratio,

2257 5337 2538 5395 susceptas
2588 5329 2850 5384 adversus
2905 5331 3171 5387 Isidorum
3223 5335 3537 5389 inimicitias
3605 5349 3830 5388 causam

2257 5417 2560 5489 Theophilc
2613 5424 2822 5477 dedisse
2883 5424 3141 5490 dicentis,
3205 5441 3302 5480 cur
3360 5436 3540 5480 tantas
3586 5425 3833 5480 conciret

2260 5512 2467 5576 turbas,
2499 5513 2760 5570 adversus
2791 5515 3078 5571 Baronium
3109 5518 3551 5572 confirmatur“.

2330 5602 2468 5660 XXI.
2489 5606 2746 5677 Synesius
2775 5624 2992 5679 quoque
3022 5619 3321 5681 temporum
3352 5611 3561 5665 illorum
3583 5606 3832 5678 :equalis,
