4152 6402
314 369 448 422 Ηῧῖ
1184 361 1752 418 OIUGENIANORUM
1793 361 1916 414 LIB.
1961 359 2024 423 II,
2060 360 2210 413 CAP.
2254 359 2345 422 ιν,
2385 357 2574 414 SECT.
2616 358 2680 411 ll.
3408 361 3546 418 H58

312 479 440 533 licet
470 479 572 533 sub
603 478 883 547 Theophili
915 477 1116 532 ditione
1156 478 1382 544 positus,
1420 478 1471 530 in
1520 475 1742 544 epistola
1797 483 1877 526 ta-
1908 482 1953 534 Α
1984 475 2178 542 quibus
2202 489 2355 527 suum
2387 473 2645 527 adversus
2676 470 2962 542 Origenem
2996 472 3079 527 vel
3115 487 3324 536 verum,
3361 475 3442 526 vel
3470 475 3545 527 si-

313 584 434 623 meu
459 569 526 622 ad
560 569 730 637 ipsum
764 567 909 630 data,
932 566 1160 620 Joannis
1183 566 1530 620 nihilominus
1559 564 1875 617 memoriam
1979 565 2235 619 mulatum
2267 565 2449 618 odium
2493 563 2792 631 insignibus
2841 563 3202 616 monumentis
3238 565 3532 632 expressit.

315 658 472 711 laude
533 658 882 726 prosequitur
937 657 1000 709 ³².
1053 657 1195 710 Idem
1253 672 1373 710 cum
1410 657 1474 710 ad
1509 656 1874 722 episcopatum
1983 657 2053 710 De
2077 671 2140 710 eo
2170 655 2437 708 volumine
2475 655 2554 707 sic
2581 654 2888 709 Gennadius
2920 654 3012 707 lib.
3053 654 3125 707 De
3171 655 3269 707 vir.
3305 655 3544 710 illustr.:

314 749 676 818 Cyrenensem
718 746 994 815 superiore
1023 761 1166 800 anno
1209 745 1410 799 invitus
1449 751 1874 813 promoveretur,
1933 777 1942 786 ο
1982 765 2001 797 ι
2038 746 2268 814 Scripsit
2296 746 2579 800 adversum
2610 744 2900 814 Origenem
2936 759 3098 798 unum
3129 756 3183 798 et
3223 744 3425 812 grande
3454 758 3548 796 vo-

317 846 385 896 ad
418 840 786 897 declinandum
805 855 961 904 onus,
987 847 1041 891 et
1065 839 1312 906 populum
1343 836 1748 890 absterrendum
1783 852 1878 904 pu-
1979 839 2187 902 lumen,
2217 840 2269 892 in
2312 856 2417 907 quo
2459 839 2641 892 omnia
2663 853 2797 905 pene
2823 837 2938 904 ejus
2967 837 3130 902 dicta,
3161 847 3214 890 et
3242 838 3415 902 ipsum
3451 851 3546 904 pa~

315 934 454 989 blice
477 934 902 994 contestabatur,
922 945 1022 985 nec
1047 930 1229 983 mundi
1257 943 1527 992 occasum,
1561 944 1658 982 nec
1691 944 1875 982 resur-
1981 933 2112 985 riter
2142 932 2395 996 damnat;
2425 929 2674 983 similiter
2710 929 2908 983 docens
2937 943 3040 980 non
3084 943 3113 980 a
3173 943 3232 980 se
3264 942 3384 981 eum
3435 928 3543 995 pri-

316 1026 612 1079 rectionem
644 1037 955 1091 corporum,
998 1036 1097 1075 nec
1129 1021 1334 1074 animas
1365 1021 1473 1088 jam
1520 1019 1765 1073 formatis
1796 1020 1880 1072 iu-
1980 1036 2149 1083 mum,
2175 1021 2268 1075 sed
2299 1025 2365 1073 ab
2396 1019 2636 1087 antiquis
2662 1019 2940 1082 Patribus,
2971 1027 3025 1071 et
3053 1019 3287 1072 maxime
3317 1017 3543 1072 Heracla

317 1116 420 1171 seri
452 1115 769 1183 corporibus
802 1113 906 1166 sibi
947 1126 1104 1180 posse
1125 1111 1435 1180 persuaderi
1465 1129 1476 1163 :
1507 1126 1624 1178 quae
1652 1125 1773 1163 cum
1799 1111 1879 1163 in~
1980 1108 2145 1162 fuisse
2171 1117 2224 1161 et
2257 1123 2284 1161 a
2318 1109 2657 1178 presbyterio
2683 1107 2936 1174 ejectum,
2970 1116 3024 1160 et
3054 1106 3121 1161 de
3146 1106 3383 1160 Ecclesia
3425 1106 3545 1174 pul—

317 1206 488 1276 signia
523 1203 828 1271 sintcapita
868 1201 1206 1272 Origenianze
1225 1203 1506 1265 doctrinae,
1539 1201 1768 1255 valdein
1795 1201 1878 1256 his
1981 1217 2120 1267 sum,
2179 1211 2233 1255 et
2261 1202 2326 1255 de
2375 1201 2595 1255 civitate
2634 1197 2897 1268 fugatum.
2938 1217 2955 1248 ι
3004 1199 3192 1251 Refert
3225 1212 3290 1251 ex
3340 1197 3546 1252 Isidoro

315 1295 452 1350 locis
478 1309 696 1349 exosam
735 1302 860 1346 tunc
881 1291 1046 1345 fuisse
1078 1292 1472 1346 concludimus.
1503 1295 1572 1345 At
1607 1293 1878 1361 Hierony-
1980 1293 2211 1347 diacono
2250 1292 2486 1346 Joannes
2540 1291 2928 1354 Damasceuus,
2977 1289 3333 1356 Theophilum
3383 1289 3544 1343 morti

314 1402 434 1440 mus
449 1385 816 1454 Gltrysostomi
838 1383 1205 1450 expulsionem
1236 1383 1550 1438 etexsilium
1580 1383 1880 1452 Theophilo
1981 1381 2303 1450 proximum,
2331 1394 2450 1433 cum
2486 1388 2706 1448 propter
2735 1379 3024 1432 admissum
3053 1379 3103 1431 in
3127 1377 3354 1431 Joannis
3383 1394 3546 1432 causa

317 1490 411 1544 per
449 1474 727 1542 epistolam
783 1473 1086 1540 gratulatus
1121 1483 1202 1527 est
1252 1473 1299 1505 ³³
1331 1492 1344 1527 :
1387 1492 1405 1523 ι
1459 1473 1610 1528 Unde
1643 1484 1696 1528 et
1747 1490 1877 1540 nos,
1982 1469 2581 1540 peccatum,‘exbalare
2607 1468 2854 1537 Spiritum
2881 1484 2984 1521 non
3019 1478 3221 1536 posset,
3247 1467 3420 1522 oblata
3446 1467 3548 1538 ipsi

317 1566 510 1634 inquit,
541 1564 798 1619 Joannem
856 1564 949 1633 qui
1004 1564 1198 1618 dudum
1231 1563 1880 1634 Constantinopolitanam
1982 1561 2355 1632 Chrysostomi
2407 1560 2642 1628 imagine
2696 1568 2751 1613 et
2798 1559 3018 1614 adorata
3078 1559 3260 1613 statim
3312 1558 3548 1612 animam

317 1657 463 1711 rexit
492 1657 815 1720 Ecclesiam,
841 1655 949 1709 Deo
987 1656 1200 1724 placere
1232 1671 1444 1725 semper
1468 1658 1793 1725 optavimus,
1827 1667 1883 1713 et
1981 1654 2176 1722 egisse.
2205 1649 2385 1705 Nihilo
2440 1652 2617 1706 secius
2652 1661 2831 1704 tamen
2869 1649 2984 1717 ejus
3015 1649 3211 1703 famam
3259 1649 3550 1703 lancinavit

317 1762 508 1802 causas
540 1747 860 1816 perditionis
897 1745 1045 1816 ejus,
1083 1748 1135 1801 in
1169 1762 1304 1816 quas
1350 1748 1627 1801 ferebatur
1685 1750 1882 1819 impro-
1914 1815 1948 1819 _
1982 1742 2212 1815 Cyrillus
2240 1741 2522 1810 Theophili
2551 1749 2829 1810 cognatus.
2856 1740 2926 1793 At
2957 1756 3079 1795 cum
3107 1741 3348 1794 animum
3381 1740 3551 1809 ipsius

321 1837 496 1901 vidus,
529 1815 870 1908 nequaquam
929 1815 1150 1892 credere
1183 1815 1467 1895 voluimus.
1523 1837 1628 1894 Sed
1663 1815 1776 1904 ille,
1827 1852 1885 1895 ut,
1914 1815 1956 1868 Β
1989 1835 2240 1904 mitigare
2273 1833 2511 1888 studenti
2552 1834 2734 1887 Attico
2780 1833 3380 1901 Constantinopolitano
3429 1833 3548 1900 epi-

317 1935 512 1981 caatera
535 1925 731 1995 flagitia
762 1926 876 1994 ejus
913 1937 1139 1992 taceam,
1171 1927 1508 2000 Origenistas
1528 1932 1583 1984 in
1609 1945 1760 1986 suam
1799 1947 1884 1986 re-
1986 1940 2149 1994 scopo
2177 1934 2462 1993 perpetuas
2484 1937 2604 1978 sese
2639 1937 2760 1976 cum
2795 1922 3166 1991 Chrysostomi
3197 1923 3415 1977 nomine
3445 1923 3547 1975 ini-

319 2015 519 2084 cipiens
550 2015 997 2081 familiaritatem,
1019 2026 1074 2070 et
1102 2031 1168 2070 ex
1199 2016 1572 2086 his~plurimos
1615 2017 1667 2070 in
1698 2033 1882 2072 sacer-
1987 2015 2218 2069 micitias
2282 2025 2562 2083 gesturum
2604 2012 2833 2082 Cyrillus
2885 2014 3269 2078 renuntiasset;
3316 2015 3368 2068 in
3398 2029 3552 2069 acres

320 2106 521 2161 dotium
555 2107 877 2175 proveheus,
914 2117 1079 2177 atque
1109 2110 1178 2164 ob
1210 2109 1314 2162 hoc
1364 2109 1539 2163 scelus
1575 2109 1744 2162 beatae
1770 2125 1886 2164 tue-
1987 2106 2175 2162 lsidori
2207 2105 2492 2159 Pelusiotae
2517 2103 2922 2173 objurgationes
2962 2103 3192 2157 incurrit
3217 2120 3233 2156 :
3261 2113 3315 2156 et
3341 2105 3407 2158 ad
3437 2120 3552 2159 me-

322 2196 508 2250 moria:
535 2195 806 2249 hominem
833 2195 926 2250 Dei
967 2197 1346 2266 Epiphanium,
1374 2199 1465 2267 qui
1501 2197 1643 2251 inter
1681 2198 1886 2268 episco—
1987 2199 2175 2254 liorem
2212 2199 2425 2252 tandem
2459 2206 2744 2250 revocatus
2778 2206 3008 2249 mentem
3033 2211 3154 2250 cum
3185 2193 3410 2249 Joannis
3445 2211 3556 2250 me-

320 2300 416 2354 pos
450 2283 652 2339 clarum
678 2285 732 2340 in
761 2288 891 2342 orbe
913 2287 1061 2342 sidus
1091 2287 1308 2354 effulsit,
1337 2304 1440 2342 non
1465 2304 1632 2357 parvo
1655 2304 1886 2344 maerore
1988 2293 2158 2346 moria
2189 2292 2347 2346 rediit
2377 2291 2428 2344 iu
2461 2291 2713 2358 gratiam,
2741 2302 3047 2356 nomenque
3074 2288 3245 2356 ipsius
3277 2288 3555 2359 Diptychis

320 2377 647 2432 coutristans
695 2379 890 2433 meruit
933 2381 1160 2434 audire:
1192 2380 1413 2443 Cecidit,
1463 2381 1648 2433 cecidit
1704 2379 1883 2449 Baby-
1988 2384 2233 2438 inseruit.
2260 2385 2577 2452 Anonymus
2618 2379 2986 2450 Chrysostomi
3024 2380 3148 2432 vita:
3211 2381 3468 2448 scriptor.
3495 2381 3551 2434 in

322 2466 411 2518 ιοη
444 2465 512 2519 ⁸⁵.
553 2485 572 2517 ι
605 2466 824 2520 Minime
880 2466 1061 2535 itaque
1109 2469 1512 2552 assentiendqu
1550 2469 1780 2524 Baronio
1812 2469 1882 2534 ⁸⁸,
1987 2475 2192 2531 somnis
2229 2475 2492 2528 monitum
2553 2488 2581 2526 τι
2639 2470 2849 2526 Joanne
2905 2470 3164 2541 Cyrillum
3228 2472 3553 2526 sententiam

322 2557 412 2622 qui
440 2556 738 2609 concitatas
767 2570 797 2607 a
817 2554 1115 2626 TheOphilo
1147 2559 1406 2612 adversus
1436 2557 1885 2627 Chrysostomum
1989 2577 2226 2620 mutasse
2255 2575 2458 2630 narrat,
2488 2567 2662 2634 deque
2711 2565 2828 2632 ejus
2883 2565 3083 2631 pietate
3136 2572 3192 2617 et
3245 2565 3556 2633 integritate

326 2645 514 2700 turbas
550 2646 833 2714 aegerrime
875 2646 1057 2702 tulisse
1085 2647 1471 2718 Hieronymum
1517 2647 1811 2717 conjectat.

1989 2657 2222 2713 saniora
2253 2657 2506 2710 sensisse.
2545 2655 2732 2708 Relato
2767 2653 2882 2722 ejus
2911 2653 2963 2706 in
3001 2654 3259 2724 Diptycha
3297 2655 3513 2708 nomine
3535 2694 3553 2723 ,

393 2735 556 2789 XXII.
618 2734 1010 2791 Observatioue
1056 2752 1186 2791 vero
1223 2737 1442 2805 dignum
1477 2739 1725 2806 estquod
1763 2752 1888 2790 nar-
1993 2766 2033 2803 ιι.

1993 2749 2218 2817 reliquis
2242 2749 2556 2817 praesulibus
2585 2748 2721 2800 idem
2749 2756 2806 2798 ut
2838 2745 3100 2812 lacerent,
3127 2746 3374 2812 exctnplo
3435 2746 3555 2803 fuit.

325 2835 446 2879 rant
482 2826 754 2891 Socrates,
808 2826 1069 2896 Georgius
1109 2826 1509 2880 Alexandrinus
1565 2837 1618 2881 et
1665 2827 1887 2882 Simeon
1987 2841 2136 2894 Adeo
2160 2849 2217 2892 ut
2252 2839 2459 2907 publice
2509 2837 2610 2892 coli
2649 2838 2841 2892 deinde
2877 2848 3085 2904 ρωριυε
3117 2838 3186 2890 sit
3233 2838 3554 2907 Chrysosm-

329 2915 741 2986 Metaphrastes,
780 2917 832 2970 in
853 2916 1209 2986 Theophilum
1233 2917 1375 2987 vulgi
1418 2917 1598 2972 odium
1624 2919 1885 2984 crevisse,

1989 2946 2128 2996 mus,
2159 2941 2212 2985 et
2236 2945 2424 2999 magna
2472 2931 2683 2981 demum
2715 2943 2903 2996 pompa
2931 2944 2993 2980 ac
3017 2928 3271 2981 comitatu
3296 2930 3557 2984 Constan-

322 3010 528 3064 ideirco
553 3010 693 3078 quod
744 3019 866 3079 post
899 3011 1182 3065 damnatos
1239 3020 1385 3066 tanto
1413 3020 1605 3065 conatu
1637 3010 1888 3082 Origenis
1993 3019 2274 3089 tinOpoIim
2312 3018 2570 3085 reliquias
2598 3017 2766 3084 ipsius
2806 3017 3058 3070 Comanis
3091 3018 3378 3070 devexerit
3429 3019 3558 3071 Pro-

321 3099 511 3166 “DNS,
551 3115 737 3154 eorum
769 3103 934 3154 etiam
971 3111 1088 3155 lum
1143 3101 1358 3156 Ῐθεῑίοιιὶ
1404 3103 1616 3158 dedilus
1636 3117 1757 3159 esse
1790 3105 1886 3157 de-
1916 3155 1958 3212 α
1991 3111 2103 3165 clus
2129 3111 2355 3164 antistes
2376 3108 3022 3176 Constantinopolitanus.
3049 3108 3144 3162 llic
3172 3110 3558 3179 porro-frustra

321 3193 618 3262 prehensus
656 3194 761 3258 sit;
801 3193 952 3261 cuius
1006 3194 1082 3248 rei
1127 3209 1347 3249 causam
1392 3210 1516 3249 cum
1558 3195 1626 3250 ab
1659 3209 1725 3249 eo
1761 3210 1887 3264 per-
1917 3193 1958 3212 “
1992 3203 2217 3257 miratur
2240 3200 2513 3266 Socrates,
2547 3201 2677 3270 quid
2705 3201 2774 3254 sit
2798 3214 2895 3254 cur
2929 3205 3149 3269 tot'post
3187 3201 3392 3276 obitum
3453 3218 3556 3255 an-

323 3295 638 3341 conlarellll‘
695 3287 962 3358 quispiam
993 3326 1006 3351 ι
1066 3289 1409 3358 respondisse
1460 3298 1616 3357 prato
1668 3287 1891 3343 ﬂoribus
1993 3298 2077 3350 nis
2111 3295 2398 3364 Origenem
2431 3294 2496 3346 ab
2527 3291 2781 3346 Ecclesia:
2810 3295 3187 3347 communione
3218 3306 3560 3364 segregatum

330 3377 541 3432 consito
570 3377 774 3432 similes
805 3391 925 3432 esse
958 3377 1126 3433 libros
1171 3379 1421 3448 Origenis
1443 3419 1458 3444 ,
1494 3379 1788 3448 decerpere
1833 3393 1892 3434 se
1994 3386 2423 3458 pronuntiaverit
2454 3383 2809 3453 Theophilus,
2841 3384 3101 3439 Joannem
3125 3401 3256 3440 vero
3285 3387 3561 3442 tricesimo

327 3482 447 3534 Quae
479 3468 702 3536 pulchra
733 3477 893 3535 sunt;
931 3483 1047 3535 qua:
1076 3469 1318 3537 spinosa,
1350 3470 1628 3538 prmlerire
1659 3488 1672 3522 ε
1730 3477 1893 3536 atque
1994 3481 2182 3548 quinto
2213 3494 2242 3531 a
2272 3489 2447 3532 morte
2477 3492 2622 3532 anno
2663 3479 2714 3530 in
2748 3478 2991 3532 eamdem
3033 3477 3251 3533 Procles
3282 3489 3557 3548 receptum

324 3559 380 3611 ίιΙ
411 3559 661 3622 omnibus
714 3555 998 3612 οίΪθηδίοιιί
1049 3557 1239 3614 ίυίεεθ·
1289 3561 1362 3614 De
1391 3575 1453 3614 ea
1482 3575 1540 3613 τε
1574 3560 1649 3613 ila
1684 3559 1892 3628 Πυρθτ·
1993 3568 2224 3622 voluerit
2256 3584 2270 3620 :
2305 3583 2426 3620 nam
2459 3565 2589 3620 licet
2616 3564 2862 3634 Origenis
2888 3568 3067 3632 potius
3095 3567 3360 3632 doctrina,
3401 3583 3562 3636 quam

327 3659 416 3703 tus
441 3648 732 3703 Tuitiensis
759 3649 895 3703 lib.t
959 3649 1249 3704 Comment.
1273 3651 1328 3703 in
1357 3649 1638 3706 Deuteron.
1673 3666 1892 3720 cap.tx.
1997 3673 2194 3712 nomen
2241 3656 2404 3711 fuerit
2450 3673 2482 3711 a
2522 3656 2826 3726 Theophilo
2858 3657 3248 3724 damnandum,
3289 3658 3564 3713 nihilomi-

329 3758 352 3789 ι
377 3739 538 3794 Juxta
567 3739 802 3792 litteram
866 3740 1151 3793 manifesta
1178 3748 1262 3795 est
1297 3741 1548 3810 aequitas,
1583 3741 1738 3811 juxta
1769 3756 1895 3795 ana-
1998 3765 2101 3806 nus
2127 3757 2303 3802 tamen
2335 3734 2561 3818 utpote
2595 3749 2815 3802 nefariae
2837 3748 3100 3802 doctrinae
3151 3758 3341 3804 auctor
3368 3751 3564 3820 (mae-

326 3846 498 3901 gogen
532 3845 662 3885 vero
687 3831 873 3900 judicii
915 3831 1178 3886 lectorum
1226 3835 1502 3887 inhibetur
1539 3833 1893 3901 mutabilitas,
1999 3857 2094 3895 nes
2123 3854 2408 3894 censuram
2444 3840 2683 3908 aliquam
2714 3848 2768 3895 et
2794 3841 3270 3907 reprehensionem
3331 3856 3565 3897 comme-

331 3922 582 3977 videlicet
611 3937 770 3992 quam
797 3923 850 3976 in
895 3921 1194 3993 Theophilo
1229 3924 1620 3979 Alexandrime
1659 3925 1896 3979 civitatis

2000 3936 2140 4000 ruit;
2182 3951 2303 3990 cum
2351 3937 2551 3990 nullius
2599 3937 2903 3991 econtrario
2944 3939 3148 3990 erroris
3190 3935 3361 3991 amnis
3395 3938 3565 4004 Chry-

329 4015 582 4084 episcopo
603 4014 965 4070 ecclesiastica
994 4016 1336 4085 reprehendit
1369 4017 1576 4070 relatio.
1613 4017 1715 4083 Qui
1775 4032 1895 4072 cum
1998 4038 2292 4091 soslomus,
2356 4043 2452 4097 βει-
2505 4042 2774 4082 summum
2817 4028 2996 4082 sce|us
3043 4029 3110 4082 ab
3165 4026 3398 4082 Ecclesia
3437 4043 3565 4096 pro-

323 4103 550 4160 Joannis
572 4104 1176 4174 Constantinopolitani,
1205 4106 1298 4176 qui
1328 4106 1747 4177 Chrysostomus
1803 4124 1900 4178 ap-
2013 4118 2267 4185 scriptus,
2285 4117 2405 4185 jure
2440 4117 2490 4170 in
2518 4131 2636 4171 eam
2655 4118 2881 4172 subinde
2912 4127 3158 4186 receptus
3178 4119 3268 4172 sit.
3294 4117 3412 4173 Jam
3441 4129 3567 4174 ante

329 4196 562 4266 pellatur
581 4238 596 4262 ,
626 4206 772 4252 esset
802 4197 1071 4264 inimicus,
1101 4198 1387 4254 lectionem
1411 4200 1682 4270 Origenis,
1717 4201 1800 4254 cui
1833 4202 1899 4255 li-
2003 4209 2120 4263 haec
2162 4220 2405 4276 tempora
2433 4207 2630 4261 librum
2658 4207 2732 4261 De
2758 4210 3134 4263 resurrectione
3159 4210 3416 4264 adversus
3444 4211 3565 4266 Ori-

329 4287 522 4342 benter
545 4287 908 4354 incumbebat,
939 4288 1055 4343 zelo
1083 4289 1324 4360 ejusdem
1346 4289 1574 4346 Joannis
1601 4293 1897 4357 damnavit;
2001 4315 2190 4370 genem
2219 4299 2521 4368 scripserat
2547 4299 2807 4354 llammon
2843 4300 3373 4370 Adrianopolitanus,
3433 4312 3492 4356 ut.
3535 4318 3565 4356 a

336 4380 661 4450 tandemque
716 4380 969 4437 damnato
1014 4381 1222 4437 Joanne
1249 4423 1265 4449 ,
1323 4385 1448 4452 quia
1483 4397 1544 4438 se
1595 4400 1624 4437 a
1669 4385 1901 4441 lectione
2003 4391 2239 4445 Maximo
2270 4391 2524 4444 traditum
2555 4400 2639 4447 est
2691 4393 2743 4446 in
2774 4391 3008 4448 Scltoliis
3034 4396 3101 4448 ad
3148 4393 3460 4463 Dionysium
3493 4395 3567 4449 De

329 4472 580 4543 Origenis
635 4489 743 4528 non
809 4475 1069 4540 cohibuit,
1113 4489 1299 4529 rursus
1350 4476 1463 4544 ipse
1510 4477 1727 4531 lectioni
1782 4477 1902 4533 Ori-
1934 4489 1977 4542 1)
2006 4483 2198 4536 caelesti
2222 4481 2541 4548 hierarchia,
2575 4497 2695 4552 cap.
2751 4482 2800 4536 7.
2837 4482 2910 4536 De
2938 4480 3053 4550 ejus
3085 4492 3243 4537 aztate
3283 4501 3446 4538 unum
3478 4487 3569 4539 ha-

331 4565 486 4636 genis
511 4564 750 4636 ejusdem
784 4564 1046 4620 incubuit.
1111 4585 1129 4617 ι
1183 4564 1320 4619 Hinc
1367 4566 1670 4621 existimari
1719 4577 1900 4637 potest
2005 4575 2105 4629 beo
2145 4575 2285 4643 quod
2321 4574 2516 4640 dicam,
2558 4576 2908 4629 vetustiore.“
2939 4575 3109 4630 fuisse
3145 4577 3318 4644 ipsum
3345 4577 3568 4647 Cyrum,

333 4666 534 4726 quanta
565 4657 779 4711 vafritie
806 4655 1162 4727 Theophilus,
1189 4671 1284 4726 per
1329 4657 1565 4726 speciem
1599 4658 1896 4712 insectandi
2007 4681 2035 4718 a
2066 4680 2174 4733 quo
2210 4666 2260 4717 in
2295 4665 2656 4718 testimonium
2695 4666 2894 4720 alicubi
2930 4667 3130 4721 citatus
3152 4676 3256 4721 est.

333 4749 658 4817 Origenisnti
688 4750 929 4819 privatas
956 4749 1257 4804 simultates
1280 4749 1420 4804 ultus
1449 4751 1551 4816 sit;
1582 4750 1742 4805 facile
1769 4765 1900 4817 prae-
2073 4755 2264 4809 XXIV.
2293 4755 2562 4810 Restituto
2596 4758 2647 4810 iu
2680 4749 2960 4827 pris'tinam
3000 4758 3198 4812 famam
3249 4759 3572 4830 Cltrysosto-

335 4841 518 4894 sertim
559 4843 789 4910 receptis
818 4848 977 4908 paqu
1033 4850 1159 4896 ante
1199 4841 1251 4894 in
1277 4843 1508 4909 gratiam
1534 4842 1895 4912 Origenistis:
2006 4862 2113 4911 mo,
2143 4863 2334 4916 magna
2393 4857 2570 4902 tamen
2618 4865 2683 4904 ex
2726 4850 2807 4904 his
2837 4849 3326 4905 conflictationibus
3380 4852 3572 4922 Orige-

336 4935 429 4988 sed
465 4945 520 4987 ut
547 4934 600 4987 in
627 4945 802 5003 empta
833 4945 1013 4990 tamen
1070 4935 1416 4990 simulatione
1472 4943 1850 5004 perseveraret
1881 4976 1896 5001 ,
2008 4939 2167 4991 niano
2203 4941 2408 4991 nomini
2448 4941 2737 5010 ignominia
2767 4941 2910 4994 illata
2935 4949 3038 5005 est,
3062 4952 3118 4995 ut
3144 4943 3253 4996 fere
3276 4943 3387 5012 jam
3413 4944 3571 5012 vulgo

337 5024 532 5096 stylum
556 5024 656 5078 hoc
679 5027 812 5093 ipso,
851 5034 905 5080 et
938 5036 1194 5095 sequente
1223 5034 1482 5095 praterea
1514 5041 1656 5080 anno
1687 5040 1897 5079 summa
2008 5046 2106 5099 pro
2133 5033 2389 5087 haaretico
2443 5034 2755 5088 haberetur.
2813 5033 3153 5103 Quapropter
3213 5034 3572 5106 Hieronymus

338 5119 630 5188 asperitate
667 5126 721 5171 et
751 5117 1124 5172 maledicentia
1150 5120 1392 5173 exercuit
1420 5119 1678 5173 adversus
1707 5117 1900 5187 Orige-
2010 5120 2405 5176 Demetriadem
2469 5123 2733 5192 virginem
2782 5126 3062 5192 prazceptis
3094 5125 3376 5178 instituens
3431 5142 3572 5179 anno

339 5224 462 5263 nem
490 5209 542 5262 in
571 5208 813 5277 epistolis
842 5209 1214 5274 Paschalibus,
1255 5226 1392 5279 quas
1434 5209 1624 5264 Latine
1658 5209 1904 5280 exposuit
2011 5213 2136 5275 415,
2178 5224 2336 5266 caute
2386 5226 2566 5268 monet
2614 5225 2671 5268 ut
2721 5216 2822 5269 sibi
2866 5216 2932 5268 ab
2979 5216 3413 5286 Origenistarum
3467 5217 3573 5271 fer-

341 5299 716 5369 Hiel‘onmeS.
748 5299 799 5352 Ῑιι
825 5299 1103 5354 3b0lendis
1141 5299 1566 5370 Origenistarurl
1631 5300 1906 5354 erroribus
2014 5316 2193 5361 mento
2220 5317 2428 5361 caveat.
2463 5307 2596 5362 Nam
2623 5323 2741 5362 cum
2770 5309 3165 5376 Origenismum
3192 5312 3257 5362 ab
3287 5311 3575 5363 Anastasio

338 5389 636 5456 Theophilo
663 5390 1036 5443 consentiens.
2015 5401 2298 5466 protritum
2339 5398 2589 5462 dixisset,
2639 5400 2827 5452 addit:
2869 5417 2886 5450 ς
2929 5399 2995 5452 Ει
3033 5402 3158 5468 quia
3201 5415 3414 5463 vereor,
3469 5401 3576 5453 imo

409 5479 596 5534 XXIII.
628 5479 783 5532 Anno
821 5479 1016 5534 Christi
1048 5480 1154 5534 ME).
1178 5481 1407 5536 decessit
1432 5480 1787 5553 Theophilus,
1820 5497 1905 5536 re-
2017 5505 2230 5545 ruinore
2255 5491 2503 5559 cognovi,
2542 5490 2592 5542 in
2615 5489 2936 5558 quibusdam
2968 5491 3144 5542 adhuc
3173 5490 3354 5544 vivere
3379 5497 3431 5543 et
3459 5489 3577 5557 pul-

336 5575 462 5627 licto
495 5589 619 5627 cum
649 5573 890 5642 epistolis
918 5572 1270 5628 Paschalibus
1301 5577 1495 5642 grandi
1527 5577 1820 5642 volumine,
1853 5578 1904 5630 in
2015 5580 2179 5635 lulare
2212 5589 2470 5635 venenata
2507 5580 2799 5648 plantaria,
2863 5579 2990 5632 illud
3037 5589 3089 5632 te
3150 5581 3238 5649 pio
3284 5580 3570 5634 charitatis

409 5756 452 5787 ³²
496 5755 689 5824 Synes.
727 5757 883 5823 epist.
910 5755 995 5811 66.
1076 5756 1120 5787 ³³
1145 5755 1361 5812 Hieron.
1395 5758 1551 5824 epist.
1580 5760 1666 5816 88.
1745 5761 1787 5806 .3“
1821 5761 1917 5816 lsa.
1952 5777 2062 5825 xxi,
2093 5761 2143 5816 9.
2220 5762 2263 5794 ³³
2299 5760 2492 5818 Baron.
2525 5777 2613 5817 au.
2640 5760 2762 5823 illi,
2798 5775 2914 5824 cap.
2948 5775 3013 5815 an
3045 5759 3163 5814 I35.
