4152 6402
326 396 458 451 Ηϐι

1169 388 1737 452 ORIGENIANORUM
1776 395 1903 449 LIB.
1946 392 2009 459 ll,
2046 394 2196 450 CAP.
2238 395 2326 460 IV,
2370 395 2562 451 SECT.
2606 398 2669 451 ll.

3433 405 3572 456 illi!

396 512 636 581 Urigenis
666 510 836 584 Opem
861 513 1002 579 prelo
1032 515 1303 565 εθηιηιὶιιίι
1341 513 1573 566 lacubus
1603 511 1884 584 Merlignus,
1919 518 1965 574 Α
1998 527 2160 565 unum
2211 513 2262 566 id
2294 515 2452 569 enixe
2497 515 2790 584 postulavit
2830 514 3028 582 Sabas,
3057 527 3119 573 ut
3160 518 3296 584 Arii,
3330 517 3562 574 Nestor-ii

394 593 445 638 et
474 599 569 650 pro
594 598 651 635 eo
675 583 980 650 Apologiam
1008 584 1184 634 st‘rihit
1208 598 1226 646 ;
1259 585 1394 636 unde
1427 584 1639 636 Μαιδινί
1659 595 1703 635 et
1732 582 1890 636 Beda:

394 654 645 706 conviciis
698 654 979 763 aipetitur.
1038 650 1178 704 XXI.
1237 651 1537 763 Deéendunt
1611 650 1889 721 Origenem

400 721 670 763 ancmue
749 719 1020 763 ‘prrnn'us,
1073 721 1262 763 Sirrhu
1305 755 1314 763 .
1345 723 1565 763 mammis-
1598 717 1889 763 Cannhrnr-

394 669 645 706 convtcm
698 670 728 705 α
768 669 979 719 petatur.
1039 669 1178 704 ΑΜ.
1237 669 1537 763 υεὲεηαυηι
1611 669 1889 721 urtgenem

394 721 673 781 Erasmus,
718 669 1024 785 Ferrarius,
1073 721 1262 775 δίκαιε
1304 723 1569 784 μεηεηεὶδ,
1598 717 1890 774 Genebrar-

394 794 494 846 dus
552 802 599 844 et
638 790 957 861 Halloxius_:
993 792 1230 844 eumdem
1260 793 1568 861 impugnant
1625 788 1889 861 Barquius

394 874 439 915 et
468 860 823 915 Bellarminus
847 878 864 924 ;
904 859 1164 912 Lutherus
1208 871 1253 914 et
1281 859 1422 914 Beat
1450 877 1467 914 :
1496 862 1701 914 incerta
1733 859 1891 914 Scal--

393 934 484 1001 teti
516 937 651 984 ratio
674 946 693 982 :
719 932 968 1001 a’quiores
992 932 1049 983 in
1072 945 1190 1001 eunt
1218 947 1271 983 se
1302 940 1485 1001 gerunt
1536 930 1851 1001 Espencwus
1876 971 1891 996 ,

396 1000 731 1065 l’ossevmus,
760 998 1053 1063 Gretserus,
1077 1012 1124 1052 et
1157 998 1396 1056 Binetus.

396 1093 447 1146 1.
482 1090 804 1161 Superiores
832 1092 1036 1154 turbas,
1080 1089 1229 1145 velut
1273 1091 1340 1145 de
1364 1101 1665 1159 compacto,
1698 1090 1894 1145 multo-

325 1199 442 1237 rum
476 1196 737 1235 annorum
779 1181 1011 1236 inducite
1045 1192 1352 1237 consecutae
1376 1182 1894 1253 sunt,.0rigenismo

323 1272 627 1327 faventibus
676 1271 898 1341 quidem
957 1271 1164 1334 multis,
1218 1271 1463 1341 pluribus
1500 1274 1665 1328 etiam
1699 1274 1892 1328 adver-

323 1362 586 1422 santibus.
620 1362 715 1415 sed
737 1360 981 1429 utrisque
1004 1358 1088 1413 vel
1130 1361 1497 1427 prementibus
1531 1364 1891 1429 sententiam,

321 1444 407 1499 vel
433 1446 569 1500 citra
603 1444 929 1499 discordiam
968 1443 1373 1512 aperientibus;
1415 1445 1593 1512 quoad
1646 1460 1676 1498 e
1725 1444 1895 1499 Puta:-

321 1538 482 1593 stinae
514 1535 860 1591 monasteriis
908 1548 1045 1588 nova
1082 1549 1298 1588 rursum
1337 1535 1695 1589 dissensionis
1733 1535 1892 1589 ﬂam-

322 1644 409 1683 ma
438 1643 749 1697 erumpens,
784 1628 1081 1681 maximum
1114 1626 1168 1681 in
1193 1625 1433 1680 Ecclesia
1468 1627 1676 1694 peperit
1709 1627 1895 1681 incen-

322 1719 490 1773 dium.
524 1717 656 1771 Nam
691 1732 811 1771 cum
837 1732 901 1772 ex
930 1718 1133 1772 erectis
1161 1731 1189 1769 a
1217 1714 1278 1770 S.
1315 1716 1457 1771 Saba
1491 1718 1774 1772 asceteriis
1800 1733 1895 1787 per

321 1812 474 1866 uetas
505 1811 766 1865 exiissent
801 1810 1052 1865 monachi
1081 1808 1301 1880 quidam
1345 1810 1667 1879 perduelles,
1721 1821 1775 1866 et
1825 1811 1890 1865 ad

1994 614 2049 658 ct
2080 603 2331 674 Origenis
2359 609 2631 675 dogmata,
2674 609 2870 677 quibus
2909 609 3163 665 Ecclesia:
3196 615 3564 666 conturbaluv

1996 704 2086 748 tur
2118 694 2504 765 tranquillitas,
2541 698 2607 753 de
2646 699 2823 754 medio
2858 700 3197 757 tollerentur.
3232 705 3433 757 Annuit
3464 705 3566 758 im-

1960 794 2232 852 'perator,
2298 794 2354 840 et
2417 787 2655 842 Antonio
2711 789 3121 857 Ascalonitano,
3171 804 3226 847 et
3285 794 3566 849 Zachariae

1994 874 2154 931 Pella:
2207 878 2475 949 episcopis
2528 895 2629 949 per
2690 880 2902 937 litteras
2958 884 3103 939 dedit
3162 889 3453 955 negotium,
3510 897 3568 942 ut

1996 966 2094 1021 has
2153 968 2502 1039 proﬂigarent
2550 972 2806 1038 haereses,
2846 982 2900 1028 et
2946 975 3277 1032 anathemati
3327 979 3564 1049 subjice‘

1996 1067 2136 1112 rent.

2066 1147 2155 1203 Ill.
2199 1150 2310 1206 Sub
2340 1151 2496 1207 ﬁnem
2531 1157 2815 1223 sequentis
2847 1158 2973 1211 anni
3026 1158 3279 1215 humanis
3309 1172 3564 1231 exempto

1999 1239 2162 1305 Saba,
2186 1257 2433 1313 magnum
2465 1244 2516 1297 in
2553 1244 2834 1301 Palaestina
2865 1249 3269 1314 incrementum
3320 1252 3567 1319 0rigeni~

1998 1345 2149 1386 smus
2193 1334 2401 1402 accepit
2445 1349 2460 1385 :
2497 1334 2798 1404 hujusmodi
2829 1339 2972 1392 enim
3017 1340 3342 1411 castigatore
3402 1356 3566 1411 expe-

1996 1424 2138 1479 ditus
2163 1422 2405 1490 Nonnus,
2441 1427 2760 1483 administro
2790 1445 2917 1486 usus
2941 1431 3189 1499 Leontio,
3227 1448 3330 1487 non
3362 1432 3566 1488 Novam

1997 1517 2170 1570 solum
2198 1517 2457 1585 Lauram,
2499 1524 2597 1575 sed
2650 1523 2754 1577 alia
2791 1524 2953 1578 etiam
2990 1525 3149 1594 hujus
3176 1524 3343 1579 eremi
3380 1537 3566 1577 mona-

1998 1610 2161 1664 steria
2194 1623 2343 1680 peste
2382 1612 2600 1669 aﬂlavit.
2637 1615 2861 1670 Frustra
2891 1620 3143 1671 tamenin
3168 1618 3567 1685 corrumpendo

1998 1701 2271 1757 Suomensi
2310 1708 2574 1761 asceterio
2609 1719 2835 1765 conatus
2880 1725 3007 1764 suos
3036 1711 3388 1779 consumpsit,
3420 1718 3567 1763 artes

1999 1792 2141 1847 illius
2174 1793 2488 1849 exsufﬂante
2515 1797 2762 1867 Cyriaco,
2803 1800 3133 1854 admiranda:
3166 1801 3380 1855 virtutis
3414 1814 3565 1853 sene.

657 1863 945 1956 Thecoﬁﬁ,
1093 1863 1891 1957 ξδθιωειίηληιίοέωῆἰθληωη
1925 1863 1968 1921 Β
1994 1878 2235 1949 lgiturut
2255 1884 2310 1938 in
2336 1885 2493 1953 hujus
2514 1888 2824 1942 monasterii
2857 1890 3094 1958 regimen
3125 1887 3569 1959 allegereturPe-

322 1979 965 2049 eistruxissentcirciter
1008 2007 1211 2048 annum
1240 1992 1448 2049 Christi
1483 1990 1609 2059 5l7,
1645 1992 1893 2047 reconci-

325 2086 487 2142 liatus
511 2099 632 2141 cum
657 2084 761 2139 illis
790 2084 983 2151 Sabas,
1012 2083 1294 2139 decoratas
1330 2099 1360 2138 a
1390 2097 1449 2140 se
1473 2092 1528 2138 et
1554 2083 1896 2152 ampliﬁcatae

324 2179 561 2246 ipsorum
595 2178 761 2231 laurze
823 2175 1086 2231 Joannem
1115 2175 1404 2246 quemdam
1445 2175 1705 2245 praefecit.
1744 2175 1897 2231 Scri-

323 2271 403 2325 bit
432 2268 668 2342 Cyrillus
700 2266 1023 2333 monachus,
1084 2267 1237 2323 testis
1278 2266 1544 2338 locuples,
1595 2276 1655 2322 ut
1681 2269 1773 2338 qui
1811 2268 1897 2323 his

323 2361 457 2416 locis
482 2369 536 2415 et
569 2360 905 2429 temporibus
927 2358 1151 2426 vixerit,
1190 2359 1352 2414 morti
1378 2360 1685 2429 proximum
1727 2357 1895 2414 Joan-

322 2466 444 2508 nem
472 2450 777 2522 hujusmodi
802 2451 1119 2506 vaticinium
1150 2452 1385 2507 edidisse
1419 2470 1432 2505 :
1468 2470 1487 2507 ι
1516 2452 1654 2508 Ecce
1676 2454 1897 2507 veniunt

323 2544 461 2609 dies,
493 2543 549 2597 in
583 2541 779 2613 quibus
802 2542 892 2611 qui
929 2551 1258 2613 praesentem
1301 2541 1477 2597 locum
1508 2542 1774 2608 habitant,
1805 2545 1898 2598 de-

324 2634 557 2689 scissent
584 2647 614 2686 a
642 2642 790 2686 recta
822 2631 949 2698 ﬁde,
983 2640 1038 2685 et
1066 2630 1398 2686 extollentur
1428 2631 1644 2700 quidem
1698 2633 1750 2684 in
1807 2646 1897 2687 se-

324 2724 476 2793 ipsis,
503 2734 562 2778 ut
588 2738 711 2778 cum
737 2724 922 2779 divino
948 2722 1116 2777 David
1135 2724 1333 2788 dicam,
1359 2727 1449 2793 qui
1472 2723 1791 2778 exacerbant
1810 2724 1893 2780 ’σε

322 2815 379 2870 in
410 2815 639 2870 audacia
668 2829 796 2870 vere
826 2829 926 2869 sua
957 2815 1333 2878 destruantur,
1364 2824 1419 2869 et
1447 2813 1675 2869 altitudo
1706 2829 1895 2869 eorum

322 2914 549 2976 repente
574 2904 789 2961 decidet
812 2905 878 2961 ³⁷.
915 2922 935 2957 ι
964 2904 1178 2959 Dictum
1203 2919 1290 2960 res
1320 2904 1698 2974 comprobavit
1732 2923 1744 2959 :
1781 2902 1895 2959 suf-

321 2994 500 3053 fectus
522 2997 667 3051 enim
691 2995 848 3052 Sabae
882 3005 1013 3050 nutu
1058 2996 1111 3050 in
1144 2994 1369 3051 Joannis
1405 2996 1581 3051 locum
1645 2997 1846 3052 Paulus
1875 3036 1891 3062 ,

321 3089 407 3143 vir
436 3088 687 3156 simplex,
724 3088 779 3143 in
840 3087 1233 3142 monachorum
1266 3097 1469 3143 ctetum
1520 3098 1757 3158 quatuor
1794 3091 1894 3144 bo-

1996 1980 2114 2026 trus
2162 1971 2588 2044 Alexandrinus,
2628 1976 3006 2048 Origenisticae
3059 1980 3142 2033 vir
3176 1980 3421 2033 addictus
3481 1994 3567 2033 se-

1996 2070 2116 2124 ctae,
2145 2062 2370 2131 perfecit
2404 2064 2630 2123 Nonnus
2658 2087 2671 2123 :
2712 2082 2898 2122 verum
2931 2078 2989 2125 ut
3019 2070 3063 2124 is
3086 2070 3385 2125 doctrinam
3412 2084 3566 2126 suam

1996 2152 2267 2223 explicare
2305 2158 2491 2226 coepit,
2528 2173 2723 2230 magno
2773 2161 2956 2214 statim
3005 2161 3243 2214 omnium
3296 2176 3567 2217 consensu

1998 2244 2237 2313 dejectus
2286 2256 2391 2303 eSt.
2465 2246 2685 2303 Petrum
2749 2250 2915 2305 alium
2983 2250 3193 2307 Graecia
3248 2252 3563 2317 oriundum,

1995 2337 2193 2404 prioris
2246 2336 2391 2393 Petri
2433 2341 2773 2397 consimilem
2824 2352 2879 2397 et
2941 2344 3282 2413 partiarium,
3319 2348 3477 2411 eique
3537 2362 3568 2399 a

2000 2426 2175 2483 Nonni
2208 2431 2433 2487 asseclis
2466 2432 2772 2499 suﬂ‘ectum,
2808 2433 3074 2490 Catholici
3115 2436 3300 2491 itidem
3344 2438 3567 2491 abdica‘

1996 2533 2124 2575 runt
2155 2520 2439 2591 dignitate,
2478 2536 2533 2579 et
2576 2522 2900 2581 Cassianum
2955 2528 3172 2582 tandem
3222 2529 3567 2599 Scythopoli-

1998 2621 2204 2680 tanum,
2239 2612 2361 2669 ﬁdei
2382 2629 2446 2670 ac
2478 2631 2690 2671 morum
2724 2617 3037 2687 integritate
3054 2618 3355 2685 ﬂorentem,
3386 2637 3569 2676 mona-

2017 2705 2176 2759 sterii
2237 2702 2542 2761 Sucaensis
2602 2707 3084 2763 archimandritam
3150 2698 3566 2766 constituerunt.

1996 2794 2252 2864 Cyrillum
2282 2812 2497 2867 quoque
2520 2801 2871 2865 monachum,
2902 2802 2993 2870 qui
3020 2800 3176 2857 Saba:
3222 2801 3396 2857 Vitam
3425 2804 3569 2861 litte-

1998 2886 2073 2941 ris
2103 2888 2399 2953 mandavit,
2452 2889 2518 2944 ad
2545 2892 2791 2945 eumdem
2842 2891 3128 2963 Cyriacum
3172 2893 3383 2950 litteras
3422 2894 3570 2950 ferre

1990 2975 2150 3044 jussit
2172 2976 2404 3035 Joannes
2421 2979 2784 3047 Silentiarius,
2802 2984 3111 3053 episcopus,
3133 2986 3183 3040 in
3211 2986 3365 3041 Saba:
3389 2987 3569 3042 Laura

1998 3077 2123 3124 tunc
2142 3070 2401 3140 temporis
2429 3072 2774 3141 delitescens,
2800 3072 3125 3144 Origenistis
3156 3076 3417 3144 infensus,
3448 3080 3569 3149 qui-

321 3181 497 3237 mines
522 3180 849 3251 Origeniana
881 3180 970 3236 lue
998 3178 1316 3236 laborantes
1338 3196 1446 3235 non
1483 3182 1616 3237 satis
1672 3196 1892 3252 perspe.

1998 3161 2098 3217 bus
2144 3164 2306 3217 enixe
2343 3164 2410 3217 ab
2443 3179 2507 3219 eo
2540 3164 2864 3235 postulabat,
2900 3176 2959 3222 ut
3014 3167 3188 3223 Nonni
3234 3186 3297 3225 ac
3332 3170 3566 3235 Leontii,

321 3281 407 3326 cta
446 3285 635 3326 eorum
668 3272 914 3326 doctrina
945 3269 1167 3326 admisit
1196 3288 1210 3325 :
1235 3286 1373 3342 quos
1400 3274 1545 3328 inter
1568 3274 1772 3343 primas
1793 3276 1893 3330 ob-

323 3362 572 3416 tinebant
598 3359 825 3416 Nonnus
856 3360 1079 3430 quidam
1105 3360 1453 3428 Palaestinus,
1488 3378 1594 3419 non
1643 3363 1896 3436 Origeni-

321 3459 527 3505 starum
585 3453 872 3513 duntaxat,
930 3451 1024 3506 sed
1072 3452 1354 3521 gentilium
1392 3454 1558 3508 etiam
1609 3465 1666 3511 et
1722 3456 1895 3512 Mani.

321 3542 593 3596 chazorum
631 3539 912 3595 erroribus
945 3540 1277 3610 implicatus,
1320 3552 1376 3597 et
1399 3543 1661 3601 Leuntius
1692 3546 1895 3618 Byzan-

322 3634 450 3696 tius,
472 3630 632 3685 velut
654 3630 774 3686 aliis
800 3631 995 3701 placet,
1020 3631 1358 3704 Byzacenus.
1381 3633 1447 3689 Hi
1476 3637 1576 3689 sub
1627 3637 1889 3709 Agapeto,

320 3736 478 3791 quem
504 3721 666 3776 Nova:
694 3721 885 3779 Laurte
924 3740 1160 3795 praeesse
1184 3726 1423 3795 iusserat
1476 3726 1648 3784 Sabas
1671 3770 1687 3797 ,
1739 3744 1893 3801 post-

318 3826 480 3881 quam
509 3810 707 3869 Paulus
729 3814 1037 3871 solitudinis
1060 3831 1252 3873 amans
1278 3818 1332 3872 in
1358 3817 1617 3874 Arabiam
1644 3824 1891 3889 secessit,

322 3904 591 3959 insaniam
638 3921 793 3961 suam
851 3907 1225 3978 prodiderunt.
1266 3909 1385 3977 Quo
1419 3923 1705 3983 comperto
1762 3914 1894 3971 Elia:

320 3995 780 4069 Jerosolymorum
799 4000 1062 4071 episcopi,
1089 4011 1145 4056 et
1172 4000 1331 4058 Saba:
1351 4003 1578 4059 consilio
1604 4020 1733 4061 usus
1757 4008 1894 4078 Aga-

320 4098 503 4159 petus,
533 4102 602 4143 ne
640 4088 802 4144 latius
837 4100 1088 4160 serperet
1136 4090 1311 4159 labes,
1372 4093 1709 4167 Origenistas
1744 4098 1893 4153 laura

322 4182 605 4238 confestim
642 4184 971 4240 exturbavit.
1012 4182 1124 4241 Nec
1161 4186 1457 4258 impetrare
1492 4198 1787 4260 potuerunt
1816 4192 1890 4247 illi

322 4275 390 4328 ab
410 4271 864 4345 Jerusulymitano
891 4277 1139 4344 praesule,
1193 4279 1284 4350 qui
1343 4280 1476 4337 Elite
1522 4283 1804 4349 successit,
1837 4294 1894 4340 ut

324 4364 377 4418 in
432 4363 703 4434 integrum
743 4364 1197 4431 restituerentur;
1262 4370 1440 4438 quoad
1504 4385 1597 4426 eos
1634 4372 1889 4440 Maemas,

324 4462 444 4520 post
477 4453 700 4523 Agapeti
730 4454 956 4523 obitum,
996 4455 1159 4512 Nova:
1194 4456 1385 4514 Lauraa
1421 4470 1601 4516 rector
1629 4465 1887 4532 suscepit,

1997 3252 2330 3323 aliorumque
2360 3254 2815 3325 Origenistarum,
2847 3258 2936 3328 qui
2974 3256 3177 3313 Novam
3222 3258 3452 3315 Lauram
3487 3263 3569 3317 in—

1997 3345 2264 3411 sidebant,
2294 3345 2717 3403 confutationem
2754 3358 2810 3405 et
2833 3350 3086 3405 exsilium
3109 3366 3137 3404 a
3166 3354 3273 3406 Deo
3306 3354 3569 3422 impetra-

1997 3446 2101 3493 ret.
2134 3438 2431 3510 Respondit
2463 3439 2723 3513 Cyriacus
2760 3458 2924 3514 prope
2940 3458 3082 3509 esse,
3108 3460 3231 3499 cum
3265 3446 3569 3503 miserrime

1996 3530 2223 3588 Nonnus
2276 3543 2330 3588 et
2370 3533 2630 3590 Leontius
2671 3545 2856 3590 essent
2885 3536 3179 3603 interituri,
3211 3538 3401 3607 reliqui
3442 3555 3570 3595 vero

1998 3625 2234 3694 ipsorum
2263 3626 2485 3682 asseclze
2518 3642 2548 3682 e
2589 3625 2739 3682 Nova
2770 3626 2944 3682 Laura
2975 3629 3398 3699 expellerentur.
3431 3629 3569 3685 Tum

1996 3731 2275 3773 sermones
2302 3718 2444 3773 hunc
2484 3719 2627 3774 inter
2680 3729 2734 3774 et
2778 3718 3035 3791 Cyrillum
3076 3722 3143 3777 de
3190 3723 3351 3778 rebus
3377 3724 3569 3796 Orige-

1998 3810 2259 3865 nistarum
2297 3810 2439 3866 ultro
2485 3811 2734 3882 citroque
2768 3813 2981 3869 habitos
3030 3815 3195 3870 fuisse
3235 3828 3422 3872 narrat
3478 3818 3568 3872 Si-

1995 3914 2150 3954 meon
2191 3899 2605 3969 Metaphrastes,
2647 3917 2675 3957 a
2711 3920 2816 3975 quo
2851 3905 3062 3975 Cyriuci
3108 3905 3229 3962 Vita
3259 3909 3569 3978 conscripta

1993 3999 2101 4043 est.
2134 3988 2289 4044 Circa
2325 3990 2427 4044 hoc
2464 3990 2641 4058 ipsum
2678 4000 2887 4061 tempus
2916 3991 3091 4062 aliqua
3123 3994 3376 4063 Origenis
3428 4009 3568 4063 Opu-

1993 4079 2141 4135 scula
2178 4078 2417 4136 Bellator
2448 4081 2732 4152 presbyter
2761 4080 2815 4135 in
2848 4080 3096 4137 Latinam
3120 4083 3356 4155 linguam
3394 4088 3568 4141 refun-

1993 4170 2176 4225 debat.

2065 4281 2154 4337 IV.
2200 4281 2306 4338 Res
2357 4281 2752 4352 aliquantisper
2812 4282 3173 4352 tranquillatte
3224 4274 3569 4349 videbantur.

1995 4389 2117 4429 cum
2178 4373 2355 4428 Nonni
2411 4373 2659 4442 discipuli
2712 4373 3051 4429 Domitianus
3113 4385 3169 4431 et
3227 4376 3565 4445 Theodorus,

1994 4475 2351 4535 cognomento
2380 4465 2625 4529 Ascidas,
2669 4466 2990 4537 Ancyranus
3038 4467 3148 4535 ille,
3183 4470 3271 4524 hic
3304 4469 3566 4526 Cmsarete

325 4543 721 4614 (higenismum
760 4546 983 4614 quidem
1034 4547 1089 4603 in
1123 4550 1243 4605 sinu
1275 4560 1573 4620 gestantes,
1607 4555 1700 4609 sed
1731 4554 1890 4612 Saba:
1922 4538 1967 4595 Ῐ)
1995 4556 2348 4625 Cappadociae
2380 4563 2596 4611 creatus
2616 4557 2860 4622 antistes,
2888 4558 2953 4612 ad
2996 4561 3417 4628 promoveudum
3442 4559 3568 4617 Ori-

324 4646 468 4691 metu
494 4639 731 4695 animum
770 4640 1193 4697 dissimulantes.

391 4727 453 4781 ll.
484 4729 804 4788 Grassantes
833 4734 1036 4790 interea
1064 4749 1160 4805 per
1188 4734 1528 4791 Palaestinam
1579 4736 1739 4792 Sama
1753 4739 1888 4793 rita-

322 4820 379 4874 ni
403 4821 656 4878 maximis
678 4823 1081 4881 calamitatibus
1120 4841 1234 4881 rem
1284 4824 1647 4883 Christianam
1681 4828 1891 4885 aﬂlixe-

238 4894 260 4904 ”
321 4920 468 4967 runt.
499 4910 675 4969 Nihilo
703 4916 879 4971 secius
927 4915 1313 4984 Iustinianum,
1341 4917 1565 4989 ejusque
1609 4921 1889 4991 conjugem

322 4998 679 5071 Theodoram,
710 5018 905 5060 recens
931 5007 1218 5076 imperium
1260 5009 1484 5078 adeptos
1508 5010 1758 5066 conﬁctis
1791 5027 1885 5067 ca-

321 5091 540 5146 lumniis
573 5094 1034 5151 circumvenitvir
1076 5099 1341 5169 dignitate
1387 5099 1636 5165 illustris,
1674 5102 1889 5157 nomine

322 5184 603 5252 Arsenius,
640 5195 757 5241 arte
802 5198 1077 5244 veterator
1114 5204 1177 5246 ac
1211 5192 1569 5262 sycophanta,
1602 5203 1657 5249 et
1690 5193 1885 5248 Sama-

320 5278 620 5331 ritanorum
642 5278 923 5336 seditionis
951 5292 1170 5336 causam
1205 5282 1256 5335 in
1284 5281 1627 5338 Christianos
1661 5282 1882 5337 refudit.

317 5365 526 5434 Quibus
556 5370 793 5438 acceptis
825 5368 1022 5425 Sabam
1046 5371 1345 5427 refutanda:
1378 5372 1663 5428 calumniae
1688 5375 1756 5429 ad
1788 5375 1891 5429 im-

318 5468 622 5530 peratorem
672 5462 868 5534 allegat
920 5461 1415 5534 Jerosolymitanus
1462 5466 1693 5522 antistes
1744 5482 1887 5523 anno

315 5552 514 5609 Christi
553 5553 677 5611 530.
744 5555 1067 5611 Liberaliter
1113 5572 1236 5613 eum
1270 5559 1471 5628 excipit
1522 5557 1883 5624 Justinianus,

316 5646 628 5718 prolixeque
658 5648 840 5704 omnia
888 5649 1081 5706 defert.
1098 5648 1253 5723 ‘jTum
1296 5665 1426 5708 vero
1493 5668 1608 5723 pra:
1665 5654 1884 5709 caeteris

387 5822 429 5853 “
454 5821 599 5879 Psal.
632 5839 755 5890 va,
782 5824 831 5878 7.

554 5916 824 5979 Parnm.
867 5918 983 5980 Gn.
1024 5921 1228 5983 XVII.

1992 4646 2294 4716 genismum
2323 4660 2514 4701 recens
2542 4645 2745 4717 adepta
2769 4656 3038 4716 potestate
3063 4649 3216 4705 abusi
3258 4659 3407 4705 sunt.
3455 4651 3564 4706 Eo-

1992 4753 2111 4793 rum
2155 4739 2356 4809 quippe
2393 4738 2645 4808 praesidio
2693 4739 2881 4794 conﬁsi
2930 4739 3250 4810 Origenistaa
3296 4756 3399 4796 non
3449 4744 3564 4813 jam

1994 4843 2089 4897 per
2110 4828 2406 4893 cuniculos,
2438 4843 2542 4883 non
2568 4830 2809 4885 subdolis
2844 4832 3352 4888 ratiocinationibus
3379 4835 3567 4904 incau-

1997 4930 2079 4977 tas
2113 4928 2323 4976 mentes
2344 4936 2654 4990 expugnare
2676 4931 2968 4987 tentarunt,
2996 4924 3088 4978 sed
3122 4935 3305 4994 aperta
3333 4924 3382 4978 vi
3412 4940 3566 4992 gras-

1992 5020 2198 5077 santes,
2228 5013 2394 5066 armis
2431 5012 2704 5078 instructi,
2738 5028 2968 5082 quorum
2999 5014 3208 5069 animos
3235 5014 3565 5072 labefactare

1992 5120 2098 5160 non
2144 5112 2433 5173 poterant,
2481 5118 2668 5160 eorum
2723 5106 3046 5161 monasteria
3088 5106 3327 5163 funditus
3380 5108 3565 5163 dirue-

1989 5196 2141 5252 bant.
2179 5184 2244 5249 Et
2299 5196 2352 5250 in
2410 5199 2699 5253 maximam
2758 5214 2970 5269 quoque
3019 5199 3172 5254 Saba:
3215 5199 3448 5254 Lauram
3498 5215 3564 5256 ea

1992 5298 2199 5360 strages
2236 5289 2592 5355 incubuisset,
2627 5290 2729 5346 nisi
2777 5292 2864 5344 via
2916 5290 3235 5346 aberrantes
3276 5291 3329 5345 in
3369 5307 3564 5361 aspera

1990 5379 2313 5434 incidissent
2344 5378 2487 5446 loca,
2523 5381 2663 5436 unde
2692 5380 2890 5436 inlecta
2920 5397 2979 5436 re
3003 5384 3191 5450 pedem
3236 5382 3451 5436 demum
3480 5394 3566 5434 re-

1988 5470 2246 5527 tulerunt.
2278 5471 2501 5542 Magnos
2532 5473 2696 5527 etiam
2729 5489 2797 5528 ex
2825 5488 2891 5528 eo
2935 5482 3289 5543 sumpserunt
3313 5471 3563 5542 spiritus,

1982 5563 2123 5631 quod
2164 5563 2385 5619 Petrum
2418 5564 2925 5636 Jcrosolymitanum
2974 5567 3285 5635 episcopum
3338 5580 3566 5634 compo-

1982 5652 2103 5708 sitis
2131 5654 2269 5712 dolis
2288 5670 2353 5713 eo
2381 5656 2755 5728 perpulerunt,
2785 5664 2847 5712 ut
2890 5656 2946 5712 in
2994 5652 3428 5713 communionem
3474 5670 3563 5713 re-

915 5826 956 5859 ³⁷
981 5823 1165 5898 Cyrill.
1193 5828 1247 5884 in
1284 5826 1397 5884 Vita
1425 5826 1481 5884 S.
1518 5826 1693 5894 Saba’,
1725 5842 1843 5898 cap.
1876 5825 1964 5892 49,
1988 5826 2077 5883 50.

3172 5929 3249 5991 37
