4152 6410
622 373 766 424 ³11οδ

1895 379 1954 434 Ρ.
1997 380 2314 438 DANIELIS
2351 383 2583 441 llUETll

3735 401 3871 456 εισι

623 486 830 549 t-iperct
888 484 1106 538 Petrum
1164 487 1614 558 Alexandrinum,
1669 506 1828 560 quem
1887 493 2404 566 SuczecnsisAquo
2453 510 2673 556 notatur
2725 507 3034 573 monachus,
3069 509 3244 564 oritur
3271 526 3333 566 ex
3389 516 3534 580 3m,
3583 516 3867 568 commta.

624 577 936 630 monasterii
964 578 1278 644 prmfectura
1307 581 1585 650 depulsum
1633 585 1893 649 diximus,
1930 596 1984 641 et
2017 586 2191 642 Joan»

621 681 743 718 nem
803 679 1160 734 cognomento
1207 671 1574 744 Strongylum.
1607 675 1726 740 Quo
1782 676 1926 733 facto
1986 687 2192 734 tantum

618 757 939 827 Origenistis
967 765 1200 818 accessit
1232 767 1461 832 ﬁducia),
1513 778 1570 821 ut
1617 770 1728 836 jam
1780 785 2191 840 quaquaversus

617 850 915 904 doctrinam
979 868 1152 916 suam,
1201 857 1279 910 sic
1330 867 1582 924 tanquam
1629 859 1820 929 legero,
1883 864 2190 932 promulga-

613 951 766 1004 rent;
827 943 871 997 si
921 947 1288 1013 quos-obvios
1347 949 1608 1004 haberent
1661 952 2010 1024 Jerosolymaa
2074 971 2188 1010 mo-

612 1037 818 1092 nachos
857 1040 1214 1105 orthodoxos,
1265 1043 1404 1097 male
1467 1045 1758 1099 multantes
1817 1050 2044 1115 turpiter
2086 1048 2185 1117 eji-

610 1139 832 1195 cerent‘;
866 1131 1066 1187 multos
1091 1134 1254 1188 etiam
1282 1137 1627 1204 gravissimis
1675 1139 1956 1208 suppliciis
1987 1156 2186 1195 excru-

608 1217 840 1274 ciarent.
877 1217 1084 1286 Quibus
1114 1223 1180 1276 ad
1207 1239 1301 1278 eos
1327 1227 1673 1296 perlatis,qui
1711 1231 1856 1283 circa
1892 1229 2181 1286 Jordanem

607 1310 766 1365 sedes
803 1324 1116 1380 posuerant,
1156 1318 1221 1370 ad
1263 1333 1418 1386 opem
1455 1321 1619 1374 sociis
1645 1321 1922 1376 ferendam
1967 1335 2181 1389 coeunt,

607 1409 662 1454 et
693 1399 744 1454 in
775 1401 931 1455 Saba:
956 1402 1215 1466 Lauram,
1242 1407 1387 1460 velut
1422 1408 1474 1461 iu
1499 1411 1957 1480 propugnaculum
1992 1413 2186 1465 confu-

605 1493 785 1559 giunt.
809 1494 880 1547 At
909 1495 1033 1549 illuc
1061 1512 1278 1566 quoque
1310 1516 1471 1554 manu
1500 1501 1642 1555 facta
1679 1502 1933 1556 advolant
1986 1503 2175 1574 Orige-

605 1586 784 1650 nisue,
811 1597 865 1640 et
886 1585 1100 1642 foribus
1127 1589 1394 1656 eﬂractis,
1431 1592 1608 1646 Laura
1661 1595 1839 1662 potiti,
1874 1611 1940 1648 ex
1989 1598 2179 1650 ortho-

602 1676 764 1732 doxis
791 1679 1096 1748 complures
1127 1681 1447 1738 vulneribus
1477 1684 1791 1739 concidunt.

681 1774 741 1827 V.
771 1774 896 1830 Haec
928 1773 982 1828 in
1026 1773 1146 1829 Vita
1174 1774 1336 1830 Saba:
1364 1791 1594 1830 narrans
1617 1775 1871 1845 Cyrillus,
1899 1786 1953 1830 et
1988 1775 2176 1846 Orige-

2295 588 2389 651 ait,
2413 593 2687 652 perterruit
2721 608 2740 646 :
2768 596 2890 649 hinc
2929 597 3052 667 quis
3088 598 3318 654 fortasse
3363 603 3664 665 sarabaitas
3695 604 3868 659 dictos

2295 689 2448 746 putet
2497 685 2792 741 monachos
2858 688 3148 758 inquietos,
3202 703 3548 748 contumaces
3587 703 3642 748 et
3673 697 3865 749 turbu-

2295 770 2500 837 lentos;
2559 790 2682 827 nam
2732 791 2826 831 eos
2881 779 3021 834 inter
3050 795 3112 836 se
3149 781 3400 836 altercari
3435 795 3487 837 et
3537 787 3870 842 contendere

2292 863 2479 917 solitos
2521 865 2683 918 tradit
2737 865 3118 937 Hieronymus.
3167 869 3487 928 Nominatos
3518 875 3736 941 quidam
3765 891 3861 929 su-

2291 952 2567 1018 Spicantur
2591 953 2698 1006 ἀπὸ
2730 954 2821 1007 τοῦ
2845 955 3114 1026 Σαράΰου,
3141 959 3398 1011 ’τουτέστι
3429 959 3523 1012 τοῦ
3554 962 3865 1028 γυναικείου

2290 1041 2512 1106 diaetas,
2543 1044 2620 1097 sic
2647 1046 2792 1099 enim
2827 1061 3010 1102 vocem
3041 1048 3179 1102 hanc
3224 1051 3656 1120 interpretantur
3688 1052 3861 1123 llcsy-

2289 1135 2444 1188 chius
2472 1144 2528 1188 et
2579 1133 2795 1192 Suidas.
2845 1137 3085 1209 Prompti
3122 1149 3303 1195 autem
3332 1152 3492 1196 erant
3530 1143 3582 1196 in
3608 1158 3862 1198 venerem

2289 1229 2581 1282 sarabaitze
2612 1245 2627 1282 :
2664 1239 3009 1299 quapropter
3045 1232 3121 1284 ait
3160 1231 3486 1288 llumbertus
3513 1233 3808 1290 cardinalis
3842 1251 3860 1289 :

2290 1339 2309 1372 Ι
2345 1319 2498 1375 Unde
2523 1333 2575 1376 et
2614 1321 2944 1378 fornicantes
2977 1325 3278 1378 sarabaitas
3313 1338 3684 1394 venerantur;
3715 1347 3735 1381 ι
3763 1330 3860 1384 scd

2286 1413 2636 1468 verisimilius
2666 1424 2766 1478 est,
2795 1416 2936 1483 quod
2963 1415 3240 1470 attulimus
3271 1420 3450 1486 priore
3475 1419 3594 1474 loco
3621 1422 3861 1478 nominis

2286 1504 2444 1573 hujus
2470 1506 2852 1576 veriloquium.
2884 1507 3016 1562 Utnt
3044 1519 3127 1563 est
3183 1526 3288 1563 non
3339 1523 3534 1578 praeter
3584 1514 3854 1568 rationem

2283 1596 2430 1648 credi
2465 1597 2654 1664 possit,
2683 1595 2944 1664 ejusmodi
2979 1599 3222 1654 convicio
3272 1603 3388 1671 pios
3430 1611 3484 1656 et
3526 1605 3857 1662 orthodoxae

2284 1689 2581 1742 menachos
2627 1690 2694 1742 ab
2726 1689 2902 1758 impiis
2935 1690 3260 1762 Origcnistis
3307 1693 3474 1749 fuisse
3521 1699 3798 1751 traductos
3836 1714 3854 1753 :

2281 1777 2375 1831 sed
2421 1779 2553 1832 nihil
2585 1789 2762 1833 tamen
2825 1792 3138 1839 inmanius:
3177 1800 3276 1838 nec
3337 1787 3636 1842 asserimus
3687 1789 3849 1859 quid-

604 1866 876 1922 nistarum
937 1865 1152 1921 illorum
1198 1867 1550 1937 petulantiam
1599 1868 1936 1931 describens,
1973 1885 1990 1917 ε
2033 1868 2172 1934 Quin
2208 1849 2248 1905 Β
2279 1884 2463 1938 quam,
2491 1872 2582 1924 sed
2613 1882 2816 1925 tantum
2847 1877 3215 1941 proponimus.
3251 1877 3428 1946 Atque
3457 1879 3574 1933 haec
3603 1849 3800 1935 obiter.

602 1959 791 2023 etiam,
820 1958 1016 2026 inquit,
1044 1959 1090 2014 si
1123 1958 1360 2028 aliquem
1416 1973 1484 2014 ex
1534 1959 1856 2014 orthodoxis
1893 1959 2175 2013 monachis

603 2051 1094 2120 deprehendissent
1124 2052 1176 2106 in
1201 2061 1389 2108 sancta
1422 2053 1660 2119 civitate,
1695 2045 1856 2123 impia
1888 2069 2046 2131 manu
2085 2053 2173 2107 fee

600 2147 805 2203 rientes
855 2157 909 2201 et
963 2149 1206 2202 sabaiten
1260 2156 1536 2212 vocantes,
1599 2147 1747 2201 illinc
1789 2163 1912 2202 eum
1943 2149 2175 2217 turpiter

597 2242 939 2312 expellebant
977 2258 989 2292 :
1026 2241 1344 2310 iisabaiten
1381 2239 1639 2309 intellige,
1674 2227 1830 2294 Saba:
1845 2248 2170 2293 sectatorem

594 2342 653 2386 et
681 2332 1039 2400 discipulum;
1071 2331 1176 2386 nisi
1222 2331 1364 2386 forte
1417 2331 1575 2385 malis
1603 2331 1808 2398 legere,
1836 2331 2166 2385 sarabaiten.

595 2426 812 2494 Triplex
851 2434 968 2480 erat
1017 2425 1157 2495 apud
1203 2423 1487 2495 Egyptios
1535 2423 1925 2478 monachorum
1977 2438 2166 2492 genus,

590 2519 1015 2583 ecenobitarum,
1082 2517 1539 2572 anachoretarum
1627 2526 1680 2570 et
1745 2516 2164 2569 sarabailarum.

521 2659 525 2662 _
593 2611 893 2665 Sarabaitte
914 2609 1134 2679 proprio
1159 2608 1386 2663 arbitrio
1409 2609 1662 2663 vivebant
1702 2618 1855 2662 extra
1887 2607 2160 2672 cmuohia,

594 2702 848 2757 homines
879 2700 1051 2765 avari,
1085 2700 1400 2771 hypocritze,
1425 2710 1776 2761 scortatores,
1801 2700 1998 2769 gulosi.
2027 2700 2163 2753 Dicti

589 2795 843 2848 videnlur
882 2809 912 2846 a
959 2803 1108 2859 31D,
1161 2791 1400 2855 rebellis,
1447 2791 1805 2858 refractarius,
1861 2800 2163 2844 contumax.

588 2889 884 2944 Meminero
923 2887 1137 2942 illorum
1161 2869 1491 2948 Cassianus:
1514 2884 1860 2949 Benedictus,
1895 2883 2162 2938 llurnber-

589 2991 694 3045 tus,
719 2981 830 3042 lvo,
858 2989 914 3034 et
938 2979 1052 3034 alii.
1084 2978 1314 3035 Eosdem
1343 2976 1607 3031 remoboth
1641 2976 1938 3046 appellatos
1971 2975 2162 3030 scribit

583 3075 946 3148 Hieronymus
979 3076 1137 3146 epist.
1183 3075 1274 3140 22,
1305 3077 1372 3130 ad
1413 3075 1698 3140 Eustoclt.,
1755 3089 1879 3143 cap.
1913 3074 2003 3128 15.
2030 3074 2160 3138 Qui-

2273 1970 2293 2026 ε
2331 1959 2413 2014 Vl.
2438 1961 2749 2032 Expugnata
2772 1964 2924 2018 Salia:
2945 1965 3122 2019 Laura
3138 1969 3202 2020 ad
3230 1969 3610 2039 imperatorem
3627 1971 3847 2027 Patrum

2275 2055 2502 2110 consilio
2555 2057 2918 2124 proficiscitur
2969 2058 3216 2114 Gelasius
3266 2064 3595 2118 monasterio
3652 2065 3848 2134 prmfe-

2275 2156 2415 2212 ctus,
2447 2163 2628 2202 rerum
2654 2159 2929 2218 gestarum
2955 2165 3220 2205 summam
3244 2151 3309 2207 ad
3339 2169 3462 2209 eum
3495 2155 3797 2226 perlaturus
3827 2173 3844 2208 :

2275 2255 2459 2294 verum
2510 2239 2777 2295 Theodori
2809 2242 3164 2298 Caesariensis
3219 2245 3460 2314 episcopi
3486 2249 3689 2302 artibus
3714 2247 3846 2304 εσσ-

2273 2344 2421 2387 ctum
2469 2343 2572 2396 est,
2607 2344 2662 2386 ut
2717 2335 2895 2388 omnis
2924 2336 2990 2388 ad
3055 2336 3435 2405 imperatorem
3480 2349 3535 2393 et
3589 2341 3656 2394 ad
3701 2341 3842 2396 Con-

2271 2426 2810 2494 stantinopolitanutn
2839 2429 3159 2496 episcopum
3197 2429 3376 2483 aditus
3407 2431 3455 2483 ei
3490 2431 3845 2499 praeludere-

2274 2527 2382 2578 tur,
2405 2526 2459 2569 et
2494 2532 2550 2569 re
2580 2517 2795 2569 tandem
2839 2515 3035 2570 infecta
3087 2517 3406 2572 discederet.
3454 2518 3838 2574 Revertentem

2269 2607 2494 2670 Amorii,
2533 2623 2650 2676 qua:
2679 2605 2929 2676 Phrygia:
2951 2609 3079 2661 urbs
3101 2618 3204 2666 est.
3232 2625 3379 2664 mors
3406 2613 3693 2680 oppressit.
3711 2612 3842 2678 Qui-

2268 2701 2368 2754 bus
2401 2699 2708 2765 intellectis,
2745 2699 2898 2753 Saba:
2928 2699 3158 2754 Lauram
3201 2700 3440 2771 Georgio
3467 2704 3677 2758 cuidam
3705 2722 3838 2760 cou-

2266 2806 2524 2846 sccraneo
2556 2807 2653 2846 suo
2685 2793 2987 2862 regendam
3038 2792 3388 2845 committunt
3419 2791 3741 2851 Theodorus
3779 2803 3835 2850 et

2268 2881 2623 2937 Domitianus.
2659 2882 3011 2937 Orthodoxos
3054 2881 3142 2936 ille
3192 2882 3477 2938 confestim
3515 2884 3691 2940 Laura
3723 2888 3839 2942 exi-

2264 2977 2359 3046 git.
2387 2979 2455 3029 At
2485 2977 2599 3045 ipse
2627 2990 2843 3044 quoque
2871 2989 2976 3029 non
3012 2975 3183 3030 multo
3219 2984 3339 3044 post
3391 2976 3690 3032 libidinosze
3737 2994 3837 3033 cua-

2259 3071 2472 3140 jusdam
2512 3069 2837 3139 impurilatis
2869 3069 3150 3123 convictus
3193 3070 3526 3124 monasterio
3575 3071 3834 3144 abigitur,

580 3171 704 3225 dam
727 3170 915 3241 legunt
944 3168 1202 3232 remboth,
1227 3182 1388 3237 quam
1429 3182 1613 3222 vocem
1659 3182 1689 3220 a
1733 3164 1924 3221 Graeco
1953 3165 2157 3237 ρέμόος
2185 3193 2227 3252 c
2261 3178 2384 3218 cum
2439 3162 2597 3232 paulo
2651 3169 2778 3215 ante
2835 3161 3149 3229 turpissimo
3208 3161 3360 3215 exitu
3411 3160 3633 3216 Nonnus
3667 3163 3836 3219 vitam

579 3264 849 3318 detortam
897 3259 1092 3330 aliquis
1153 3258 1380 3314 forsitan
1441 3259 1859 3315 existimaverit.
1921 3258 2156 3328 Ῥέμὸος

583 3356 858 3410 hominem
887 3365 1086 3421 vagum
1119 3358 1280 3421 atque
1307 3365 1558 3406 erronem
1585 3361 1760 3405 sonat.
1780 3349 1940 3406 Tales
1971 3361 2153 3404 autem

578 3446 888 3502 Sarabaitzc.
911 3443 1226 3508 Cassianus,
1249 3441 1427 3497 collat.
1450 3442 1535 3504 18,
1573 3459 1591 3492 t
1627 3442 1940 3496 Sarabaitas
1960 3460 1979 3494 ι
2005 3456 2153 3496 asse-

577 3540 655 3593 rit
676 3556 695 3590 r
725 3553 832 3592 non
851 3545 1135 3591 contentos
1151 3534 1359 3590 abbatis
1374 3551 1501 3588 cura
1521 3543 1682 3603 atque.
1707 3535 1930 3603 imperio
1959 3534 2155 3605 guber-

583 3631 723 3698 nari,
760 3631 863 3684 hoc
890 3628 1163 3698 praecipue
1204 3641 1522 3696 procurare,
1557 3635 1616 3679 ut
1653 3625 1882 3680 absoluti
1914 3643 1943 3681 a
1972 3629 2153 3682 senio-

579 3706 700 3778 rum
719 3721 870 3791 jugo,
899 3719 1187 3774 exercendi
1216 3718 1518 3773 voluntates
1549 3733 1698 3782 suas,
1724 3729 1776 3773 et
1799 3720 2148 3788 procedendi.

579 3815 662 3870 vel
693 3831 805 3883 quo
827 3812 1089 3881 placuerit
1138 3812 1402 3882 evagandi
1444 3813 1745 3880 agendique
1771 3812 1914 3881 quod
1938 3812 2147 3868 libitum

578 3909 760 3970 fuerit,
787 3907 1024 3962 habeant
1063 3903 1388 3960 libertatem.
1428 3923 1445 3954 ι
1475 3904 1614 3971 Quid
1649 3905 1692 3958 si
1727 3920 1823 3972 pro
1881 3906 2145 3959 remoboth

573 4001 819 4072 legamus
881 3997 1151 4061 rehoboth,
1221 4011 1250 4050 a
1305 4005 1474 4062 arm,
1526 4011 1618 4050 seu
1655 4005 1859 4060 mm,
1917 4000 2145 4052 Arabica

571 4105 726 4158 voce,
759 4104 879 4160 qua:
905 4089 1226 4143 monachum
1277 4098 1455 4142 sonat.
1491 4088 1559 4141 At
1597 4088 1835 4144 Isidorus
1862 4089 1953 4144 lib.
1997 4106 2032 4144 ιι
2070 4089 2146 4144 De

570 4157 717 4251 oﬁic.
757 4157 885 4234 ccci.
933 4191 1055 4246 cap.
1101 4176 1189 4231 15.
1238 4195 1258 4228 ε
1310 4162 1533 4232 Sextum
1573 4193 1744 4246 genus
1799 4188 1898 4242 est,
1947 4180 2141 4250 inquit,

522 4270 963 4334 ,tnonachorum
998 4277 1054 4322 et
1118 4267 1294 4336 ipsum
1352 4268 1689 4322 teterrimum
1745 4279 1908 4338 atque
1961 4270 2144 4340 negle-

522 4417 524 4419 ,
569 4373 740 4428 ctum,
774 4361 915 4429 quod
951 4374 1050 4428 per
1079 4358 1350 4412 Ananiam
1381 4371 1435 4414 et
1467 4358 1788 4428 Sapphiram
1820 4361 1874 4416 in
1914 4366 2142 4420 exordio

516 4481 523 4489 -
565 4452 821 4508 Ecclesiae
844 4450 1150 4520 pullulavit,
1185 4459 1240 4504 et
1287 4451 1515 4518 apostoli
1542 4451 1692 4507 Petri
1726 4455 2019 4512 severitate
2043 4473 2140 4512 ex-

2261 3258 2566 3312 clausissct.
2620 3255 2923 3325 Georgium
2952 3254 3167 3322 excepit
3193 3252 3489 3307 Cassianus
3513 3254 3596 3307 vir
3630 3256 3835 3323 sanctis

2257 3358 2312 3404 et
2338 3349 2590 3418 legitimis
2614 3348 2911 3416 disciplinis
2946 3348 2998 3402 in
3035 3347 3192 3402 Saba:
3246 3347 3580 3402 umbraculis
3613 3349 3832 3404 institu-

2258 3451 2377 3506 tus;
2407 3441 2720 3496 Cassianum
2740 3451 2859 3510 post
2874 3442 3058 3496 decem
3089 3456 3300 3495 menses
3317 3441 3626 3496 defunctum
3643 3441 3830 3502 Conon

2255 3536 2512 3591 doctrina:
2545 3536 2851 3606 integritate
2880 3545 2934 3590 et
2955 3535 3155 3588 virtute
3180 3534 3314 3588 nulli
3340 3538 3629 3604 secundus,
3661 3554 3687 3590 a
3712 3555 3823 3610 quo

2255 3626 2633 3697 frequentibus
2668 3629 2904 3683 dissidiis
2939 3627 3158 3690 alllicta,
3189 3637 3242 3682 et
3275 3643 3439 3698 prope
3467 3632 3576 3698 jam
3609 3633 3828 3688 deserta

2252 3721 2429 3774 Laura
2471 3723 2741 3775 revocatis
2794 3720 3047 3775 Patribus
3093 3721 3411 3777 orthodoxis
3452 3724 3507 3776 in
3534 3725 3824 3794 pristinum

2249 3815 2588 3882 splendorem
2630 3819 2876 3868 restituta
2926 3824 3053 3868 est:
3113 3829 3232 3868 cum
3283 3819 3582 3885 przescitim
3639 3819 3826 3884 proni-

2250 3907 2426 3977 gando
2467 3904 2809 3975 Origenismo
2857 3919 3078 3973 operam
3137 3920 3290 3960 suam
3351 3918 3576 3962 navaret
3628 3908 3822 3963 iisdem

2251 3998 2586 4066 temporibus
2620 3995 2958 4051 Theodosius
2990 3997 3130 4064 apud
3166 3994 3482 4050 Palaestinos
3505 3999 3816 4052 cmnobiar-

2247 4089 2372 4155 cha,
2403 4089 2495 4158 qui
2528 4090 2671 4143 inter
2698 4087 2978 4157 regionum
3030 4072 3248 4141 illarum
3284 4089 3581 4143 monachos
3614 4088 3818 4158 insigni

2247 4196 2456 4236 morum
2515 4179 2804 4234 sanctitate
2874 4193 3122 4248 magnam
3197 4177 3374 4232 fuerat
3430 4180 3816 4236 auctoritatem

2244 4279 2586 4327 consecutus.
2609 4269 2723 4336 Qua
2747 4269 2965 4324 circiter
2989 4279 3308 4339 tempestate
3325 4273 3513 4324 harum
3535 4267 3816 4340 regionum

2243 4363 2581 4433 Origcnistas
2611 4359 2837 4416 collecta
2871 4363 2936 4414 ab
2971 4359 3277 4429 Ephraunio
3297 4362 3640 4416 Antiocheno
3673 4379 3814 4433 prae-
3863 4395 3870 4399 -

2243 4453 2358 4510 sule
2390 4453 2629 4524 synodus
2656 4452 3000 4507 anathemate
3039 4452 3348 4518 damnavit,
3386 4462 3444 4508 ut
3490 4464 3676 4508 narrat
3719 4470 3819 4509 au-

561 4547 735 4603 cisum
757 4555 880 4609 est;
905 4545 1105 4613 quique
1142 4543 1210 4598 ab
1245 4557 1310 4598 eo
1331 4545 1472 4612 quod
1499 4545 1820 4614 semetipsos
1841 4563 1870 4600 a
1891 4551 2136 4604 coenohi-
2171 4539 2216 4594 1)
2245 4556 2361 4601 ctor
2387 4545 2651 4615 synodiei,
2675 4545 2818 4614 quod
2857 4558 3026 4611 nuper
3056 4545 3106 4598 in
3137 4543 3458 4598 Bibliotheca
3477 4545 3618 4614 juris
3651 4563 3817 4600 cano-

562 4639 656 4694 tali
685 4636 967 4706 disciplina
998 4644 1363 4704 sequestrant,
1393 4650 1487 4690 sua
1505 4652 1638 4706 sque
1663 4648 1926 4708 appetunt
1970 4641 2132 4696 liberi

558 4730 888 4794 voluntates,
919 4725 1299 4796 [Egyptiorum
1345 4726 1524 4797 lingua
1569 4729 1868 4795 sarrbaitoz,
1902 4745 1995 4785 seu
2046 4748 2130 4785 re-

557 4821 720 4874 nuitw
745 4827 1146 4887 nuncupantur.
1169 4835 1186 4868 ι
1207 4827 1320 4877 3m
1337 4822 1480 4872 enim
1509 4819 1650 4872 idem
1666 4831 1822 4874 sonat
1847 4837 1909 4876 ac
1937 4825 2127 4878 renuit.

559 4913 667 4968 Sed
705 4923 881 4966 tamen
915 4927 1023 4966 non
1050 4911 1284 4966 absurde
1309 4913 1431 4980 quis
1457 4913 1757 4980 conjecerit
1782 4915 1884 4968 hoc
1910 4915 2028 4970 loco
2053 4918 2130 4971 le-

554 5007 788 5076 gendum
843 5004 1074 5058 rohivitte
1125 5003 1268 5071 quod
1322 5004 1461 5057 idem
1520 5012 1603 5058 est
1662 5018 1723 5057 ac
1760 5007 2031 5072 reltobollt,
2099 5022 2129 5061 a

549 5105 713 5161 ενι-Π,
767 5096 903 5151 adeo
957 5106 1016 5148 ut
1063 5095 1200 5149 duas
1248 5096 1636 5149 monachorum
1681 5096 1893 5151 illorum
1953 5097 2127 5170 Egy-

561 5189 773 5258 ptiacas
816 5184 1222 5254 appellationes,
1252 5184 1548 5238 sarabaitas
1568 5225 1584 5249 ,
1627 5193 1680 5240 ct
1706 5186 1979 5252 rehoboth,
2015 5192 2131 5246 sive

553 5281 808 5334 rehivitas
840 5284 1213 5345 expresserit;
1248 5277 1324 5330 ait
1350 5275 1493 5330 enim
1525 5292 1536 5326 :
1571 5296 1588 5327 ι
1629 5275 2002 5348 Egyptiorum
2034 5280 2129 5333 lin-

553 5386 654 5441 gua
699 5371 1009 5433 sarabaitaz,
1052 5371 1167 5424 sive
1212 5371 1445 5425 rehivitw
1499 5383 1896 5440 nuncupantur.
1941 5392 1959 5424 ›
1995 5373 2127 5439 Quze

550 5479 651 5516 vox
691 5462 953 5531 posterior
1000 5460 1156 5516 facile
1188 5477 1377 5516 recusa
1424 5474 1506 5516 est
1554 5465 1607 5516 in
1659 5465 1876 5517 reuuita:
1915 5482 1932 5518 :
1973 5468 2114 5521 umle

547 5553 662 5609 Odo
693 5550 1088 5614 Cluniacensis,
1123 5549 1308 5606 collat.
1339 5551 1393 5616 5,
1431 5570 1449 5603 ε
1489 5552 1596 5608 Nos
1637 5554 1818 5608 miseri
1871 5571 1976 5609 non
2028 5571 2119 5611 su-

545 5657 667 5697 mus
694 5641 966 5708 monachi,
999 5650 1058 5696 ut
1099 5640 1235 5697 falso
1273 5644 1638 5707 nominamur,
1671 5645 1767 5700 sed
1801 5647 2108 5711 sarabaitw,

545 5735 598 5784 id
644 5743 728 5786 est
781 5733 1042 5796 renuitae,
1099 5733 1190 5800 qui
1244 5733 1430 5803 jugum
1495 5735 1761 5805 regularis
1814 5737 2113 5806 disciplinte

2242 4637 2347 4690 nici
2378 4635 2558 4689 recudi
2590 4634 2802 4689 curavit
2831 4635 3238 4690 eruditissimus
3290 4643 3346 4688 et
3389 4636 3816 4693 humanissimus

2241 4727 2504 4782 Henricus
2542 4725 2825 4792 Justellus,
2846 4727 3242 4794 Christophoro
3284 4735 3439 4795 patre
3468 4726 3814 4797 dignissimus

2239 4819 2402 4873 illius.
2449 4817 2661 4873 Fractis
2697 4830 2875 4873 autem
2908 4818 3228 4888 Origcuislze
3258 4817 3463 4872 viribus
3491 4819 3816 4874 destiterunt

2239 4912 2306 4967 ab
2339 4913 2767 4966 orthodoxorum
2821 4910 3211 4971 insectatione;
3262 4908 3460 4964 multas
3492 4923 3620 4963 vero
3668 4909 3812 4965 inter

2243 5018 2302 5059 se
2329 5003 2516 5057 turbas
2551 5012 2607 5055 et
2645 4999 2824 5070 przelia
2865 4999 3243 5054 conciverunt.

2305 5093 2414 5148 VII.
2442 5091 2656 5160 Pelagio
2703 5091 2762 5144 S.
2797 5089 2863 5142 Β.
2899 5089 2958 5142 E.
3006 5089 3233 5143 diacono
3270 5088 3796 5159 Constantinopolim

2231 5201 2263 5241 e
2301 5183 2581 5240 Palaestina
2611 5181 2861 5237 redeunti
2891 5182 3117 5237 comites
3147 5196 3204 5236 se
3228 5182 3590 5252 adjunxerunt
3612 5197 3806 5236 mona-

2230 5278 2318 5333 chi
2375 5277 2579 5344 aliquot
2643 5272 2932 5328 Palaastini.
3007 5272 3186 5327 Causa
3251 5274 3364 5328 hac
3423 5273 3806 5341 proﬁciscendi

2233 5373 2352 5426 fuit.
2385 5370 2660 5438 Praecipua
2689 5370 2934 5438 quadam
2961 5384 3025 5423 ex
3056 5367 3306 5438 Origenis
3342 5356 3493 5421 libris
3521 5369 3800 5422 haereseon

2231 5449 2409 5532 capita
2444 5471 2851 5531 excerpserant.
2908 5458 2983 5514 Ea
3017 5457 3327 5514 Justiuiano
3362 5459 3577 5523 offerre,
3630 5469 3685 5513 et
3739 5472 3798 5513 ut

2227 5572 2333 5610 una
2359 5569 2479 5609 cum
2513 5552 2745 5621 Origene
2768 5555 3172 5615 damnarentur,
3203 5552 3495 5620 impetrare
3524 5551 3798 5605 volebant.

2226 5648 2479 5702 Florehat
2512 5656 2640 5700 tunc
2672 5645 2929 5714 temporis
2967 5643 3311 5712 imperatoris
3334 5644 3507 5712 gratia
3542 5641 3795 5696 Theodo-

2226 5756 2317 5795 rus
2354 5739 2440 5793 ille
2471 5753 2630 5808 quem
2657 5736 2791 5801 dixi,
2822 5735 3085 5791 Caesareae
3103 5723 3456 5804 Cappadociae
3480 5735 3795 5802 episcopus,

543 5822 840 5876 tenuimus.
877 5842 899 5875 ι
929 5825 1196 5881 Cancrum
1245 5827 1919 5920 .vocabu'lumnnn'thvscu
1949 5841 2116 5913 .nzm
2221 5832 2518 5890 acerrimus
2573 5829 2912 5902 Origenianae
2983 5842 3164 5884 causa:
3231 5835 3599 5896 prepugnator
3652 5827 3796 5882 :cui
