4152 6432
279 464 418 518 1165

1129 461 1706 516 UlilGliMANORUM
1745 460 1874 516 LIB.
1917 459 1984 526 11,
2025 459 2179 518 CAP.
2221 460 2311 527 IV,
2353 461 2548 518 SECT.
2589 462 2653 518 ll.

3381 467 3420 538 μ
3439 468 3536 524 ιοο

277 601 396 638 cum
433 581 570 636 male
601 581 807 636 idcirco
837 581 998 636 vellet
1023 580 1297 652 Pelagius,
1321 581 1648 639 Palmstinos
1676 599 1858 639 mona-
1885 589 1931 646 Α
1959 600 2080 640 cum
2111 585 2372 641 adversus
2401 586 2656 657 Origenis
2690 585 3037 653 sententiam,
3087 601 3208 657 quae
3241 595 3386 642 astra
3447 603 3536 642 ra-

278 678 408 731 ebos
433 674 956 742 Censtantinopolim
1009 675 1288 742 perduxit,
1338 685 1393 730 et
1442 677 1852 746 astipulatorcm

277 771 488 824 habens
521 768 726 822 Menam
770 767 1430 836 Constantinopolitanum
1467 770 1850 838 patriarcham,

276 875 306 914 a
336 859 645 914 Justiniano
675 859 958 928 ﬂagitavit,
993 869 1052 912 ut
1095 876 1284 914 eorum
1331 863 1619 930 postulatis
1645 877 1852 916 annue-

277 964 380 1008 ret.
413 951 614 1006 Rerum
640 951 1136 1006 ecclesiasticarum
1171 955 1452 1008 arbitrium
1473 956 1540 1008 ad
1567 970 1626 1010 se
1651 955 1850 1010 deferri

276 1044 517 1113 gaudens
549 1044 840 1111 imperator
866 1044 972 1096 voti
1027 1059 1121 1098 eos
1160 1055 1438 1113 competes
1471 1045 1620 1111 fecit,
1654 1055 1708 1101 et
1756 1063 1852 1100 no-

278 1134 423 1188 mine
447 1148 546 1186 suo
573 1133 867 1202 Epistolatn
904 1133 970 1188 ad
1005 1125 1219 1190 Menam
1251 1138 1520 1191 conscribi
1551 1138 1848 1208 jnssit,qna

275 1224 524 1294 Origenis
563 1234 617 1277 et
695 1223 1146 1292 Origenianorum
1198 1228 1504 1296 dogmatum
1572 1230 1850 1286 damnatio

273 1317 599 1370 continetur.
627 1314 818 1385 Operae
845 1319 1076 1384 pretium
1099 1327 1182 1372 est
1217 1320 1329 1388 ipsa
1360 1319 1596 1374 Liberati
1619 1321 1848 1375 Cartha-

271 1408 510 1475 ginensis
539 1409 906 1462 archidiaconi
937 1409 1100 1463 verba
1133 1411 1362 1466 recitare
1379 1411 1426 1442 ³³
1462 1429 1480 1462 ‹
1509 1411 1740 1468 Jubente
1783 1427 1848 1468 eo

272 1501 468 1556 dictata
501 1511 586 1557 est
617 1502 671 1556 in
697 1499 1012 1570 Origenem,
1035 1512 1089 1556 et
1119 1502 1172 1556 in
1203 1501 1296 1556 illa
1342 1503 1578 1574 capitula
1619 1505 1848 1558 anathe-

271 1593 432 1648 matis
458 1595 757 1658 damnatio,
777 1609 936 1663 quam
971 1593 1382 1650 subscribentes
1414 1611 1520 1650 una
1547 1612 1667 1652 cum
1693 1596 1846 1652 Mena

269 1686 678 1758 archiepiscopo
703 1687 841 1754 apud
861 1685 1388 1756 Constantinopolim
1405 1690 1626 1756 reperti,
1652 1689 1848 1745 deinde

270 1778 474 1832 directa
507 1787 590 1832 est
621 1777 817 1848 Vigilio
848 1776 1098 1832 Romano
1122 1780 1398 1848 episcOpo,
1428 1778 1579 1835 Zoile
1608 1781 1848 1834 Alexan—

271 1871 450 1936 drino,
481 1871 785 1941 Epltrmmio
815 1871 1158 1925 Antiocbcno
1213 1883 1268 1926 et
1303 1871 1462 1927 Petro
1499 1869 1848 1943 Jerosolymi-

1961 677 2105 732 tione
2139 677 2363 747 prmdita
2419 689 2564 733 esset
2597 679 2770 748 fingit,
2822 680 3131 756 disputans,
3179 680 3324 733 hunc
3375 679 3535 734 affert

1955 769 2134 824 Basilii
2170 770 2344 826 locum
2380 786 2448 824 ex
2477 769 2680 824 'homii.
2717 771 2750 824 5
2811 772 2864 824 in
2915 769 3172 824 Ilexaem.
3211 787 3230 824 :
3273 771 3434 841 Ἡμῖν
3473 771 3534 824 δὲ
3572 791 3578 800 ·

1953 859 2046 912 καὶ
2063 859 2198 930 πρὸς
2213 859 2338 922 τοὺς
2357 859 2466 912 ἀπὸ
2479 860 2578 930 τῆς
2616 858 2941 928 Ἐκκλησίας
2970 859 3085 912 ἐστί
3109 877 3194 922 τις
3223 859 3380 927 λόγος
3403 862 3534 931 περὶ

1951 952 2060 1006 τῶν
2108 951 2494 1024 διακριθέντων
2519 952 2748 1013 ὑδάτων,
2783 962 2934 1020 etc.;
2970 963 3078 1006 tum
3107 954 3298 1008 deinde
3335 956 3534 1008 subne-

1955 1044 2051 1096 Clit
2091 1061 2101 1096 :
2133 1045 2225 1095 Δεῖ
2252 1043 2310 1096 δὲ
2339 1045 2624 1115 προσέχειν
2659 1044 2786 1106 τοὺς
2813 1042 3108 1114 ἀκροατὰς,
3139 1044 3219 1096 ὅτι
3245 1043 3324 1113 τῷ
3356 1045 3532 1097 εἰπεῖν

1952 1136 2040 1188 τὸν
2057 1135 2275 1206 Πατέρα
2291 1153 2304 1167 ο
2317 1136 2471 1204 Πρὸς
2485 1134 2628 1200 τοὺς
2643 1135 2760 1188 ἀπὸ
2777 1133 2886 1203 τῆς
2901 1135 3422 1208 Ἐκκλησίασζὲστι
3433 1151 3532 1190 τισ

1951 1229 2096 1298 ἡμῖν
2120 1231 2320 1300 λόγος,
2348 1230 2794 1301 περὶὨριγένους
2821 1231 3126 1298 διαλέγεται
3146 1231 3245 1301 τῆς
3269 1230 3362 1284 τοῦ
3393 1229 3532 1288 Θεοῦ

1949 1321 2190 1390 χάριτος,
2219 1321 2312 1373 καὶ
2355 1320 2457 1389 τῆς
2485 1321 2644 1389 ἁγίας
2671 1320 2763 1373 τοῦ
2798 1321 2930 1374 Θεοῦ
2975 1322 3299 1391 Ἐκκλησίας
3327 1321 3532 1377 ἀπελα-

1949 1409 2151 1472 θέντος,
2176 1410 2268 1462 καὶ
2298 1410 2407 1462 τῶν
2427 1410 2744 1481 ὁμοφρόνων
2768 1409 2980 1482 ἐκείνῳ.
3001 1413 3073 1464 Οὐ
3101 1413 3209 1484 γὰρ
3234 1409 3354 1466 εἷπε
3378 1413 3533 1483 πρὸς

1949 1499 2090 1565 τοὺς
2114 1501 2182 1554 ἐν
2199 1501 2274 1569 τῇ
2307 1501 2652 1570 Ἐκκλησία,
2672 1502 2808 1556 ἀλλὰ
2822 1504 2972 1571 πρὸς
2989 1505 3130 1570 τοὺς
3142 1505 3262 1559 ἀπὸ
3277 1505 3388 1574 τῆς
3414 1507 3534 1561 Ἐκ-

1949 1591 2237 1656 κλησίας,
2273 1591 2418 1660 ἡμῖν
2436 1592 2570 1645 ἐστι
2593 1611 2680 1658 τις
2699 1595 2911 1663 λόγος’
2949 1594 3044 1648 καὶ
3085 1595 3171 1649 διὰ
3207 1595 3300 1650 τοῦ
3329 1599 3530 1664 εἰπεῖν,

1947 1682 2111 1751 ἡμῖν,
2129 1685 2254 1746 τοὺς
2277 1683 2376 1753 τῆς
2401 1683 2720 1755 Ἐκκλησίας
2742 1686 2997 1756 ἐδήλωσε·
3021 1687 3110 1741 διὰ
3129 1688 3186 1740 δὲ
3214 1687 3308 1741 τοῦ
3331 1691 3526 1754 εἰπεῖν,

1947 1775 2089 1840 τοὺς
2109 1777 2228 1829 ἀπὸ
2250 1775 2360 1844 τῆς
2389 1779 2766 1845 Ἐκκλησίας,
2782 1779 2907 1842 τοὺς
2929 1779 3134 1850 ταύτης
3151 1783 3530 1847 ἀποπεσύντας

1948 1867 2242 1938 ἐσήμανεν.
2284 1887 2302 1918 ι
2344 1869 2638 1926 Advertere
2668 1887 2828 1940 porro
2857 1873 3054 1926 debent
3101 1875 3394 1936 auditores,
3423 1874 3530 1928 Pa-

271 1931 650 2032 lenm-quibus
683 1977 804 2016 eam
845 1962 1242 2032 accipientibus
1268 1971 1322 2016 et
1374 1931 1843 2018 subseribentibus
1879 1931 1920 1989 Β
1952 1969 2085 2013 trem
2126 1959 2441 2030 (Basilium)
2475 1976 2596 2014 cum
2627 1962 2778 2026 dicit,
2817 1963 3001 2016 Sermo
3033 1965 3180 2018 nobis
3217 1973 3294 2019 est
3332 1965 3402 2018 ad
3438 1981 3528 2020 eo;

268 2052 534 2122 Origenes
563 2053 852 2108 damnatus
894 2063 978 2108 est
1029 2063 1296 2120 mortuus,
1339 2055 1428 2124 qui
1476 2057 1666 2110 vivens
1719 2054 1846 2110 olim

269 2144 446 2200 fuerat
475 2153 602 2199 ante
635 2145 946 2200 damnatus.
988 2162 1005 2196 ο
1047 2146 1126 2198 Ita
1177 2145 1494 2200 Adamantii
1538 2145 1850 2200 damnatio-

269 2252 390 2290 nem
449 2236 766 2290 nobilissimi
823 2235 1080 2292 Ecclesiae
1141 2239 1416 2293 antistites
1483 2239 1692 2294 calculo
1750 2255 1850 2294 suo

270 2328 780 2398 comprobaverunt.
827 2327 952 2383 llaec
981 2329 1127 2384 circa
1155 2343 1353 2384 annum
1403 2329 1508 2386 558
1564 2330 1711 2386 facta
1755 2333 1850 2388 de-

271 2422 676 2493 prebendimus.

342 2513 467 2570 VIII.
527 2511 744 2567 Minime
794 2526 921 2566 vero
978 2511 1340 2583 Origenistas,
1393 2518 1488 2570 sed
1546 2513 1838 2584 Origenem

271 2605 444 2673 ipsum
478 2603 580 2657 hac
602 2602 825 2672 cpiStola
855 2601 1376 2674 petitJustinianus,
1408 2607 1848 2676 enumeratisque

272 2697 442 2766 ipsius
475 2696 758 2766 erroribus
793 2695 932 2750 inter
963 2695 1254 2750 haereticos
1288 2698 1682 2752 recensendum
1719 2713 1847 2752 san-

266 2791 379 2844 cit:
412 2789 474 2844 Et
496 2791 700 2856 τοίνυν,
757 2789 950 2858 inquit,
995 2789 1232 2853 ἅπαντες
1267 2789 1533 2862 αἱρετικοὶ
1573 2791 1666 2844 ἐπὶ
1729 2790 1848 2854 ἑνὸς

267 2882 444 2952 τυχὸν,
476 2882 510 2952 ἢ
542 2881 792 2952 δευτέρου
837 2881 1104 2950 δόγματος
1129 2885 1454 2953 παρατροπῇ
1494 2881 1846 2953 ὲκὸέϐληνται

267 2975 362 3045 τῆς
384 2973 691 3043 ἁγιωτάτης
729 2973 1076 3044 Ἐκκλησίας,
1111 2960 1504 3045 ὑποϐληθέντες
1547 2973 1846 3045 ἀναθέματι

269 3064 406 3136 μετὰ
453 3064 558 3117 τῶν
614 3063 756 3116 ἰδίων
818 3063 1125 3134 δογμάτων,
1161 3065 1244 3128 τίς
1297 3064 1434 3128 ὅλως
1497 3066 1845 3137 Χριστιανῶν

265 3158 512 3222 ἀνέξεται
559 3157 862 3231 Ὠριγένους
884 3173 944 3210 τε
973 3157 1066 3210 καὶ
1099 3155 1208 3210 τῶν
1239 3157 1490 3230 πονηρῶν
1516 3157 1681 3212 αὑτοῦ
1716 3176 1848 3228 συγ-

1949 2053 2043 2119 qui
2070 2059 2196 2103 sunt
2227 2049 2346 2104 ἀπὸ
2376 2049 2484 2118 τῆς
2521 2053 2885 2120 Ἑκκλησίας
2907 2094 2924 2119 ,
2965 2055 3032 2110 de
3075 2054 3324 2126 Origene,
3367 2058 3459 2128 qui
3495 2073 3529 2115 a

1949 2138 2126 2208 gratia
2153 2138 2246 2193 Dei
2277 2149 2330 2192 et
2369 2153 2396 2192 a
2447 2151 2637 2194 sancta
2689 2143 2782 2196 Dei
2845 2143 3088 2198 Ecclesia
3141 2146 3393 2215 depulsus
3421 2157 3522 2212 est,

1950 2231 2122 2300 deque
2149 2231 2264 2298 ejus
2290 2233 2507 2287 asseclis
2536 2233 2744 2298 loqui...
2782 2244 2834 2290 et
2865 2237 3092 2292 dicendo
3109 2241 3344 2306 quidem,
3370 2242 3526 2312 ἡμῖν,

1949 2338 2043 2378 eos
2091 2323 2180 2391 qui
2221 2323 2272 2377 in
2312 2323 2552 2380 Ecclesia
2590 2337 2878 2382 censentur
2907 2329 3268 2398 significasse;
3301 2333 3528 2388 dicendo

1949 2431 2098 2480 vero,
2128 2417 2255 2479 τοὺς
2282 2417 2388 2470 ἀπὸ
2426 2418 2520 2488 τῆς
2563 2418 2906 2491 Ἑκκλησίας,
2948 2435 3042 2478 eos
3084 2431 3299 2478 notasse
3331 2424 3422 2494 qui
3459 2441 3526 2481 ea

1949 2507 2223 2561 exturbati
2261 2517 2408 2562 sunt.
2451 2529 2469 2560 ι
2505 2509 2708 2578 Nempe
2733 2511 3016 2580 ignorabat
3043 2513 3213 2580 bonus
3242 2513 3330 2568 ille
3353 2513 3526 2584 impe-

1950 2609 2117 2664 rator,
2146 2599 2260 2652 sive
2285 2601 2374 2667 qui
2408 2601 2576 2670 ipsius
2599 2601 2816 2658 nomine
2835 2601 3112 2672 epistolam
3145 2605 3282 2661 hanc
3307 2608 3528 2662 concin-

1948 2700 2170 2756 narunt,
2221 2693 2560 2761 particulam,
2593 2694 2741 2761 ἀπό,
2776 2711 2880 2751 non
2928 2697 3341 2766 disjunctionem
3379 2714 3528 2757 sem-

1949 2798 2048 2854 per
2074 2794 2126 2840 et
2151 2785 2496 2850 divisionem,
2530 2789 2625 2842 sed
2658 2789 3092 2858 conjunctionem
3130 2793 3314 2858 etiam,
3351 2803 3406 2849 et
3438 2809 3528 2850 se-

1949 2883 2088 2925 ctam
2127 2888 2190 2928 ac
2219 2875 2342 2929 vitae
2371 2876 2682 2931 institutum
2715 2888 2908 2934 notare
2951 2900 2964 2935 :
2998 2883 3048 2934 ot
3083 2882 3192 2936 ἀπὸ
3217 2883 3328 2938 τῶν
3375 2887 3529 2956 αἰρε-

1950 2965 2108 3030 σέων,
2136 2967 2402 3032 Ιιίει”ειὶί’ἱ;
2433 2971 2478 3022 οἱ
2513 2971 2621 3024 ἀπὸ
2648 2971 2748 3041 τῆς
2773 2973 2958 3037 Στόας,
2987 2973 3188 3039 Stoici;
3217 2977 3266 3029 οἱ
3296 2977 3404 3030 ἀπὸ
3429 2977 3528 3034 τοῦ

1948 3057 2286 3130 Πυθαγόρου,
2319 3057 2682 3130 Pythagorici.
2723 3061 2908 3131 Igitur,
2939 3064 2987 3117 οί
3015 3065 3121 3119 ἀπὸ
3149 3065 3251 3137 τῆς
3294 3068 3524 3140 Ἐκκλη-

1951 3149 2090 3215 σίας,
2133 3153 2232 3206 hoc
2264 3162 2364 3216 est,
2397 3153 2688 3209 Christiani
2713 3195 2726 3216 ,
2751 3156 3123 3221 ecclcsia-stici;
3158 3161 3223 3214 ad
3255 3175 3348 3216 eos
3376 3162 3524 3218 enim

265 3249 610 3320 γραμμάτων
639 3247 1050 3312 ἀντιποιεῖσθαι,
1083 3248 1176 3300 τοῦ
1206 3249 1472 3312 τοσαύτας
1504 3249 1602 3320 μὲν
1625 3250 1844 3322 εἰρηκό-

1949 3255 2216 3311 quatenus
2279 3246 2503 3315 paganis
2577 3259 3307 3316 opponuntur,-sermonem
3363 3268 3524 3308 suum

265 3361 354 3406 τος
380 3342 748 3413 βλασφημίας,
779 3342 912 3394 πᾶσι
939 3340 997 3393 δὲ
1037 3340 1221 3410 σχεδὸν
1252 3343 1548 3413 αἱρετικοῖς
1577 3343 1843 3414 τοσαύτην

269 3435 401 3506 ὕλην
441 3433 718 3497 ἀπωλείας
752 3435 844 3486 καὶ
890 3423 1240 3504 βλασφημίας
1278 3434 1720 3505 παρασχομένου,
1750 3436 1844 3488 καὶ

264 3525 356 3580 διὰ
377 3523 553 3588 τοῦτο,
580 3523 673 3576 καὶ
707 3522 858 3594 παρὰ
883 3521 992 3575 τῶν
1018 3521 1186 3590 ἁγίων
1203 3523 1454 3594 πατέρων
1479 3522 1708 3577 ἔκπαλαι
1739 3524 1844 3577 ὑπὸ

265 3615 515 3685 ἀνάθεμα
543 3611 834 3683 γενομένου
860 3612 999 3682 μετὰ
1022 3611 1131 3665 τῶν
1164 3612 1426 3685 μυσαρῶν
1456 3613 1620 3666 αὑτοῦ
1641 3613 1844 3685 δογμὰ-

267 3724 408 3772 των;
451 3725 469 3757 ε
510 3705 568 3759 Si
602 3705 768 3775 igitur
805 3719 994 3760 omnes
1027 3705 1286 3770 haeretici,
1317 3705 1386 3759 ob
1425 3705 1584 3759 unius
1613 3705 1845 3762 fortasse

269 3797 354 3852 vel
404 3797 630 3851 alterius
673 3796 944 3868 dogmatis
989 3797 1402 3867 perversitatem
1457 3796 1612 3864 ejecti
1659 3807 1787 3854 sunt
1815 3815 1845 3855 e

271 3890 615 3944 sanctissima
670 3888 933 3953 Ecclesia,
967 3890 1088 3958 quis
1133 3905 1359 3959 prorsus
1405 3889 1842 3946 Christianorum

269 3981 558 4035 sustinebit
586 3979 898 4050 Origenem,
933 3981 1016 4036 vel
1044 3980 1281 4036 nefarias
1296 3981 1411 4052 ejus
1439 3981 1845 4037 lucubrationes

271 4073 588 4139 defendere,
627 4088 656 4127 a
691 4087 797 4140 quo
845 4081 923 4127 tot
972 4073 1279 4144 impietates
1335 4073 1562 4143 prolata:
1611 4081 1759 4139 sunt,
1791 4082 1847 4127 et

270 4176 418 4221 tanta
445 4167 598 4220 exitii
634 4175 689 4221 et
735 4167 1032 4237 impietatis
1067 4165 1293 4220 materia
1343 4165 1618 4220 universis
1651 4179 1846 4235 prope-

269 4259 488 4311 modum
523 4257 799 4312 haereticis
824 4255 1238 4311 subministrata
1263 4265 1368 4322 est,
1405 4257 1632 4325 ideoque
1658 4273 1685 4308 a
1718 4271 1847 4308 san-

271 4348 376 4402 ctis
404 4345 656 4401 Patribtts
685 4347 792 4416 jam
834 4347 964 4402 olim
1000 4345 1338 4400 anathemati
1370 4361 1491 4401 cum
1525 4347 1846 4415 perniciosis

270 4440 386 4495 suis
412 4439 753 4510 dogmatibus
795 4440 1074 4508 subjectus
1105 4441 1226 4495 est?
1258 4460 1276 4492 ι
1311 4441 1398 4495 Ad
1441 4439 1558 4494 hate
1597 4450 1842 4510 prompta

271 4541 354 4585 est
390 4539 444 4586 et
470 4539 657 4601 parata
689 4532 977 4600 exceptio:
1035 4531 1078 4586 si
1127 4546 1282 4587 error
1325 4531 1641 4586 haereticum
1691 4530 1842 4598 facit,

1950 3335 2180 3390 Basilius
2225 3337 2514 3391 convertit.
2551 3337 2681 3394 Post
2729 3353 2950 3396 errores
2996 3341 3248 3412 Origenis
3311 3347 3523 3414 prolixe

1947 3425 2258 3479 confutatos
2307 3427 2440 3495 petit
2495 3429 2708 3482 demum
2759 3443 2788 3483 a
2845 3427 3002 3485 Mena
3057 3430 3416 3500 Justiuianus.
3467 3445 3528 3492 ut

1951 3514 2328 3585 episcoporum
2375 3527 2428 3574 et
2486 3519 3022 3588 cmnobiarcharum,
3058 3525 3148 3593 qui
3202 3533 3330 3579 tunc
3381 3527 3527 3582 Con-

1951 3609 2303 3678 stantinopoli
2337 3609 2593 3680 agebant,
2626 3624 2951 3669 conventum
2990 3615 3208 3682 habeat,
3239 3620 3308 3672 ab
3351 3619 3526 3690 iisque

1949 3699 2264 3770 Origencm,
2295 3713 2346 3754 ct
2384 3701 2635 3772 Origenis
2683 3704 2932 3776 dogmata
2987 3708 3163 3777 respui
3211 3716 3266 3763 et
3299 3711 3527 3766 anathe-

1947 3795 2108 3847 matis
2135 3795 2342 3848 conteri
2378 3805 2664 3864 procuret;
2707 3807 2762 3852 et
2787 3813 2967 3853 rerum
3003 3813 3030 3852 a
3056 3815 3115 3856 se
3151 3801 3202 3854 in
3239 3803 3340 3858 hac
3362 3817 3526 3860 causa

1949 3895 2220 3953 gestarum
2245 3885 2573 3956 exemplaria
2611 3887 2676 3941 ad
2723 3888 2977 3956 praesules
3033 3900 3087 3946 et
3143 3892 3364 3949 abb-rtes
3389 3909 3525 3964 qna-

1948 3990 2250 4043 quaversus
2281 3977 2638 4042 transmittat,
2676 3987 2734 4032 ttt
2769 3979 2870 4047 ipsi
2901 3995 3119 4050 quoque
3173 3985 3523 4040 anathemata

1949 4065 2198 4137 Origenis
2243 4069 2464 4136 pr0pria
2519 4069 2920 4139 subscriptione
2965 4073 3308 4129 confirment.
3363 4076 3525 4132 Vetat

1951 4167 2212 4228 praeterea
2252 4160 2564 4229 episcopum
2595 4161 2678 4214 vel
2723 4163 3212 4218 archimandritam
3265 4169 3520 4224 constitui

1949 4262 2300 4318 quemquam,
2337 4249 2436 4302 nisi
2465 4250 2616 4318 prius
2642 4249 2931 4319 Origenem
2977 4269 3082 4308 una
3123 4269 3244 4310 cum
3272 4257 3392 4314 aliis
3419 4261 3525 4316 bte-
3579 4305 3584 4314 .

1951 4341 2152 4404 reticis,
2195 4341 2281 4410 qui
2330 4341 2396 4394 de
2445 4356 2595 4396 more
2625 4341 2676 4396 in
2713 4343 2875 4397 editis
2925 4344 3120 4401 libellis
3157 4351 3523 4407 anathematis

1949 4431 2357 4498 confodiuntur,
2392 4443 2502 4486 toto
2548 4435 2733 4488 animo
2764 4437 3018 4491 detestari
3068 4453 3126 4493 se
3160 4448 3216 4492 et
3262 4441 3524 4500 damnare

1951 4526 2114 4581 fuerit
2144 4527 2444 4596 professus.
2476 4527 2760 4598 Significat
2789 4531 3134 4600 postmodum
3177 4531 3388 4589 litteras
3411 4550 3440 4588 a
3464 4550 3523 4591 se

271 4623 442 4678 fateor
477 4623 788 4679 haereticum
821 4637 942 4680 esse
990 4623 1276 4694 Origenem
1305 4641 1319 4688 ;
1383 4623 1467 4677 sin
1523 4624 1842 4692 pertinacia,
1875 4625 1918 4680 D
1949 4617 2138 4670 θοίιθιη
2183 4619 2284 4672 hoc
2307 4618 2556 4687 exemplo
2589 4619 2782 4675 missas
2833 4621 2898 4676 ad
2938 4621 3188 4693 Vigilium
3219 4639 3438 4695 papatn,
3469 4637 3526 4681 et

271 4717 362 4785 qui
391 4715 674 4770 erroribus
707 4715 1064 4785 pertinaciter
1094 4715 1383 4769 adhaesisse
1420 4713 1706 4784 Origenem
1757 4713 1838 4768 di-

272 4822 394 4860 cere
422 4807 660 4864 audeat?
693 4807 942 4862 Ostendit
976 4807 1236 4876 deinceps
1269 4807 1570 4875 imperator
1615 4808 1840 4876 paganis

271 4907 328 4950 et
355 4895 664 4953 Manichacis
691 4899 1074 4954 Adamantium
1129 4897 1491 4963 consensisse,
1521 4911 1588 4952 ex
1618 4898 1842 4968 ejusque

271 4990 501 5044 decretis
525 4989 779 5044 Arianam
797 4991 1048 5048 haeresim
1067 4993 1372 5047 coaluisse:
1403 5000 1513 5046 tum
1536 4990 1838 5046 animarum

269 5083 616 5156 προΰπαρξιν
661 5091 806 5137 tanta
838 5086 1187 5140 contentione
1236 5091 1527 5155 oppugnat,
1581 5091 1642 5137 ut
1683 5079 1844 5137 facile

269 5185 526 5244 appareat
562 5177 700 5227 inter
732 5173 1088 5243 Origenianas
1124 5176 1424 5232 sententias
1469 5177 1610 5229 hanc
1661 5173 1833 5243 potis-

267 5267 466 5320 simum
499 5264 660 5334 hujus
688 5265 784 5320 aevi
815 5263 1140 5335 Origenistis
1170 5266 1445 5334 arrisisse,
1491 5265 1635 5334 quod
1683 5274 1740 5318 et
1774 5279 1840 5318 ex

267 5357 544 5427 Euthymii
574 5367 629 5412 et
654 5355 864 5426 Cyriaci
908 5353 1044 5410 Vitis
1083 5372 1112 5409 a
1144 5357 1346 5428 Cyrillo
1379 5355 1676 5412 lucubratis
1701 5355 1848 5410 intel-

263 5451 476 5520 ligitur.
504 5448 806 5504 Notandum
841 5464 1005 5520 porro
1057 5449 1430 5519 Chrysostomi
1479 5447 1844 5517 patrocinium

263 5544 500 5598 libenter
579 5543 846 5598 asciscere
895 5540 1285 5606 Justinianum,
1356 5548 1414 5594 ut
1461 5540 1566 5594 hoc
1630 5553 1843 5609 quoque

262 5632 570 5688 subsidium
626 5632 947 5702 Origcnistis
981 5630 1196 5700 eripiat.
1263 5627 1530 5684 Jocularis
1557 5643 1690 5684 vero
1734 5637 1839 5694 est,

261 5735 322 5780 et
352 5735 410 5778 ut
435 5723 616 5778 verius
642 5721 834 5792 loquar
859 5722 1082 5794 puerilis
1121 5719 1412 5776 Justiniani
1459 5718 1838 5785 ballucinatio,

337 5903 383 5936 ³³
407 5903 625 5960 Liberat
659 5903 807 5958 Dietc.
845 5901 996 5958 Brev.
1025 5917 1144 5968 cnp.
1176 5899 1268 5964 Q3.

1952 4709 2020 4762 ad
2087 4710 2458 4778 patriarcham
2509 4711 2960 4781 Alexandrinum,
3011 4713 3521 4786 Jerosolymitanum

1945 4799 2496 4870 etTheopolitanum,
2565 4803 2668 4858 hoc
2725 4814 2811 4858 est
2864 4806 3284 4864 Antiochenum.
3327 4811 3523 4866 Antio-

1947 4896 2122 4949 chiam
2163 4895 2362 4965 quippe
2394 4903 2512 4964 post
2561 4905 2719 4952 terrae
2751 4907 2958 4954 motum
2992 4901 3274 4971 auspicato
3303 4903 3524 4960 nomine

1948 4987 2262 5057 Theopolim
2291 4987 2631 5045 Justinianus
2682 4990 2988 5060 appellavit.
3025 4993 3107 5048 Ad
3152 4994 3266 5049 haec
3299 5007 3364 5048 ex
3417 5010 3524 5049 uno

1945 5077 2086 5148 Περὶ
2117 5077 2318 5147 ἀρχῶν
2348 5093 2532 5148 Opere,
2570 5079 2660 5148 qui
2702 5081 2936 5134 maxime
2971 5080 3233 5149 capitales
3265 5082 3361 5136 visi
3396 5093 3524 5138 sunt

1945 5185 2160 5226 errores
2184 5171 2415 5240 colligit,
2446 5178 2499 5225 et
2522 5169 2592 5225 ob
2633 5170 2900 5226 lectorum
2929 5171 3118 5226 oculos
3147 5174 3314 5240 ponit.
3350 5173 3518 5230 Deni-

1943 5277 2049 5332 que
2072 5263 2234 5316 verba
2269 5262 2382 5331 ipsa
2427 5261 2752 5332 praescribit,
2787 5261 2840 5316 in
2891 5276 3011 5332 qua:
3037 5265 3522 5321 anatbetnatismos

1945 5352 2207 5406 adversus
2241 5347 2496 5422 Origenis
2540 5352 2790 5422 dogmata
2839 5353 3050 5421 concipi
3099 5355 3247 5418 velit,
3287 5371 3520 5426 quorum

1943 5453 2249 5512 postremus
2275 5443 2565 5513 Origenem
2593 5445 2766 5514 ipsum
2799 5445 3178 5501 damnatorum
3210 5448 3522 5519 dogmatutn

1947 5543 2222 5590 auctorem
2247 5537 2512 5605 percellit.

2019 5625 2108 5683 IX.
2151 5628 2545 5684 Conferendum
2576 5629 2682 5686 huc
2711 5631 2923 5687 videtur
2954 5631 3300 5702 Theophanis
3329 5631 3521 5687 Nesto-

1951 5718 2086 5774 riani
2137 5719 2384 5776 monachi
2429 5719 2628 5790 visum,
2675 5723 2814 5790 quod
2863 5737 2890 5776 a
2935 5721 3153 5784 Moscho
3205 5723 3420 5806 Evirato
3459 5723 3522 5796 in
