4152 6408
615 466 744 522 1167

1871 451 1930 507 P.
1974 446 2290 504 DANIELIS
2327 444 2576 501 HUETII-

3719 431 3859 494 “68

614 583 770 637 Prata
816 577 1101 645 spirituali,
1143 588 1262 642 cap.
1306 572 1399 638 εδ,
1449 578 1715 627 narratur.
1751 569 1972 623 Adierat
2009 565 2183 638 Cyril-
2212 566 2257 622 Δ
2283 573 2385 629 est,
2422 564 2645 618 Romam
2674 570 2863 613 recens
2896 552 3143 626 profecto
3172 549 3389 645 Pelagio
3417 546 3672 645 diacono,
3702 557 3858 617 post-

608 690 719 730 tum
755 670 1114 738 Timophanes
1140 667 1227 720 ille
1254 666 1374 719 aliis
1402 665 1571 734 ipsum
1604 664 1672 718 de
1710 666 1870 716 rebus
1896 670 2178 730 perconta-

607 773 781 826 turus,
802 772 960 827 quem
991 771 1113 811 cum
1140 755 1193 808 in
1220 752 1454 806 Nestorii
1490 752 1609 805 luto
1640 750 1850 803 haerere
1877 744 2179 816 perspexis-

611 861 689 910 set
715 849 968 921 Cyrillns,
1004 861 1162 900 orare
1192 845 1354 914 jussit
1379 853 1436 897 ut
1479 857 1664 912 ecqua:
1706 840 1885 894 verior
1910 848 2054 893 esset
2084 836 2178 891 do-

609 938 800 998 ctrina,
828 934 929 989 sibi
954 933 1254 1003 pateﬁeret.
1280 933 1467 986 Oranti
1496 930 1667 982 astitit
1693 928 1933 999 quidam,
1959 935 2179 996 aspectu

610 1028 885 1091 terribilis,
917 1036 1365 1094 assumptumque
1389 1022 1611 1077 deduxit
1648 1022 1700 1076 iu
1725 1020 2065 1075 tenebrosum
2102 1019 2181 1072 Io.

607 1135 751 1180 cum,
788 1130 844 1172 et
890 1116 1094 1172 ftetidis
1129 1115 1341 1184 ignibus
1386 1112 1703 1167 horridum:
1743 1120 1853 1163 tum
1903 1110 1954 1163 ei
1988 1108 2181 1163 mediis

609 1212 663 1265 in
712 1210 946 1273 flammis
987 1206 1315 1261 Nestorium.
1365 1202 1740 1272 Eutychetem,
1782 1198 2177 1269 Apollinarem,

608 1301 947 1364 Dioscorum,
981 1296 1263 1358 Severum,
1288 1294 1602 1361 Origenem,
1631 1300 1685 1345 et
1709 1290 1846 1345 alios
1870 1287 2179 1358 aspicienti,

610 1391 939 1446 destinatmn
968 1388 1111 1442 hunc
1142 1400 1262 1441 esse
1294 1385 1469 1438 locum
1497 1382 1635 1438 dixit
1658 1382 2033 1435 haereticorum
2065 1394 2184 1447 sup-

610 1484 819 1555 pliciis;
862 1481 915 1534 in
953 1494 1126 1547 eoque
1175 1478 1410 1531 futurum
1452 1484 1511 1527 ut
1547 1488 1737 1543 pinnas
1789 1474 1905 1543 ipse
1946 1473 2037 1526 det
2078 1470 2182 1523 ali-

611 1576 846 1643 quando,
875 1570 1036 1625 uisi‘a
1070 1570 1353 1639 przeceptis
1382 1568 1561 1621 animo
1592 1563 1941 1634 opinionibus
1978 1562 2184 1617 disces-

612 1666 765 1721 serit.
799 1664 983 1717 Visum
1029 1661 1255 1730 Cyriaco
1292 1657 1537 1712 narravit
1568 1655 1951 1724 Tthphanes,
2002 1662 2060 1707 et
2090 1666 2184 1705 ca-

615 1757 828 1809 tholica:
875 1752 1128 1807 Ecclesize
1159 1766 1354 1805 nomen
1384 1748 1551 1803 dedit.
1579 1744 1857 1800 Laudatur
1884 1745 2030 1799 istud
2071 1742 2186 1797 Mo-

613 1849 731 1903 schi
761 1861 896 1915 opus
927 1846 981 1901 in
1015 1847 1241 1915 septima
1276 1843 1503 1914 synodo,
1540 1840 1772 1908 indeque
1805 1836 2029 1891 multum
2081 1837 2181 1905 ipsi

614 1937 955 1994 auctoritatis
989 1936 1283 1991 accessisse
1311 1933 1596 1989 credentes
1630 1932 1897 2001 plerique,
1934 1932 1984 1985 id
2012 1929 2190 1986 Theo—
2223 1926 2266 1985 Β

615 2034 808 2103 phauis
835 2031 1105 2087 somnium
1135 2044 1232 2098 pro
1261 2026 1408 2082 edito
1430 2026 1692 2081 divinitus
1715 2024 1935 2080 oraculo
1962 2023 2184 2080 habent.

617 2126 735 2193 Quo
786 2123 1037 2193 equidem
1094 2134 1286 2191 parum
1340 2132 1680 2190 permoveor,
1713 2126 1869 2174 “nam
1922 2116 2189 2185 ejusmodi

617 2215 1036 2272 somniationum
1072 2211 1225 2267 ferax
1260 2220 1343 2267 est
1370 2210 1761 2278 Graeculorum,
1801 2225 1863 2266 ac
1885 2210 2188 2280 praesertim

619 2308 1007 2363 monachorum
1046 2305 1230 2370 natio;
1264 2314 1319 2358 et
1342 2320 1676 2374 quaecunque
1714 2319 1810 2372 per
1851 2305 2021 2359 otium
2054 2304 2191 2357 ima-

620 2403 807 2472 ginum
855 2399 1049 2453 artifex
1097 2397 1297 2451 utentis
1344 2396 1572 2451 facultas
1614 2397 1787 2465 ﬁngit,
1817 2396 1896 2450 sic
1930 2406 2189 2465 tanquam

620 2493 715 2547 Dei
747 2489 907 2546 effata
930 2488 1032 2543 sibi
1057 2488 1288 2557 aliisque
1312 2500 1613 2557 proponere
1638 2496 1883 2557 prompta
1912 2496 1967 2541 et
1994 2484 2188 2541 facilis.

618 2584 839 2641 Minime
867 2592 1047 2637 autem
1087 2594 1153 2635 ex
1191 2581 1405 2635 laudata
1449 2579 1502 2634 in
1546 2580 1774 2649 septima
1806 2579 2010 2649 synodo
2056 2578 2193 2633 scri-

618 2676 818 2749 ptionis
842 2674 985 2728 illius
1011 2672 1212 2728 Moschi
1238 2670 1500 2741 particula
1527 2680 1699 2725 totum
1720 2685 1855 2740 opus
1877 2670 2192 2725 existimau-

620 2772 745 2825 dum
777 2782 975 2824 censeo
1002 2784 1019 2823 :
1052 2764 1233 2820 multis
1274 2763 1515 2834 alioquin
1549 2763 1830 2817 damnosis
1860 2761 2195 2817 lucubratio-

620 2862 783 2915 nibus
823 2860 978 2930 plena
1023 2871 1416 2927 usquequaque
1464 2853 1804 2923 adiungenda
1849 2863 1995 2910 esset
2035 2853 2189 2919 fides,

620 2968 847 3023 quorum
883 2952 1143 3006 selectqu
1174 2949 1433 3018 aliquem,
1463 2948 1506 3001 si
1538 2945 1703 3013 forte,
1745 2946 1921 3001 locum
1951 2944 2191 3015 synodus

620 3043 798 3111 aliqua
829 3040 1195 3111 usurpaverit.
1230 3038 1465 3109 Vigebat
1503 3052 1567 3091 ea
1600 3045 1924 3107 tempestate
1958 3034 2193 3090 Joannes

620 3134 1044 3198 Grammaticus,
1074 3138 1442 3203 cognomento
1487 3129 1840 3201 Philoponus,
1874 3128 2196 3183 Alexandri-

621 3241 724 3280 nus
747 3224 943 3280 litteris
969 3222 1256 3294 exquisitis
1275 3221 1521 3292 apprime
1542 3221 1788 3276 eruditus
1815 3243 1826 3277 ;
1860 3221 1953 3275 sed
1977 3230 2197 3291 propter

622 3317 905 3371 catholica:
920 3315 1043 3370 fidei
1061 3292 1341 3370 contraria
1361 3312 1609 3383 dogmata
1633 3312 1777 3367 inter
1803 3313 2087 3367 haereticos
2103 3328 2192 3366 re-
2222 3292 2267 3354 ο

623 3411 786 3476 latus,
817 3423 941 3462 nam
957 3407 998 3460 ἰ’
1007 3407 1349 3462 ritheitarum
1375 3420 1571 3476 parcus
1598 3405 1719 3469 fuit,
1746 3405 1966 3475 etjuxta
2008 3405 2197 3476 Orige-

623 3515 746 3555 nem
770 3512 1057 3567 corporum
1092 3496 1551 3552 resurrectionem
1570 3496 1845 3551 iuficiatus
1870 3507 1970 3561 est,
1995 3498 2199 3566 scripto

626 3590 749 3644 inid
777 3597 1163 3659 argumentum
1196 3601 1365 3657 opere
1400 3602 1509 3657 quo
1545 3587 1766 3642 Patrum
1817 3589 2195 3644 auctoritatem

627 3680 856 3736 ludibrio
878 3678 1065 3735 habuit
1084 3694 1099 3745 ;
1118 3679 1210 3733 sed
1230 3694 1260 3733 a
1290 3679 1597 3734 Theodosio
1633 3681 1919 3743 monacho,
1954 3681 2196 3747 Conone,

626 3773 864 3842 Eugenio
917 3782 972 3827 et
1004 3772 1304 3829 Themistio
1340 3772 1647 3828 luculenter
1674 3772 1939 3829 refutatus
1967 3784 2073 3834 est.

695 3864 766 3919 Χ.
808 3864 879 3919 At
904 3863 1224 3919 Theodorus
1252 3863 1477 3919 Aseidas
1501 3862 1953 3932 Origenistarnm,
1987 3878 2041 3922 et
2068 3868 2200 3924 Ace-

626 3956 938 4027 phalerum,
1001 3956 1115 4010 sive
1175 3955 1676 4031 Monophysitarum
1733 3958 2018 4025 columen,
2078 3976 2200 4015 cum

624 4046 914 4116 Origenetu
946 4044 1014 4099 ab
1043 4046 1310 4119 episcopis
1339 4048 1631 4103 Justiniani
1659 4064 1825 4119 opera
1858 4053 2200 4121 reprobatum

626 4152 770 4208 aegre
819 4136 1009 4203 ferret,
1063 4136 1408 4195 Theodorum
1464 4138 1805 4209 Mopsuestia:
1864 4142 2201 4212 episcopum,

628 4228 955 4302 Origeuiauo
992 4230 1226 4296 nomini,
1254 4231 1380 4286 dum
1404 4230 1628 4295 viveret,
1659 4232 1951 4295 infensum,
1979 4242 2034 4287 et
2066 4233 2203 4288 mul-

631 4322 699 4376 tis
746 4322 1007 4377 adversus
1044 4337 1164 4376 eum
1201 4322 1361 4377 editis
1400 4322 1673 4392 opusculis
1716 4324 1981 4380 celebrem
2030 4340 2201 4395 oppu-

629 4413 901 4484 gnandum
951 4413 1079 4478 sibi,
1122 4423 1176 4467 et
1220 4415 1587 4469 anathematis
1633 4415 2029 4485 subjiciendum
2076 4432 2205 4487 pro-

632 4503 830 4572 posuit,
870 4504 938 4557 oh
972 4504 1023 4558 id
1070 4503 1329 4568 maxime,
1374 4505 1517 4574 quod
1557 4519 1588 4558 a
1636 4503 2061 4562 Chalcedonensi
2114 4523 2207 4578 sy-

2284 670 2445 725 quam
2476 652 2615 723 apud
2645 648 3011 703 Iustinianum
3042 642 3375 714 apocrisiarii
3402 653 3625 694 munere
3646 638 3859 694 functus

2284 753 2385 800 est.
2421 743 2535 799 Hoc
2556 742 2735 795 edicto
2760 737 3048 793 anathema
3076 735 3124 789 is
3144 749 3265 789 esse
3286 733 3526 801 iubetur,
3559 730 3651 798 qui
3678 728 3858 783 Theo-

2288 838 2483 891 dorum
2540 833 3001 902 Mopsuestenum,
3059 827 3155 896 qui
3218 823 3506 893 epistolam
3563 821 3629 875 ad
3686 820 3861 874 Maria

2285 929 2506 984 Persam
2538 926 2876 987 hmreticum,
2903 935 3065 992 quam
3092 920 3212 973 lbas
3244 915 3639 985 conscripsisse
3664 912 3860 979 fertur,

2286 1023 2492 1091 quique
2541 1018 2745 1086 scripta
2773 1011 3129 1069 "Theodoreti
3182 1011 3446 1065 adversus
3489 1006 3753 1079 Cyrillum
3808 1014 3866 1057 et

2288 1112 2569 1168 duodecim
2612 1108 2731 1179 ejus
2757 1104 3011 1177 capitula,
3067 1100 3389 1156 defenderit.
3426 1098 3626 1155 Verum
3674 1112 3867 1167 perpa-

2288 1220 2406 1260 rum
2440 1204 2492 1257 id
2526 1201 2707 1255 valere
2741 1197 3049 1267 intelligens
3080 1194 3377 1263 imperator
3416 1192 3519 1246 nisi
3580 1190 3865 1259 episcopo-

2289 1312 2409 1350 rum
2432 1292 2826 1361 subscriptione
2852 1284 2960 1341 vim
2993 1302 3056 1342 ac
3090 1285 3257 1340 robur
3280 1284 3693 1353 adipisceretur,
3721 1281 3867 1336 mul-

2290 1398 2372 1442 tos
2395 1386 2461 1439 ad
2487 1398 2770 1439 assensum
2806 1379 3108 1451 pertraxit;
3141 1374 3293 1431 multi
3326 1374 3467 1444 quod
3500 1374 3650 1428 salva
3675 1371 3869 1443 synodi

2289 1476 2749 1534 Chalcedonensis
2780 1473 3105 1529 auctoritate
3134 1468 3370 1537 capitula
3412 1468 3526 1521 hac
3551 1464 3869 1521 labefactari

2291 1587 2399 1626 non
2427 1582 2603 1641 posse,
2638 1576 2695 1622 et
2721 1567 2777 1621 in
2811 1562 3195 1621 ecclesiasticis
3226 1563 3387 1616 rebus
3414 1560 3635 1629 insuper
3661 1557 3865 1612 haben-

2291 1665 2411 1718 dam
2440 1677 2561 1717 esse
2590 1658 2935 1730 imperatoris
2968 1655 3354 1727 auctoritatem
3392 1652 3698 1715 crederent,
3734 1665 3874 1704 con-

2293 1756 2499 1812 sentire
2534 1762 2851 1809 reuuerunt.
2886 1748 3139 1820 Vigilium
3183 1747 3361 1817 ipsum
3394 1744 3698 1798 Romanum
3736 1755 3871 1810 pon-

2292 1850 2513 1913 tificem,
2584 1862 2648 1900 ea
2718 1853 2957 1899 tuentem
3014 1840 3277 1910 capitula,
3339 1836 3867 1904 Constantinopolim

2296 1942 2531 1999 accersit
2572 1938 2955 2001 Justinianus;
2992 1930 3319 1988 sententiam
3360 1938 3519 1999 rogat
3562 1942 3724 1997 super
3773 1927 3841 1979 tri

2294 2035 2396 2090 bus
2426 2028 2708 2100 capitulis;
2733 2025 3125 2095 tergiversatur
3150 2017 3415 2089 pontifex,
3432 2017 3716 2087 episcopos
3739 2031 3873 2083 In;

2296 2123 2387 2193 qui
2431 2120 2661 2174 aderant
2708 2117 2763 2170 in
2800 2114 3065 2185 synodum
3110 2110 3349 2180 colligit;
3382 2118 3439 2163 et
3480 2108 3610 2178 quid
3642 2109 3875 2178 quisque

2297 2212 2547 2277 sentiret,
2576 2208 2779 2278 scripto
2812 2205 2975 2260 edere
3006 2200 3162 2273 jubet
3191 2239 3207 2265 ,
3244 2200 3571 2267 demumque
3604 2198 3658 2251 in
3697 2194 3875 2251 Justi-

2299 2304 2443 2359 niani
2477 2300 2799 2358 sententiam
2842 2294 3129 2360 concedit;
3159 2300 3216 2347 et
3252 2304 3398 2345 anno
3426 2289 3553 2356 548,
3594 2290 3876 2344 decretum

2296 2397 2443 2461 edit,
2493 2391 2635 2463 quod
2686 2388 2994 2443 Judicatum
3047 2384 3369 2455 appellatur,
3434 2397 3610 2451 eoque
3669 2383 3770 2435 tria
3818 2394 3883 2436 se

2300 2489 2558 2543 damnare
2588 2481 2819 2552 capitula
2848 2478 3113 2544 declarat,
3144 2476 3295 2531 salva
3342 2475 3534 2547 synodi
3566 2474 3874 2528 Chalcedo-

2299 2582 2481 2636 nensis
2530 2577 2872 2632 auctoritate.
2929 2570 3068 2626 Hinc
3117 2581 3299 2626 tamen
3347 2568 3643 2626 schismata
3708 2566 3878 2620 multa

2298 2672 2529 2729 conflata
2562 2680 2709 2734 sunt,
2735 2684 2857 2724 cum
2891 2665 3079 2738 synodi
3106 2664 3270 2735 hujus
3292 2663 3652 2717 reverentiam
3682 2669 3739 2714 et
3773 2673 3885 2712 mai

2294 2766 2546 2836 jestatem
2578 2778 2607 2816 a
2641 2761 2887 2816 Romano
2913 2758 3169 2829 pontifice
3198 2755 3453 2809 violatam
3479 2753 3715 2823 episcopi
3745 2766 3880 2821 prte-

2300 2857 2457 2925 cipue
2507 2852 2818 2909 Occidentis
2875 2851 3285 2915 existimarent;
3348 2846 3598 2916 quamvis
3663 2845 3887 2916 urgenti

2299 2949 2627 3014 Justiuiano,
2680 2956 2739 3000 ut
2771 2947 2976 3014 absque
3023 2943 3129 2998 ulla
3170 2940 3360 3012 synodi
3406 2938 3567 3008 hujus
3607 2938 3891 2992 mentione

2303 3046 2357 3099 in
2410 3044 2570 3097 trium
2620 3040 2981 3109 capitulorum
3030 3036 3435 3091 damnationem
3498 3033 3883 3095 consentiret,

2303 3145 2614 3191 constanter
2650 3133 2927 3188 restiterit.
2960 3130 3067 3185 Sed
3099 3128 3315 3183 tandem
3339 3129 3405 3182 ad
3434 3128 3703 3183 saniorem
3729 3142 3884 3181 men-

2304 3236 2412 3282 tem
2436 3225 2671 3281 reversis
2697 3224 2851 3279 Mena
2877 3220 3479 3290 Constantinopolitano
3501 3231 3558 3275 et
3599 3218 3897 3275 Theodoro

2299 3318 2648 3383 Caesariensi,
2679 3330 2817 3386 quos
2842 3330 2873 3370 a
2904 3329 2999 3371 sua
3029 3314 3414 3370 communione
3449 3321 3760 3381 removerat
3795 3310 3889 3364 Via

2299 3413 2484 3483 gilius,
2519 3420 2573 3466 et
2613 3409 2889 3479 abrogatis
2938 3409 3067 3463 item
3099 3407 3316 3473 edictis,
3347 3420 3468 3477 qua:
3496 3407 3562 3461 de
3590 3406 3762 3460 tribus
3790 3419 3888 3459 ca-

2299 3502 2487 3572 pitulis
2544 3500 2915 3571 publicaverat
2960 3496 3323 3563 Justinianus,
3382 3497 3588 3567 placuit
3634 3497 3899 3567 legitimae"

2301 3594 2505 3665 synodo
2534 3592 2896 3662 qurestiouum
2928 3590 3142 3646 illarum
3184 3590 3637 3660 disceptationem
3662 3599 3717 3644 et
3741 3589 3888 3643 arbi-

2303 3686 2465 3739 trium
2499 3682 2763 3753 permitti.

2370 3776 2483 3832 ΧΠ.
2540 3774 2972 3845 Origenistarum
3025 3774 3242 3831 interim
3291 3784 3440 3830 seeta
3485 3774 3538 3829 in
3597 3772 3893 3828 Palaestina

2304 3883 2519 3924 rursum
2550 3882 2614 3923 ac
2645 3868 2840 3922 vicinis
2879 3866 3191 3938 regionibus
3234 3882 3370 3921 nova
3422 3868 3757 3921 incrementa
3789 3879 3889 3919 ea-

2303 3960 2504 4029 piebat.
2554 3957 2756 4013 Scribit
2801 3957 3063 4013 Leontius
3095 3957 3393 4028 Neapoleos
3435 3957 3597 4028 Cypri
3638 3959 3891 4025 antistes,

2302 4048 2394 4118 qui
2449 4048 2703 4103 Heraclio
2762 4050 3083 4119 imperatori
3134 4062 3349 4105 coazvus
3400 4049 3519 4112 fuit,
3567 4050 3891 4119 quaesivisse

2305 4139 2601 4208 aliquando
2631 4139 2771 4193 inter
2805 4154 2864 4194 se
2909 4139 3045 4193 duos
3088 4139 3357 4199 Asceterii
3396 4139 3703 4209 cujusdam,
3746 4140 3894 4208 quod

2305 4244 2425 4289 erat
2474 4234 2683 4289 Emesa:
2730 4234 3061 4303 proximum,
3116 4236 3441 4295 monachos.
3484 4250 3584 4290 cur
3625 4233 3905 4305 Origenes

2307 4325 2595 4379 haereticus
2640 4324 2763 4395 (sic
2790 4325 2935 4379 enim
2969 4324 3305 4395 appellatur)
3338 4326 3501 4380 tantis
3536 4342 3565 4379 a
3603 4326 3713 4381 Deo
3749 4327 3891 4381 doti-

2304 4415 2406 4471 bus
2435 4424 2661 4471 ornatus
2690 4416 2794 4471 fide
2826 4417 3142 4472 excidisset.
3182 4418 3430 4487 Cumque
3462 4417 3602 4473 alter
3633 4432 3740 4473 non
3770 4418 3893 4482 Dei,

2307 4506 2400 4561 sed
2430 4515 2639 4563 natura:
2672 4509 2895 4574 donum,
2916 4524 3037 4563 eam
3066 4523 3170 4578 qua
3201 4508 3434 4578 pollebat
3458 4510 3739 4564 scientiam
3770 4523 3902 4566 esse

632 4594 773 4689 nodo
832 4593 1009 4648 fuerat
1054 4592 1326 4649 laudatus.
1373 4594 1696 4663 Imperatori
1753 4595 1938 4667 itaque
1989 4600 2202 4655 concilii
2238 4634 2280 4689 Β
2309 4608 2612 4669 pugnaret;
2653 4600 2792 4654 alter
2839 4609 3030 4655 contra
3079 4600 3354 4657 nemiuem
3386 4615 3452 4656 ex
3500 4610 3706 4655 natura:
3750 4600 3893 4657 dono

631 4683 790 4751 hujus
819 4685 1199 4739 auctoritatem
1240 4686 1501 4741 adversus
1532 4686 1832 4757 Aeepbalos
1862 4688 2082 4759 scriptis
2114 4692 2206 4746 de-

632 4775 896 4841 fendenti,
943 4775 1133 4831 favore
1162 4775 1462 4832 Theodorus
1503 4780 1758 4848 Augustae
1786 4781 2047 4852 suggerit,
2088 4784 2202 4837 fru-

633 4880 745 4923 stra
796 4868 1068 4923 scribendi
1107 4868 1347 4924 laborem
1401 4870 1469 4924 ab
1508 4886 1574 4925 eo
1612 4872 1837 4942 suscipi,
1884 4875 1978 4944 qui
2024 4887 2205 4945 posset

631 4958 934 5028 Acephalos
964 4960 1029 5013 ad
1057 4974 1208 5014 suam
1232 4962 1668 5017 communionem
1709 4967 2026 5034 compendio
2052 4984 2203 5023 νενο-

633 5064 784 5113 care,
822 5048 866 5103 si
905 5048 1220 5105 Theodorus
1254 5049 1681 5121 Mopsuestenus,
1710 5064 1765 5109 et
1804 5055 1907 5111 lbae
1945 5056 2203 5114 Edesseui

635 5142 703 5195 ad
731 5138 900 5193 Marin
933 5139 1153 5194 Persam
1179 5141 1427 5208 epistola,
1457 5153 1641 5213 utpote
1685 5144 1919 5202 Nestorii
1951 5148 2037 5205 lue
2073 5165 2206 5206 con-

637 5230 920 5295 taminata,
955 5240 1011 5284 et
1030 5230 1352 5289 Theodoreti
1376 5236 1759 5305 castigationes
1785 5242 2044 5297 adversus
2069 5245 2203 5299 duo-

637 5324 811 5379 decim
845 5322 1033 5396 Cyrilli
1059 5325 1294 5394 capitula
1320 5327 1437 5381 sive
1468 5330 1950 5390 anathematismos
1980 5336 2205 5392 totidem

636 5411 868 5468 Nestorii
934 5416 1405 5471 analhematismis
1448 5422 1727 5489 oppositos
1783 5424 2207 5492 damnarentur;

637 5504 721 5559 his
751 5507 945 5574 quippe
968 5506 1362 5575 Acephalorum
1392 5525 1512 5565 cum
1540 5510 1836 5570 Catholicis
1860 5518 2205 5572 concordiam

636 5598 872 5652 maxime
906 5600 1190 5653 retardari.

711 5690 801 5744 XI.
840 5692 1085 5746 Assensit
1120 5693 1369 5749 credulus
1413 5696 1731 5767 imperator,
1760 5710 1814 5757 et
1845 5701 1995 5771 pacis
2024 5702 2075 5756 in
2107 5702 2210 5759 Ec-

639 5783 801 5836 clesia
853 5783 1205 5839 conciliandae
1257 5788 1483 5857 cupidus
1533 5791 1770 5845 edictum
1828 5809 1855 5846 a
1922 5793 2211 5851 Theodoro

642 5872 839 5926 Ascida
885 5871 1172 5929 confictam
1222 5892 1334 5957 suo
1368 5879 1586 5957 nomine
1637 5883 1960 5952 promulgari
2019 5902 2211 5953 passus

2310 4691 2569 4760 ejusmodi
2622 4693 2893 4749 excudere
2923 4706 3089 4765 opera
3124 4708 3283 4762 posse
3311 4696 3680 4765 pertenderet,
3711 4696 3896 4767 qualia

2311 4783 2378 4835 ab
2419 4796 2487 4838 eo
2532 4784 2848 4854 conscripta
2891 4794 3053 4850 sunt;
3100 4786 3277 4839 visum
3311 4787 3526 4856 utrique
3570 4797 3655 4843 est
3685 4802 3797 4842 rem
3826 4788 3895 4842 ad

2310 4872 2611 4930 Palaestinae
2656 4886 2972 4941 mouaonos,
3010 4892 3242 4945 quorum
3277 4888 3389 4933 tum
3433 4894 3625 4950 magna
3668 4894 3894 4950 percre-

2310 4965 2503 5021 buerat
2541 4966 2705 5035 fama,
2748 4966 3152 5037 dijudicaudam
3183 4970 3416 5025 deferre.
3449 4970 3689 5041 Pergunt
3720 4972 3795 5027 illi
3825 4973 3896 5027 ad

2313 5060 2642 5116 monasteria
2686 5060 2821 5114 mari
2867 5060 3080 5115 Mortuo
3121 5064 3481 5129 contermina,
3532 5074 3587 5119 et
3628 5063 3894 5120 Joannem

2314 5152 2563 5206 abbatem
2610 5166 2673 5205 ac
2715 5149 3026 5207 Simeonem
3071 5165 3287 5225 rogant,
3332 5156 3525 5225 ecquid
3556 5157 3622 5211 de
3655 5172 3712 5212 re
3754 5159 3897 5214 inter

2312 5255 2372 5296 se
2397 5241 2624 5310 quaesita
2654 5242 2897 5297 sentiant
2927 5257 2942 5295 :
2979 5243 3054 5297 illi
3086 5258 3218 5300 vero
3256 5244 3571 5301 Simeonem
3608 5247 3773 5301 alium
3804 5264 3894 5303 co-

2314 5341 2606 5407 gnomento
2638 5330 2817 5387 Solum
2854 5332 3030 5403 (quod
3070 5344 3174 5399 est,
3205 5345 3263 5389 ut
3292 5337 3547 5405 coniicio,
3573 5322 3738 5407 551w,
3778 5356 3893 5394 mu-

2319 5432 2432 5477 tato
2457 5406 2491 5481 Β
2521 5422 2665 5478 finali
2698 5424 2752 5478 iu
2790 5443 2838 5489 ς,
2867 5427 3322 5496 quemadmodum
3362 5430 3413 5484 in
3460 5406 3741 5496 ‘Awf6aq,
3795 5448 3899 5503 pro

2316 5512 2578 5585 Annibal)
2614 5516 2666 5570 id
2702 5526 2789 5571 est
2824 5518 3076 5573 insanum
3121 5529 3176 5575 et
3214 5520 3459 5588 fatuum,
3491 5522 3704 5580 Emesa:
3741 5525 3901 5579 habi-

2320 5616 2521 5661 tantem
2547 5609 2753 5663 consuli
2776 5609 2987 5679 jubent.
3019 5610 3116 5666 Vir
3146 5611 3437 5669 ille-fastus
3469 5632 3533 5671 ac
3560 5617 3746 5672 inanis
3776 5618 3887 5686 glo-

2318 5699 2411 5753 riae
2439 5700 2813 5766 proculcandze
2835 5716 2995 5757 causa
3024 5704 3344 5761 modestiam
3375 5722 3528 5762 suam
3554 5709 3897 5766 delirationis

2318 5800 2671 5855 simulatione
2698 5800 2939 5870 tegebat,
2972 5802 3242 5873 vulgoque
3265 5818 3365 5873 pro
3394 5805 3634 5861 motione
3662 5806 3890 5860 habeba-

2320 5899 2426 5970 tur.
2444 5891 2513 5971 ’ls
2540 5890 2868 5975 lupinorum.
2898 5904 3171 5977 questum
3202 5895 3344 5953 forte
3368 5899 3711 5961 comedebat,
3744 5912 3900 5957 58m»-
