4152 6418
325 417 463 479 1169

1171 416 1743 476 ORIGENIANORUM
1783 416 1913 477 LIB.
1953 419 2016 487 ll,
2055 420 2205 477 CAP.
2246 420 2335 485 ιν,
2379 420 2571 477 SECT.
2612 408 2682 477 u.’

3428 419 3566 475 H70

323 540 447 597 bolo
491 553 638 603 usus,
689 539 1016 595 adeuntibus
1058 540 1344 597 monachis
1375 542 1718 612 significavit,
1766 542 1887 599 Ori-
1921 546 1968 603 Α
1996 536 2141 597 min'e
2160 542 2469 598 Christiano
2491 541 2726 599 latenter
2750 542 2801 595 in
2832 540 3066 595 Ecclesia
3089 538 3286 610 gentile
3314 538 3565 609 Origenis

323 635 513 695 gen'em
538 627 752 695 ingenio
773 643 874 683 suo
898 627 1185 696 confisum,
1212 645 1335 685 cum
1358 631 1549 685 altiora
1570 642 1891 697 sectaretur,

324 718 381 771 in
412 731 561 772 mare
595 717 801 786 lapsum
830 718 1079 789 periisse.
1111 718 1224 775 Hoc
1256 721 1374 790 ipso
1401 736 1546 777 anno
1568 722 1894 794 Origenismi

323 817 634 877 suspectum
656 809 947 864 Macarium
972 807 1486 883 Ierosolymitanum
1504 815 1892 884 patriarcham,

322 898 639 969 priusquam
667 900 986 956 electionem
1031 901 1204 972 ipsius
1240 902 1496 975 suffragio
1526 907 1895 978 suo.impera-

327 998 414 1045 tor
445 991 775 1054 roborasset,
811 991 943 1047 sede
976 1005 1075 1048 sua
1119 993 1461 1051 deturbatum
1510 996 1678 1053 fuisse
1708 1008 1896 1054 narrat

325 1081 631 1152 Evagrius:
663 1093 719 1137 at
741 1084 794 1137 in
826 1084 1072 1139 eamdem
1099 1083 1380 1156 aliquanto
1405 1095 1527 1159 post
1557 1090 1892 1157 restitutum,

326 1187 448 1227 cum
487 1174 797 1243 Origenem,
831 1176 1121 1245 Evagrium
1150 1188 1207 1234 et
1229 1178 1531 1251 ,Didymum
1561 1183 1891 1251 damnasset,

326 1265 396 1318 ab
427 1265 615 1318 eodem
648 1266 915 1333 proditum
947 1276 1051 1321 est.
1085 1267 1349 1335 Quamvis
1379 1282 1563 1326 autem
1601 1274 1813 1343 publice
1840 1285 1895 1330 et

323 1354 578 1423 privatim
623 1354 885 1425 Origenes
926 1359 1306 1429 infamaretur,
1354 1364 1526 1422 nihilo
1566 1367 1739 1438 magis
1771 1366 1893 1423 Ori-

323 1449 657 1518 genistarum
683 1451 1092 1509 Palaestinorum
1120 1457 1285 1513 animi
1314 1460 1709 1528 consederunt;
1739 1478 1893 1519 cum-

323 1550 429 1606 que
455 1537 507 1593 in
538 1538 686 1595 Nova
714 1544 983 1613 praecipue
1014 1543 1191 1601 Laura
1218 1558 1370 1604 secta
1410 1552 1650 1620 ipsorum
1686 1552 1893 1608 invale-

322 1638 521 1708 sceret,
550 1630 619 1685 ab
650 1629 947 1689 Eustochio
972 1632 1435 1708 Ierosolymorum
1483 1642 1739 1713 episcopo
1771 1642 1896 1697 inde

323 1722 528 1776 extrusi
557 1732 702 1779 sunt.
740 1722 800 1780 In
833 1728 1014 1783 varias
1040 1728 1115 1783 illi
1148 1739 1333 1800 partes
1360 1731 1722 1798 disseminati,
1750 1733 1891 1789 mul-

324 1820 411 1868 tos
435 1814 703 1883 dogmatis
733 1817 845 1872 suis
891 1819 1164 1877 inescatos
1194 1821 1263 1877 ad
1299 1836 1456 1893 opem
1485 1824 1585 1879 sibi
1614 1822 1892 1880 ferendam

1998 635 2194 705 dogma
2227 642 2528 688 sectantur.
2577 633 2645 688 Et
2670 631 2796 702 quia
2826 647 2920 701 per
2949 630 3264 686 instantiam
3305 640 3409 684 tuae
3441 628 3565 682 reli-

1995 727 2171 796 gionis
2198 725 2439 796 ejusdem
2489 723 2702 795 profani
2747 722 3017 794 dogmatis
3061 721 3253 775 iterata
3288 720 3565 773 damnatio

1995 826 2112 884 est;
2139 817 2265 871 hinc
2289 817 2410 886 ejus
2431 824 2732 871 sectatores
2755 821 3080 869 exarserunt
3108 812 3368 866 adversus
3388 810 3566 864 Eccle-

1995 909 2155 975 siam,
2192 915 2499 977 quaerentes
2546 921 2666 961 eam
2706 918 3028 975 quacunque
3067 910 3290 972 possent
3329 902 3382 955 in
3434 901 3565 955 mis-

1996 1000 2153 1055 sione
2183 999 2421 1054 turbare.
2449 997 2514 1052 Et
2545 998 2649 1053 hoc
2681 1005 2853 1051 totum
2877 994 3146 1065 publicam
3174 992 3420 1048 notitiam
3457 1005 3564 1045 non

1994 1089 2201 1159 effugit,
2244 1088 2547 1158 praesertim
2576 1101 2699 1142 cum
2727 1097 2781 1141 et
2828 1085 3165 1141 Domitianus
3193 1083 3411 1153 quidem
3447 1084 3560 1135 An-

1997 1182 2240 1251 cyrensis
2277 1179 2511 1236 civitatis
2537 1178 2818 1249 episcopus
2850 1176 3141 1248 provinciae
3167 1175 3355 1244 prima:
3396 1171 3561 1227 Gala-

1997 1272 2105 1337 tiae,
2133 1273 2223 1342 qui
2264 1270 2364 1326 fuit
2404 1272 2573 1340 ipsius
2600 1268 2943 1340 Origenianae
2986 1266 3208 1322 haeresis
3242 1262 3564 1319 manifestus

1995 1373 2257 1429 assertor,
2288 1378 2383 1433 per
2420 1362 2657 1418 libellum
2683 1376 2843 1432 quem
2872 1359 2936 1413 ad
2959 1358 3329 1414 beatissimum
3369 1368 3563 1423 papam

1997 1454 2249 1526 Vigilium
2287 1456 2527 1525 scripsit,
2576 1456 2686 1510 Deo
2732 1459 3084 1522 extorquente
3128 1448 3411 1506 confessus
3456 1455 3562 1513 est,

1995 1549 2139 1618 quod
2166 1546 2281 1615 ejus
2311 1546 2604 1615 complices
2647 1543 2984 1614 Origeniani,
3019 1556 3141 1597 cum
3182 1540 3432 1595 viderent
3453 1552 3565 1593 non

1994 1651 2054 1692 se
2100 1650 2260 1705 posse
2307 1634 2585 1705 proprium
2630 1633 2827 1701 dogma
2873 1629 3182 1694 defendere,
3235 1642 3413 1697 neque
3461 1626 3563 1681 sibi

1995 1728 2283 1798 quidquam
2337 1725 2451 1795 spei
2493 1726 2561 1781 de
2606 1722 2861 1779 conﬂictu
2906 1730 3136 1783 restare,
3187 1719 3255 1774 ad
3305 1718 3561 1772 ultionem

1993 1830 2181 1871 eorum
2210 1830 2331 1886 qum
2356 1824 2547 1871 contra
2575 1814 2862 1885 Origenem
2886 1820 3034 1883 gesta
3065 1818 3209 1874 sunt,
3239 1811 3353 1865 haec
3376 1809 3565 1864 Eccle-

321 1904 682 1972 pellexerunt.
722 1907 969 1979 impense
1011 1912 1231 1968 favebat
1274 1913 1382 1969 illis
1432 1913 1749 1972 Theodorus
1801 1914 1885 1972 ille

1995 1908 2088 1963 size
2111 1908 2363 1963 scandala
2400 1914 2828 1963 commoverunt.
2864 1923 2883 1958 ι
2918 1904 3073 1972 Quod
3097 1912 3152 1959 et
3174 1902 3376 1957 clarius
3410 1915 3564 1970 repe-

323 2006 483 2062 quem
512 1994 624 2050 dixi
647 1996 892 2065 Ascidas,
913 1998 1201 2057 Iustiniani
1224 2003 1572 2060 consiliorum
1600 2006 1890 2075 particeps,

324 2102 627 2158 magnaque
653 2090 750 2159 ipsi
780 2090 1151 2149 familiaritate
1175 2094 1518 2163 conjunctus.
1550 2096 1777 2153 Factum
1804 2098 1894 2155 ille

324 2179 603 2236 Eustochii
651 2183 991 2253 vituperabat
1033 2187 1238 2255 palam,
1280 2195 1338 2243 et
1388 2187 1445 2242 in
1493 2190 1668 2258 ipsum
1711 2189 1890 2244 aulam

322 2274 715 2330 commovebat.
752 2274 931 2345 Atque
980 2276 1123 2336 hanc
1162 2278 1418 2347 cogendae
1464 2280 1667 2349 quintre
1699 2282 1891 2351 synodi

321 2379 540 2421 causam
578 2366 746 2423 fuisse
773 2368 1020 2424 scribunt
1046 2369 1313 2440 Evagrius
1344 2381 1399 2426 et
1423 2370 1781 2444 Nicephorus.

392 2452 525 2508 Xlll.
571 2456 769 2513 Coacta
812 2456 1280 2531 Constantinopoli
1323 2463 1529 2533 synodo
1573 2479 1718 2519 anno
1764 2464 1889 2531 553,

319 2543 505 2599 multis
527 2544 580 2599 itt
606 2560 669 2601 ea
696 2547 762 2601 de
800 2548 974 2604 tribus
1000 2549 1249 2619 capitulis
1278 2560 1458 2607 actum
1483 2563 1585 2609 est.
1618 2553 1749 2620 Quae
1776 2556 1891 2611 sin-

319 2634 442 2704 gula
478 2634 584 2692 huc
616 2638 821 2694 referre
848 2640 1099 2709 quoniam
1143 2656 1252 2698 non
1282 2651 1366 2698 est
1407 2645 1578 2699 nostri
1620 2645 1887 2713 instituti,

317 2725 520 2783 dixisse
560 2729 665 2784 hoc
703 2745 866 2786 unum
912 2730 1163 2797 suiﬁciat,
1227 2735 1497 2790 renitente
1542 2734 1755 2807 Vigilio,
1798 2739 1889 2808 qui

315 2817 509 2889 synodi
539 2819 889 2877 celebrationi
915 2837 1015 2892 pro
1038 2824 1244 2879 viribus
1270 2825 1676 2892 intercesserat,
1706 2837 1761 2882 et
1787 2829 1886 2883 tria

317 2908 546 2978 capitula
584 2911 758 2967 denuo
789 2912 1119 2970 defendenda
1148 2924 1476 2987 sumpserat,
1512 2917 1765 2973 damnata
1799 2918 1888 2974 illa

315 3001 667 3060 nihilominus
699 3002 895 3073 fuisse,
932 3016 984 3062 et
1022 3006 1276 3078 Vigilium
1317 3006 1615 3076 Theodori,
1662 3010 1787 3080 lbae,
1836 3022 1890 3067 et

315 3094 640 3152 Theodoreti
680 3108 858 3167 partes
896 3107 1133 3155 tuentem
1168 3114 1263 3170 per
1306 3100 1542 3157 libellum
1577 3118 1609 3157 a
1645 3117 1704 3158 se
1734 3118 1886 3160 com-

314 3186 572 3256 positum,
602 3197 657 3243 et
701 3186 1006 3245 Iustiniano
1052 3191 1301 3259 missum,
1336 3206 1495 3262 quem
1528 3191 1886 3250 Constitutum

317 3277 631 3348 appellavit,
670 3289 725 3336 et
754 3282 984 3339 concilio
1019 3282 1365 3341 subscribere
1416 3294 1791 3364 recusantem,
1830 3287 1887 3342 in

312 3366 615 3423 custodiam
666 3369 833 3426 fuisse
883 3382 1088 3438 actum,
1140 3391 1160 3426 ι
1210 3374 1482 3431 modicum
1524 3375 1573 3432 ei
1626 3377 1781 3445 panis
1835 3386 1892 3433 et

315 3471 467 3527 aqua:
515 3478 535 3511 ι
575 3458 742 3515 fuisse
789 3464 1213 3532 suppeditatum,
1256 3474 1315 3520 ut
1369 3466 1533 3522 habet
1571 3466 1891 3525 Anastasius

313 3548 369 3602 in
428 3548 595 3618 ipsius
657 3549 798 3616 Vita,
845 3552 1154 3625 multosque
1198 3557 1481 3627 episcopos
1540 3574 1607 3614 ex
1662 3559 1889 3631 lllyricis

312 3640 583 3708 praecipue
602 3649 657 3696 et
676 3641 842 3709 Afris,
872 3646 1119 3700 eamdem
1145 3647 1215 3701 ob
1238 3662 1457 3703 causam
1479 3650 1699 3706 sedibus
1720 3651 1889 3707 fuisse

313 3728 572 3798 dejectos,
602 3732 799 3788 exsilio
830 3733 1140 3801 mulctatos,
1176 3743 1233 3791 et
1258 3737 1433 3793 modis
1462 3741 1711 3796 omnibus
1748 3742 1888 3797 male

312 3818 559 3888 habitos;
616 3823 750 3878 alios
802 3825 1002 3882 ditatus
1060 3829 1378 3884 muneribus
1421 3844 1702 3887 assensum
1749 3848 1888 3903 prm-

308 3910 550 3969 buisse:
607 3914 702 3969 sed
760 3915 1061 3973 Romanam
1112 3919 1328 3975 demum
1388 3921 1689 3978 Ecclesiam
1744 3925 1887 3981 inter

312 4008 678 4065 meumenicas
723 4019 779 4065 et
833 4010 1103 4081 legitimas
1154 4013 1393 4085 synodos
1456 4017 1700 4085 quintam
1731 4058 1748 4083 ,
1799 4020 1885 4074 vet

311 4106 491 4176 Vigilii
543 4108 730 4178 ipsius,
775 4109 862 4167 vel
910 4109 1136 4183 Pelagii,
1182 4112 1525 4183 aliorumque
1567 4117 1884 4187 pontificum

310 4209 445 4254 nutu
492 4201 811 4268 admisisse;
861 4211 917 4257 et
957 4203 1025 4258 ab
1070 4204 1286 4271 exsilio,
1372 4217 1567 4278 rogatu
1616 4208 1881 4278 Narsetis,

309 4299 623 4346 revocatum
654 4304 776 4345 cum
809 4290 930 4348 aliis
959 4292 1239 4363 Vigilium,
1289 4293 1417 4350 dum
1463 4296 1691 4353 Romam
1726 4315 1879 4369 repe-

308 4390 468 4447 teret,
502 4383 556 4437 in
603 4383 785 4440 Sicilia
831 4386 1053 4441 ohiisse.
1100 4384 1443 4443 Manifestum
1480 4390 1665 4460 itaque
1707 4403 1790 4448 est
1815 4408 1882 4449 ex

307 4473 737 4546 Origenistarum
788 4474 1250 4543 altercationibus,
1282 4486 1337 4533 et
1375 4478 1574 4550 Pelagii
1611 4496 1676 4536 ac
1702 4483 1880 4539 Theo-

1996 2001 2059 2055 tit
2084 2000 2178 2054 lib.
2209 2016 2284 2065 tv,
2315 2016 2436 2070 cap.
2476 2000 2532 2054 4.

2062 2094 2201 2150 XIV.
2244 2091 2435 2148 Utrum
2476 2107 2637 2163 porro
2676 2091 2742 2146 de
2780 2091 3015 2161 Origene
3053 2104 3118 2145 ac
3153 2086 3478 2159 Origenistis
3510 2086 3563 2141 in

1991 2188 2176 2257 quinta
2214 2187 2417 2257 synodo
2456 2196 2639 2241 actum
2671 2187 2762 2248 sit,
2805 2181 3237 2253 investigandum
3279 2189 3403 2267 est»:
3438 2194 3563 2233 nant

1991 2280 2058 2333 de
2095 2278 2163 2334 iis
2192 2278 2406 2348 penitus
2444 2278 2658 2334 siluisse
2693 2278 2860 2347 ipsam
2890 2275 3038 2330 nulla
3073 2289 3203 2329 usus
3235 2271 3558 2327 circuitione

1991 2370 2265 2437 Hauoxius
2291 2371 2559 2438 asseruit,
2599 2380 2653 2425 et
2677 2385 2796 2439 qua:
2820 2376 2969 2434 ante,
3009 2366 3093 2421 vel
3126 2373 3245 2435 post
3269 2361 3561 2419 concilium

1990 2464 2249 2519 adversus
2274 2462 2558 2532 Origenem
2588 2471 2739 2532 gesta
2774 2470 2921 2525 sunt,
2964 2473 3028 2513 ea
3070 2456 3270 2511 multos
3311 2452 3396 2508 vel
3429 2451 3556 2506 odio

1988 2553 2258 2625 Origenis,
2301 2554 2384 2608 vel
2422 2552 2735 2622 imperatori
2778 2549 3081 2610 adulantes,
3114 2546 3198 2601 vel
3245 2542 3563 2599 humanitus

1999 2646 2204 2715 lapsos,
2244 2646 2294 2697 in
2330 2644 2561 2699 concilio
2597 2643 2714 2714 ipso
2749 2654 2901 2713 gesta
2948 2639 3256 2709 scripsisse.
3299 2635 3563 2705 Equidem

1988 2734 2069 2791 sic
2096 2735 2225 2789 olim
2263 2734 2605 2789 existimasse
2638 2747 2726 2787 me
2762 2730 2958 2796 fateor,
2993 2729 3138 2799 quod
3167 2726 3364 2797 jactari
3403 2725 3564 2795 vulgo

1987 2838 2042 2883 et
2070 2827 2215 2882 credi
2250 2826 2407 2892 solet,
2439 2826 2603 2897 hujus
2640 2824 2962 2879 auctoritate
2993 2820 3207 2877 concilii
3242 2820 3562 2875 damnatum

1987 2917 2157 2975 fuisse
2196 2917 2507 2989 Origenem,
2549 2917 2907 2988 Origenisque
2953 2914 3281 2975 doctrinam,
3323 2910 3377 2965 id
3410 2908 3562 2989 Gras-

1987 3026 2172 3067 corum
2204 3010 2394 3065 fraude
2426 3008 2592 3065 fuisse
2621 3009 2933 3075 conﬁctum,
2962 3015 3018 3061 et
3050 3007 3103 3059 in
3133 3002 3348 3073 Evagrii
3386 3001 3561 3056 histo-

1986 3103 2123 3158 riam
2162 3100 2396 3157 fortasse
2422 3102 2703 3156 insertum.
2724 3100 2807 3153 Ad
2844 3098 2896 3154 id
2929 3095 3258 3153 credendum
3283 3091 3369 3146 his
3390 3091 3563 3161 potis-

1987 3196 2184 3252 simum
2208 3194 2507 3252 rationibus
2534 3191 2887 3264 permovebar
2922 3207 2936 3243 :
2966 3187 3170 3244 nullam
3196 3186 3251 3240 in
3276 3184 3414 3241 actis
3436 3196 3560 3237 con-

1992 3290 2103 3346 cilii
2149 3288 2401 3360 Origenis
2447 3298 2663 3345 exstare
2705 3285 3134 3348 damnationem,
3177 3280 3379 3336 nullam
3419 3278 3561 3347 apud

1991 3381 2267 3438 Victorem
2296 3379 2708 3444 Tununensem,
2735 3377 2818 3432 vel
2847 3375 3186 3440 Facundum,
3210 3373 3404 3429 horum
3433 3378 3544 3425 tem

1990 3488 2183 3544 porum
2216 3472 2474 3543 aequales,
2507 3478 2563 3526 et
2595 3485 2777 3525 rerum
2816 3477 3093 3540 gestarum
3129 3475 3316 3522 testes.
3362 3461 3560 3521 Verum

1990 3580 2051 3620 re
2083 3563 2390 3620 accuratius
2420 3563 2911 3634 pensitata,actam
2952 3559 3005 3613 in
3040 3559 3248 3630 synodo
3285 3554 3560 3626 Origenis,

1989 3655 2534 3729 Origenistarumque
2566 3669 2809 3720 causam,
2842 3654 3126 3724 ipsumque
3161 3665 3282 3706 cum
3313 3647 3561 3713 asseclis,

1986 3758 2043 3806 et
2078 3749 2347 3821 dogmatis
2377 3748 2715 3813 damnatum,
2756 3752 2811 3802 et
2844 3742 3210 3799 anathematis
3244 3739 3561 3796 confossum

1986 3841 2155 3897 fuisse
2204 3855 2312 3894 non
2362 3852 2657 3910 persuasus
2702 3851 2820 3891 sum
2861 3835 3046 3900 modo,
3099 3835 3193 3891 sed
3253 3834 3561 3902 quicunque

1984 3932 2149 3987 etiam
2188 3930 2345 3986 aliter
2382 3929 2639 3993 senserit,
2668 3928 2750 3981 vel
2782 3942 2973 3998 parum
3010 3935 3299 3989 attentum,
3338 3923 3425 3980 vel
3453 3938 3560 3977 non

1986 4022 2119 4079 satis
2151 4021 2442 4091 pudentem
2467 4034 2589 4075 esse
2616 4027 2891 4088 oportere.
2923 4017 3132 4073 Causas
3168 4031 3266 4071 cur
3293 4015 3349 4070 id
3380 4014 3561 4070 credi-

1985 4113 2154 4172 derim
2196 4114 2298 4168 has
2342 4111 2526 4166 habui.
2569 4110 2813 4170 Primum
2846 4110 3011 4165 totius
3055 4108 3133 4164 rei
3163 4121 3455 4172 summam,
3506 4114 3561 4160 et

1983 4208 2148 4261 verba
2186 4205 2304 4275 ipsa
2345 4203 2708 4261 anathematis
2752 4203 2818 4259 ab
2855 4201 3086 4272 Evagrio
3129 4201 3299 4256 relata
3325 4213 3449 4255 esse
3474 4198 3557 4254 vi-

1983 4297 2106 4365 deo,
2136 4311 2296 4366 quem
2331 4303 2503 4350 totum
2530 4293 2899 4350 Graeculorum
2932 4308 3125 4361 agmen
3156 4293 3424 4362 sequitur,
3460 4308 3556 4347 au-

1984 4399 2101 4443 ctor
2171 4388 2422 4443 Chronici
2499 4386 2867 4450 Alexandrini,
2924 4383 3189 4454 Georgius
3246 4383 3556 4455 Syncellus.

1984 4481 2367 4552 Theophanes,
2413 4478 2641 4535 Photius
2690 4480 2744 4533 in
2786 4478 2967 4535 libello
3011 4479 3092 4533 De
3130 4479 3369 4548 synodis,
3404 4476 3557 4531 Nilus

308 4568 428 4623 dori
457 4568 811 4625 Caesariensis
838 4570 1205 4625 simultatibus
1235 4579 1285 4625 et
1316 4572 1456 4627 odiis
1487 4574 1587 4627 hos
1622 4584 1801 4631 motus
1826 4584 1882 4631 et
1912 4585 1956 4640 ι)
1985 4573 2250 4636 Rhodius,
2296 4581 2349 4629 et
2390 4570 2643 4642 anonymi
2686 4570 2794 4627 duo
2828 4570 2919 4640 qui
2966 4570 3032 4625 de
3072 4570 3295 4642 synodis
3344 4585 3558 4638 quoque

306 4660 494 4716 turbas
520 4660 573 4715 in
594 4660 832 4716 Ecclesia
855 4660 1131 4718 exstitisse
1154 4679 1167 4715 :
1200 4681 1218 4714 ‹
1244 4661 1377 4717 Illud
1406 4664 1611 4734 liquere
1631 4666 1883 4723 omnibus

306 4751 492 4814 credo,
526 4768 546 4804 ι
587 4751 767 4822 inquit
808 4752 1095 4809 Liberatus
1141 4752 1385 4810 Breviar.
1412 4756 1547 4825 Ecap.
1596 4758 1688 4825 24,
1727 4776 1745 4811 ι
1785 4775 1881 4831 per

304 4836 577 4911 Pelagium
609 4842 899 4899 diaconum
949 4854 1020 4914 ,et
1066 4844 1409 4902 Theodorum
1445 4847 1704 4905 Caesareae
1736 4851 1881 4921 Cap-

306 4931 545 4999 padocia:
590 4932 899 5003 episcopum
957 4935 1062 4991 hoc
1104 4938 1417 4992 scandalum
1474 4940 1528 4995 in
1580 4941 1876 4997 Ecclesiam

304 5020 473 5076 fuisse
504 5023 823 5092 ingressum.
853 5025 1005 5092 Quod
1042 5028 1206 5084 etiam
1238 5030 1452 5099 publice
1482 5033 1596 5102 ipse
1623 5033 1875 5091 Theodo-

306 5125 401 5166 rus
429 5110 746 5178 clamitavit,
796 5128 856 5170 se
894 5124 950 5170 et
991 5116 1268 5191 Pelagium
1298 5121 1451 5176 vivos
1480 5121 1871 5193 incendendos,

302 5216 400 5271 per
428 5216 562 5271 quos
592 5202 1033 5275 hoclscandalum
1062 5210 1304 5268 introivit
1329 5212 1383 5268 in
1416 5215 1695 5270 mundum.
1722 5234 1740 5269 ι
1770 5217 1874 5272 Do-

302 5293 558 5349 mitianus
585 5294 699 5363 ipse
728 5296 1051 5368 Ancyranus
1077 5300 1380 5373 Origenicae
1412 5306 1676 5363 doctrina:
1697 5322 1873 5365 asser-

303 5391 410 5448 tor,
439 5384 491 5437 in
532 5384 759 5453 epistola
786 5387 1020 5456 quadam
1048 5393 1116 5446 ad
1142 5392 1396 5462 Vigilium
1429 5411 1646 5466 papam,
1682 5398 1873 5468 Orige-

299 5472 563 5528 nistarum
600 5491 763 5546 opera
806 5477 1010 5533 factum
1042 5484 1311 5553 agnoscit,
1347 5494 1407 5540 ut
1432 5488 1536 5542 tria
1575 5489 1808 5557 capitula
1837 5504 1870 5544 a

298 5563 607 5622 Iustiniano
645 5569 1037 5627 damnarentur
1070 5591 1085 5630 :
1117 5576 1273 5631 testis
1302 5574 1590 5635 Facundus
1620 5579 1871 5635 Hermia-

297 5659 483 5713 nensis
530 5660 813 5732 episcopus
842 5663 965 5723 libr.
1003 5681 1021 5721 ι
1050 5667 1119 5721 ad
1147 5666 1375 5736 Iasum,
1402 5686 1524 5740 cap.
1565 5671 1621 5740 2,
1660 5691 1679 5725 ι
1712 5670 1871 5729 Inve-

295 5750 395 5816 nit,
468 5750 678 5821 inquit,
728 5755 1090 5812 desideratam
1142 5761 1484 5815 occasionem
1551 5762 1872 5833 (haeretico-

299 5855 419 5899 rum
463 5843 723 5916 spiritus)
756 5862 823 5906 ex
869 5847 1054 5909 furore
1084 5852 1467 5921 quorumdam,
1500 5855 1592 5924 qui
1642 5856 1740 5913 sub
1776 5872 1872 5914 no-

1986 4669 2342 4735 scripserunt,
2381 4678 2624 4734 quosque
2659 4664 2713 4717 in
2754 4662 3004 4718 canonici
3045 4661 3184 4730 juris
3222 4662 3433 4733 antiqui
3466 4660 3558 4715 Bi-

1983 4755 2307 4811 bliOthecam
2340 4752 2570 4809 contulit
2610 4751 2876 4808 llenricus
2904 4750 3161 4807 Iustellus
3200 4752 3285 4807 vir
3314 4751 3556 4807 clarissi-

1982 4865 2136 4914 mus;
2167 4847 2427 4914 Zonaras,
2462 4845 2678 4916 Glycas,
2712 4845 2947 4900 maxime
2976 4858 3105 4898 vero
3130 4841 3428 4910 Cedrenus,
3461 4839 3556 4910 qui

1981 4952 2035 4995 et
2073 4938 2361 4994 Iustiniani
2394 4937 2676 5006 epistolam
2705 4937 2771 4991 ad
2801 4935 3069 5007 synodum
3101 4941 3473 5003 repraesentat,
3499 4932 3552 4986 in

1982 5045 2088 5101 qua
2127 5029 2333 5099 ﬂagitat
2374 5042 2403 5080 a
2436 5026 2707 5093 Patribus,
2746 5035 2806 5080 ut
2849 5024 3162 5096 Origenem,
3195 5022 3553 5094 Origenisque

1982 5120 2226 5191 gregales
2268 5119 2556 5185 damnent;
2606 5126 2662 5174 et
2698 5117 3053 5188 Nicephorus,
3092 5116 3180 5185 qui
3234 5117 3552 5170 anathema-

1981 5217 2171 5271 tismos
2202 5215 2256 5268 in
2288 5214 2577 5284 Origenem
2611 5228 2641 5266 a
2667 5216 2872 5284 synodo
2901 5212 3139 5267 vibratos
3162 5210 3435 5277 αὐτολεξεὶ
3467 5225 3551 5264 re-

1979 5308 2131 5363 citat.
2162 5304 2401 5376 Cyrillus
2430 5315 2691 5376 praeterea
2719 5304 3021 5359 monachus
3067 5317 3207 5373 saepe
3231 5303 3343 5372 jam
3380 5318 3409 5355 a
3453 5316 3549 5353 no-

1978 5399 2061 5454 bis
2095 5397 2312 5461 citatus,
2343 5397 2434 5466 qui
2460 5395 2748 5451 Iustiniani
2787 5410 2901 5450 aevo
2940 5393 3144 5460 floruit,
3175 5404 3229 5448 et
3258 5409 3343 5448 res
3377 5394 3429 5446 in
3456 5407 3546 5463 sy-

1977 5489 2119 5545 nodo
2145 5492 2337 5559 fgestas
2385 5488 2634 5557 ignorare
2665 5503 2769 5542 non
2811 5486 3005 5556 potuit,
3050 5485 3337 5555 Origenem
3380 5486 3433 5537 in
3482 5500 3546 5538 ea

1974 5583 2287 5638 damnatum
2338 5579 2503 5635 fuisse
2543 5579 2745 5634 diserte
2804 5580 2961 5634 docet
2988 5578 3041 5632 in
3095 5577 3210 5631 Vita
3252 5577 3545 5647 Eulhymii,

1973 5687 2093 5743 cap.
2128 5670 2252 5727 105.
2296 5689 2314 5723 ι
2360 5669 2491 5726 Cum
2521 5671 2859 5739 praecedente
2902 5680 3082 5724 autem
3147 5677 3409 5740 tempore,
3460 5666 3547 5721 in-

1971 5766 2108 5835 quit,
2183 5775 2372 5835 postea
2430 5772 2752 5835 congregata
2824 5762 3016 5817 fuisset
3076 5760 3544 5832 Constantinopoli

1970 5859 2158 5925 quinta
2194 5870 2376 5915 sancta
2410 5858 2666 5922 synodus,
2702 5864 2758 5913 et
2784 5854 3035 5922 Origenis
3081 5870 3143 5914 ac
3179 5853 3415 5913 Nestorii
3447 5853 3543 5909 do-
