4152 6410
567 415 699 472 1171

1808 419 1859 475 Ρ.
1904 417 2221 472 ΠΑΝΙΕΙΛΒ
2259 415 2494 474 HUETII

3686 421 3822 476 H72

569 545 748 602 emata
788 539 1014 594 luissem
1060 538 1125 594 ab
1159 553 1222 593 ea
1250 553 1506 610 percussa
1549 543 1918 609 anathemate,
1963 552 2017 596 et
2045 541 2135 611 qui
2165 544 2216 603 Α
2242 541 2559 597 certationis
2580 543 2864 597 artificem.
2890 542 3041 609 Quod
3074 552 3133 596 ut
3161 545 3225 596 de
3269 541 3359 596 illo
3401 540 3611 610 opinari
3638 555 3816 609 prom-

571 626 774 683 Noram
812 629 1040 684 Lauram
1091 639 1376 686 tenuerant
1413 633 1733 703 Origenistze
1772 635 1918 688 illinc
1958 642 2142 688 essent

569 720 810 790 expulsi;
858 732 912 778 et
954 723 1140 780 fideles
1185 736 1240 780 et
1289 727 1576 781 orthodoxi
1622 728 1810 783 Patres
1861 743 2050 780 rursus
2087 728 2140 782 in

570 827 688 866 eam
716 814 1060 883 migrassent,
1084 819 1433 885 permittente
1456 821 1583 874 tnihi
1614 820 1916 874 admirabili
1935 819 2143 874 Joanne

2249 645 2398 704 ptmn
2433 644 2514 688 est
2549 644 2770 704 propter
2805 645 3102 705 spectatam
3148 635 3385 690 hominis
3414 633 3707 698 vafritiem,
3742 633 3816 686 ita

2244 727 2309 781 de
2351 726 2614 796 Eutycbio
2665 728 3010 782 sanctissimo
3057 737 3111 783 et
3162 727 3546 782 candidissimo
3597 726 3817 780 homine

2243 820 2508 888 suspicari
2536 819 2627 873 vix
2659 821 2904 890 equidem
2936 835 3177 890 possum.
3204 819 3432 876 Concilii
3457 817 3698 888 profecto
3720 819 3823 870 bu-

570 899 902 969 Silentiario,
934 920 1018 969 eo,
1051 906 1290 976 inquam,
1318 909 1408 978 qui
1440 921 1557 964 erat
1583 911 1888 980 episcopus,
1921 912 2142 965 discedo
2239 912 2330 981 jus
2384 927 2506 966 cum
2555 912 2767 976 Graeca,
2812 921 2922 966 tum
2975 913 3167 967 Latina
3226 911 3557 981 exemplaria
3601 907 3818 963 Macarii

569 1008 600 1044 a
637 994 884 1048 caanobio
914 1005 967 1050 et
1004 997 1115 1066 ipse
1147 1015 1360 1069 quoque
1393 1015 1585 1056 versor
1633 1002 1683 1055 in
1736 1002 1837 1055 hac
1875 1001 2068 1055 Laura.
2117 1020 2135 1054 ι

567 1081 636 1138 Ει
676 1085 867 1140 iterum
889 1088 941 1141 in
979 1087 1097 1142 Vita
1123 1089 1301 1158 Sabw,
1338 1107 1457 1162 cap.
1487 1093 1582 1148 ult.
1613 1110 1624 1145 :
1660 1113 1677 1146 ι
1713 1093 1838 1148 Post
1874 1095 1986 1149 hmc
2018 1110 2139 1148 cum

572 1185 757 1229 sancta
805 1186 859 1232 et
900 1183 1236 1236 tecumenica
1292 1187 1479 1251 quinta
1531 1187 1767 1256 synodus
1814 1197 2139 1254 congregata

572 1261 762 1320 fuisset
793 1266 1062 1338 Byzantii,
1106 1271 1422 1330 Theodorus
1459 1269 1819 1346 blopsuestiaz,
1859 1289 1912 1331 et
1951 1277 2143 1349 Orige-

569 1369 687 1422 nes,
727 1367 778 1412 et
818 1375 922 1414 una
969 1378 1089 1417 cum
1122 1365 1207 1420 his
1237 1367 1400 1435 impia
1426 1369 1492 1422 de
1521 1370 1947 1438 praaexsistentia
1979 1381 2033 1424 et
2067 1386 2144 1424 re-

568 1451 909 1505 surrectione
947 1454 1196 1524 dogmata
1225 1458 1462 1526 generali
1497 1459 1714 1514 fuerant
1747 1460 1990 1529 subjecta
2019 1478 2144 1516 ana-

569 1539 816 1608 themati,
843 1553 898 1596 et
923 1544 1002 1599 sic
1031 1547 1298 1604 ha-retieis
1324 1549 1576 1620 deinceps
1605 1555 1749 1606 omni
1781 1555 1959 1608 ablata
1983 1555 2144 1610 liber-

573 1636 684 1683 tate
713 1630 987 1701 loquendi,
1018 1637 1181 1692 divini
1214 1639 1369 1694 Saba:
1410 1641 1625 1710 Laurzn,
1661 1655 1716 1700 et
1747 1648 2001 1702 universa
2031 1650 2145 1703 fere

569 1735 693 1776 cum
720 1724 798 1780 eis
831 1725 1140 1797 Palaestina,
1177 1734 1434 1792 vicesimo
1473 1739 1631 1792 tertio
1671 1755 1813 1793 anno
1845 1751 1967 1808 post
2000 1741 2145 1797 illius

570 1826 799 1873 mortem
839 1834 868 1872 a
911 1823 1162 1891 gravibus
1195 1827 1512 1895 haeresibus,
1549 1841 1603 1885 et
1635 1833 1897 1901 temporis
1926 1834 2140 1889 acerbi-

570 1913 684 1959 tate
717 1918 772 1961 et
813 1908 1095 1979 iniquitate
1134 1916 1490 1985 respirarunt.
1528 1938 1547 1970 ι
1595 1920 1651 1974 ld
1698 1919 2062 1990 fragmentum
2113 1939 2144 1980 e

581 1997 702 2056 Vita
745 2004 904 2062 Sabte
947 2009 1000 2063 in
1049 2014 1277 2080 septima
1321 2018 1556 2087 synodo,
1582 2019 1704 2073 Act.
1751 2035 1789 2084 ι,
1835 2021 2141 2076 adducitur.

571 2089 700 2148 Post
732 2111 903 2153 annos
941 2114 1070 2156 vero
1095 2106 1370 2175 deteginta
1396 2123 1555 2177 quam
1580 2111 1820 2179 synodus
1845 2110 1932 2165 illa
1956 2111 2144 2180 quinta

571 2186 842 2242 celebrata
903 2201 1004 2256 est,
1067 2195 1134 2249 ad
1191 2196 1439 2269 Sergium
1482 2200 2144 2270 Constantinopolitanum

569 2281 935 2348 patriarcham
978 2287 1224 2342 scribens
1269 2289 1609 2360 Snphronius
1661 2290 2146 2362 Jcrosolymitanus

571 2372 799 2427 antistes
825 2375 892 2428 de
922 2390 982 2430 ea
1008 2378 1086 2432 sic
1121 2378 1338 2434 disserit
1367 2399 1380 2435 :
1418 2383 1653 2453 ἈναιρΞί
1689 2383 1745 2436 δὲ
1775 2387 1867 2436 καὶ
1896 2385 2144 2456 ὲκρίπτει

569 2463 707 2532 πρὸς
728 2465 948 2538 ὄλεθρον
970 2471 1341 2540 πρωτοτύπως
1365 2475 1462 2544 μὲν
1501 2476 1778 2547 Ὠριγένην
1799 2478 1889 2530 τὸν
1911 2478 2141 2549 ἄφρονα,

569 2555 667 2606 καὶ
694 2556 870 2609 πάντα
899 2559 1063 2612 αὑτοῦ
1096 2561 1164 2614 τὰ
1193 2564 1450 2636 ὀνειρὼδη
1488 2553 1873 2638 κομψεύξιατα,
1911 2571 2004 2623 καὶ
2044 2588 2144 2624 πο-

569 2644 810 2711 λυειδοῦς
855 2651 1108 2716 ἀσεϐείας
1150 2655 1329 2728 πλήρη
1377 2660 1801 2730 συγγράμματα,
1858 2661 2142 2735 Ἐυαγρίου

567 2735 628 2790 et
672 2739 770 2792 σὺν
809 2741 959 2810 αὑτῷ
1001 2743 1096 2796 καὶ
1140 2745 1372 2816 Διδύμου
1415 2748 1483 2800 τὰ
1520 2749 1784 2819 δόγματα,
1826 2753 1918 2804 καὶ
1965 2752 2145 2808 πάντα

567 2829 748 2885 αὐτῶν
770 2833 840 2886 τὰ
878 2833 1165 2906 Ἑλληνικὰ
1194 2839 1287 2891 καὶ
1314 2840 1614 2912 τερατώδη,
1649 2843 1709 2895 οὐ
1748 2844 1854 2915 μὴν
1882 2845 2017 2900 ἀλλὰ
2049 2848 2143 2900 καὶ

571 2919 790 2994 μυθώδη
839 2923 1150 2998 ληρήματα.
1191 2948 1211 2980 ί
1259 2931 1514 2986 Confodit
1553 2944 1730 2988 autem
1767 2946 1820 2988 et
1862 2937 1912 2990 in
1956 2937 2140 2991 interi-

568 3021 681 3065 tum
715 3015 934 3084 projicit
971 3023 1237 3090 praecipue
1275 3023 1492 3091 quidem
1539 3026 1786 3079 insanum
1830 3026 2139 3095 Origenem,

565 3113 622 3156 et
648 3105 826 3158 omnia
858 3107 976 3175 ejus
1007 3112 1173 3169 delira
1207 3116 1550 3177 scitamenta,
1579 3125 1633 3171 et
1664 3117 2007 3174 multiformis
2037 3121 2142 3174 im-

2244 1000 2567 1056 Antiocbeni
2591 1011 2645 1055 et
2663 999 2920 1070 Stephani
2942 1003 3120 1058 studio
3143 1004 3308 1058 fuisse
3324 997 3506 1058 vitiata
3525 999 3821 1056 declaravit

2244 1104 2394 1149 sexta
2431 1095 2693 1164 synodus,
2712 1095 2910 1150 aetiou.
2932 1095 3020 1160 M,
3040 1104 3094 1149 et
3110 1095 3420 1150 eorumdem
3442 1109 3652 1164 quoque
3667 1093 3821 1148 adul-

2248 1187 2565 1241 terationem
2586 1186 2919 1257 praedicavit,
2943 1189 3141 1240 action.
3163 1186 3364 1252 l9,sub
3388 1186 3569 1240 linem.
3600 1187 3669 1238 At
3686 1185 3823 1240 Acta

2249 1290 2425 1334 tamen
2457 1279 2668 1334 concilii
2693 1278 2905 1333 etiamsi
2939 1279 3473 1349 integralsuperesse
3501 1279 3714 1343 demus,
3743 1277 3821 1333 fa-

2245 1371 2465 1424 tendum
2497 1379 2645 1425 certe
2669 1372 2777 1426 erit
2827 1372 2880 1425 in
2922 1371 3212 1426 undecimo
3243 1387 3309 1426 ex
3332 1370 3820 1433 anathematismis,

2244 1459 2336 1528 qui
2365 1459 2418 1512 in
2452 1459 2737 1515 collatione
2783 1460 2816 1514 8
2862 1470 3099 1527 exstant,
3169 1460 3457 1530 Origenem
3504 1461 3646 1515 inter
3694 1460 3824 1513 alios

2247 1553 2529 1607 haereticos
2573 1553 2861 1608 anathema
2906 1568 3029 1608 esse
3073 1553 3293 1608 sanciri.
3330 1552 3398 1607 Et
3448 1553 3502 1607 in
3536 1552 3823 1608 collatione

2246 1644 2429 1699 itidem
2454 1646 2643 1714 quinta
2676 1645 2789 1702 haec
2821 1645 3071 1713 leguntur
3090 1645 3252 1700 verba
3283 1661 3298 1698 :
3335 1663 3352 1697 ι
3383 1643 3452 1698 Ει
3483 1645 3677 1699 multos
3704 1643 3822 1712 qui-

2246 1738 2368 1790 dem
2401 1737 2570 1790 etiam
2595 1737 2732 1792 alios
2757 1737 3062 1792 invenimus
3088 1746 3210 1809 post
3238 1747 3467 1792 mortem
3507 1737 3823 1790 anathema-

2251 1828 2443 1884 tizatos
2469 1849 2482 1882 :
2532 1844 2740 1884 necnon
2770 1830 2932 1884 etiam
2966 1829 3286 1900 Origenem;
3332 1837 3388 1884 et
3414 1829 3460 1884 si
3489 1829 3554 1881 ad
3579 1837 3820 1897 tempora

2175 1890 2220 1949 B
2253 1919 2538 1988 Theophili
2569 1929 2773 1975 sancta:
2800 1923 3096 1988 memoriae,
3123 1921 3208 1976 vel
3238 1921 3484 1990 superius
3521 1920 3710 1990 aliquis
3734 1935 3820 1973 re-

2249 2013 2500 2078 currerit,
2545 2021 2666 2081 post
2709 2022 2937 2067 mortem
3001 2013 3242 2067 inveniet
3282 2012 3818 2066 anathematizatum.

2249 2102 2400 2170 Quod
2434 2104 2624 2158 etiam‘
2648 2119 2793 2160 nunc
2835 2105 2888 2158 in
2921 2105 3040 2172 ipso
3078 2104 3204 2158 fecit
3241 2112 3296 2158 et
3321 2111 3498 2158 vestra
3543 2103 3821 2168 sanetitas,

2247 2205 2301 2248 et
2327 2193 2554 2264 Vigilius
2579 2193 3021 2264 religiosissimus
3049 2207 3184 2263 papa
3211 2192 3532 2262 antiquioris
3559 2191 3756 2246 Romae.
3798 2208 3814 2241 I

2247 2287 2455 2341 Asserit
2500 2296 2678 2340 tamen
2713 2285 2847 2340 satis
2909 2285 3138 2340 fidenter
3175 2283 3456 2338 Halloxius
3488 2298 3681 2338 nomen
3701 2283 3823 2336 Ori-

2246 2379 2398 2448 genis
2423 2379 2472 2431 in
2505 2377 2664 2431 allata
2711 2392 2742 2432 e
2789 2376 3129 2432 collatione8
3155 2377 3317 2430 verba
3349 2375 3513 2430 fuisse
3535 2375 3818 2438 introsum,

2247 2477 2300 2523 et
2329 2467 2557 2522 aliorum
2586 2467 2964 2522 haereticorum
3010 2465 3320 2522 nominibus
3349 2462 3669 2532 subjectum,
3697 2479 3821 2518 cum

2247 2560 2426 2629 priore
2482 2560 2600 2614 loco
2654 2559 2846 2614 fuisset
2908 2559 3242 2628 ponendum.
3296 2557 3460 2624 Quasi
3497 2572 3605 2612 non
3657 2557 3822 2610 etiam

2247 2651 2530 2706 Theodoro
2574 2649 2953 2721 Mopsuesteno
2987 2649 3236 2721 Origenis
3265 2663 3458 2705 nomen
3485 2648 3716 2719 Cyrillns
3766 2650 3821 2704 in

2254 2746 2370 2801 loco
2402 2761 2526 2800 mox
2564 2760 2595 2800 e
2641 2744 2764 2799 Vita
2816 2746 2973 2800 Saba
3004 2745 3320 2814 deprompto
3345 2744 3702 2814 subjunxerit,
3765 2754 3821 2797 ut

2246 2835 2398 2906 plura
2423 2835 2667 2904 exempla
2701 2833 2903 2890 referre
2929 2834 3332 2902 supersedeam,
3366 2833 3420 2886 in
3459 2831 3655 2901 quibus
3681 2831 3823 2885 nullo

2245 2927 2586 2991 discrimine,
2621 2925 2765 2981 nulla
2815 2925 3075 2995 temporis
3122 2924 3306 2978 habita
3353 2924 3564 2978 ratione
3605 2923 3822 2978 nomina

2245 3029 2619 3074 recensentur.
2670 3018 2910 3072 Alterum
2966 3017 3149 3071 itidem
3198 3015 3372 3072 locum
3431 3015 3732 3072 collationis
3787 3017 3822 3070 5

2245 3112 2414 3168 fuisse
2441 3112 2757 3182 confictum,
2805 3121 2862 3165 ut
2893 3110 3028 3164 alias
3055 3110 3316 3179 quasdam
3347 3109 3650 3165 collationis
3681 3109 3826 3180 ejus-

565 3191 782 3262 pietatis
819 3196 1008 3264 plenas
1039 3201 1473 3270 lucubrationes;
1509 3205 1720 3276 Evagrii
1756 3208 1884 3263 item
1927 3224 2050 3262 cum
2077 3225 2142 3264 eo
2171 3240 2216 3301 ο
2248 3204 2368 3258 dem
2401 3212 2606 3273 partes,
2639 3202 2938 3256 arbitratur
2974 3200 3274 3265 Halloxius,
3307 3201 3392 3256 his
3441 3200 3704 3270 impulsus
3732 3215 3826 3252 ar-

564 3292 621 3338 et
648 3285 853 3357 Didymi
885 3288 1155 3360 dogmata,
1181 3308 1475 3364 onmesque
1502 3311 1690 3350 eorum
1715 3297 2059 3354 ercanicas
2087 3312 2144 3354 et

566 3387 922 3446 monstrosas,
955 3397 1161 3437 necnon
1180 3395 1233 3439 et
1251 3385 1522 3443 fabulosas
1556 3390 1808 3458 ineptias.
1838 3409 1857 3442 ι
1891 3391 2144 3446 Testatur

566 3466 708 3522 idem
737 3473 974 3540 synodus
1000 3485 1174 3540 sexta,
1213 3490 1322 3532 act.
1348 3480 1414 3532 l7
1445 3489 1500 3534 et
1532 3481 1620 3536 18.
1651 3481 1904 3536 Testatur
1925 3493 1978 3538 et
2003 3483 2146 3540 Con-

565 3561 839 3615 stantinus
879 3564 1172 3633 imperator
1216 3569 1267 3622 in
1310 3571 1489 3625 edicto
1515 3573 1580 3625 ad
1608 3573 1859 3642 populum
1889 3577 2144 3633 occiduas

565 3661 748 3721 partes
775 3655 1095 3711 incolentem
1123 3679 1135 3712 :
1168 3669 1224 3713 et
1255 3659 1452 3730 Leo‘ll,
1491 3663 1768 3719 Romanus
1795 3668 2058 3737 pontifex,
2089 3671 2142 3724 in

566 3744 792 3812 epistola
866 3749 946 3802 ad‘
991 3748 1409 3806 Constantinum
1453 3768 1572 3822 qua:
1629 3757 1953 3827 scriptiones
2025 3761 2144 3815 duae

564 3833 711 3888 inter
749 3835 884 3891 Acta
931 3840 1143 3894 concilii
1174 3841 1418 3910 ejusdem
1443 3846 1580 3899 sexti
1613 3846 1900 3904 habentur.
1954 3850 2144 3906 Testa-

566 3933 657 3979 tur
677 3935 731 3980 et
751 3931 1196 4001 pseudosynodus
1221 3936 1526 4004 quinisexta
1559 3953 1682 3994 can.
1714 3956 1754 4007 ι,
1783 3952 1839 3996 et
1869 3945 2144 4014 synodicae

564 4015 761 4073 littera:
801 4018 1070 4078 Theodori
1097 4024 1536 4098 Jerosolymitani
1569 4047 1693 4100 quae
1735 4034 1975 4090 recitatae
2015 4049 2145 4094 sunt

563 4112 776 4166 actione
802 4113 836 4167 5
893 4117 1082 4185 synodi
1124 4122 1404 4189 septimae;
1447 4133 1501 4176 et
1523 4124 1750 4191 epistola
1786 4125 1994 4182 Tarasii
2029 4131 2145 4198 epi-

563 4205 710 4272 scopi
763 4205 1374 4282 Constantinopolitani,
1427 4216 1704 4285 totiusque
1753 4217 1887 4272 adeo
1944 4220 2137 4290 synodi

563 4297 809 4364 septima:
846 4301 912 4354 ad
943 4299 1355 4358 Constantinum
1401 4317 1454 4360 et
1479 4306 1695 4372 lrenen,
1725 4323 1845 4376 quae
1877 4318 2056 4362 exstat
2087 4313 2141 4364 in

564 4391 830 4447 actionem
861 4395 893 4447 7
928 4397 1142 4451 concilii
1173 4398 1451 4466 ejusdem;
1495 4409 1550 4455 et
1583 4402 1906 4456 Anastasius
1936 4402 2140 4458 Biblio-

566 4481 839 4539 thecarius
865 4489 931 4540 ad
974 4502 1175 4542 annum
1204 4489 1496 4546 Justiniani
1540 4494 1856 4547 vicesimum
1901 4505 2138 4548 sextum.

2250 3297 2554 3368 gumentis,
2580 3297 2725 3367 quod
2764 3296 2818 3349 in
2853 3294 3126 3364 prioribus
3165 3294 3550 3350 collationibus
3577 3309 3642 3348 ne
3694 3307 3824 3347 ver-

2251 3391 2376 3444 bum
2407 3389 2622 3460 quidem
2641 3389 2704 3443 de
2729 3386 2962 3458 Origene
2989 3387 3190 3442 factum
3229 3387 3329 3452 sit;
3361 3397 3416 3442 et
3449 3387 3501 3441 in
3533 3387 3826 3441 constituto

2252 3482 2559 3551 probaverit
2586 3478 2812 3547 Vigilius
2849 3479 3116 3535 neminem
3134 3493 3255 3534 esse
3275 3488 3396 3550 post
3421 3491 3649 3532 mortem
3675 3477 3826 3531 dam-

2252 3575 2507 3630 nandum.
2567 3573 2646 3627 Ad
2672 3573 2820 3642 prius
2871 3581 3250 3642 argumentum
3285 3570 3634 3642 respondebit
3658 3569 3827 3623 Baro-

2253 3668 2373 3722 nius
2401 3666 2599 3721 multas
2631 3666 2701 3720 ab
2749 3664 3070 3734 Origenistis
3109 3664 3299 3735 synodi
3331 3664 3488 3732 hujus
3533 3662 3830 3731 particulas

2251 3760 2418 3815 fuisse
2449 3773 2767 3829 suppressas
2798 3777 2809 3811 :
2839 3757 3067 3811 alterum
3101 3771 3234 3812 vero
3269 3756 3368 3810 hac
3395 3754 3713 3824 exceptione
3741 3767 3826 3806 re-

2253 3853 2528 3915 tuhdetur,
2583 3849 2830 3904 docuisse
2871 3847 3089 3918 quidem
3138 3848 3192 3902 in
3242 3847 3535 3902 Constituto
3566 3843 3820 3913 Vigilium

2251 3944 2446 3998 debere
2469 3943 2736 3997 neminem
2758 3949 2879 4008 post
2899 3940 3104 3994 obitum
3129 3939 3373 3995 damnari
3393 3957 3406 4006 ;
3425 3936 3827 3994 atcontrarium

2250 4039 2304 4092 in
2338 4037 2589 4091 Judicato
2620 4039 2868 4090 eumdem
2897 4035 3177 4089 statuisse.

2319 4129 2436 4185 XV.
2471 4128 2623 4184 Nunc
2665 4128 2918 4198 quoniam
2959 4128 3026 4183 de
3055 4125 3289 4194 Origene
3313 4124 3365 4178 in
3396 4123 3583 4193 quinta
3615 4121 3827 4192 synodo

2251 4231 2430 4276 actum
2457 4221 2622 4276 fuisse
2659 4228 2900 4281 constat,
2926 4219 3001 4272 rei
3027 4226 3191 4288 gesta:
3217 4217 3413 4270 seriem
3441 4228 3824 4281 exsequamur.

2254 4310 2457 4365 Scribit
2487 4309 2751 4377 Evagrius
2785 4306 3022 4376 expulsis
3044 4323 3074 4361 e
3103 4305 3250 4360 Nova
3280 4303 3456 4358 Laura
3481 4303 3823 4373 Origenistis,

2251 4416 2372 4455 cum
2411 4402 2462 4455 id
2491 4401 2630 4467 apud
2662 4401 3049 4467 imperatorem
3084 4397 3283 4452 factum
3303 4393 3826 4465 vituperaretTheo-

2254 4494 2420 4548 dorus
2454 4492 2700 4556 Ascidas,
2730 4487 3257 4559 Constantinopolim
3296 4488 3490 4542 missos
3519 4473 3682 4541 fuisse
3710 4487 3826 4540 ltu-

565 4569 691 4628 llrec
717 4575 788 4628 ila
809 4578 1096 4634 manifesta
1115 4593 1260 4648 sunt,
1286 4591 1346 4638 ut
1367 4598 1523 4639 nemo
1542 4596 1728 4640 contra
1754 4587 1836 4640 vel
1861 4589 2140 4658 excipere,
2175 4599 2219 4654 1)
2252 4584 2385 4650 fum,
2408 4595 2459 4638 et
2485 4584 2760 4639 Cononem
2793 4581 3246 4637 archimandritas
3268 4620 3282 4644 ,
3307 4578 3552 4650 aliosque
3577 4578 3826 4632 Palaesti-

561 4666 646 4718 vel
675 4671 1030 4736 praescribere
1068 4675 1261 4742 possit.

633 4761 786 4828 Quod
816 4765 883 4818 ad
936 4765 1246 4821 Facundum
1301 4778 1481 4824 autem
1537 4771 1810 4826 Victorem
1863 4774 2136 4844 pertinet}.

562 4866 750 4920 parum
783 4864 930 4908 certe
978 4858 1158 4913 valere
1208 4860 1370 4915 debet
1406 4863 1665 4932 negativi,
1695 4875 1752 4918 ut
1783 4875 2002 4931 vocant,
2050 4882 2142 4919 ar-

562 4944 801 5008 gumenti
835 4949 1153 5016 auctoritas,
1189 4965 1310 5004 cum
1363 4954 1735 5021 καταφατικὸν
1765 4964 2140 5024 argumentum

563 5034 616 5087 in
647 5038 974 5091 contrariam
1012 5051 1219 5109 partem
1277 5041 1518 5097 affertur.
1571 5046 1704 5098 Acta
1755 5061 1881 5100 vero
1929 5048 2140 5102 concilii

559 5141 659 5180 cur
689 5128 755 5182 de
783 5128 1016 5199 Origene
1049 5132 1268 5198 sileant,
1307 5136 1439 5190 mihi
1471 5136 1583 5190 veri
1617 5137 1830 5192 videtur
1855 5141 2144 5208 persimilis

562 5228 590 5264 a
614 5212 849 5271 Baronio
872 5216 1035 5272 allata
1064 5222 1219 5284 ratio,
1250 5223 1488 5277 mutilata
1517 5239 1578 5280 ea
1599 5235 1654 5280 et
1679 5237 1926 5282 truncata
1951 5229 2136 5283 fuisse.

559 5305 710 5361 Facti
736 5320 988 5366 auctores
1017 5314 1322 5382 suspicatur
1343 5315 1431 5370 ille
1452 5317 1809 5388 Origenistas,
1824 5321 1913 5390 qui
1933 5325 2141 5392 synodo

559 5397 912 5467 prafuerunt,
964 5401 1286 5475 Eutychium
1338 5407 1995 5481 Constantinopolitanum
2044 5429 2141 5483 pa-

562 5487 876 5558 triarcham,
911 5494 1002 5562 qui
1024 5510 1145 5549 cum
1186 5496 1370 5551 carnis
1401 5501 1849 5555 resurrectionem
1882 5510 2011 5556 tunc
2033 5517 2139 5556 non

562 5578 868 5634 admitteret
920 5584 1101 5652 (quem
1146 5596 1325 5641 tamen
1375 5604 1617 5645 errorem
1665 5601 1849 5659 postea
1893 5592 2141 5663 Gregorii

563 5682 732 5735 papae,
779 5672 884 5726 hoc
914 5681 1150 5744 tempore
1195 5678 1256 5732 S.
1287 5677 1354 5731 Β.
1383 5679 1443 5732 Ε.
1486 5682 1699 5736 diaconi
1724 5693 1776 5736 et
1803 5684 2140 5752 apocrisiarii

563 5773 726 5812 suasu
774 5759 1048 5832 ejuravit),
1083 5769 1277 5823 merito
1327 5770 1378 5822 in
1418 5769 1743 5841 Onigenismi
1774 5775 2136 5844 suspicionem

565 5850 711 5906 venit
739 5867 753 5904 :
779 5850 1123 5912 Theodorum
1151 5872 1364 5928 quoque
1392 5859 1784 5922 Caesariensem
1816 5867 1981 5924 totius
2005 5882 2135 5923 con-

2252 4692 2333 4730 nae
2379 4675 2669 4731 monachos
2717 4675 2915 4729 virtute
2964 4675 3199 4739 nobiles;
3250 4688 3452 4742 eosque
3478 4669 3635 4725 simul
3665 4679 3827 4739 atque

2251 4765 2382 4820 illuc
2414 4766 2576 4820 delati
2597 4774 2745 4829 sunt,
2781 4765 2849 4818 ad
2899 4764 3266 4818 ventilandam
3299 4763 3568 4833 Origenis,
3610 4759 3826 4829 Evagrii

2241 4865 2297 4910 et
2349 4856 2558 4926 Didymi
2596 4869 2816 4909 causam
2863 4855 3158 4907 accessisse
3201 4876 3212 4908 :
3266 4854 3712 4915 Ascidascontra,
3767 4863 3828 4907 ut

2243 4948 2310 5002 de
2345 4947 2630 5002 Theodoro
2659 4946 3062 5014 MopsueSIeno,
3102 4944 3192 4999 Iba
3247 4956 3298 5000 et
3327 4945 3666 4999 Theodoreto
3693 4959 3828 5013 age-

2241 5045 2394 5090 retur
2422 5035 2705 5092 laborante
2729 5053 2742 5086 :
2794 5044 2921 5086 ante
2945 5036 3125 5089 omnia
3157 5037 3444 5103 quaesitum
3475 5050 3614 5100 esse,
3642 5045 3828 5088 utrum

2243 5127 2494 5182 homines
2537 5128 2648 5180 vita
2695 5125 2865 5179 functi
2917 5128 3286 5182 anathematis
3325 5127 3519 5197 subjici
3569 5127 3827 5196 possint;

2245 5222 2593 5293 Eutychium,
2635 5222 2726 5290 qui
2758 5219 3032 5274 Amaseno
3059 5222 3313 5291 episcopo
3357 5232 3484 5276 tunc
3527 5230 3642 5276 erat
3673 5236 3701 5273 a
3739 5236 3826 5273 re-

2244 5315 2480 5382 sponsis,
2526 5313 2879 5382 quazstionem
2918 5313 3145 5368 solvisse
3170 5313 3421 5383 exemplo
3444 5313 3605 5368 Josiae
3656 5313 3827 5381 regis,

2245 5418 2275 5456 a
2309 5419 2418 5473 quo
2476 5420 2583 5460 non
2637 5405 2940 5460 daemonum
2983 5405 3156 5460 solum
3216 5405 3528 5459 sacerdotes
3583 5403 3637 5456 in
3685 5405 3825 5459 vivis

2245 5505 2489 5565 agentes,
2519 5495 2808 5558 interfecti,
2853 5494 2950 5548 sed
2980 5504 3317 5548 mortuorum
3347 5494 3515 5549 etiam
3551 5492 3709 5547 loculi
3734 5507 3825 5544 re-

2247 5585 2374 5641 fossi
2405 5597 2562 5641 sunt:
2595 5586 2697 5640 hoc
2717 5588 2917 5642 dictum
2948 5596 3097 5640 tanto
3123 5587 3387 5650 omnium,
3413 5587 3506 5640 sed
3527 5583 3824 5638 Iustiniani

2243 5680 2540 5748 prasertim
2571 5679 2829 5749 applausu
2869 5679 3042 5734 fuisse
3063 5689 3365 5749 exceptum,
3399 5689 3456 5731 ut
3480 5693 3602 5732 eum
3629 5677 3823 5732 deinde

2245 5776 2310 5828 ad
2327 5774 2978 5843 Constantinopolitanam
3005 5773 3185 5828 sedem
3214 5773 3509 5840 imperator
3527 5770 3822 5824 extulerit:

2243 5868 2310 5926 de
2343 5869 2627 5926 Theodoro
2661 5866 2915 5933 deinceps
2961 5864 3358 5931 Mopsuesteno,
3389 5863 3563 5934 deque
3600 5860 3823 5930 scriptis
