4152 6434
388 455 522 512 HT!)

1225 445 1793 504 ORIGENIANORUM
1832 443 1957 499 LIB.
2003 442 2064 507 Il',
2103 440 2252 497 CAP.
2295 440 2383 506 IV,
2421 440 2610 497 SECT.
2652 440 2716 497 ll.

3481 442 3625 500 “74'

388 570 734 633 Theodoreti,
761 576 951 627 contra
987 565 1266 621 duodecim
1304 564 1536 634 capitula
1559 563 1767 634 Cyrilli,
1813 563 1951 617 etde
1982 567 2026 622 Α
2057 562 2306 615 hortatur
2353 569 2411 614 ut
2465 561 2652 615 deliria
2707 557 2994 627 ejusmodi,
3027 561 3157 627 juna
3199 576 3317 614 cum
3358 561 3614 633 Origene,

388 664 489 720 Iba:
527 663 750 733 epistola
789 661 857 715 ad
909 659 1082 714 Marin
1115 658 1334 712 Persam
1368 657 1535 711 fuisse
1583 657 1945 724 disputatum;

389 757 581 826 quibus
608 753 880 810 damnatis
927 765 1049 806 cum
1103 748 1360 803 adversus
1419 747 1662 816 Origenis
1702 747 1947 815 dogmata

391 849 667 916 ipsiusque
720 857 999 912 sequaces,
1050 841 1372 895 obtulissent
1411 838 1622 892 libellos
1672 837 1945 906 Eulogius,

389 939 598 1002 Conon,
626 937 883 1007 Cyriacus
921 942 976 986 et
995 930 1309 986 Pancratius
1338 930 1608 994 monachi,
1629 927 1949 982 sententiam

387 1029 576 1099 synodi
601 1011 820 1096 rogasse
845 1024 1230 1084 Justinianum,
1261 1020 1480 1090 prolatis
1510 1033 1727 1088 quoque
1750 1019 1800 1070 in
1833 1030 1947 1070 me-

391 1121 536 1174 dium
571 1116 862 1172 lucubratis
896 1130 926 1168 a
981 1112 1176 1181 Vigilio
1211 1112 1278 1165 de
1329 1111 1395 1165 iis
1436 1111 1596 1164 rebus
1639 1107 1855 1170 libellis,
1893 1107 1948 1160 in

390 1209 580 1280 quibus
611 1205 894 1275 Origenem
923 1203 1200 1256 laborasse
1243 1199 1579 1262 ostendebat,
1610 1206 1668 1250 ut
1699 1195 1950 1266 apostoli-

391 1312 470 1352 (ιω
506 1296 764 1352 doctrinae
812 1293 1178 1352 sinceritatem
1214 1289 1520 1351 Graecorum
1550 1295 1605 1342 et
1627 1287 1950 1343 Manichaeo-

390 1402 510 1445 rum
536 1386 741 1442 deliriis
768 1391 1114 1456 aspergeret;
1147 1380 1288 1450 quod
1316 1380 1370 1433 in
1404 1394 1468 1434 eo
1494 1379 1655 1433 etiam
1683 1379 1796 1448 jam
1827 1389 1951 1433 ante

388 1472 699 1542 culpaverat
741 1471 1070 1525 Justinianus
1120 1469 1173 1522 in
1207 1467 1437 1537 Epistula
1462 1467 1529 1521 ad
1566 1465 1798 1534 Menam,
1823 1482 1949 1536 ope-

389 1581 503 1623 ram
543 1581 664 1619 eum
703 1565 912 1617 dedisse
955 1561 1160 1626 dicens,
1198 1560 1313 1612 Ἵνα
1344 1559 1451 1612 τῶν
1491 1558 1756 1628 Ἑλλήνων
1789 1557 1954 1628 μυθο-

388 1657 594 1727 λογίας,
649 1658 742 1710 καὶ
791 1655 887 1726 τὴν
936 1653 1276 1723 Μανιχαῖκὴν
1335 1651 1498 1704 αὐτοῦ
1555 1651 1762 1720 πλάνην
1800 1653 1949 1704 εἰσα-

388 1750 555 1822 γάγῃ·
618 1767 636 1799 ι
701 1747 769 1803 Ut
824 1745 1035 1800 fabulas
1087 1740 1420 1809 Grtecorum,
1456 1752 1510 1796 et
1559 1741 1950 1796 Manichaicum

387 1857 542 1896 suum
577 1854 814 1894 errorem
845 1837 1210 1892 introduceret
1237 1851 1249 1885 :
1291 1853 1309 1886 ι
1338 1842 1392 1888 et
1421 1833 1474 1888 in
1502 1834 1733 1900 epistola
1759 1834 1828 1888 ad
1857 1849 1950 1903 sy-

2053 656 2278 724 ejusque
2310 656 2654 723 sequacibus,
2709 655 3050 709 anathemate
3095 656 3364 718 obteram.
3407 657 3616 724 Quibus

2053 749 2292 815 acceptis
2323 748 2538 812 litteris,
2574 746 2763 801 Patres
2793 747 3034 801 unanimi
3077 763 3348 810 consensu
3375 752 3617 818 paruisse

2056 836 2270 904 subjicit
2290 837 2502 892 demum
2538 836 2830 890 Ccdrenus.

2126 926 2265 981 XVI.
2295 926 2374 982 lta
2405 927 2696 998 proﬂigatis
2726 927 3150 998 Origenistarum
3182 932 3362 997 rebus,
3391 932 3618 1000 quicun-

2055 1033 2159 1088 que
2189 1019 2438 1075 factionis
2469 1020 2624 1088 hujus
2641 1019 2827 1078 aﬂines
2857 1031 3015 1076 erant
3049 1035 3080 1076 e
3110 1022 3265 1080 Saba:
3284 1023 3474 1084 Lauris
3491 1033 3620 1080 sunt

2057 1108 2238 1176 ejecti,
2271 1109 2324 1162 in
2369 1122 2572 1176 easque
2618 1124 2832 1163 rursum
2877 1110 3159 1166 orthodoxi
3196 1110 3386 1167 Patres
3413 1114 3618 1183 migra-

2055 1207 2200 1254 runt.
2226 1196 2362 1253 Tum
2390 1212 2517 1253 vero
2554 1198 2622 1253 ab
2650 1200 2940 1256 hrcresibus
2972 1208 3028 1256 et
3067 1211 3366 1272 temporum
3394 1203 3620 1260 diﬁicnl-

2057 1305 2166 1350 tate
2205 1294 2487 1348 Palaestina
2514 1293 2817 1362 respiravit,
2849 1309 2970 1348 cum
3010 1296 3270 1350 adversus
3296 1297 3620 1353 uacumenici

2056 1386 2270 1442 concilii
2321 1384 2694 1438 auctoritatem
2747 1384 3002 1454 deinceps
3047 1387 3245 1440 mutire
3277 1387 3365 1439 vix
3394 1387 3621 1442 auderet

2057 1477 2361 1546 quisquam.
2399 1475 2549 1531 Unde
2585 1475 2637 1528 in
2667 1483 2872 1528 tantam
2905 1476 3056 1530 venit
3081 1477 3242 1532 totius
3265 1476 3502 1533 Orientis
3531 1479 3618 1533 in-

2057 1567 2254 1618 vidiam
2307 1564 2554 1635 Origenis
2591 1581 2784 1621 nomen
2829 1581 2894 1621 ac
2949 1566 3218 1632 doctrina,
3251 1577 3310 1622 ut
3354 1569 3623 1638 hodieque

2057 1657 2438 1712 ecclesiasticis
2458 1657 2665 1725 legibus
2703 1659 2838 1724 apud
2873 1657 3090 1714 Graecos
3129 1659 3354 1713 vetitum
3389 1675 3509 1714 esse
3539 1661 3620 1714 le-

2060 1760 2201 1812 rant,
2235 1765 2301 1804 ne
2321 1751 2445 1817 quis
2474 1765 2634 1819 opera
2656 1751 3139 1819 ipsiusdescribat;
3168 1753 3258 1821 qui
3293 1767 3447 1807 secus
3467 1753 3621 1819 faxit,

2059 1841 2204 1897 hunc
2219 1850 2370 1896 extra
2401 1841 2651 1896 Ecclesia:
2682 1843 3112 1896 communionem
3137 1857 3257 1896 esse
3281 1844 3478 1912 iuberi.
3510 1844 3622 1898 Ma-

386 1932 584 1996 nodum
607 1931 671 1982 de
716 1928 1034 1998 Origenistis
1074 1927 1298 1996 loquens
1326 1945 1343 1982 :
1371 1927 1487 1980 Ἵνα
1521 1925 1595 1998 μὴ
1631 1925 1830 1989 τέλεον,
1875 1925 1959 1978 ἱῐι-
1985 1918 2032 1978 Β
2059 1947 2218 2007 gnum
2250 1943 2376 1988 tunc
2408 1944 2523 1987 erat
2557 1934 2607 1986 in
2630 1933 2870 1988 Ecclesia
2899 1933 3202 1990 Cassiodori
3234 1938 3632 2003 nomen,cujus.

385 2025 520 2092 quit,
541 2021 629 2084 διὰ
651 2020 747 2090 τῆς
783 2017 1095 2090 Ἑλληνικῆς
1123 2017 1215 2071 καὶ
1247 2016 1592 2087 Μανιχαῖκῆς
1614 2017 1826 2086 ἀπάτης
1858 2015 1960 2068 αὺο.

385 2114 493 2170 τῶν
523 2113 748 2176 πολλοὺς
779 2111 1132 2167 ἀπολέσωσιν.
1168 2130 1186 2162 ι
1225 2111 1294 2166 Ut
1319 2126 1425 2166 non
1458 2111 1669 2180 penitus
1695 2125 1790 2179 per
1805 2109 1954 2170 Grae-

383 2207 632 2265 canicam
687 2215 742 2262 et
795 2205 1182 2260 Manichaicam
1244 2218 1397 2259 suam
1439 2203 1682 2263 fraudem
1741 2201 1962 2258 multos.

385 2300 645 2376 perdant:
690 2319 708 2351 ι
751 2299 894 2354 unde
927 2297 1219 2367 Origenem
1244 2312 1366 2354 cum
1401 2295 1695 2350 Manichaeo
1722 2292 1952 2362 conjun-

384 2393 464 2464 git
495 2390 780 2446 Facundus
812 2390 903 2446 lib.
957 2405 1060 2455 xu,
1104 2404 1224 2460 cap.
1272 2390 1345 2452 ly:
1381 2406 1398 2438 ι
1433 2389 1515 2442 Ad
1549 2387 1710 2449 hanc,
1754 2387 1951 2454 inquit,

382 2482 802 2545 obstinationem
847 2481 1119 2549 pertinere
1166 2479 1417 2543 dicimus,
1453 2478 1561 2532 imo
1591 2477 1951 2546 principatum

384 2573 526 2627 inea
552 2580 734 2627 tenere
785 2569 1061 2624 ﬁrmamus
1090 2567 1209 2623 illas
1259 2568 1421 2623 etiam
1463 2567 1759 2632 doctrinas,
1819 2580 1952 2636 quas

385 2664 606 2734 quidam
637 2679 743 2718 non
768 2661 924 2732 quasi
953 2661 1130 2715 minus
1158 2658 1505 2728 intelligendo
1537 2657 1851 2733 Scripturas
1877 2657 1953 2710 di-

383 2759 563 2822 vinas,
591 2758 684 2813 sed
713 2757 793 2811 eis
824 2763 1009 2826 aperte
1047 2753 1364 2817 resistendo,
1397 2751 1509 2806 sola
1533 2751 1953 2821 praesumptione

387 2849 615 2919 spiritus
645 2847 1020 2914 condiderunt,
1051 2844 1193 2900 sicut
1220 2843 1550 2898 Manichzeus
1577 2849 1738 2911 atque
1760 2840 1952 2914 Orige-

388 2955 506 3005 nes.
549 2957 571 2992 ι
606 2939 768 2993 Addit
813 2938 1072 3008 Evagrius
1109 2944 1233 3005 post
1285 2935 1829 3005 damnatumsynodi
1860 2951 1954 2990 vo-

386 3031 800 3090 ciferationibus
845 3029 1154 3100 Origenem,
1190 3029 1464 3098 ipsiusque
1498 3029 1801 3097 partiarios,
1848 3027 1954 3096 pla-

387 3123 567 3184 coisse
591 3131 651 3178 ut
673 3124 739 3178 de
761 3137 826 3179 eo
850 3123 916 3177 ad
938 3121 1303 3178 Iustinianum
1335 3119 1662 3175 referretur:
1706 3130 1816 3174 tum
1841 3136 1955 3176 ver-

385 3213 455 3276 ba
487 3216 600 3285 ipsa
640 3222 1010 3285 reprmsentat,
1052 3215 1106 3269 in
1151 3213 1348 3284 quibus
1390 3213 1660 3284 Origenes
1697 3224 1949 3284 tanquam

383 3308 891 3373 furanathematum
920 3307 1130 3377 laqueis
1163 3307 1502 3374 constrictus,
1526 3315 1580 3362 et
1613 3316 1768 3362 extra
1798 3321 1951 3363 sacra

383 3392 599 3452 mtenia‘
619 3397 860 3466 deiectus
885 3412 1006 3452 esse
1025 3397 1219 3452 dicitur
1241 3413 1264 3463 ;
1294 3407 1457 3466 atque
1478 3398 1562 3453 his
1595 3399 1800 3467 adjecta
1815 3450 1817 3452 .
1833 3413 1953 3456 esse

381 3489 729 3544 aitdamnata
757 3486 1198 3557 Origenistarum,
1225 3489 1483 3556 capitula,
1519 3490 1660 3544 unde
1687 3488 1844 3545 facile
1873 3490 1953 3544 in-

383 3589 634 3635 notescat
658 3579 712 3634 in
743 3579 938 3648 quibus
963 3579 1036 3634 illi
1068 3579 1228 3634 simul
1249 3580 1335 3634 vel
1370 3581 1714 3635 consentiant
1739 3583 1820 3637 vel
1841 3584 1951 3637 dis-

385 3671 658 3736 sentiant;
689 3672 936 3740 quintum
969 3685 1036 3724 ex
1066 3670 1132 3726 iis
1156 3671 1412 3740 capitulis
1445 3673 1723 3728 continere
1758 3675 1948 3743 dogma

384 3780 416 3825 a
455 3763 736 3818 monachis
784 3762 1100 3832 quibusdam
1141 3761 1302 3818 Nova:
1344 3763 1553 3828 Laurae,
1582 3775 1637 3818 et
1667 3765 1951 3821 Theodoro

382 3855 582 3912 Ascida
613 3869 901 3918 assertum,
945 3855 1087 3925 quod
1117 3854 1336 3911 Christo
1387 3856 1619 3926 aequales
1647 3856 1859 3912 futuros
1893 3857 1947 3912 in

384 3947 734 4003 restitutione
757 3948 1049 4016 apostolos,
1094 3957 1148 4003 et
1177 3957 1444 4017 martyres
1470 3965 1535 4003 ex
1570 3949 1844 4003 miraculis
1881 3952 1948 4004 ab

384 4040 518 4110 ipsis
541 4041 700 4095 editis
726 4039 1028 4106 concludit;
1071 4040 1418 4109 nelariasque
1448 4039 1681 4111 Didymi,
1734 4040 1946 4111 Evagrii

384 4142 440 4188 et
459 4131 728 4188 Theodori
755 4133 1050 4189 sententias
1083 4132 1319 4202 reliquas
1342 4132 1625 4203 diligenter
1649 4133 1814 4189 fuisse
1839 4134 1950 4190 col-

384 4223 778 4281 iectaleabet
811 4225 928 4280 haec
953 4226 1139 4280 eadem
1173 4223 1532 4294 Nicephorus,
1566 4229 1659 4281 sed
1692 4227 1945 4284 nonnulla

383 4325 644 4387 praeterea
675 4319 740 4372 de
772 4332 870 4372 suo
904 4319 1162 4384 adnectit,
1205 4317 1371 4385 velut,
1398 4318 1596 4388 agitata
1613 4319 1732 4377 hare
1759 4334 1948 4374 secun-

383 4411 450 4464 da
476 4410 716 4465 sessione
741 4408 939 4475 luisse;
969 4410 1286 4474 adnectitet
1324 4411 1469 4479 ipsos
1499 4411 1688 4480 synodi
1725 4413 1950 4468 anathe-

381 4501 683 4568 matismos,
721 4514 860 4570 quos
889 4500 958 4555 ad
990 4502 1213 4555 verbum
1268 4500 1576 4558 describere
1609 4516 1668 4556 se
1694 4501 1943 4567 aﬁirmat,

2054 2024 2120 2079 de
2152 2022 2381 2094 Origene
2417 2027 2765 2090 sententiam,
2790 2036 2911 2095 post
2935 2025 3072 2081 latos
3105 2041 3136 2080 a
3168 2024 3620 2098 Constantinopo-

2053 2113 2215 2168 litana
2279 2117 2483 2186 synodo
2540 2117 2592 2170 in
2647 2133 2768 2170 eum
2823 2118 3304 2172 anathematismos
3349 2117 3634 2188 sciscitari,

2053 2221 2230 2276 operte
2258 2207 2488 2276 prelimn
2539 2218 2640 2260 est.
2687 2207 2739 2260 In
2773 2208 2907 2262 libro
2947 2209 3127 2277 itaque
3159 2208 3234 2262 De
3288 2209 3620 2262 institutione

2053 2298 2350 2352 divinarum
2383 2296 2782 2366 Scripturarum
2807 2301 2933 2356 ta-lia
2965 2302 3032 2355 de
3059 2315 3125 2356 eo
3162 2299 3387 2365 scribit,
3416 2299 3618 2354 multo-

2053 2406 2172 2445 rum
2208 2391 2378 2458 ipsmn
2409 2391 2626 2446 Patrum
2659 2395 2924 2447 sententia
2966 2395 3278 2448 haereticum
3323 2392 3612 2455 declarari,

2053 2492 2106 2537 et
2133 2498 2162 2534 a
2197 2481 2386 2550 Vigilio
2406 2497 2544 2551 papa
2575 2483 2749 2537 denuo
2773 2499 2894 2538 esse
2921 2485 3236 2538 damnatum
3261 2499 3278 2549 ;
3311 2497 3503 2550 nempe
3523 2497 3619 2550 per

2058 2568 2530 2638 Constitutum,'ut
2550 2574 2812 2642 suspicari
2845 2575 2990 2640 licet,
3023 2575 3075 2630 in
3098 2591 3217 2630 eam
3253 2590 3366 2630 rem
3407 2575 3616 2643 Specia-

2055 2662 2146 2715 tim
2176 2663 2537 2732 publicatum;
2562 2664 2915 2733 Theophilum
2937 2666 3159 2734 triginta
3189 2664 3426 2734 qﬁnque
3450 2666 3618 2733 ipsius

2052 2765 2267 2806 errores
2295 2753 2664 2822 redarguisse;
2708 2769 2906 2822 magno
2935 2755 2986 2808 in
3019 2771 3142 2809 eum
3175 2755 3361 2810 dolore
3383 2755 3619 2824 Epipha-

2052 2844 2200 2900 nium
2229 2845 2602 2899 succensuisse
2623 2862 2651 2910 ;_
2682 2846 2926 2902 maxime
2958 2847 3013 2902 in
3040 2862 3106 2902 eo
3132 2848 3363 2917 legendo
3387 2849 3620 2916 probam-

2051 2937 2176 2992 dam
2229 2937 2490 3006 regulam,
2542 2952 2662 3006 quae
2690 2939 2758 2992 ab
2810 2937 3137 3009 Hieronymo
3177 2941 3232 2994 in
3281 2938 3521 3008 Epistula
3549 2945 3618 2993 ad

2013 3097 2017 3102 _
2054 3026 2481 3097 TranquiUinum
2511 3028 2783 3098 proposita
2827 3036 2930 3084 est.
2979 3028 3272 3085 Florebant
3299 3030 3444 3087 circa
3477 3030 3618 3082 hanc

2056 3131 2426 3192 tempestatem
2459 3123 2777 3178 Anastasius
2820 3122 3026 3177 Sinaita
3078 3133 3133 3178 et
3162 3122 3402 3178 Joannes
3448 3121 3615 3175 Scho-

2055 3213 2299 3279 lasticus,
2328 3216 2413 3270 cui
2431 3228 2498 3269 ex
2529 3212 2682 3268 titulo
2704 3213 2851 3277 libri,
2871 3210 3028 3267 Scala
3055 3213 3316 3282 paradisi,
3344 3211 3612 3280 inscripti,

2055 3306 2277 3362 Climaci
2325 3315 2740 3375 cognomentum
2803 3303 3094 3359 fecerunt:
3139 3306 3334 3358 horum
3387 3314 3614 3372 uterque

2053 3415 2178 3470 erga
2209 3395 2499 3468 Origenem
2551 3396 2912 3468 Origenisque
2942 3397 3176 3452 asseclas
3213 3397 3354 3450 male
3387 3393 3618 3451 affectus

2052 3491 2172 3546 fuit.
2210 3489 2484 3545 Fuitillud
2503 3490 2665 3544 etiam
2699 3489 2764 3544 ad
2806 3488 3235 3559 Origenistarum
3271 3486 3616 3543 minuendam

2051 3582 2504 3638 existimationem
2541 3579 2961 3651 perappositum,
3010 3579 3154 3648 quod
3195 3579 3248 3632 in
3277 3592 3469 3632 novam
3505 3579 3617 3632 ha:-

2053 3673 2214 3728 resim
2267 3675 2414 3741 lapso
2443 3672 2745 3728 Justiniano
2775 3673 2979 3727 assensi
3028 3682 3154 3728 sunt
3182 3689 3197 3726 :
3230 3670 3501 3726 hmreseos
3523 3686 3617 3723 au-

2054 3775 2159 3820 tem
2192 3766 2337 3822 illius
2385 3766 2618 3835 capitale
2668 3767 2771 3822 hoc
2798 3775 2916 3821 erat
2947 3766 3158 3836 dogma,
3191 3778 3389 3834 corpus
3413 3761 3616 3816 Christi

2052 3856 2178 3910 dum
2199 3857 2426 3926 agitaret
2448 3858 2637 3922 vitam,
2663 3857 2824 3912 nullis
2842 3855 3147 3919 aﬂ‘ectibus,
3173 3855 3304 3910 nulli
3323 3851 3616 3909 obnoxium

2049 3949 2381 4016 corruptioni
2406 3947 2575 4003 fuisse
2613 3967 2626 4001 :
2656 3949 2798 4016 quod
2831 3963 2952 4002 cum
2979 3948 3185 4002 calculo
3205 3962 3304 4003 suo
3325 3950 3618 4018 probarent

2049 4039 2385 4108 Origenisue,
2410 4039 2537 4092 nulli
2559 4053 2663 4093 non
2691 4039 3036 4094 manifestum
3069 4039 3190 4105 fuit,
3234 4057 3394 4110 quam
3433 4056 3615 4110 prom-

2048 4141 2199 4203 ptum
2223 4132 2291 4192 iis
2317 4139 2461 4186 esset
2481 4146 2509 4184 a
2531 4131 2756 4200 probata
2788 4132 3043 4186 Ecclesiae
3068 4131 3313 4187 doctrina
3342 4134 3614 4191 recedere.

2049 4222 2178 4279 Post
2210 4223 2421 4294 aliquot
2452 4237 2625 4279 annos
2663 4221 2904 4292 pontifex
2949 4222 3225 4279 Romanus
3263 4234 3480 4280 creatur
3515 4225 3616 4281 Pe-

2049 4315 2219 4388 lagius
2241 4314 2529 4380 secundus,
2561 4316 2713 4385 cujus
2751 4318 2816 4370 de
2833 4313 3064 4385 Origene
3090 4315 3446 4386 Origenisque
3467 4333 3615 4374 secta

2048 4405 2356 4474 opinionem
2390 4404 2648 4474 patefacit
2667 4405 2901 4467 nomine
2925 4405 3093 4474 ipsius
3117 4407 3322 4474 scripta
3359 4422 3388 4460 a
3411 4408 3616 4477 Grego-

2047 4495 2131 4550 rio
2163 4494 2409 4551 Romano
2434 4495 2610 4550 adhuc
2639 4495 2866 4552 diacono
2885 4535 2904 4562 ,
2943 4497 3282 4566 postmodum
3318 4512 3450 4553 vero
3480 4513 3612 4567 ρους

382 4592 582 4663 quique
618 4593 654 4649 ii
691 4593 794 4662 ipsi
840 4601 987 4660 sunt,
1038 4607 1174 4662 quos
1205 4591 1448 4662 epistola:
1499 4608 1608 4648 sua:
1637 4593 1705 4647 ad
1736 4592 1945 4648 Menam
1977 4587 2024 4646 υ
2053 4585 2215 4653 tiﬂce,
2247 4586 2497 4656 epistola.
2548 4585 2638 4640 Sic
2686 4585 2776 4640 ille
2809 4600 2936 4656 ergo
2988 4585 3162 4643 Eiiam
3210 4588 3613 4655 Aquileiensem

379 4686 490 4756 iam
519 4695 644 4742 ante
685 4685 1022 4741 Justinianus
1064 4686 1432 4741 subtexuerat.
1466 4683 1664 4740 Horum
1717 4685 1848 4738 ﬁdes
1876 4686 1946 4739 sit

381 4792 546 4846 penes
569 4777 952 4847 Nicephorum,
981 4777 1333 4843 levissimum,
1362 4786 1418 4830 ut
1441 4774 1550 4844 jam
1587 4785 1711 4831 ante
1741 4777 1947 4831 monui-

381 4883 526 4934 mus,
551 4877 607 4922 et
639 4867 846 4924 futilem
869 4867 1199 4924 Graeculum.
1231 4867 1505 4922 Cedrenus
1529 4876 1706 4922 autem
1738 4866 1944 4922 litteras

383 4959 599 5015 exhibet
633 4975 751 5028 quae
803 4975 834 5014 a
873 4959 1192 5014 Justiniano'
1221 4960 1287 5014 ad
1317 4959 1577 5029 synodum
1606 4957 1944 5014 contraOri-

380 5065 569 5120 genem
594 5051 770 5105 missa:
793 5059 949 5116 sunt,
973 5067 1200 5120 quarum
1221 5052 1489 5108 sententia
1520 5052 1634 5107 hmc
1661 5061 1744 5108 est
1765 5068 1778 5105 :
1804 5067 1940 5106 com-

378 5149 592 5208 pertum
623 5139 820 5193 habere
852 5154 912 5194 se
954 5143 1247 5198 monachos
1276 5156 1394 5198 esse
1426 5141 1795 5211 Jerosolymis,
1851 5143 1942 5212 qui

380 5229 723 5300 Pythagorae,
755 5227 993 5285 Platonis
1031 5240 1087 5285 et
1138 5231 1382 5300 Origenis
1412 5245 1626 5287 errores
1664 5240 1941 5298 tueantur,

381 5336 486 5389 qua
538 5321 605 5376 de
657 5338 719 5376 re
765 5323 1114 5390 quaerendum
1153 5323 1476 5378 decrevisse.
1526 5323 1659 5384 Tum
1697 5327 1954 5394 dogmata.

379 5409 618 5480 ipsorum
658 5410 864 5480 aliquot
912 5420 1194 5476 recenset,
1238 5411 1366 5466 illud
1415 5413 1752 5481 potissimum
1798 5415 1940 5484 quod

378 5498 500 5556 istis
529 5500 760 5555 maxime
781 5501 1115 5570 temporibus
1144 5502 1456 5558 ventilatum
1482 5503 1856 5560 adnotavimus
1877 5506 1946 5559 de

379 5591 680 5648 animarum
706 5589 1068 5664 προῦπάρξει,
1098 5593 1237 5648 inter
1257 5608 1390 5663 quas
1413 5595 1590 5648 anima
1613 5595 1728 5650 sola
1744 5594 1944 5650 Christi

381 5694 538 5742 suum
556 5680 795 5736 ordinem
824 5683 1042 5738 immota
1069 5680 1300 5736 tenuerit
1317 5699 1332 5748 ;
1351 5683 1493 5751 quod
1515 5698 1582 5736 ex
1605 5683 1924 5753 Pythagorae

383 5781 440 5824 et
464 5771 683 5838 Plotini,
710 5788 771 5828 ac
802 5775 1070 5844 praccipue
1113 5773 1349 5830 Platonis
1381 5775 1831 5830 somniationibus
1877 5775 1944 5829 ab

345 5860 614 5955 )0rigene
640 5866 956 5924 translatum
981 5865 1360 5955 demonstrati
1389 5866 1735 5955 quamobrem
1757 5865 1944 5924 Patres

1210 5952 1376 5962 ._--.——

2047 4678 2387 4748 episcopum,
2413 4677 2657 4746 aliosque
2691 4678 3064 4734 schismaticos
3095 4677 3266 4734 lstriae
3300 4680 3614 4750 episcopos,

2045 4777 2100 4823 et
2152 4770 2254 4824 tria
2300 4778 2703 4839 pr0pugnantes
2753 4769 3368 4842 capitulaalloquitur:
3410 4790 3429 4824 ι
3468 4771 3606 4838 Quid

2044 4875 2278 4932 namque
2309 4862 2362 4916 in
2392 4860 2770 4916 haeresiarchis
2807 4860 3332 4931 Origene-deterius,
3378 4873 3436 4918 et
3481 4865 3614 4933 quid

2046 4952 2099 5006 in
2129 4951 2578 5023 historiographis
2601 4953 2826 5008 inveniri
2853 4952 3086 5009 Eusebio
3116 4954 3488 5012 honorabilius
3516 4970 3614 5026 po-

2049 5042 2191 5098 test?
2222 5043 2288 5097 Et
2309 5044 2430 5113 quis
2457 5053 2702 5099 nostrum
2729 5047 2939 5101 nesciat
2977 5046 3034 5100 in
3067 5045 3220 5101 libris
3243 5048 3358 5103 suis
3390 5048 3613 5117 quantis

2049 5133 2334 5206 Origenem
2380 5135 2644 5198 Eusebius
2701 5135 2986 5205 praeconiis
3033 5135 3276 5190 attollat?
3333 5137 3439 5193 Sed
3486 5137 3611 5206 quia

2049 5236 2233 5282 sancta
2265 5225 2504 5282 Ecclesia
2557 5239 2776 5280 suorum
2810 5225 3046 5281 ﬁdelium
3094 5226 3256 5281 corda
3304 5225 3610 5294 benignius,

2049 5332 2208 5386 quam
2239 5316 2404 5372 verba
2435 5317 2754 5392 diStrictius‘
2782 5326 2996 5388 pensat,
3025 5325 3081 5372 et
3117 5316 3239 5386 plus
3261 5317 3312 5371 in
3345 5317 3611 5373 haereticis

2047 5424 2266 5464 sensum
2294 5409 2594 5479 proprium,
2618 5424 2778 5478 quam
2829 5409 3042 5465 testatio
3070 5407 3285 5463 Eusebii
3326 5407 3608 5464 absolvere

2046 5501 2248 5570 potuit;
2277 5515 2378 5555 nec
2398 5515 2610 5555 rursum
2640 5499 2928 5555 Eusebium
2959 5500 3163 5556 laudati
3185 5499 3433 5570 Origenis
3455 5499 3614 5570 culpa

2049 5593 2340 5654 damnavit.
2369 5594 2562 5650 Annon
2594 5600 2649 5646 et
2691 5590 3199 5664 Gregoriuschssae
3228 5592 3374 5648 urbis
3397 5593 3610 5663 episcoa-

2048 5701 2168 5755 pus,
2208 5701 2331 5741 cum
2388 5685 2671 5744 Canticum
2719 5687 3056 5741 canticorum
3103 5683 3342 5754 exponit,
3400 5682 3610 5751 magnis

2049 5770 2334 5841 Origenem
2361 5772 2608 5829 laudibus
2636 5772 2898 5844 praefert?
2930 5772 3122 5827 Annon
3171 5781 3227 5827 et
3251 5771 3612 5842 Hieronymus

2051 5875 2247 5926 nostrae
2268 5865 2524 5927 Ecclesia:
2549 5868 2854 5960 presbyter,
2877 5864 3230 5942 etstimularis
3253 5863 3464 5929 Hebraei
3486 5877 3600 5930 se;-
