4152 6444
511 432 651 490 1175

1776 430 1835 485 Ρ.
1878 432 2192 488 DANIELIS
2226 433 2460 490 llUETll

3619 433 3755 491 H76

508 540 687 582 monis
722 524 988 591 interpres
1025 531 1172 576 tanto
1192 535 1320 593 erga
1353 522 1643 591 Origenem
1676 523 1861 579 favore
1894 526 2075 579 inten-
2106 531 2155 586 Α
2183 524 2308 597 Sola
2343 529 2469 581 mihi
2499 544 2678 581 casum
2704 526 2841 597 Περὶ
2873 526 3073 595 ἀρχῶν
3098 527 3239 580 diem
3265 528 3537 581 dederunt.

509 622 675 683 ditur,
705 626 761 669 ut
792 631 925 685 pene
971 614 1263 684 discipulus
1318 616 1435 686 ejus
1482 631 1602 671 esse
1648 618 1934 672 videnlur?
1972 618 2079 673 Sed

508 709 632 775 quia
656 708 773 775 plus
795 721 954 760 causa
985 720 1146 774 quam
1169 707 1328 761 verba
1361 709 1631 778 pensanda
1659 717 1809 771 sunt,
1842 724 1942 764 nec
1964 708 2082 765 istis

510 816 605 853 sua
641 798 942 867 benignitas
981 798 1186 863 nocuit,
1218 812 1317 853 nec
1342 798 1487 853 illum
1519 814 1546 852 a
1582 809 1734 854 reatu
1759 802 1977 869 proprio
1999 800 2081 856 fa-

511 905 607 945 vor
640 889 827 943 aliena:
861 888 1225 944 attestationis
1250 876 1559 945 excusavit:
1591 909 1609 943 ι
1653 890 1813 946 Certe
1851 894 1938 947 hic
1967 894 2083 964 ipse

508 980 824 1050 Gregorius,
859 996 982 1035 cum
1016 993 1173 1036 antea
1197 982 1539 1051 apocrisiarii
1567 998 1792 1039 munere
1810 984 2081 1041 Constan-

508 1075 731 1143 tinopoli
779 1074 1119 1145 fungeretur,
1172 1076 1457 1129 adversum
1511 1076 1914 1131 sanctissimum
1953 1092 2084 1146 prae-

506 1165 678 1218 sulem
730 1162 1081 1235 Entychium,
1117 1162 1368 1237 Origenis
1414 1166 1715 1221 doctrinam
1755 1167 1821 1221 de
1849 1182 2086 1222 resurre-

506 1257 690 1310 ctione
721 1265 963 1311 tuentem
996 1256 1174 1311 fuerat
1204 1257 1453 1311 velitatus
1490 1274 1503 1311 :
1542 1258 1796 1312 docuerat
1823 1258 1966 1313 enim
1989 1258 2084 1314 bo-

506 1360 611 1400 nus
646 1346 739 1400 ille
774 1349 887 1413 vir,
912 1351 1385 1418 corpuslnostrum
1408 1348 1462 1401 in
1494 1349 1889 1403 resurrectione
1908 1349 2084 1403 mani-

506 1439 771 1509 bustangi
796 1454 900 1494 non
926 1455 1106 1510 posse,
1130 1440 1412 1509 ventisque
1440 1449 1494 1494 et
1525 1455 1650 1495 aere
1676 1455 1797 1497 esse
1816 1440 2083 1498 subtilius.

509 1530 902 1584 llenascentetu
937 1546 1203 1594 errorem,
1230 1531 1325 1585 sed
1350 1531 1438 1585 vix
1468 1530 1564 1586 ulli
1595 1542 1772 1586 tamen
1802 1531 1958 1586 hisin
1975 1533 2088 1587 oris

508 1622 791 1689 probatum
814 1620 1108 1689 Gregorius
1131 1622 1391 1687 coercuit,
1414 1635 1645 1691 eumque
1671 1622 1908 1677 moriens
1924 1621 2090 1693 Euty-

511 1711 665 1765 chius
705 1711 999 1773 revocavit,
1033 1726 1155 1764 cum
1206 1709 1403 1765 librum
1433 1711 1602 1781 ipsius
1644 1710 1892 1768 Tiberius
1917 1713 2087 1782 impe.

512 1808 663 1853 rator
690 1798 922 1853 flammis
952 1798 1172 1868 dignum
1206 1797 1521 1867 judicasset.
1547 1799 1661 1856 Hac
1682 1816 1896 1871 quoque
1923 1802 2088 1858 circi-

2254 596 2305 651 Il
2314 600 2356 652 is
2379 614 2460 651 me
2488 597 2720 651 collectis
2743 596 2927 665 as'pera
2962 598 3062 651 tela
3088 607 3345 664 premunt.

2252 688 2406 744 Anno
2432 688 2555 752 649,
2584 689 2809 756 primam
2841 687 3103 758 synodum
3126 686 3549 743 Lateranensem
3579 687 3754 757 coegit

2182 777 2442 833 Martinus
2472 776 2711 847 pontifex
2741 777 2808 833 ad
2841 775 3184 831 Constantini
3218 776 3559 845 imperatoris
3573 776 3757 845 explo-

2183 871 2415 925 dendum
2471 878 2677 939 typum,
2705 878 2759 922 et
2807 870 2960 925 novis
2992 882 3055 924 ac
3100 868 3344 938 repetitis
3396 868 3754 926 anathematis

2184 960 2536 1031 proterendos
2579 958 2846 1031 Sergium,
2894 960 3157 1031 Pyrrhum
3193 974 3256 1015 ac
3301 958 3524 1014 Paulum
3565 957 3755 1016 Mono-

2183 1052 2419 1108 thelitas.
2443 1049 2702 1119 Origenes
2725 1052 2778 1107 in
2801 1066 2865 1107 ea
2892 1067 3015 1108 cum
3045 1054 3158 1107 suis
3174 1048 3494 1120 sequacibus
3534 1048 3757 1120 Didyme

2183 1153 2239 1199 et
2269 1143 2498 1213 Evagrio
2524 1142 2593 1197 ab
2631 1143 2873 1199 Ecclesia
2905 1143 3280 1212 proscribitur.
3320 1141 3541 1197 Favisse
3594 1155 3760 1197 econ-

2184 1234 2351 1290 trario
2390 1234 2604 1288 videtur
2643 1234 2858 1304 Origeni
2882 1233 3186 1302 Stephanus
3203 1230 3448 1287 Gobarus
3471 1231 3758 1296 Tritheita,

2187 1330 2245 1377 ut
2278 1338 2346 1379 ex
2374 1322 2550 1379 (hctii
2567 1322 2751 1379 codice
2770 1337 3001 1388 :cxxxtt,
3034 1321 3301 1391 conjicere
3320 1332 3623 1392 promptum
3647 1331 3756 1385 est;

2184 1414 2443 1485 pleraque
2466 1415 2729 1485 siquidem
2753 1415 2923 1485 ipsius
2946 1415 3194 1485 dogmata
3219 1414 3455 1468 maxime
3473 1413 3755 1483 reprobata

2186 1508 2240 1561 in
2292 1516 2577 1575 utramque
2626 1505 2921 1574 disputavit
2983 1514 3226 1575 partem,
3279 1506 3599 1561 sententiam
3647 1506 3763 1573 ipse

2187 1614 2339 1654 suam
2391 1596 2623 1653 fortasse
2678 1599 2782 1654 hac
2819 1608 2936 1653 arte
2988 1595 3298 1662 occultans;
3354 1596 3761 1665 praecipuosque

2187 1685 2432 1758 Origenis
2482 1686 2799 1751 ilaudaloros
2875 1684 3335 1741 commemoravit.
3404 1683 3551 1739 Vixit
3618 1685 3760 1737 circa

2190 1794 2391 1835 annum
2444 1778 2570 1846 120,
2606 1778 2908 1834 Germanus
2940 1776 3248 1849 patriarcha
3276 1775 3763 1847 Constantinopoli-

512 1896 597 1943 ter
628 1897 951 1957 tempestate
981 1886 1239 1943 Leontius
1268 1888 1576 1959 Byzantius,
1604 1905 1633 1944 a
1664 1868 1892 1947 Deontio
1916 1892 2086 1949 altero

2198 1879 2366 1937 laniis,
2389 1874 2481 1941 qui
2514 1881 2711 1940 praeter
2740 1869 2841 1925 alia
2875 1868 3134 1939 opuscula
3160 1868 3604 1934 ἀνταποδοτικόν,
3648 1870 3761 1927 sive

513 1981 834 2051 Byzantina,
863 1981 1000 2043 sive,
1037 1981 1189 2049 juxta
1216 1979 1372 2046 alios,
1401 1980 1681 2053 Byzaceno
1703 1984 1966 2039 monacho
1992 1999 2087 2040 su-

512 2087 611 2141 pra
641 2081 1065 2127 commemorato
1103 2072 1370 2141 diversus,
1397 2071 1685 2145 Origenem
1715 2076 1930 2146 scriptis
1955 2091 2087 2132 acu-

514 2163 669 2217 leatis
703 2160 979 2217 laceravit.

586 2293 751 2350 XVII.
781 2295 859 2351 Ex
885 2310 951 2351 eo
976 2294 1305 2366 Origenismi
1332 2296 1535 2353 invidia
1560 2297 1775 2367 paulum
1801 2298 2084 2366 obsolevit,

525 2402 627 2443 nec
660 2388 855 2444 multos
884 2403 1116 2457 sequens
1144 2399 1275 2445 tetas
1318 2389 1418 2459 ipsi
1451 2389 1695 2446 infensos
1723 2390 1861 2446 tulit.
1908 2392 2085 2459 Anno,

515 2489 802 2551 postquam
826 2480 1062 2551 synodus
1089 2481 1275 2549 quinta
1294 2480 1569 2536 celebrata
1589 2492 1694 2547 est,
1726 2484 2084 2553 oct0gesimo.

517 2570 856 2639 Sophronius
912 2568 1399 2639 Jerosolymitanus
1463 2570 1658 2639 praesul
1711 2572 1778 2627 ad
1841 2572 2086 2642 Sergium

517 2662 1179 2731 Constantinopolitanum
1208 2663 1573 2731 patriarcham
1608 2664 1919 2735 synodicam
1951 2665 2089 2720 scri—

517 2755 654 2811 bens
673 2736 981 2823 epistolam,
1005 2770 1125 2826 quae
1165 2766 1248 2810 est
1280 2757 1442 2810 veluti
1476 2754 1741 2826 professio
1772 2757 1918 2825 fidei,
1948 2758 2090 2815 inter

519 2848 659 2903 alios
683 2848 1059 2903 haereticorum
1106 2862 1319 2903 errores
1340 2850 1608 2919 praecipua
1638 2860 1926 2907 enumerat
1966 2851 2088 2908 Ori—

518 2940 672 3010 genis
709 2941 959 3011 dogmata
1009 2939 1133 2994 fidei
1178 2940 1504 2996 Christiana:
1553 2943 1846 3007 contraria,
1880 2954 1934 2999 et
1961 2959 2087 3015 gra-

519 3031 756 3087 vissimis
797 3032 977 3087 verbis
1029 3031 1292 3098 confutet,
1341 3033 1695 3103 eumdemque
1747 3033 1802 3088 in
1858 3035 2089 3089 concilio

518 3127 707 3196 quinto
734 3127 1045 3181 damnatum
1079 3125 1247 3181 fuisse
1272 3135 1577 3192 asseverat;
1607 3126 1908 3194 tumipsum
1932 3126 2079 3181 dein-

518 3220 585 3272 de
632 3234 756 3274 cum
797 3219 1182 3288 perditissimis
1207 3218 1478 3273 haereticis
1523 3218 1772 3273 collocat.
1796 3218 1981 3272 Relata
2009 3228 2093 3273 est
2118 3220 2163 3279 ο

518 3313 635 3369 inec
669 3312 893 3382 epistola
933 3312 1074 3367 inter
1136 3312 1273 3366 Acta
1323 3310 1512 3382 synodi
1562 3320 1727 3366 sexta:
1777 3311 1974 3366 action.
2005 3312 2093 3367 ll.

521 3403 730 3459 Deinde
756 3404 969 3457 actione
993 3404 1061 3457 l7
1099 3413 1155 3457 et
1189 3402 1279 3466 l8,
1324 3402 1555 3456 iteratur
1589 3400 1802 3457 concilii
1832 3400 2095 3465 definitio,

523 3493 580 3547 in
610 3508 715 3561 qua
754 3495 1054 3562 probantur
1086 3502 1141 3547 et
1190 3492 1585 3548 confirmantur
1631 3492 1848 3548 decreta
1896 3494 2099 3562 quinta:

523 3583 746 3653 synodi,
769 3598 888 3652 qua:
917 3583 1155 3655 synodus
1194 3582 1303 3636 illic
1334 3582 1534 3637 dicitur
1562 3585 1821 3638 adversus
1852 3582 2101 3639 Theodo-

527 3688 651 3728 rum
682 3673 1142 3743 Mopsuestenum,
1167 3672 1477 3741 Origenem,
1512 3673 1792 3743 Didymum
1849 3686 1905 3732 et
1957 3675 2100 3730 Eva-

526 3764 703 3833 grium
752 3762 919 3819 fuisse
951 3774 1298 3834 congregata.
1329 3763 1386 3818 In
1416 3766 1605 3820 eadem
1642 3769 1856 3823 actione
1885 3768 1974 3834 l8,
2006 3770 2101 3823 ha~

525 3856 685 3910 betur
710 3854 945 3910 edictum
968 3855 1309 3911 Constantini
1333 3856 1697 3926 imperatoris,
1729 3860 1781 3913 in
1803 3875 1908 3929 qua
1927 3861 2104 3915 susci-

523 3961 653 4017 pere
673 3963 733 4003 se
757 3947 1058 4013 denuntiat,
1083 3964 1201 4019 quae
1230 3950 1414 4021 quinta
1448 3952 1683 4022 synodus
1711 3955 1890 4007 sanxit
1919 3964 2102 4007 contra

524 4039 623 4097 Dei
647 4041 1035 4110 impugnutores
1061 4041 1362 4113 Origenem,
1399 4043 1677 4114 Didymum
1707 4054 1752 4097 et
1791 4044 2098 4115 Evagrium.

527 4134 767 4203 Denique
796 4133 992 4190 Leonis
1033 4134 1075 4189 ll
1116 4150 1264 4204 papae
1295 4136 1574 4205 epistolam
1597 4139 1663 4191 ad
1690 4135 2101 4191 Constantinum

527 4226 766 4291 exhibet,
808 4228 995 4297 inqua
1024 4238 1140 4281 rata
1190 4241 1309 4281 esse
1353 4228 1552 4297 jubens
1584 4243 1705 4297 quae
1752 4230 2104 4284 mcunienica:

528 4317 719 4387 synodi
748 4331 843 4371 sex
869 4326 1188 4385 statuerant,
1210 4318 1347 4372 inter
1377 4317 1512 4371 alios
1547 4316 1850 4382 haereticos,
1879 4332 2013 4385 quos
2039 4333 2104 4371 ea

529 4406 759 4459 concilia
792 4406 1155 4460 anatliematis
1204 4406 1584 4472 contuderant,
1612 4405 1898 4474 Origenem
1956 4407 2103 4461 Ada-

531 4496 818 4562 niantium,
844 4497 1127 4567 Didymum
1163 4506 1218 4550 et
1252 4496 1541 4566 Evagriuni
1578 4498 1748 4567 ponit.
1771 4495 1881 4552 Nec
1912 4496 2104 4551 melius

530 4586 748 4642 habitus
781 4597 865 4643 est
883 4587 1143 4656 Origenes
1169 4589 1236 4642 ab
1260 4586 1467 4643 Isidoro
1496 4588 1821 4657 Hispalensi,
1849 4588 1940 4657 qui
1973 4587 2100 4643 Ori-

531 4682 639 4751 gin.
687 4681 781 4735 lib.
820 4698 939 4748 vni,
991 4696 1111 4751 cap.
1160 4681 1213 4745 5,
1251 4682 1527 4737 hmreseon
1577 4681 1718 4737 inter
1759 4681 2106 4736 Christianos

532 4784 843 4828 exortarum
873 4774 1067 4829 seriem
1122 4782 1432 4844 pertexens,
1474 4773 1831 4843 Origenianos
1858 4788 2103 4828 comme-

534 4873 734 4931 morat,
793 4864 1140 4933 ipsorumque
1185 4865 1501 4935 reprobatas
1549 4865 2104 4935 Opinioneslexponit.

537 4952 725 5008 Refert
763 4968 827 5008 ex
860 4969 925 5009 eo
958 4954 1301 5024 Epigramma
1336 4956 1479 5009 istud
1501 4952 1673 5010 Guido
1702 4953 2016 5020 Carmelita,
2052 4954 2106 5008 in

539 5063 648 5117 quo
680 5047 908 5117 loquens
936 5047 1207 5102 inducitur
1241 5045 1502 5117 Origenes
1530 5063 1546 5100 :

539 5206 643 5279 Ille
663 5206 908 5276 Origenes
941 5223 1032 5277 ego
1052 5209 1235 5261 doctor
1256 5206 1364 5279 (55)
1390 5207 1684 5279 verissimus
1712 5208 1834 5262 olim

611 5278 711 5340 Qui
744 5276 983 5346 primum
1005 5280 1127 5345 ﬁdei
1159 5276 1454 5348 grainniata
1483 5278 1595 5347 (54)
1622 5280 1766 5331 clara
1797 5276 1920 5330 dedi
1949 5290 1967 5329 :

539 5344 720 5417 Celsus
744 5344 902 5401 erant
933 5344 1241 5412 meritisfet
1281 5349 1456 5401 clarus
1487 5344 1698 5403 munere
1736 5348 1929 5417 fandi;

613 5415 925 5487 Prwreptus-
946 5419 1114 5472 subito
1141 5435 1259 5473 uoce
1288 5429 1499 5471 nocente
1527 5420 1631 5470 rui.

539 5483 805 5549 Condere,
825 5490 869 5540 si
892 5489 1077 5553 credis,
1112 5489 1289 5545 studui
1314 5496 1388 5543 tot
1423 5489 1587 5541 millia
1615 5488 1797 5555 libros,

615 5555 747 5618 Quot
776 5556 907 5625 legio
947 5560 1132 5611 missos
1163 5559 1308 5611 ducit
1334 5558 1389 5609 in
1420 5574 1568 5611 arma
1595 5562 1755 5614 viros.

544 5621 709 5696 Nulla
736 5621 876 5678 meos
899 5644 1125 5695 unquam
1152 5628 1317 5696 tetigit
1340 5626 1653 5694 blasphemia
1678 5644 1857 5682 sensus
1874 5669 1891 5696 ,

614 5694 719 5748 Sed
744 5696 885 5763 vigil,
908 5706 956 5749 et
984 5694 1214 5765 prudens
1242 5694 1384 5749 tutus
1412 5698 1476 5750 ab
1497 5697 1638 5752 hoste
1658 5700 1757 5765 fui.

616 5806 943 5863 "-"Anast.
982 5810 1036 5863 in
1064 5810 1204 5866 Hist.
1236 5811 1305 5864 ad
1332 5828 1459 5865 ann.
1495 5812 1619 5867 Chr.
1661 5814 1763 5869 l85
1796 5825 1850 5869 et
1876 5815 2003 5870 ειη.

617 5900 729 5971 (55)
762 5900 887 5979 ch.
921 5901 1057 5955 forte
1089 5917 1102 5958 ι
1128 5902 1227 5956 Ille
1254 5918 1346 5973 ego
1381 5919 1494 5957 sum
1526 5902 1770 5978 Origenes
1796 5907 1995 5961 doctor.

2190 1961 2476 2017 ἀνόθευτον
2504 1960 2743 2032 scripsit.
2767 1961 2913 2017 Libri
2941 1960 3099 2031 hujus
3116 1974 3325 2015 summa
3353 1960 3561 2032 fastigia
3578 1962 3758 2031 legens

2186 2052 2410 2109 Photius
2438 2054 2558 2109 cod.
2592 2068 2854 2119 ccxxxm,
2886 2054 2942 2109 in
2961 2069 3026 2109 eo
3048 2054 3314 2123 praecipue
3344 2055 3446 2109 hoc
3469 2054 3553 2125 agi
3577 2052 3761 2122 refert,

2199 2153 2261 2199 ut
2299 2143 2545 2215 Gregorii
2593 2143 2818 2216 Nysseni
2851 2146 3057 2220 scripta
3086 2147 3155 2200 ab
3186 2145 3277 2201 illo
3308 2144 3554 2216 Origenis
3583 2158 3764 2201 errore

2188 2232 2447 2289 immunia
2480 2250 2602 2291 esse
2654 2237 2973 2305 probentur,
3004 2250 3112 2306 quo
3145 2237 3417 2292 damones
3433 2251 3498 2291 ac
3522 2236 3763 2292 homines

2189 2325 2415 2381 infernis
2464 2326 2682 2396 ignibus
2719 2326 3005 2383 damnatos
3045 2326 3332 2382 liberatum
3365 2327 3649 2398 aliquando
3695 2327 3760 2384 iri

2190 2418 2515 2486 afﬁrmatur;
2560 2419 2629 2473 ab
2662 2417 2985 2489 Origenistis
3020 2432 3152 2487 ergo
3175 2418 3421 2489 Gregorii
3452 2419 3621 2475 libros
3646 2435 3766 2489 par-

2189 2510 2282 2565 tim
2324 2509 2525 2579 spuriis
2576 2509 2978 2576 additamentis,
3004 2510 3203 2581 partim
3231 2509 3566 2579 etiam,male
3602 2511 3765 2565 inter-

2189 2602 2415 2672 pretatis
2430 2603 2612 2659 verbis
2634 2601 2799 2658 fuisse
2821 2604 3036 2659 vitiatos
3057 2602 3383 2658 Germanum
3401 2604 3731 2673 pertendisse
3744 2642 3763 2668 ,

2190 2708 2363 2763 eoque
2404 2708 2570 2764 opere
2602 2694 2869 2765 insignem
2904 2696 2972 2750 de
3004 2693 3325 2766 Origenistis
3356 2703 3539 2764 aperte
3583 2695 3766 2750 convi-

2189 2787 2293 2843 ctis
2331 2787 2665 2856 triumphum
2696 2788 2896 2858 egisse.
2951 2788 3178 2843 Cozevus
3235 2786 3624 2857 propemodum
3663 2785 3767 2840 fuit

2188 2878 2459 2937 Germano
2488 2877 2615 2933 huic
2658 2876 2896 2934 Joannes
2926 2878 3311 2945 Damascenus,
3362 2878 3452 2947 qui
3486 2892 3642 2932 suum
3677 2878 3769 2933 ad-

2188 2985 2378 3026 versus
2398 2970 2730 3041 Origenistas
2754 2971 2934 3025 odium
2957 2969 3280 3026 clarissimis
3306 2969 3634 3025 testimoniis
3672 2968 3765 3023 de-

2189 3060 2444 3127 claravit;
2484 3062 2539 3116 in
2588 3060 2726 3116 libro
2776 3062 3076 3130 pratsertim
3121 3059 3198 3115 De
3247 3060 3551 3125 Iliensibus,
3573 3060 3627 3114 in
3663 3075 3771 3129 quo

2192 3146 2486 3201 teterrimis
2502 3146 2772 3202 haereticis
2788 3147 3143 3218 Origenianos
3162 3157 3428 3213 accenset,
3453 3163 3649 3218 eosque
3663 3149 3771 3203 Au-

2196 3237 2468 3307 gustinum
2498 3246 2553 3292 et
2587 3236 2947 3307 Epiphanium
2996 3246 3299 3293 assectatus
3335 3238 3575 3310 duplices
3605 3239 3773 3293 fuisse

2198 3330 2291 3381 ait.
2320 3327 2459 3382 Idem
2502 3328 2555 3382 in
2602 3325 2836 3397 Eclogis,
2863 3342 2985 3400 quae
3034 3329 3419 3398 manuscriptze
3463 3338 3676 3384 exstant
3714 3329 3766 3382 in

2198 3418 2533 3474 Bibliotheca
2550 3416 2961 3474 Claromontana
2981 3418 3268 3476 Societatis
3294 3418 3441 3484 Jesu,
3475 3418 3771 3490 fragmenta

2198 3512 2439 3579 quaedam
2504 3508 2662 3566 aﬂert
2708 3511 2980 3580 Antipatri
3034 3511 3347 3567 Bostrorum
3406 3512 3662 3581 episcopi,
3709 3513 3775 3564 ὲκ

2198 3603 2298 3672 τῆς
2318 3601 2459 3659 κατὰ
2480 3602 2590 3657 τῶν
2613 3602 2971 3675 βλασφημιῶν
2992 3603 3087 3660 τοῦ
3109 3602 3426 3675 δυσωνύμου
3476 3603 3773 3675 Ὠριγένους

2202 3695 2603 3774 πραγματείας.
2638 3694 2740 3762 Qui
2765 3695 3039 3765 quomodo
3073 3696 3239 3752 fuerit
3262 3696 3315 3750 in
3345 3695 3631 3767 Origenem
3654 3695 3775 3748 ani-

2202 3797 2375 3842 matus
2417 3802 2484 3842 ex
2522 3788 2626 3842 hoc
2670 3787 2826 3841 titulo
2849 3787 3183 3857 intelligitur.
3210 3786 3287 3843 De
3319 3788 3479 3856 hujus
3504 3787 3774 3856 Antipatri

2201 3885 2357 3932 atate
2390 3878 2478 3932 diu
2498 3892 2562 3932 ac
2583 3876 2808 3933 multum
2841 3878 2974 3934 mihi
3017 3879 3267 3949 quaesita,
3301 3876 3354 3933 id
3382 3878 3555 3933 solum
3593 3878 3779 3936 hacte—

2203 3981 2308 4022 nus
2344 3968 2495 4036 potui
2524 3966 2955 4036 deprehendere,
2977 3967 3210 4024 Eusebio
3237 3982 3397 4037 quem
3421 3968 3669 4038 suggillat
3693 3983 3778 4023 re-

2204 4059 2496 4114 centiorem
2530 4060 2698 4115 fuisse
2724 4101 2740 4124 ,
2767 4058 2973 4115 Joanne
3017 4060 3353 4118 Damasceno
3381 4075 3411 4117 a
3453 4076 3559 4130 quo
3594 4059 3778 4114 lauda.

2206 4160 2314 4215 tur,
2372 4152 2740 4207 vetustiorem.
2808 4150 3147 4221 lncomperta
3195 4165 3411 4222 quoque
3459 4151 3591 4207 mihi
3645 4160 3777 4206 satas

2204 4236 2431 4295 Joannis
2459 4238 2800 4307 Mabropodaa
2826 4240 3225 4309 metropolitani
3259 4238 3517 4294 Ecclesia:
3543 4238 3776 4292 Euchai-

2208 4341 2405 4397 tarum,
2468 4332 2560 4401 qui
2615 4332 2834 4401 scripsit
2882 4329 3204 4385 solutionem
3258 4330 3311 4384 in
3369 4331 3778 4399 explicationem

2208 4419 2455 4493 Origenis
2482 4424 2534 4476 in
2558 4421 2902 4479 Psalterium.
2932 4420 3270 4476 Recensetur
3296 4421 3384 4477 ille
3400 4424 3534 4476 liber
3560 4422 3611 4475 in
3630 4431 3781 4474 cata-

2210 4512 2333 4583 logo
2378 4514 2730 4571 Bibliotheca:
2780 4514 3395 4585 Constantinopolitanae
3432 4512 3779 4568 illustrissimi

2210 4606 2469 4676 principis
2490 4607 2851 4675 Marmoreae,
2881 4608 2971 4677 qui
3000 4608 3276 4661 subnexus
3300 4615 3387 4659 est
3412 4604 3783 4673 supplemento

2211 4694 2557 4752 Bibliotheca:
2604 4695 2957 4753 Gesneriame
3007 4695 3228 4751 Antonii
3270 4693 3533 4749 Verderii.
3564 4692 3787 4762 Anony-

2213 4803 2359 4844 mum
2389 4802 2605 4858 quoque
2633 4787 2880 4859 Origenis
2898 4786 3237 4841 Scholiasten
3263 4791 3651 4839 commemorat
3675 4782 3787 4834 An-

2218 4881 2397 4935 tonius
2443 4881 2767 4937 Possevinus
2803 4880 2859 4933 in
2918 4879 3192 4947 Apparatu
3224 4894 3409 4944 sacro,
3443 4876 3618 4930 aetatis
3664 4889 3785 4944 per-

2216 4987 2369 5039 :eque
2418 4972 2634 5042 ignotae.
2689 4971 2869 5025 Nihilo
2911 4972 3082 5038 magis
3122 4970 3393 5037 conjicere
3435 4980 3653 5037 possum
3680 4981 3789 5035 quo

2216 5073 2457 5133 tempore
2488 5065 2767 5119 lucubrata
2794 5061 2955 5117 fuerit
2970 5061 3347 5132 Ὠριγενιστῶν
3368 5060 3634 5131 ἐρώτησις
3652 5057 3789 5128 πρὸς

2214 5156 2425 5221 πιστόν,
2468 5169 2588 5223 qua:
2639 5155 2855 5222 ponitur
2882 5153 2935 5207 in
2980 5153 3248 5208 Allatiano
3289 5152 3562 5207 Vaticana:
3589 5139 3789 5203 Biblio—

2216 5249 2382 5302 thecae
2400 5262 2583 5302 censu.
2606 5244 2712 5299 Par
2724 5244 3042 5300 Damasceni
3066 5244 3400 5300 Venerabilis
3416 5242 3557 5298 Beda
3575 5256 3788 5311 aequum

2214 5338 2433 5409 Origeni
2460 5353 2519 5392 se
2541 5336 2799 5406 praebuit;
2824 5351 2946 5390 nam
2977 5347 3032 5391 et
3051 5336 3333 5408 praeclaras
3365 5336 3480 5406 ejus
3507 5336 3658 5390 dotes
3686 5345 3787 5390 sx-

2217 5430 2340 5484 tulit
2363 5429 2646 5499 praeconiis
2695 5444 2751 5483 in
2786 5426 3133 5484 Colleetaneis
3171 5437 3226 5483 et
3260 5426 3530 5492 Floribus,
3561 5439 3680 5494 cap.
3711 5421 3792 5477 De

2216 5518 2524 5575 luminarib.
2587 5518 2824 5583 Eccles.,
2858 5533 2958 5572 nec
3008 5519 3136 5572 vitia
3176 5528 3352 5572 tamen
3407 5513 3784 5570 dissimulavit.

2215 5608 2453 5679 lniquior
2505 5609 2826 5665 Anastasius
2864 5606 3303 5666 Bibliotheearjus
3343 5604 3461 5637 ³⁹·³³
3487 5602 3791 5674 suppressis

2218 5701 2505 5757 Adamanti
2550 5702 2795 5758 laudibus
2818 5701 2940 5772 ejus
2965 5710 3171 5757 tantum
3193 5714 3407 5756 errores
3431 5712 3613 5752 amare
3645 5694 3790 5753 ultus

2268 5905 2378 5974 (5i)
2436 5905 2563 5974 ch.
2591 5906 2627 5960 f.
2657 5906 2919 5972 dogmata.
