4152 6436
416 377 544 432 ΗΠ

1281 374 1854 431 OtllCENlANORUM
1892 374 2017 431 LIB.
2056 374 2119 443 ll,
2160 378 2312 440 CAP.
2355 381 2442 447 IV,
2486 381 2677 438 SECT.
2720 383 2784 439 Il.

3537 393 3674 449 H78

410 508 511 569 est,
546 498 943 568 Eusebiumque
968 499 1139 564 ipsum
1173 499 1325 553 nimii
1362 515 1486 570 erga
1524 502 1809 569 Origenem
1836 516 1988 555 amo-
2017 504 2063 561 Α
2093 510 2305 569 natem,
2338 504 2515 573 ipsum
2548 506 2688 558 inattd
2720 519 2881 559 secus
2918 520 2981 561 ac
3010 515 3291 576 parentem
3344 508 3670 563 Arianorum

407 591 485 645 ris
518 590 720 644 acriter
742 590 1011 659 coarguit.
1032 589 1242 645 Saeculo
1264 600 1543 660 sequente,
1575 590 1717 660 quod
1736 607 1764 645 a
1782 591 1983 646 Christi

410 693 528 737 ortu
580 698 779 738 nonum
832 691 1171 748 numeratur,
1228 679 1413 736 ﬂoruit
1468 682 1673 753 Haymo
1710 681 1988 737 Albersta-

407 775 600 829 sensis.
629 775 847 842 Apertis
873 774 960 828 ille
981 774 1161 829 verbis
1185 774 1470 843 Origenem
1496 773 1723 829 crimine
1755 781 1984 829 conatus

408 876 494 920 est
523 866 824 929 absolvere,
872 879 1086 921 errores
1114 864 1196 920 vel
1245 856 1444 934 ipsiah
1486 865 1757 920 haereticis
1780 863 1985 921 alIictos

418 959 493 1012 vel
526 958 592 1011 ab
616 958 732 1025 ipso
762 972 869 1011 non
909 971 973 1010 ex
1014 956 1303 1021 sententia,
1334 955 1428 1011 sed
1470 972 1535 1011 ex
1570 957 1822 1026 opinione
1844 972 1984 1026 prae-

418 1049 615 1118 positos
649 1062 987 1103 asseverans.
1030 1046 1234 1102 Contra
1258 1062 1389 1101 vero
1421 1046 1645 1103 Photius
1674 1045 1987 1102 Constanti-

417 1142 759 1210 nopolitanus
799 1130 1108 1209 patriarcha
1134 1141 1303 1211 ipsius
1334 1142 1557 1214 :equalis
1602 1141 1985 1197 Adamantium

410 1231 707 1291 saevissime
744 1231 1023 1300 proscidit.

482 1321 666 1378 XVIII.
717 1321 960 1393 Longum
1023 1331 1169 1379 esset
1229 1324 1560 1395 singulorum
1605 1324 1889 1395 explorare
1932 1334 1989 1380 et

416 1413 619 1469 referre
643 1415 969 1470 sententiam
992 1454 1007 1480 ,
1045 1416 1135 1486 qui
1166 1416 1344 1472 obiter
1367 1431 1433 1472 ae
1465 1417 1613 1471 aliud
1647 1426 1874 1487 agentes
1922 1416 1992 1473 de

413 1504 645 1575 Origene
674 1505 1040 1576 Origenisque
1092 1509 1341 1563 doctrina
1373 1508 1504 1577 quid
1555 1508 1661 1563 sibi
1712 1508 1993 1563 videretur

412 1594 641 1649 strictim
673 1596 980 1653 ediderunt.
999 1596 1138 1663 Quid
1162 1598 1306 1653 enim
1340 1597 1635 1667 Georgium
1658 1598 1989 1671 Syncellum.

414 1696 466 1741 et
502 1684 924 1755 Theophanem,
988 1688 1117 1757 quid
1168 1687 1459 1760 Georgium
1510 1690 1837 1757 Cedrenum,
1865 1692 1995 1760 quid

414 1776 918 1847 Theophylactum,
980 1778 1113 1849 quid
1168 1777 1434 1835 Joannem
1493 1778 1763 1834 Zonaram
1800 1820 1816 1847 ,
1862 1780 1992 1851 quid

2089 592 2454 649 incessentem
2483 595 2506 648 ?
2548 596 2679 665 quid
2730 597 3024 652 Robertum
3059 598 3359 663 Cursonum
3395 600 3625 670 Anglum
3655 643 3670 667 ,

2084 698 2241 753 quem
2269 686 2549 754 scripsisse
2592 687 2787 742 librum
2825 688 2901 742 De
2942 689 3229 745 salvatione
3283 690 3525 761 Origenis
3586 709 3671 748 re-

2084 772 2191 830 fert
2223 773 2431 832 Balteus
2452 776 2673 832 Centur.
2715 779 2749 833 ’ὅ
2796 777 3129 847 Scriptorum
3159 780 3499 839 Britanniae?
3545 786 3670 852 quid

2086 866 2429 923 Vincentium
2457 868 2917 936 Belluvacensem,
2964 871 3058 941 qui
3097 870 3309 936 Speculi
3360 875 3672 929 doctrinalis

2093 957 2188 1012 lib.
2216 974 2373 1024 xvin,
2404 975 2524 1030 cap.
2560 960 2649 1027 45,
2686 975 2893 1014 summa
2925 964 3179 1030 aequitate
3198 965 3265 1017 de
3290 963 3522 1035 Origene
3555 982 3673 1033 pro

2085 1050 2338 1105 nuntiat?
2357 1052 2485 1121 quid
2508 1052 2830 1107 Wernerum
2851 1052 3241 1123 WeSIphalum,
3265 1056 3355 1125 qui
3388 1067 3671 1126 postquam

2087 1141 2274 1197 laudes
2321 1145 2378 1198 in
2427 1144 2712 1213 Origenem
2750 1145 3068 1212 congessit,
3119 1147 3414 1202 conciliare
3459 1163 3518 1203 se
3564 1162 3671 1205 non

2089 1247 2254 1303 posse
2302 1234 2433 1289 dicit
2467 1245 2834 1304 repugnantes
2862 1244 2915 1291 et
2944 1237 3226 1305 oppositas
3258 1239 3336 1299 de.
3356 1239 3565 1294 meritis
3608 1254 3666 1295 ac

2088 1325 2381 1381 virtutibus
2415 1327 2661 1397 Origenis
2692 1328 3033 1383 sententias?
3069 1329 3207 1395 Quid
3242 1331 3423 1387 varios
3448 1342 3671 1400 praeter-

2090 1430 2153 1470 ea
2191 1415 2466 1472 inferioris
2508 1417 2652 1473 illius
2695 1418 2793 1472 aevi
2846 1419 3129 1475 haereticos
3163 1435 3475 1477 recenseam
3505 1462 3520 1487 ,
3580 1424 3675 1492 qui

2093 1506 2351 1577 pleraque
2383 1508 2553 1577 ipsius
2587 1511 2789 1577 placita
2821 1520 3155 1566 renovarunt
3182 1530 3197 1566 :
3222 1513 3368 1568 velut
3412 1514 3445 1568 ii
3478 1514 3680 1584 quibus

2094 1612 2290 1652 nomen
2323 1598 2425 1652 fuit
2455 1601 2523 1653 de
2553 1598 2752 1655 Barulo
2774 1641 2789 1665 ,
2824 1616 2964 1669 quos
3010 1601 3257 1657 historici
3301 1615 3528 1658 narrant
3558 1606 3678 1659 ani-

2097 1703 2306 1742 marum
2333 1688 2678 1761 προΰπαρξιν
2708 1690 3033 1755 defendisse,
3065 1700 3120 1747 et
3164 1691 3378 1747 beatam
3402 1690 3677 1763 Virginem

2098 1792 2196 1848 pro
2226 1779 2415 1849 angelo
2462 1781 2760 1849 habuisse;
2820 1781 2968 1837 velut
3006 1779 3329 1847 Valdenses,
3368 1785 3458 1853 qui
3490 1800 3675 1840 sacer-

415 1867 736 1925 Michaclem
765 1868 1015 1941 Glycam,
1041 1870 1170 1940 quid
1201 1870 1565 1941 Nicephorum
1591 1871 1803 1928 Callisti
1836 1887 1990 1929 com-
2021 1856 2065 1911 Β
2094 1870 2250 1925 dotes
2280 1872 2519 1939 quandiu
2550 1872 2874 1929 criminibus
2903 1882 2957 1929 et
2989 1874 3418 1945 noxisimpliciti
3442 1876 3675 1943 haerent,

414 1978 711 2021 memorem
736 2004 753 2031 ,
800 1981 829 2019 a
871 1966 1068 2035 quibus
1091 2007 1107 2035 ,
1137 1976 1196 2021 ut
1246 1982 1277 2022 a
1307 1976 1419 2022 tota
1451 1967 1565 2022 fere
1618 1966 1989 2024 Graeculorum

413 2058 631 2113 natione
658 2060 894 2126 pessime
924 2070 1183 2131 exceptus
1220 2061 1342 2119 est?
1373 2062 1503 2131 quid
1531 2061 1709 2117 Nilum
1737 2061 1786 2095 “
1820 2062 1992 2118 Thes-

415 2150 833 2219 salonicensem,
864 2153 958 2222 qui
993 2152 1131 2208 nihil
1171 2153 1249 2208 ait
1278 2149 1527 2223 Origeni,
1547 2153 1990 2210 Christianorum

411 2239 538 2297 licet
574 2242 978 2312 sapientissimo
1010 2252 1067 2300 et
1099 2243 1397 2313 Scripturae
1441 2243 1774 2313 peritissimo
1800 2283 1815 2310 ,
1864 2257 1991 2313 pro-

414 2331 582 2387 fuisse
612 2333 962 2403 sapientiam,
990 2348 1099 2404 quo
1134 2334 1315 2391 minus
1342 2350 1372 2389 a
1398 2334 1524 2391 ﬁdei
1552 2336 1864 2405 integritate
1899 2336 1992 2392 de-

412 2425 673 2487 scisceret
700 2427 723 2480 ?
753 2425 951 2482 Suidas
974 2426 1398 2498 lexicographus
1428 2443 1526 2496 pro
1560 2443 1712 2483 more
1740 2442 1838 2484 suo
1858 2428 1992 2483 alio-

415 2534 531 2574 rum
558 2519 699 2574 dicta
725 2518 1020 2589 compilans
1044 2519 1242 2589 duplici
1274 2518 1566 2589 Origenem
1603 2520 1826 2576 donavit
1875 2520 1988 2577 elo-

409 2610 516 2683 gio,
548 2625 774 2681 quorum
810 2612 959 2681 prius
992 2625 1060 2666 ex
1084 2610 1299 2666 Eusebii
1329 2610 1468 2667 libro
1496 2610 1576 2666 De
1624 2612 1807 2681 script.
1859 2610 1986 2667 sccl.

414 2703 527 2758 fere
561 2703 898 2772 decerptum,
926 2703 1024 2759 sed
1069 2700 1297 2758 confuso
1324 2709 1380 2757 et
1424 2704 1743 2774 perturbato
1772 2704 1987 2768 ordine,

404 2796 608 2867 partim
638 2796 803 2850 etiam
852 2809 919 2849 ex
958 2793 1147 2853 Greca
1190 2794 1638 2864 interpretatione
1664 2795 1835 2866 Elogii
1879 2809 1988 2866 quo

407 2891 584 2958 ipsum
611 2886 832 2943 donavit
859 2888 1243 2959 Hieronymus,
1271 2887 1503 2943 miriﬁce
1531 2888 1707 2958 ipsum
1737 2889 1984 2956 extollit;

404 2977 639 3036 alterum
668 2993 797 3034 vero
826 2979 1201 3049 depromptum
1226 2978 1503 3047 αὑτολεεεὶ
1524 2996 1589 3036 ex
1613 2980 1856 3037 Cedreno
1878 2982 1989 3037 has-

414 3085 595 3126 reseos
620 3071 796 3140 ipsum
820 3073 1052 3127 crimine
1088 3071 1405 3143 compellat.
1440 3074 1988 3129 Animadversionem

415 3178 548 3220 vero
573 3173 814 3219 nostram
848 3164 1130 3234 postulat,
1167 3166 1313 3237 quod
1360 3181 1461 3237 pro
1504 3165 1739 3237 Origene
1770 3165 1988 3223 Nicetes

409 3256 634 3325 scripsit
666 3256 900 3328 elogium
929 3276 947 3314 :
979 3276 999 3310 ‹
1037 3256 1151 3313 Hoc
1184 3267 1391 3324 autem,
1432 3259 1610 3330 inquit
1642 3300 1658 3327 ,
1689 3259 1743 3314 in
1773 3274 1990 3316 summa

414 3349 701 3405 dicendum
732 3358 836 3417 est,
889 3348 1185 3421 Origenem
1220 3351 1275 3405 in
1324 3351 1561 3423 physicis
1614 3352 1990 3418 theorematis,

415 3454 709 3508 eorumque
742 3439 1019 3506 allegoriis
1045 3477 1061 3504 ,
1103 3453 1313 3495 necnon
1348 3441 1404 3495 iu
1462 3450 1576 3498 tota
1605 3443 1799 3499 morali
1826 3442 1993 3499 disci-

416 3529 560 3599 plina
588 3530 871 3585 doctorum
901 3529 1152 3584 omnibus
1191 3531 1650 3599 acceptissimum,
1678 3548 1992 3590 accommo-

416 3620 860 3691 datissimumque
888 3621 1081 3692 fuisse,
1110 3634 1274 3697 atque
1302 3627 1439 3682 adeo
1472 3640 1595 3681 eum
1620 3666 1639 3693 ,
1685 3628 1777 3697 qui
1813 3628 1991 3683 virtu-

417 3721 526 3768 tem
555 3713 861 3769 actionibus
894 3729 956 3772 se
992 3716 1232 3772 maxime
1259 3719 1504 3774 omnium
1538 3728 1841 3774 exerceret.
1880 3717 1994 3774 Hu-

417 3804 502 3872 ius
528 3805 673 3860 enim
720 3807 966 3863 exercitii
994 3810 1175 3864 studio
1204 3810 1370 3864 vitam
1404 3824 1577 3881 usque
1614 3810 1751 3867 adeo
1778 3810 1994 3866 excole-

416 3897 529 3965 bat,
549 3907 816 3968 utpectus
846 3899 985 3970 ejus,
1020 3901 1476 3970 quemadmodum
1503 3903 1804 3973 aiunt,prae
1826 3902 1993 3957 nimia

418 3990 497 4045 rei
531 3989 903 4062 cujuscunque
939 3992 1193 4047 animatae
1216 3994 1553 4051 continentia
1576 4004 1631 4049 et
1659 3994 1993 4051 abstinentia

416 4083 698 4138 exciderit.
733 4082 804 4139 At
853 4083 908 4140 in
939 4098 1070 4140 vera
1118 4084 1245 4148 ﬁde,
1281 4085 1457 4156 iisque
1508 4085 1840 4157 disciplinis,
1873 4100 1994 4155 qua

418 4173 679 4241 majorem
712 4175 1252 4246 contemplationem,
1289 4184 1458 4246 atque
1479 4177 1535 4233 in
1560 4178 1752 4248 primis
1781 4177 1993 4233 theolo-

418 4267 591 4337 gicam
622 4267 932 4337 requirunt,
960 4268 1205 4324 omnium
1233 4279 1497 4341 quotquot
1523 4270 1673 4326 illum
1705 4285 1997 4341 praecesse-

419 4367 563 4426 runt,
582 4368 637 4415 et
660 4359 833 4415 secuti
862 4368 1008 4427 sunt,
1040 4362 1493 4417 absurdissimum
1510 4378 1571 4419 se
1588 4364 1901 4433 praestiterit
1926 4381 1940 4417 :
1970 4384 1989 4416 ι

418 4466 536 4521 quae
564 4465 631 4506 ex
679 4449 982 4521 Epiphanio
1008 4452 1139 4509 btet.
1170 4466 1334 4517 utv,
1367 4468 1489 4523 cap.
1514 4452 1569 4521 5,
1596 4452 1709 4509 fere
1741 4455 1995 4524 decerpta

417 4551 561 4598 sunt.
621 4541 855 4598 Rursum
899 4558 1030 4599 vero
1084 4544 1212 4613 quid
1254 4543 1539 4600 Sidonium
1586 4545 1991 4617 Apollinarem,

418 4634 545 4703 quid
575 4632 797 4701 Bedam,
828 4635 959 4706 quid
990 4634 1354 4705 Freculphum
1401 4635 1790 4692 Lexoviensem
1813 4678 1829 4704 ,
1859 4639 1989 4708 quid

418 4725 747 4797 Reginonem
770 4766 786 4792 ,
840 4728 971 4798 quid
1004 4726 1376 4783 Hermannum
1420 4728 1774 4784 Contractum
1799 4768 1816 4796 ,
1860 4731 1991 4800 quid

418 4818 713 4873 Marianum
749 4819 971 4875 Scotum
994 4861 1010 4889 ,
1046 4820 1175 4890 quid
1206 4818 1504 4876 Honorium
1526 4821 1989 4893 Augustodunen-

413 4922 551 4975 sem,
583 4909 714 4977 quid
745 4909 1074 4967 Gulielmum
1099 4910 1462 4967 Parisiensem
1500 4911 1789 4982 appellem,
1812 4913 1903 4982 qui
1934 4913 1990 4968 in

419 5014 537 5054 sum
571 5016 691 5056 sese
745 5004 1016 5073 aequiores
1066 5003 1476 5074 praebuerunt?
1519 5003 1647 5073 quid
1699 5002 1987 5059 Martinam

418 5090 674 5146 Polonum
707 5094 797 5162 qui
850 5095 1064 5165 magnis
1107 5111 1231 5151 eum
1276 5095 1472 5151 extulit
1522 5095 1815 5151 laudibus?
1864 5096 1992 5165 quid

417 5184 761 5240 Anastasium
815 5184 1300 5242 Bibliothecarium
1356 5187 1449 5258 qui
1497 5187 1551 5242 in
1587 5188 1862 5243 contraria
1892 5186 1994 5241 fuit

416 5275 705 5340 sententia,
732 5284 788 5330 et
818 5276 1141 5345 asperrimis
1165 5276 1341 5347 ipsum
1374 5278 1636 5334 conviciis
1657 5277 1937 5348 perfricuit
1967 5278 1990 5332 ?

416 5370 542 5438 quid
572 5368 909 5423 Bernardum
936 5408 952 5436 ,
981 5369 1074 5439 qui
1113 5368 1169 5424 in
1198 5385 1448 5427 sermone
1481 5371 1548 5427 de
1584 5370 1767 5426 verbis
1797 5369 1988 5441 Orige-

416 5461 540 5526 nis,
580 5461 726 5517 hunc
778 5462 1174 5531 circumspecte
1222 5462 1507 5531 legendum
1567 5478 1690 5520 esse
1748 5476 1932 5519 monet
1964 5503 1981 5529 ,

415 5551 554 5619 quod
594 5550 762 5605 multa
814 5549 965 5605 illum
1011 5560 1200 5607 contra
1236 5551 1396 5608 ﬁdem
1437 5553 1724 5622 scripsisse
1771 5562 1989 5609 sancto-

415 5658 533 5699 rum
567 5640 792 5699 Patrum
825 5643 1002 5709 tradat
1027 5644 1361 5701 auctoritas?
1385 5645 1513 5715 quid
1544 5643 1805 5701 Thomam
1821 5646 1988 5712 Aqui-

368 5784 390 5843 ἡ
486 5825 530 5858 ³⁸
558 5826 665 5881 Nil.
700 5826 773 5883 De
804 5829 960 5898 prim.
1004 5842 1154 5901 papa
1184 5843 1212 5884 a
1257 5826 1519 5885 Salmasio
1552 5828 1725 5885 editus
1750 5869 1766 5896 ,
1823 5841 1942 5905 pag.
1976 5826 2065 5889 65,

2091 1961 2298 2016 ordinis
2318 1962 2400 2018 sui
2428 1972 2701 2033 potestate
2732 1965 2809 2019 uti
2862 1982 2973 2022 non
3004 1980 3188 2036 posse,
3219 1975 3278 2023 et
3319 1969 3439 2038 pios
3480 1983 3674 2025 omnes

2093 2055 2410 2112 sacerdotes
2460 2070 2584 2112 esse
2641 2056 2999 2113 asserebant?
3040 2055 3216 2113 Unum
3274 2057 3404 2113 illud
3442 2059 3678 2113 monitos

2091 2144 2328 2201 lectores
2376 2146 2537 2202 velim
2562 2186 2580 2215 ,
2616 2147 2864 2217 asperius
2902 2148 3020 2205 fere
3060 2164 3090 2203 a
3137 2148 3343 2204 Graecis
3386 2147 3677 2219 Origenem

2091 2252 2251 2305 quam
2298 2251 2327 2291 a
2355 2236 2562 2293 Latinis
2596 2238 2874 2306 adhiberi,
2922 2242 3075 2308 cujus
3097 2240 3172 2295 rei
3204 2255 3424 2295 causam
3480 2241 3547 2295 ad
3588 2255 3678 2312 sy-

2091 2330 2293 2384 nodum
2328 2330 2574 2400 quintam
2603 2331 2912 2398 referimus,
2954 2348 3074 2403 quae
3100 2349 3222 2390 cum
3251 2333 3541 2405 Origenem
3571 2350 3676 2388 una

2093 2433 2216 2473 cum
2249 2419 2424 2474 tribus
2475 2419 2731 2491 capitulis
2759 2422 3103 2492 damnasset,
3144 2424 3247 2479 tria
3278 2438 3411 2481 vero
3442 2422 3678 2492 capitula

2091 2509 2396 2578 complures
2417 2510 2728 2569 Occidentis
2763 2515 3005 2586 episcopi
3048 2516 3308 2570 adversus
3361 2515 3549 2585 synodi
3582 2530 3678 2569 au-

2090 2604 2392 2659 ctoritatem
2450 2606 2585 2660 tueri
2619 2606 3005 2673 instituissent,
3048 2608 3173 2663 hinc
3224 2609 3409 2663 tuendi
3464 2623 3680 2678 quoque

2088 2695 2338 2769 Origenis
2380 2696 2625 2769 profecta
2678 2701 2825 2770 apud
2873 2700 3023 2771 ipsos
3058 2700 3269 2756 videtur
3298 2715 3421 2756 esse
3451 2715 3681 2758 consue-

2092 2790 2243 2845 tudo.
3236 2846 3239 2847 ν

2159 2882 2305 2940 XIX.
2345 2884 2501 2940 Piam
2551 2884 2804 2939 feminam
2834 2883 3181 2940 Mechtildem
3202 2884 3474 2940 decimum
3506 2900 3676 2954 quar-

2090 2982 2203 3030 tum
2236 2976 2489 3031 saeculum
2535 2975 2678 3030 tulit.
2712 2972 2881 3046 Hujus
2908 2984 3031 3031 ante
3053 2991 3230 3032 annos
3280 2976 3485 3046 aliquot
3511 2976 3563 3031 in
3588 2978 3673 3030 lu-

2087 3081 2207 3123 cem
2250 3068 2447 3123 emissa
2479 3067 2600 3123 Vita
2637 3076 2763 3133 est,
2796 3068 2849 3121 in
2903 3082 3008 3138 qua
3055 3068 3259 3122 editum
3294 3068 3397 3138 ipsi
3423 3067 3680 3125 divinitus

2092 3160 2376 3216 oraculum
2410 3160 2679 3230 quoddam
2709 3169 2891 3215 nostra
2923 3160 3303 3217 observatione
3325 3161 3546 3232 dignum
3585 3177 3676 3217 re-

2094 3249 2286 3304 fertur.
2322 3249 2550 3306 Coelitus
2579 3251 2779 3321 quippe
2811 3250 2980 3307 Deum
3035 3252 3133 3321 ipsi
3184 3252 3464 3308 nuntiasse
3496 3262 3681 3309 narrat

2098 3339 2240 3398 Vita:
2275 3342 2436 3415 hujus
2470 3343 2726 3413 scriptor,
2770 3343 3032 3414 quidquid
3071 3343 3321 3400 Samsoni
3350 3384 3366 3412 ,
3402 3342 3679 3401 Salomoni

2093 3446 2149 3491 et
2185 3435 2403 3505 Origeni
2429 3439 2792 3493 condonatum
2822 3434 2962 3492 a"se
3001 3446 3056 3493 et
3115 3437 3379 3492 indultum
3412 3445 3519 3503 est,
3546 3451 3679 3492 con-

2093 3531 2235 3587 sulto
2262 3532 2511 3588 homines
2540 3532 2768 3599 celasse,
2797 3541 2851 3587 ut
2888 3531 2966 3586 rei
2994 3530 3159 3602 hujus
3186 3532 3525 3602 ignoratione
3554 3548 3679 3601 per-

2092 3627 2367 3684 terrefacti
2410 3628 2749 3695 doctissimi,
2796 3628 3203 3698 prudentissimi
3274 3637 3334 3683 et
3395 3625 3679 3683 fortissimi

2093 3718 2319 3787 quique,
2361 3733 2654 3789 perparum
2683 3720 2750 3773 de
2780 3732 2861 3781 se,
2890 3718 3072 3773 omnia
3102 3733 3233 3774 vero
3260 3719 3327 3775 de
3358 3717 3468 3773 Deo
3495 3732 3681 3787 spera-

2095 3824 2156 3864 re
2180 3810 2409 3864 discant.
2438 3809 2832 3866 Celebrabatur
2853 3809 2958 3869 hoc
2991 3811 3107 3882 ipso
3152 3820 3393 3880 tempore
3444 3809 3680 3865 Bernar-

2095 3901 2195 3957 dus
2222 3901 2418 3970 Guido,
2452 3920 2481 3955 a
2517 3918 2626 3973 quo
2664 3914 3022 3959 recensentur
3074 3901 3386 3974 Origeniani
3438 3916 3676 3967 errores,

2093 4000 2149 4048 et
2171 3993 2224 4047 in
2273 3994 2482 4064 synodo
2511 3995 2698 4065 quinta
2730 4010 2838 4049 una
2867 4011 2990 4051 cum
3026 4005 3249 4050 auctore
3286 3994 3526 4049 damnati
3557 4010 3680 4049 esse

2096 4092 2488 4139 memorantur.
2545 4083 2826 4140 Posterior
2896 4085 2987 4140 illo
3037 4085 3422 4141 Bartolomaeus
3472 4085 3679 4140 Platina

2094 4176 2352 4246 praeclare
2377 4176 2486 4247 egit
2516 4192 2641 4231 cum
2665 4175 2919 4247 Origene,
2958 4184 3012 4231 et
3039 4177 3250 4246 magnis
3283 4190 3403 4230 eum
3430 4173 3678 4230 laudibus

2094 4270 2401 4324 exornavit.
2431 4269 2667 4324 Maxima
2691 4283 2822 4323 vero
2847 4267 2950 4323 fuit
2976 4268 3226 4339 sequenti
3254 4277 3415 4322 aetate
3454 4266 3678 4323 Joannis

2094 4358 2207 4416 Pici
2272 4358 2632 4415 Mirandulani
2661 4359 2911 4424 comitis,
2949 4360 3006 4416 in
3052 4374 3112 4415 re
3163 4357 3430 4413 litteraria
3459 4359 3577 4413 laus
3623 4367 3679 4412 et

2095 4451 2404 4518 celebritas,
2435 4462 2495 4507 ut
2525 4467 2703 4524 neque
2752 4452 3076 4508 nobiliorem
3106 4492 3122 4519 ,
3174 4465 3349 4520 neque
3381 4450 3679 4505 doctiorem

2023 4549 2069 4604 D
2098 4554 2384 4615 patronum
2428 4542 2531 4599 sibi
2555 4544 2816 4613 Origenes
2844 4553 3032 4614 optare
3054 4542 3311 4614 potuerit.
3352 4540 3498 4596 Inter
3545 4556 3679 4596 non-

2097 4644 2291 4706 gentas
2313 4648 2440 4705 ergo
2477 4634 2879 4698 conclusiones,
2907 4647 3042 4703 quas
3072 4632 3327 4687 universo
3353 4630 3471 4685 orbi
3498 4630 3678 4699 dispu-

2100 4727 2294 4781 tandas
2335 4727 2658 4796 proposuit,
2696 4725 2928 4797 insignis
2963 4726 3079 4782 haec
3117 4733 3276 4780 erat:
3310 4741 3329 4775 ι
3361 4722 3678 4777 Rationabi-

2097 4817 2201 4873 lius
2228 4827 2314 4873 est
2341 4818 2561 4874 credere
2606 4818 2892 4889 Origenem
2924 4830 3047 4872 esse
3075 4815 3284 4871 salvum
3310 4854 3326 4879 ,
3368 4828 3529 4884 quam
3560 4826 3678 4867 cre-

2098 4909 2228 4966 dere
2252 4911 2430 4982 ipsum
2459 4925 2582 4967 esse
2614 4911 2950 4965 damnatum.
3013 4926 3032 4960 )
3087 4907 3167 4962 Ex
3210 4908 3417 4978 ingenti
3450 4904 3540 4959 illa
3577 4918 3677 4969 po-

2096 5003 2355 5059 sitionum
2392 5013 2544 5060 strue
2592 5002 2848 5058 tredecim
2890 5000 3172 5057 asteriscis
3215 4997 3488 5069 signatas,
3520 4994 3674 5064 Quasi

2093 5093 2217 5148 ﬁdei
2271 5094 2597 5151 Christianas
2642 5093 2971 5159 contrarias,
3006 5091 3119 5147 Pici
3176 5089 3353 5146 aemuli
3385 5088 3675 5142 damnave-

2091 5196 2260 5254 runt,
2290 5189 2345 5243 in
2395 5188 2594 5258 quibus
2646 5199 2709 5242 ea
2749 5193 2869 5241 erat
2913 5199 3035 5254 quae
3069 5183 3138 5238 ad
3170 5182 3396 5239 salutem
3428 5176 3675 5248 Origenis

2093 5280 2348 5349 pertinet.
2378 5279 2693 5351 Apologiam
2722 5294 2821 5348 pro
2853 5292 2913 5333 se
2943 5292 3151 5347 suaque
3184 5274 3431 5331 doctrina
3454 5269 3673 5341 scripsit

2095 5372 2433 5429 clarissimus
2473 5373 2723 5443 princeps
2750 5412 2767 5438 ,
2798 5380 2853 5427 et
2883 5369 3111 5425 tutando
3153 5364 3479 5424 Adamantio
3513 5377 3673 5434 pecu~

2094 5464 2232 5520 liare
2275 5475 2440 5536 caput
2471 5466 2691 5521 dicavit.
2730 5463 2951 5535 Septem
2984 5462 3115 5517 illud
3142 5469 3357 5517 constat
3402 5453 3673 5522 articulis,

2095 5573 2232 5627 quos
2262 5557 2470 5613 referre
2498 5558 2632 5613 utile
2655 5566 2780 5613 est:
2820 5574 2840 5608 ι
2872 5557 2925 5611 In
2967 5556 3143 5626 primo
3174 5552 3406 5616 videtur,
3455 5565 3522 5604 an
3553 5548 3671 5604 Ori-

2098 5664 2265 5720 genes
2296 5664 2534 5720 unquam
2581 5648 2892 5707 hzcreticam
2922 5646 2990 5705 de
3013 5648 3177 5705 rebus
3202 5642 3329 5702 ﬁdei
3362 5641 3672 5714 opinionem
