4152 6424
472 410 613 466 H79

1741 409 1798 464 P.
1844 409 2159 466 DANIELIS
2198 411 2431 468 IIUETII

3583 411 3720 472 “80

472 525 754 595 scripserit
789 533 842 579 et
868 525 1190 591 crediderit;
1217 525 1268 580 in
1304 526 1563 591 secundo,
1596 525 1723 580 dato
1750 527 1892 595 quod
1915 530 2050 581 scri-
2077 535 2128 593 Α
2156 531 2223 586 ab
2272 529 2514 584 Ecclesia
2557 527 2796 598 legitime
2831 539 3184 599 congrcgrata
3232 528 3573 592 damnatum,
3618 545 3719 587 nec

472 619 663 687 pserit,
694 632 760 669 an
804 618 1126 686 dogmatice,
1158 618 1240 672 vcl
1275 620 1578 686 adhaesive,
1627 620 1709 673 vel
1743 619 2049 688 inquisitive

472 718 677 764 tantum
721 709 1032 777 scripserit;
1086 709 1138 763 in
1181 711 1366 768 tertio.
1415 711 1542 765 dato
1585 711 1726 780 quod
1761 711 2046 778 adbazsive,

471 818 540 857 an
569 803 746 855 taliter
778 802 1076 867 adhmsivc,
1111 803 1253 870 quod
1289 802 1376 856 illc
1405 802 1694 856 scribendo
1747 803 2051 858 mortaliter

470 895 812 964 peccaverit,
871 903 924 947 et
962 894 1254 948 haereticus
1311 894 1414 948 dici
1468 895 1677 963 possit;
1731 895 1783 948 in
1817 905 2050 964 quarto,

471 985 600 1038 dato
621 985 761 1053 quod
795 985 1098 1055 scripserit,
1126 995 1181 1040 et
1210 986 1390 1040 taliter
1416 988 1714 1056 scripserit,
1750 989 1890 1057 quod
1915 988 2050 1042 scri-

471 1077 648 1132 bendo
668 1079 958 1143 erraverit,
993 1095 1057 1132 an
1087 1093 1183 1147 pro
1217 1078 1412 1132 talibus
1434 1093 1669 1148 unquam
1694 1079 2045 1147 paenituerit;

473 1170 528 1223 in
570 1169 796 1239 quinto,
831 1171 956 1224 dato
984 1173 1124 1240 quod
1159 1170 1225 1225 de
1251 1169 1370 1239 ejus
1417 1186 1516 1225 nec
1562 1171 1901 1239 pceuitentia,
1951 1186 2049 1226 nec

473 1263 872 1330 impaenitentia
910 1271 1160 1328 constet,
1207 1278 1274 1316 an
1325 1263 1397 1316 sit
1449 1263 1829 1316 rationabilius
1874 1263 2046 1331 ipsum

472 1353 698 1406 credere
723 1367 842 1407 esse
870 1353 1208 1416 damnatum,
1246 1367 1313 1407 an
1339 1351 1583 1416 salvum;
1617 1353 1668 1405 in
1709 1362 1884 1415 sexto,
1920 1352 2049 1420 quid

473 1457 540 1497 ex
573 1444 734 1497 dictis
766 1445 1108 1498 decretorum
1151 1444 1495 1511 iudicandum
1523 1444 1595 1498 sit
1618 1444 1914 1498 Ecclesiam
1956 1444 2051 1499 de-

474 1537 795 1590 terminasse
822 1537 888 1590 de
913 1535 1172 1604 Origene;
1203 1537 1255 1588 in
1309 1535 1539 1602 septimo
1562 1572 1577 1598 ,
1613 1544 1876 1600 quantum
1907 1535 2048 1589 obli-

473 1634 563 1702 get
609 1625 662 1679 in
715 1627 815 1680 ista
847 1628 1070 1680 materia
1100 1627 1478 1682 credulitatem
1516 1638 1757 1682 nostram
1793 1629 2049 1683 determio

474 1717 624 1772 natio
665 1717 939 1773 Ecclesiae.
981 1738 1001 1771 ι
1032 1720 1251 1772 Diversa
1287 1721 1439 1774 fuere
1471 1722 1538 1772 de
1574 1721 1658 1774 his
1686 1721 2048 1775 conclusioni-

471 1807 610 1872 bus,
650 1817 707 1862 et
736 1808 1076 1878 apologetico
1122 1810 1399 1864 hominum
1433 1809 1634 1879 judicia
1657 1851 1671 1874 ,
1701 1811 1836 1864 adeo
1880 1819 1937 1864 ut
1967 1810 2048 1863 vi-

2150 634 2237 678 est
2262 623 2596 688 haereticum,
2635 636 2806 688 neque
2834 621 2884 674 in
2925 623 3030 676 fide
3079 631 3414 692 suspectum.
3469 641 3486 674 ι
3537 620 3714 675 Tertia

2149 722 2234 768 est
2260 714 2571 784 hujusmodi
2599 731 2611 766 :
2643 731 2659 764 ι
2710 713 3070 767 Probabiliter
3112 713 3384 770 affirmans
3431 715 3716 782 Origenem

2149 805 2533 860 Adamantium
2587 804 2841 858 Leonidis
2877 807 3129 874 martyris
3181 806 3349 860 filium
3397 821 3502 860 non
3552 806 3718 860 fuisse

2151 908 2427 952 auctorem
2463 897 2704 951 omnium
2762 896 2976 950 illorum
3029 899 3385 966 pessimorum
3416 908 3716 952 erratorum

2152 1003 2272 1058 quae
2301 989 2402 1044 sibi
2453 988 2846 1058 imponuntur,
2907 1002 3010 1041 non
3060 988 3280 1058 derogat
3333 987 3716 1043 ecclesiasticis

2150 1080 2540 1143 sanctionibus,
2559 1093 2732 1148 neque
2758 1087 3107 1138 summorum?
3123 1079 3434 1148 pontificum
3462 1078 3713 1145 decretis,

2150 1187 2325 1241 neque
2375 1181 2688 1225 sanctormn
2750 1170 2969 1223 Patrum
3017 1171 3381 1238 dogmatibus.
3444 1188 3463 1221 ι
3517 1169 3717 1236 Quarta

2150 1261 2233 1314 his
2267 1260 2446 1313 verbis
2494 1267 2754 1328 concepta
2799 1269 2883 1312 est
2931 1277 2943 1311 :
2999 1276 3019 1309 ί
3056 1258 3316 1312 Asserere
3367 1258 3720 1327 probabiliter

2151 1352 2372 1404 alteram
2407 1352 2632 1403 istarum
2657 1350 3084 1418 propositionum
3121 1367 3134 1402 :
3170 1348 3427 1418 Origenes
3447 1349 3718 1404 Adaman-

2152 1440 2257 1494 tius
2279 1439 2531 1492 Leonidis
2565 1440 2818 1508 martyris
2854 1439 2992 1491 filius
3026 1453 3130 1490 non
3165 1448 3268 1499 est,
3302 1453 3401 1491 nec
3458 1438 3557 1491 fuit
3609 1440 3716 1492 hie-

2151 1532 2352 1584 reticus
2391 1548 2402 1582 :
2450 1530 2708 1598 Origenes
2772 1529 3126 1582 Adamantius
3171 1526 3421 1582 Leonidis
3461 1530 3718 1600 martyris

2151 1622 2294 1676 filius
2327 1631 2412 1674 est
2456 1621 2540 1674 vel
2587 1620 2687 1674 fuit
2747 1621 3036 1675 bzeretieus
3066 1660 3080 1685 ,
3134 1635 3238 1674 non
3273 1630 3357 1672 est
3386 1620 3715 1682 haereticum,

2152 1712 2408 1766 limresim
2460 1713 2677 1777 sapiens
2701 1750 2716 1775 ,
2750 1725 2849 1764 nec
2893 1724 3211 1774 erroneum,
3242 1726 3272 1762 a
3302 1709 3404 1763 fide
3459 1719 3550 1763 aut
3594 1713 3714 1764 tidei

2149 1803 2350 1874 pietate
2376 1802 2632 1856 alienum.
2660 1819 2679 1852 ›
2706 1798 2904 1866 Quinta
2932 1799 3057 1854 talis
3085 1807 3167 1853 est
3190 1813 3204 1852 :
3235 1816 3253 1848 α
3291 1799 3553 1854 Asserens
3578 1800 3717 1855 hanc

475 1902 650 1954 tandae
674 1876 963 1954 multorum
990 1900 1295 1965 offensioni,
1352 1876 1468 1955 nea
1497 1916 1767 1970 quoquam
1800 1901 2041 1971 legeren-
2075 1876 2118 1931 Β
2153 1895 2236 1950 vel
2274 1893 2420 1948 illam
2451 1901 2655 1962 partem
2693 1891 3064 1961 probabiliter,
3112 1905 3373 1960 seponere
3401 1891 3559 1946 debet
3596 1906 3716 1946 om-

473 1999 564 2044 tur
593 1991 708 2045 istzc
732 1992 1108 2046 conclusiones
1160 1994 1379 2046 decreto
1413 1993 1656 2047 sanxerit
1704 1992 2048 2048 Innocentius

470 2079 584 2136 VIII
618 2083 858 2151 pontifex
891 2085 1194 2150 maximus;
1229 2082 1433 2138 salvam
1467 2092 1646 2138 tamen
1689 2099 1753 2139 ac
1782 2085 2046 2155 integram

470 2172 586 2228 Pici
615 2174 1077 2229 existimationem
1123 2188 1244 2228 esse
1285 2173 1539 2230 voluerit.
1570 2173 1738 2241 Hujus
1769 2188 2048 2230 successor

470 2264 778 2320 Alexander
810 2265 896 2330 \il,
929 2281 1072 2320 anno
1125 2266 1265 2320 M93
1293 2306 1308 2331 ,
1339 2266 1403 2320 18
1430 2265 1574 2319 Junii
1604 2269 1765 2322 breve
1795 2266 2048 2336 apostoli-

469 2369 593 2408 cum
622 2357 687 2410 ad
715 2355 896 2410 Picum
928 2357 1098 2423 dedit,
1147 2359 1291 2426 quod
1326 2366 1409 2412 est
1443 2357 1748 2425 hujusmodi
1777 2400 1792 2424 ,
1847 2367 1906 2412 ut
1950 2374 2048 2427 pro

469 2447 713 2517 apologia
744 2448 918 2518 ipsmn
950 2448 1130 2502 valere
1161 2449 1369 2517 possit,
1407 2449 1542 2503 adeo
1594 2464 1782 2510 severa
1813 2459 1867 2504 et
1893 2451 2046 2521 gravi

469 2539 715 2594 oratione
739 2539 882 2593 omni
910 2537 1095 2592 Picum
1128 2539 1396 2594 haereseos
1427 2549 1481 2594 et
1507 2541 1713 2596 erroris
1741 2543 2048 2611 suSpicione

470 2629 679 2684 liberat.
717 2631 851 2684 Aliis
880 2641 1010 2699 puto
1057 2631 1167 2686 Pici
1219 2634 1565 2701 exeinplum,
1619 2644 1677 2688 ut
1705 2635 1886 2688 simile
1943 2651 2040 2704 pro

469 2720 706 2791 Origene
743 2722 1028 2784 auderent,
1069 2725 1290 2778 stimulo
1329 2723 1447 2778 fuit.
1485 2725 1847 2789 Quamobrem
1882 2726 2048 2782 Joan-

471 2828 568 2867 nes
615 2812 910 2868 Nauclerus
952 2813 1310 2884 Tubingensis
1339 2818 1662 2887 praapositus
1720 2819 1948 2886 insignia
1990 2820 2045 2874 in

470 2902 732 2958 Chronico
777 2905 998 2975 Origeni
1059 2907 1230 2976 elogia
1283 2908 1631 2977 conscripsit.
1687 2907 1870 2962 Multis
1924 2923 2046 2962 eum

471 3010 683 3065 quoque
711 2997 1108 3052 concelebravit
1159 2999 1410 3053 laudibus
1462 2997 1698 3054 Joannes
1731 2997 2048 3055 Trittemius

469 3087 634 3141 abbas
658 3085 1082 3154 Spanhemensis
1108 3129 1124 3157 ,
1156 3089 1209 3143 in
1241 3089 1336 3144 lib.
1375 3089 1449 3144 De
1480 3092 1663 3158 script.
1694 3091 1905 3156 eccles.,
1949 3106 2048 3147 nec

469 3192 683 3234 errores
714 3187 889 3234 tamen
917 3180 1089 3250 ipsius
1120 3181 1503 3248 dissimulavit,
1536 3184 1606 3238 ab
1641 3183 1818 3252 iisque
1847 3184 1891 3240 si
1917 3183 2049 3238 alie-

470 3284 598 3323 num
621 3284 740 3326 esse
768 3270 904 3326 velle
932 3273 1210 3341 professus
1237 3281 1339 3327 est.

541 3358 661 3415 ΣΧ.
703 3358 863 3416 Initio
891 3363 1188 3431 superioris
1227 3365 1409 3418 saeculi
1439 3379 1660 3435 sparsas
1685 3367 1736 3420 in
1762 3365 2050 3422 Bibliothe-

470 3449 553 3504 cis
576 3448 1030 3520 Origenianarum
1059 3453 1417 3520 scriptionum
1459 3454 1722 3523 reliquias
1775 3455 2045 3526 colligere,

470 3539 600 3594 etin
630 3541 900 3609 publicam
939 3541 1112 3596 lucem
1146 3543 1277 3597 dare
1309 3544 1517 3613 primus
1545 3546 1785 3600 instituit
1812 3545 2046 3602 Iacobus

471 3628 727 3685 Merlinus
779 3630 1178 3686 Victurniensis
1203 3671 1219 3697 ,
1250 3633 1528 3702 theologus
1557 3679 1573 3701 ,
1641 3637 1938 3692 canonicus
1996 3648 2049 3692 et

471 3721 906 3792 poenitentiarius
940 3721 1282 3778 Parisiensis.
1327 3724 1487 3793 Operi
1546 3727 1850 3798 Apologiam
1898 3729 2049 3783 addi-

473 3812 553 3866 dit
585 3828 678 3880 pro
727 3811 973 3882 Origene,
1016 3814 1070 3868 in
1106 3829 1210 3883 qua
1245 3818 1310 3870 de
1343 3815 1557 3873 Gelasio
1583 3859 1600 3886 ,
1651 3829 1706 3874 et
1743 3819 1846 3873 lata
1893 3821 1960 3873 ab
1985 3833 2048 3874 eo

471 3901 528 3956 In
564 3901 795 3957 concilio
824 3902 1073 3960 Romano
1108 3907 1401 3973 sententia,
1453 3917 1567 3963 tum
1596 3920 1651 3965 et
1680 3911 1745 3966 de
1783 3910 2049 3981 Hierony-

469 4009 561 4051 mo
596 4010 702 4051 non
731 3997 866 4052 satis
895 3999 1187 4067 prudenter
1213 4000 1427 4057 loeutus
1451 4011 1556 4068 est,
1596 4017 1697 4058 nec
1726 4012 1783 4057 ut
1805 4003 2048 4060 Catholi-

469 4100 594 4142 eum
623 4100 688 4141 ac
718 4088 863 4156 pium
893 4088 1095 4154 virum,
1121 4091 1318 4146 nedum
1357 4093 1663 4164 theologum
1701 4095 2048 4160 decuit,alia-

469 4191 576 4247 que
609 4179 804 4248 adjecit
832 4179 1024 4245 multa,
1051 4197 1172 4250 quae
1201 4182 1408 4239 Massrei
1438 4183 1854 4241 Cameracensis
1880 4187 2041 4240 scho-

470 4269 537 4326 la:
562 4278 672 4324 tum
698 4272 963 4335 rectoris,
1001 4283 1055 4327 et
1100 4271 1305 4330 Natalis
1338 4276 1493 4330 Bedze
1531 4275 1801 4331 facultatis
1846 4277 2050 4333 theolo-

469 4362 605 4431 gica:
632 4361 844 4431 syndici
876 4365 1403 4428 expostulationibus
1449 4375 1691 4435 patuere.
1738 4366 1874 4422 Cum
1923 4367 2048 4423 Ori-

470 4453 624 4524 genis
662 4467 792 4521 ergo
824 4452 925 4521 ipsi
958 4452 1346 4524 affingerentur
1377 4472 1618 4522 errores.
1649 4459 1834 4514 multis
1863 4465 1926 4513 ac
1957 4461 2047 4514 diu

2151 2001 2272 2042 nem
2307 1985 2686 2056 pertinaciam,
2715 1993 2773 2038 et
2820 1983 2919 2038 sub
2973 1983 3286 2039 conditione
3330 1997 3582 2053 expressa
3634 1980 3716 2037 vel

2151 2079 2308 2132 tacita
2362 2076 2628 2130 afﬁrmare
2666 2073 2888 2129 alteram
2927 2087 2942 2126 :
2995 2072 3234 2143 alioquin
3289 2075 3592 2143 periculoso
3633 2077 3717 2130 di-

2148 2168 2387 2224 scrimini
2411 2182 2530 2222 sese
2563 2167 2950 2220 committeret.
2988 2185 3006 2216 ›
3035 2165 3200 2220 Sexta
3224 2167 3294 2220 ita
3318 2182 3570 2236 expressa
3593 2177 3676 2222 est
3702 2185 3717 2222 :

2155 2280 2173 2313 σ
2214 2260 2471 2327 Quamvis
2518 2259 2788 2328 praedictae
2822 2259 3217 2328 propositiones
3266 2275 3371 2313 non
3410 2260 3617 2326 possint
3649 2260 3717 2312 si-

2149 2353 2260 2406 niui
2292 2360 2437 2406 stare
2469 2351 2522 2405 in
2557 2351 2803 2412 veritate,
2835 2361 2889 2404 et
2937 2366 3160 2406 necesse
3216 2351 3286 2405 sit
3338 2351 3562 2405 alteram
3599 2366 3718 2406 esse

2149 2459 2361 2509 veram;
2389 2452 2496 2498 stat
2528 2453 2704 2498 tamen
2726 2443 2961 2512 aliquem
2993 2452 3201 2513 partem
3231 2459 3414 2498 veram
3447 2445 3718 2498 afﬁrmau-

2150 2546 2256 2592 tem
2284 2552 2392 2592 non
2418 2550 2539 2591 esse
2580 2536 2990 2590 schismaticum
3011 2574 3026 2598 ,
3065 2551 3166 2590 nec
3193 2535 3261 2589 de
3306 2535 3600 2590 schismate
3630 2551 3718 2590 su-

2149 2639 2413 2698 spectum.
2457 2646 2476 2680 ι
2515 2628 2759 2698 Septima
2787 2628 3002 2682 demum
3030 2627 3116 2682 his
3159 2627 3340 2682 verbis
3369 2627 3670 2682 absolvitur
3703 2649 3716 2682 :

2154 2741 2172 2773 ‹
2207 2720 2530 2778 Christianae
2560 2720 2743 2790 pietati
2792 2719 3186 2774 conducibilius
3212 2727 3335 2785 est,
3366 2729 3548 2774 stante
3599 2720 3715 2783 tali,

2152 2822 2409 2882 tantoque
2443 2812 2631 2875 dubio,
2662 2826 2784 2866 cum
2815 2811 3021 2866 veritas
3063 2811 3116 2865 in
3150 2821 3305 2881 parte
3327 2810 3537 2865 occulta
3567 2819 3649 2865 est
3669 2819 3720 2863 et

2149 2918 2349 2973 anceps
2377 2943 2392 2968 ,
2428 2917 2525 2958 nec
2555 2918 2652 2973 per
2699 2903 2998 2958 Ecclesiam
3056 2913 3149 2957 aut
3197 2903 3506 2972 pontificem
3538 2911 3720 2971 aperte

2149 2995 2404 3060 definita,
2439 2995 2506 3050 de
2547 2994 2796 3065 Origenis
2839 2996 3085 3050 doctrina
3117 3005 3172 3049 et
3215 3003 3438 3049 auctore
3480 2995 3719 3063 ejusdem

2149 3086 2202 3141 in
2232 3085 2471 3142 favorem
2502 3087 2642 3142 bene
2687 3102 2880 3156 sapere
2909 3096 2965 3143 et
2998 3087 3387 3157 dogmatizare,
3422 3100 3583 3156 quam
3600 3100 3719 3154 per-

2150 3193 2365 3249 peram;
2388 3187 2442 3234 et
2468 3178 2520 3232 in
2552 3178 2982 3233 commendando
3018 3179 3303 3244 excedere,
3327 3192 3487 3247 quam
3529 3176 3718 3230 deiice-

2152 3283 2212 3322 re
2253 3284 2282 3321 a
2333 3269 2488 3323 laude
2535 3269 2637 3324 sibi
2687 3270 2908 3325 debita:
2945 3271 3244 3339 praesertim
3300 3271 3343 3324 si
3383 3270 3434 3323 in
3491 3268 3718 3323 alterum

2149 3359 2336 3415 venire
2363 3369 2630 3430 oporteat.
2666 3379 2684 3412 ι
2719 3361 3004 3416 Secundus
3049 3361 3184 3416 liber
3231 3376 3425 3416 novem
3477 3361 3720 3430 proposi-

2154 3451 2327 3504 tiones
2378 3465 2445 3504 ex
2502 3451 2756 3522 Apologia
2807 3451 3015 3506 Merlini
3066 3455 3134 3507 ab
3192 3453 3362 3521 ipsius
3399 3451 3721 3506 adversariis

2151 3551 2438 3613 excerptas
2464 3552 2520 3597 et
2553 3545 2909 3614 reprehensas
2945 3545 3205 3600 defendit.
3243 3543 3458 3601 Tertius
3473 3544 3730 3614 Origenis

2152 3634 2328 3690 Vitam
2361 3645 2415 3690 et
2440 3634 2624 3706 Elogia
2657 3651 2722 3692 ex
2752 3636 3002 3701 Eusebio,
3039 3636 3386 3708 Hieronymo,
3460 3635 3724 3691 Nauclero

2149 3737 2202 3782 et
2235 3727 2522 3783 Trittemio
2548 3729 2817 3799 depromit
2842 3746 2857 3784 :
2888 3731 3086 3798 quibus
3124 3729 3364 3799 subjecta
3390 3740 3472 3783 est
3502 3742 3721 3799 respou-

2150 3820 2232 3874 sio
2262 3819 2331 3874 ad
2384 3819 2632 3890 Dialogos
2680 3819 2913 3885 Massaei,
2945 3831 3000 3876 et
3043 3821 3410 3876 Additationn
3452 3821 3630 3879 Bedaz.
3666 3825 3722 3875 In

2150 3911 2234 3966 his
2261 3910 2521 3966 hicrlinus
2553 3927 2656 3966 non
2684 3922 2794 3966 tam
2825 3927 2890 3967 ex
2927 3913 3028 3967 fide
3050 3913 3289 3968 historia:
3326 3923 3380 3968 et
3403 3914 3725 3968 testimoniis

2155 4005 2526 4074 antiquorum,
2560 4019 2722 4074 quam
2757 4005 3023 4061 contortis
3045 4006 3395 4075 sophismatis
3419 4016 3474 4063 et
3498 4006 3725 4074 argutiis

2152 4096 2218 4150 de
2239 4097 2424 4150 schola
2457 4096 2734 4151 velitatur.

2219 4185 2361 4241 XXI.
2399 4187 2665 4243 Przeclare
2699 4189 2862 4244 etiam
2899 4189 3003 4244 hac
3036 4198 3196 4246 aetate
3244 4191 3310 4246 de
3339 4191 3570 4256 Origene
3603 4207 3719 4245 me-

2149 4279 2286 4332 ritus
2335 4288 2418 4333 est
2452 4280 2762 4336 Desiderius
2794 4280 3050 4336 Erasmus
3072 4321 3086 4344 ,
3120 4296 3243 4335 nam
3295 4293 3350 4335 et
3388 4281 3725 4336 Commenta-.

2151 4372 2348 4425 riorum
2377 4371 2494 4440 ejus
2544 4374 2598 4426 in
2634 4373 2948 4427 Matt/imum
2998 4386 3206 4442 partem
3237 4374 3471 4445 aliquam
3525 4374 3719 4428 Latino

2149 4476 2398 4519 sermone
2429 4464 2634 4532 retulit,
2663 4475 2718 4520 et
2756 4464 2933 4520 Vitam
2969 4467 3138 4534 ipsius
3173 4468 3410 4537 scripsit,
3453 4483 3514 4521 ac
3540 4468 3720 4522 laudes

471 4557 562 4598 res
590 4543 645 4597 in
675 4558 925 4612 supremo
961 4555 1176 4609 senatu,
1207 4555 1262 4602 et
1285 4547 1432 4602 inter
1459 4547 1737 4606 Parisinos
1771 4550 2050 4623 theologos
2079 4560 2125 4616 1)
2153 4565 2470 4623 prosecutus
2502 4566 2624 4622 est,
2650 4558 2795 4613 etde
2821 4558 3303 4624 lucubrationibus,
3335 4561 3505 4628 deque
3541 4560 3721 4614 erudi-

471 4645 818 4691 controversa
852 4651 916 4690 ac
931 4637 1204 4708 diSputata
1231 4647 1334 4694 est.
1367 4641 1524 4696 Certe
1546 4657 1686 4696 anno
1719 4643 1877 4706 1522,
1910 4643 2048 4712 Apo-

472 4723 626 4794 logia:
673 4740 784 4780 suae
837 4727 1141 4795 apologiam
1186 4737 1476 4797 pertexere
1522 4746 1810 4786 necessum
1865 4732 2050 4788 habuit

471 4815 750 4872 Merlinus.
782 4817 942 4872 Manu
989 4823 1191 4890 scripta
1223 4819 1310 4874 illa
1359 4833 1607 4877 servatur
1640 4824 1702 4877 in-
1730 4824 2047 4894 theologicae

471 4908 747 4962 facultatis
781 4908 1136 4975 Bibliotheca,
1173 4913 1396 4982 ejusque
1427 4915 1556 4970 mihi
1581 4931 1743 4970 usura
1789 4931 2048 4972 concessa

471 5009 575 5056 cst.
605 4999 776 5066 Quam
810 5017 908 5055 cur
947 5003 1000 5056 in
1031 5003 1204 5058 lucem
1236 5022 1338 5059 non
1374 5007 1619 5062 emiserit
1659 5017 1868 5072 auctor,
1899 5011 2050 5080 equi-

471 5090 592 5146 dem
625 5095 828 5148 nescio.
871 5093 1068 5150 Tribus
1095 5096 1184 5150 illa
1211 5096 1366 5151 libris
1391 5099 1726 5153 continetur.
1758 5099 1914 5153 Prior
1951 5117 2048 5170 pro

469 5183 703 5255 Origene
763 5185 1118 5257 Origenisque
1168 5190 1415 5243 doctrina
1482 5199 1722 5260 pugnat,
1757 5201 1812 5245 et
1841 5173 2044 5262 septem

473 5277 916 5333 conclusionibus
939 5279 1256 5344 absolvitur,
1289 5295 1520 5350 quarum
1555 5281 1728 5351 prima
1763 5282 1878 5336 haec
1919 5291 2001 5336 est
2030 5304 2042 5338 :

479 5387 498 5421 ι
532 5368 650 5424 Non
668 5380 751 5426 est
767 5383 975 5426 certum
1002 5381 1057 5426 et
1087 5374 1328 5436 evidens,
1363 5387 1462 5427 nec
1489 5372 1870 5438 indubitatum,
1901 5388 2047 5428 con—

473 5459 658 5515 cilium
711 5461 928 5532 aliquod
983 5464 1270 5519 damnasse
1318 5464 1606 5535 Origenem
1663 5465 2045 5521 Adamantium

474 5551 724 5608 Leonidis
764 5555 1022 5625 martyris
1051 5554 1242 5621 filium,
1271 5563 1532 5626 tanquam
1579 5557 1892 5612 hzereticum
1943 5571 2042 5611 no-

475 5644 674 5697 torium
709 5655 764 5700 et
793 5646 1090 5714 publicum.
1133 5666 1151 5699 ι
1185 5647 1366 5703 Altera
1412 5648 1488 5702 ita
1520 5663 1578 5703 se
1609 5649 1771 5703 habet
1825 5669 1836 5702 :
1887 5667 1906 5699 ι
1941 5650 2044 5703 Do-

474 5735 770 5803 gmatizarc
803 5735 1089 5806 Origenem
1104 5739 1485 5796 Adamantium
1511 5739 1760 5796 Leonidis
1787 5741 2042 5811 martyris

476 5823 648 5881 filium
679 5843 797 5898 non
830 5827 998 5885 fuisse
1023 5831 1292 5889 notoriam
1323 5841 1376 5890 et
1409 5832 1684 5897 publicum
1731 5833 2042 5892 hmreticum

2153 4649 2321 4709 tione.
2353 4663 2416 4702 ac
2439 4649 2665 4703 docendi
2705 4650 2916 4704 ratione
2941 4649 3228 4704 arbitrium
3254 4650 3408 4716 tulit;
3433 4666 3461 4703 a
3497 4652 3719 4720 dogma-

2152 4740 2222 4793 tis
2241 4748 2419 4794 autem
2448 4755 2643 4797 manus
2663 4741 2947 4804 abstinuit,
2976 4750 3171 4805 morte,
3199 4742 3252 4795 ni
3280 4741 3458 4805 fallor,
3482 4757 3721 4810 praeven-

2155 4840 2264 4896 tus,
2304 4847 2424 4900 quae
2453 4834 2744 4902 quominus
2781 4841 3086 4901 susceptam
3119 4847 3334 4902 quoque
3365 4831 3720 4901 Origeniano-

2150 4937 2269 4976 rum
2309 4939 2536 4993 operum
2571 4925 2862 4978 editionem
2896 4932 2951 4978 et
2993 4938 3277 4978 censuram
3312 4923 3633 4985 absolveret,
3665 4935 3722 4979 et

2150 5013 2402 5082 Origenis
2446 5016 2792 5070 adversarios
2844 5015 3150 5080 refelleret,
3185 5014 3570 5084 impedimento
3597 5014 3716 5069 fuit.

2149 5102 2205 5158 In
2232 5119 2296 5158 ea
2342 5119 2527 5174 porro,
2571 5120 2690 5174 quae
2723 5113 2921 5171 exstat,
2970 5119 3212 5161 censurae
3252 5115 3403 5174 parte
3439 5105 3716 5175 antiquum

2148 5194 2410 5249 Erasmus
2439 5195 2695 5262 obtinuit,
2725 5211 2814 5250 res
2849 5211 2954 5252 non
2980 5199 3112 5252 satis
3136 5205 3384 5251 accurate
3408 5207 3719 5265 perspectas

2147 5283 2412 5352 praecipiti
2463 5282 2672 5351 judicio
2721 5284 3067 5354 disceptans,
3115 5295 3168 5339 et
3199 5285 3549 5354 disceptando
3579 5299 3716 5338 non-

2148 5384 2424 5443 nunquam
2455 5374 2773 5444 impingens.
2813 5376 3167 5446 Summopere
3194 5377 3406 5431 iuterim
3430 5375 3715 5446 Origenem

2147 5465 2498 5520 aversabatur
2531 5466 2791 5522 Martinus
2821 5467 3113 5532 Lutherus,
3141 5468 3311 5538 [cujus
3339 5482 3402 5522 ea
3431 5481 3533 5522 vox
3572 5467 3671 5520 fuit
3698 5483 3713 5520 :

2153 5574 2172 5608 ι
2207 5554 2497 5626 Origenem
2533 5555 2848 5624 jamdudum
2877 5560 3012 5614 diris
3039 5558 3248 5613 devovi.
3303 5577 3321 5610 ι
3353 5557 3452 5613 Cui
3488 5557 3717 5612 subinde

2149 5648 2474 5717 astipulatus
2512 5657 2594 5703 est
2625 5649 2941 5705 Theodorus
2964 5650 3126 5716 Beza,
3150 5665 3271 5704 cum
3294 5652 3564 5705 sexcentis
3585 5650 3722 5706 locis

2148 5740 2555 5795 adnotationum
2590 5742 2852 5812 majorum
2891 5742 2944 5795 in
2998 5730 3292 5810 Epistulam
3321 5743 3388 5794 ad
3428 5741 3714 5807 Romanos,

2147 5841 2261 5892 tum
2297 5834 2531 5892 maxime
2562 5835 2664 5894 sub
2711 5835 2885 5919 ipsum
2918 5835 3129 5891 initium
3157 5874 3170 5887 .
3226 5835 3524 5892 foedissima
3576 5833 3718 5892 Ada-
