4152 6410
434 399 568 456 “Si

1325 394 1902 454 ORIGENIANORUM
1941 394 2071 454 LIB.
2110 396 2176 463 Il,
2217 396 2366 454 CAP.
2409 399 2498 465 IV,
2537 400 2728 457 SECT.

3538 406 3677 464 118⁸2

434 521 642 582 mantio
674 519 926 590 stigmata
979 517 1200 574 inurens
1228 535 1240 570 :
1274 535 1292 568 ι
1336 516 1521 586 Neque
1569 532 1697 575 vero
1723 559 1742 587 ,
1789 517 1963 587 inquit
1989 561 2003 586 ,
2034 521 2082 578 Δ
2111 533 2279 574 ausos
2303 534 2422 575 esse
2452 535 2549 590 pro
2580 523 2766 577 eodem
2784 534 2952 578 novas
2983 522 3150 579 edere
3180 523 3474 596 apologias,
3506 535 3560 581 et
3581 543 3677 582 au-

433 630 553 670 cum
587 614 704 669 haec
752 614 908 679 dico,
951 611 1242 682 quidquam
1281 611 1401 667 volo
1430 610 1652 666 Patrum
1692 611 2003 668 auctoritati

433 707 722 763 detrahere
753 723 766 759 :
803 705 899 759 sed
922 719 1054 759 sane
1095 703 1236 774 quod
1267 706 1334 758 ad
1359 717 1442 758 me
1475 704 1690 770 attinet,
1716 703 2004 775 Origenem

434 812 541 853 non
571 812 793 867 possum
824 797 962 850 bona
993 795 1327 849 conscientia
1376 795 1522 850 inter
1547 810 1641 851 eos
1679 796 1870 852 Patres
1895 797 2006 851 col-

434 888 631 952 locare,
667 901 802 956 qu.os
849 885 1005 940 velim
1032 885 1257 940 imitari.
1314 883 1501 954 Itaque
1549 900 1654 941 non
1692 886 1912 956 pudebit
1941 885 2004 940 il-

434 982 536 1036 lius
586 988 767 1035 errata
821 978 1025 1048 passim
1079 976 1326 1032 refellere
1357 1017 1372 1042 ,
1425 976 1573 1031 nullo
1619 977 1717 1048 (ita
1753 992 1839 1032 me
1868 978 2004 1033 bene

434 1074 571 1129 Deus
593 1071 757 1140 amet)
793 1068 1133 1126 obtrectandi
1167 1068 1343 1124 studio
1373 1086 1385 1122 :
1428 1067 1523 1123 sed
1555 1069 1696 1137 quod
1729 1069 2001 1137 impurum

433 1165 748 1233 scriptorem
777 1170 1030 1229 exoptem
1087 1168 1179 1212 aut
1219 1172 1286 1212 ex
1334 1158 1595 1215 lectorum
1626 1160 1878 1215 manibus
1908 1174 2003 1216 ex-

432 1255 564 1320 cuti,
589 1262 682 1307 aut
715 1267 928 1308 summo
954 1266 1075 1305 cum
1099 1250 1305 1320 judicio
1338 1265 1366 1303 a
1408 1250 1664 1306 studiosis
1688 1252 1931 1312 tractari.
1976 1270 1995 1304 ›

432 1344 760 1400 Moderatius
789 1345 854 1398 de
878 1341 1115 1412 Origene
1158 1348 1213 1397 et
1242 1341 1448 1412 aequius
1477 1349 1764 1398 senserunt
1791 1351 1845 1397 et
1867 1343 2003 1398 scri-

433 1442 658 1505 pserunt
691 1433 1183 1503 Magdeburgenses
1205 1471 1222 1495 ,
1252 1445 1352 1500 pro
1379 1430 1529 1485 vitiis
1557 1446 1682 1486 eum
1716 1431 1801 1487 vel
1824 1432 2002 1488 virtu-

432 1527 575 1582 tibus
597 1535 852 1581 ornantes
879 1545 893 1580 :
927 1538 1236 1595 quanquam
1271 1520 1653 1592 minimeipsos
1682 1522 2003 1587 ferasJAda-

431 1620 620 1676 mantii
647 1618 952 1677 orthodoxa
981 1617 1261 1680 nonnulla,
1286 1615 1380 1671 sed
1411 1624 1572 1670 sectae
1597 1629 1705 1668 sua:
1735 1615 2000 1685 dogmatis

430 1714 721 1776 contraria,
761 1713 814 1766 in
847 1711 1049 1765 crimen
1084 1709 1394 1773 trahentes;
1434 1706 1611 1776 aliqua
1653 1721 1782 1761 vero
1807 1719 2001 1776 perpe~

431 1821 543 1861 ram
573 1804 674 1874 ipsi
711 1803 1049 1872 alliugentes.
1081 1801 1386 1855 Adamantii
1432 1801 1488 1853 in
1534 1798 1794 1852 Joannem
1842 1797 2000 1853 Com-

2111 611 2360 666 ctoritate
2395 613 2680 669 catholica:
2724 613 2977 669 Ecclesia;
3010 612 3277 682 iudicatas
3299 617 3498 686 saepius
3543 633 3676 672 con-

2113 712 2389 760 troversas
2423 706 2600 761 denuo
2629 715 2832 761 temere
2857 707 3064 776 agitare
3087 748 3102 774 ,
3129 709 3270 777 quod
3299 708 3447 764 visus
3470 719 3552 764 est
3595 710 3677 766 le-

2111 793 2257 850 cisse
2273 803 2363 849 aut
2386 796 2597 864 pridem
2635 797 2822 852 Sixtus
2849 796 3125 852 Senensis.
3164 816 3183 848 ι
3211 797 3326 852 Non
3364 799 3546 854 mitius
3564 799 3678 856 Ori-

2120 899 2310 953 genem
2360 887 2521 942 habet
2570 886 2838 943 Robertus
2864 887 3220 944 Bellarminus
3274 890 3563 946 cardinalis
3605 892 3673 957 ³⁸,

2105 975 2461 1048 Origenisque
2511 977 2648 1032 adeo
2685 979 2971 1048 partiarios
3017 994 3205 1035 omnes
3253 988 3305 1034 et
3339 979 3672 1036 defensores.

2179 1069 2402 1124 Summa
2440 1084 2573 1126 sane
2594 1071 2850 1139 aequitate
2873 1085 2995 1124 cum
3026 1071 3352 1125 Adamantio
3383 1071 3490 1140 egit
3511 1069 3674 1126 Clau-

2106 1159 2226 1216 dius
2271 1159 2596 1231 Espencaeus
2649 1161 2703 1215 in
2742 1161 3141 1216 Commentariis
3186 1163 3242 1216 in
3273 1161 3566 1230 Epistolam
3605 1164 3674 1216 ad

2112 1250 2323 1318 Titum;
2356 1266 2481 1306 nam
2535 1266 2709 1321 neque
2740 1252 2932 1307 insano
2961 1251 3269 1308 obcaecatus
3305 1267 3488 1307 arnore
3520 1254 3678 1322 quid-

2105 1357 2268 1411 quam
2291 1343 2357 1399 de
2391 1343 2498 1399 ﬁde
2527 1344 2773 1401 historiae
2819 1345 3118 1415 decerpsit,
3154 1361 3254 1400 nec
3286 1343 3566 1402 erroribus
3593 1344 3676 1400 of-

2101 1431 2290 1489 fensus
2317 1433 2508 1491 laudes
2536 1435 2702 1505 ipsius
2740 1437 3068 1491 obscuravit.
3113 1436 3408 1490 Plurimum
3440 1436 3540 1505 ipsi
3590 1435 3674 1490 fa-

2110 1523 2256 1581 visse
2284 1525 2456 1581 fertur
2504 1542 2569 1582 ac
2615 1527 2783 1582 multa
2816 1529 3152 1584 condonasse
3179 1528 3415 1584 Vicelius
3459 1530 3512 1582 in
3539 1528 3676 1584 ΙΙ)το

2103 1615 2182 1670 De
2239 1621 2576 1688 scriptoribus
2650 1619 3053 1685 ecclesiasticis;
3109 1622 3252 1690 quod
3328 1622 3544 1690 quidem
3604 1635 3672 1676 ex

2105 1709 2281 1764 aliena
2313 1709 2418 1765 fide
2457 1711 2655 1778 refero,
2706 1727 2832 1766 nam
2869 1713 3062 1768 librum
3096 1711 3332 1780 reperire
3362 1726 3468 1766 non
3504 1713 3672 1781 potui.

2109 1797 2458 1868 Reliquorum
2493 1813 2624 1855 vero
2682 1801 2738 1855 in
2791 1803 3038 1856 ornando
3076 1801 3310 1871 Origene
3355 1801 3674 1856 industriam

429 1863 688 1950 memoria
716 1894 770 1948 in
792 1863 1001 1948 veneta
1029 1890 1086 1946 S.
1126 1890 1291 1945 Marci
1329 1890 1661 1946 Bibliotheca
1690 1889 1878 1944 Graece
1902 1905 1997 1944 na-
2027 1863 2075 1925 Β
2106 1863 2267 1960 longo
2305 1883 2591 1948 intervallo
2655 1887 2928 1964 superavit
2975 1863 3252 1948 Gilbert'us
3298 1892 3677 1948 Genebrardus

427 1999 547 2042 ctus
567 1987 886 2042 Ambrosius
911 1985 1198 2041 Ferrarius
1229 1983 1668 2049 Mediolanensis,
1701 1983 2003 2040 monachus

427 2077 700 2144 Cassinas,
745 2077 952 2147 primus
989 2074 1178 2130 Latine
1209 2075 1476 2129 convertit
1515 2086 1572 2128 et
1603 2074 1743 2144 typis
1776 2074 2002 2130 commi—

424 2161 499 2225 sit
530 2189 544 2226 :
573 2169 913 2242 Origenianaa
941 2183 1070 2225 vero
1120 2169 1275 2224 fama
1329 2184 1500 2238 usque
1548 2168 1682 2223 adeo
1727 2169 2003 2225 studiosus

427 2260 550 2332 fuit,
587 2273 646 2316 ut
694 2263 819 2317 dum
851 2261 928 2315 illi
969 2260 1345 2331 patrocinatus
1371 2270 1483 2326 est,
1514 2275 1706 2330 parum
1731 2262 1845 2330 ipse
1890 2277 2002 2316 sua:

427 2354 760 2412 consuluerit
789 2368 805 2407 :
833 2356 1081 2422 quamvis
1121 2352 1264 2407 enim
1321 2367 1531 2408 summa
1567 2368 1627 2409 se
1651 2354 1703 2407 in
1734 2354 1835 2408 hoc
1866 2353 2002 2409 libro

428 2447 685 2503 vertendo
707 2462 864 2501 usum
901 2445 1003 2501 lide
1047 2447 1119 2500 sit
1160 2446 1484 2511 obtestatus,
1518 2445 1774 2502 nonnulla
1822 2455 1999 2499 tamen

427 2537 670 2592 consulto
709 2545 918 2592 resecta
974 2535 1387 2607 deprehendas,
1441 2537 1494 2590 in
1547 2538 1742 2607 quibus
1773 2551 1804 2591 a
1851 2546 1998 2591 recto

427 2622 750 2680 Christianae
781 2624 1040 2679 doctrinae
1068 2624 1204 2679 calle
1233 2623 1496 2694 Origenes
1530 2626 1894 2682 aberraverat.
1941 2625 1997 2680 In

427 2716 817 2784 nuncupatoria
861 2727 1126 2787 praeterea
1161 2717 1228 2770 ad
1275 2713 1476 2772 Julium
1507 2714 1750 2770 Tertium
1782 2717 2000 2786 pontiﬁ-

426 2820 544 2860 cem
597 2810 890 2861 maximum
949 2807 1218 2879 epistola,
1272 2807 1484 2878 magnis
1532 2823 1652 2863 sese
1697 2809 1999 2878 sumptibus

427 2895 707 2950 adeundas
740 2911 961 2952 curasse
985 2905 1174 2951 narrat
1210 2897 1616 2961 celeberrimas,
1647 2913 1768 2967 quae
1802 2899 2001 2967 ubique

426 2985 670 3056 gentium
697 2996 842 3052 sunt,
876 2987 1253 3051 bibliothecas,
1293 2987 1472 3042 missis
1497 2988 1662 3042 etiam
1705 2986 1797 3056 qui
1832 2995 1996 3041 totam

425 3080 823 3148 perlustrarent
875 3078 1137 3134 Graeciam
1165 3118 1180 3144 ,
1217 3087 1272 3134 et
1308 3079 1355 3134 si
1387 3094 1510 3149 quae
1556 3079 2001 3135 nanciscerentur

424 3170 627 3239 scripta
662 3167 913 3240 Origenis
939 3211 954 3235 ,
991 3185 1054 3224 ea
1090 3169 1154 3223 ad
1185 3183 1243 3223 se
1285 3177 1654 3239 asportarent.
1693 3169 1831 3225 Hinc
1865 3170 1999 3224 adeo

425 3261 820 3332 locupletatus,
868 3260 1034 3314 multa
1089 3262 1257 3330 ipsius
1300 3271 1354 3317 et
1397 3264 1594 3334 γνήσια
1638 3275 1801 3331 opera
1848 3261 2000 3331 prelo

425 3355 670 3422 parabat.
712 3352 845 3419 Quae
873 3367 971 3406 cur
1001 3352 1052 3406 in
1085 3351 1256 3407 lucem
1286 3369 1395 3408 non
1444 3355 1694 3410 venerint
1720 3397 1736 3423 ,
1778 3354 2000 3425 ignora-

426 3461 572 3502 mus.
596 3443 843 3499 Tutando
861 3444 1111 3514 Origenis
1138 3446 1340 3500 nomini
1365 3447 1550 3502 utilem
1583 3447 1860 3511 aliquanto
1879 3459 2004 3518 post

425 3551 646 3607 operam
700 3535 928 3591 contulit
969 3535 1155 3589 Sixtus
1193 3534 1450 3592 Senensis
1495 3553 1526 3593 e
1578 3540 2000 3599 Praedicatorum

425 3627 630 3682 familia
659 3645 673 3682 :
701 3629 982 3698 egregium
1007 3629 1203 3698 quippe
1228 3630 1300 3685 illi
1329 3631 1382 3685 in
1425 3630 1777 3689 Bibliothecae
1799 3645 2003 3691 sanctae

425 3719 565 3776 libro
586 3729 782 3789 quarto
812 3720 1048 3790 elogium
1098 3723 1458 3791 consecravit,
1488 3724 1542 3778 in
1570 3739 1678 3794 quo
1710 3741 1816 3780 non
1853 3727 2001 3783 illum

425 3813 599 3868 solum
624 3813 840 3870 extollit
865 3814 1168 3883 praeconiis,
1201 3815 1295 3870 sed
1345 3815 1606 3870 librorum
1635 3817 1798 3872 etiam
1830 3820 2002 3887 ipsius

427 3919 715 3961 numerum
772 3916 1064 3972 recenset,
1107 3915 1163 3962 et
1209 3909 1445 3977 genuina
1479 3924 1508 3961 a
1544 3910 1744 3978 spuriis
1791 3913 2004 3968 erudite

428 4000 685 4055 secernit.
706 3999 935 4055 Errores
962 4015 1092 4056 vero
1131 4001 1184 4054 in
1218 4001 1642 4056 Adnotationum
1671 4001 1824 4058 libris
1851 4012 2004 4059 notat

425 4098 483 4146 et
504 4090 730 4145 excutit.
761 4089 958 4144 Parum
989 4091 1157 4162 ipsius
1185 4091 1323 4146 ratio
1350 4091 1548 4147 Caesari
1568 4093 1801 4148 Baronio
1819 4095 1864 4126 ³⁵
1882 4109 2004 4149 car-

425 4179 593 4236 dinali
625 4181 846 4251 probata
874 4190 994 4246 est;
1026 4184 1116 4252 qui
1147 4196 1270 4237 cum
1323 4182 1657 4239 alienissimo
1701 4197 1846 4238 esset
1909 4185 2003 4240 ad-

425 4287 614 4328 versus
637 4273 924 4343 Origenem
955 4275 1138 4328 animo
1164 4317 1178 4341 ,
1211 4289 1590 4345 summamque
1628 4275 1682 4329 in
1719 4290 1842 4331 eum
1877 4276 2001 4346 styli

427 4365 776 4434 asperitatem
821 4371 876 4418 et
924 4364 1326 4420 inclementiam
1359 4365 1412 4419 in
1443 4367 1744 4422 Annalibus
1780 4381 2006 4422 exerce—

426 4463 532 4521 ret,
563 4456 766 4525 carpsit
790 4455 953 4510 etiam
985 4466 1040 4510 et
1065 4456 1264 4510 obiter'
1289 4457 1465 4526 tetigit
1502 4459 1756 4527 reliquos,
1784 4460 2004 4529 quicun-

2107 1983 2389 2052 theologus
2447 1981 2812 2050 Parisiensis,
2885 1993 2938 2040 et
2990 1983 3431 2054 archiepiscopus
3484 1984 3678 2039 deinde

2102 2075 2369 2143 Aquensis
2399 2091 2413 2129 :
2447 2090 2570 2129 nam
2610 2075 2817 2144 priores
2859 2075 3123 2130 editiones
3168 2076 3460 2140 recensuit,
3505 2086 3562 2130 et
3605 2075 3672 2129 ad

2105 2178 2292 2220 vetera
2323 2180 2446 2220 cum
2479 2164 2669 2219 Graeca
2711 2172 2822 2218 tum
2863 2161 3053 2216 Latina
3083 2162 3430 2217 Bibliotheca:
3475 2162 3676 2231 Regiae,

2103 2254 2432 2324 exemplaria
2465 2253 2695 2309 contulit
2737 2262 2793 2308 et
2834 2253 3172 2320 emendavit;
3198 2267 3390 2308 novam
3419 2254 3662 2308 omnium

2103 2363 2328 2416 operum
2373 2347 2663 2402 editionem
2696 2345 2916 2402 molitus
2933 2356 3036 2412 est,
3072 2346 3127 2401 in
3153 2360 3326 2416 eaque
3355 2345 3520 2401 multa
3543 2360 3678 2400 non-

2105 2443 2231 2496 dum
2259 2441 2404 2495 edita
2439 2439 2755 2510 publicavit,
2792 2437 3152 2494 PItilocaliam
3190 2439 3245 2495 in
3273 2439 3524 2495 Latinum
3556 2454 3677 2495 ser-

2103 2548 2322 2588 monem
2387 2531 2694 2598 transtulit;
2735 2531 3064 2588 collectanea
3105 2531 3330 2588 editioni
3382 2547 3493 2588 suae
3542 2547 3680 2601 prte-

2104 2624 2242 2690 lixit,
2276 2624 2329 2677 in
2359 2623 2557 2692 quibus
2588 2623 2728 2676 nihil
2772 2621 2888 2677 fere
2927 2623 3350 2692 praetermissum
3383 2632 3489 2688 est,
3534 2623 3678 2693 quod

2103 2713 2168 2767 ad
2217 2712 2553 2782 purgandum
2597 2709 2888 2782 Origenem
2915 2750 2931 2776 ,
2990 2719 3046 2767 et
3089 2712 3235 2766 omni
3290 2711 3678 2767 absolvendum

2102 2802 2331 2858 crimine
2347 2802 2667 2871 pertineret.
2690 2801 2891 2857 Ultimo
2906 2804 3205 2872 praesertim
3226 2803 3679 2858 collectaneorum

2107 2893 2286 2962 capite
2343 2891 2540 2947 selecta
2615 2893 2864 2962 quaedam
2922 2892 3173 2962 Origenis
3225 2902 3545 2964 prosecutus
3598 2900 3682 2948 est

2104 2985 2385 3055 dogmata,
2420 2983 2488 3038 ab
2521 2984 2891 3039 ecclesiastica
2941 3000 3133 3040 norma
3181 2985 3586 3053 discrepantia;
3626 2985 3678 3038 in

2104 3079 2277 3147 iisque
2305 3077 2542 3132 tutandis
2577 3076 2662 3130 vel
2683 3077 3010 3132 excusandis
3039 3076 3267 3131 nimium
3310 3091 3408 3132 suo
3450 3077 3502 3131 in
3532 3075 3678 3144 ,Ori-

2025 3206 2068 3263 c
2103 3188 2297 3245 genem
2335 3173 2508 3228 amori
2534 3174 2826 3228 obsecutus
2850 3181 2954 3227 est.
2985 3171 3274 3242 Equiores
3327 3186 3386 3227 se
3431 3172 3482 3225 in
3519 3171 3681 3226 rebus

2106 3269 2272 3338 ipsius
2305 3266 2605 3322 tractandis
2643 3267 2990 3335 praebuerunt
3029 3265 3293 3320 Antonius
3351 3263 3680 3319 Possevinus

2107 3360 2160 3414 iu
2190 3358 2391 3428 Appar.
2445 3373 2584 3412 sacr.
2627 3355 2857 3411 Iacobus
2893 3355 3180 3410 Gretserus
3205 3354 3282 3408 De
3302 3355 3426 3424 jure
3449 3363 3496 3409 et
3538 3370 3682 3408 more

2109 3448 2414 3519 prohibendi
2446 3449 2606 3502 libros
2627 3447 2815 3515 malos,
2844 3447 2938 3503 lib.
2996 3463 3052 3512 x,
3087 3460 3206 3515 cap.
3229 3446 3286 3499 Η
3319 3454 3414 3512 ;et
3448 3445 3681 3514 Stepha-

2109 3555 2212 3596 nus
2246 3540 2469 3595 Binetus
2500 3539 2554 3593 in
2582 3536 2766 3592 libello
2795 3537 2862 3590 de
2905 3535 3080 3590 salute
3102 3533 3372 3604 Origenis,
3398 3533 3683 3588 veritatem

2105 3638 2415 3698 spectantes
2455 3643 2643 3694 unam,
2671 3625 2797 3682 odio
2843 3625 2929 3680 vel
2980 3626 3153 3679 amori
3203 3623 3338 3679 nihil
3392 3625 3683 3679 admodum

2107 3721 2437 3775 tribuentes.
2478 3719 2694 3774 Incerta
2722 3731 2854 3773 vero
2900 3715 3202 3772 Abrahami
3249 3715 3476 3772 Sculteti
3520 3719 3681 3782 ratio,

2104 3813 2197 3882 qui
2232 3821 2521 3882 postquam
2551 3811 2617 3864 de
2646 3809 2879 3879 Origene
2925 3823 2983 3864 se
3027 3809 3215 3878 paucis
3244 3817 3491 3863 acturum
3525 3808 3682 3873 dixit,

2105 3905 2232 3974 quia
2262 3905 2404 3957 inter
2425 3903 2718 3957 haereticos
2739 3903 2854 3958 fere
2884 3904 3084 3972 potius,
3127 3914 3288 3970 quam
3322 3901 3464 3956 inter
3495 3899 3686 3955 Patres

2105 4005 2448 4062 numeratur,
2475 4011 2600 4049 mox
2629 3994 2722 4049 ubi
2761 3996 2828 4048 ad
2864 3994 2983 4063 ejus
3018 3993 3322 4048 doctrinam
3351 3999 3572 4045 ventum
3599 4000 3686 4045 est

2105 4096 2161 4143 et
2190 4099 2425 4152 errores,
2461 4085 2599 4138 vela
2628 4085 2895 4140 librorum
2939 4082 3388 4152 depravatoribus
3411 4080 3684 4151 profectos

2115 4179 2260 4248 ipsos
2277 4191 2399 4233 esse
2428 4186 2634 4242 censet,
2661 4177 2745 4231 vel
2771 4177 2825 4230 in
2861 4176 2930 4231 iis
2962 4175 3250 4231 ﬂuctuasse
3279 4173 3564 4244 Origenem
3590 4175 3686 4229 de-

2110 4279 2378 4326 monstrat
2410 4271 2463 4325 in
2495 4268 2733 4323 Medulla
2760 4268 2940 4324 Theol.
2981 4267 3161 4337 Patr.,
3204 4267 3297 4323 lib.
3335 4283 3408 4335 vr,
3438 4281 3539 4336 cap
3577 4269 3601 4322 1
3630 4275 3685 4322 et

2111 4364 2164 4419 6.
2195 4363 2488 4419 Dissimilis
2516 4363 2733 4417 illorum
2764 4361 2964 4417 Petrus
2995 4360 3278 4416 Halloxius
3323 4359 3640 4414 Leodicnsis
3665 4398 3682 4425 ,

2109 4456 2458 4526 nuperrimus
2481 4455 2571 4510 ille
2602 4455 2848 4526 Origenis
2879 4454 3103 4522 vindex,
3162 4453 3331 4523 ipsius
3356 4453 3546 4518 vitam,
3577 4452 3686 4506 vir-

427 4561 534 4617 que
582 4547 635 4602 in
686 4560 808 4602 eum
845 4546 1229 4616 propensiores
1271 4557 1501 4603 essent:
1541 4567 1560 4600 ι
1604 4547 1830 4604 Miratus
1881 4563 2001 4604 sum
2035 4559 2080 4615 ι)
2122 4558 2289 4615 tutes,
2321 4558 2374 4603 et
2409 4549 2731 4604 documenta
2789 4547 2940 4603 libris
2968 4554 3200 4617 quatuor
3238 4544 3510 4599 fusissime
3538 4559 3686 4599 com-

425 4642 795 4704 vchementer,
851 4640 1068 4709 inquit,
1116 4650 1240 4709 post
1285 4641 1699 4697 damnationem
1760 4643 1876 4707 ejus
1933 4645 2002 4698 ab

425 4733 716 4787 Anastasio
740 4746 875 4802 papa
903 4732 1178 4800 pontiﬁcia
1203 4734 1528 4788 auctoritate
1569 4733 1846 4800 inﬂictam,
1879 4745 2004 4804 post

425 4827 668 4896 ejusdem
700 4827 1132 4895 reprobationem
1162 4829 1396 4891 insexta
1429 4827 1640 4898 synodo
1682 4829 2003 4897 pronuntia-

429 4928 564 4984 tam,
607 4929 730 4988 post
764 4929 841 4975 tot
873 4923 1218 4992 antiquorum
1247 4920 1466 4975 Patrum
1495 4921 1548 4976 in
1589 4921 1819 4991 idipsum
1867 4935 1999 4977 con-

425 5011 698 5084 spirantes
753 5014 1082 5082 sententias,
1133 5014 1309 5070 adhuc
1358 5013 1692 5070 recentiores
1734 5014 1998 5083 quosdam

496 5211 543 5250 ⁸⁸
571 5213 766 5270 Baron.
796 5214 860 5270 ad
889 5229 1014 5270 ann.
1056 5217 1184 5285 256,
1215 5233 1331 5289 cap.
1364 5218 1451 5272 il.

2111 4641 2304 4711 plexus
2338 4658 2354 4696 :
2394 4641 2460 4696 ad
2493 4641 2547 4695 id
2593 4647 2837 4695 attentus
2876 4653 3064 4703 unum,
3116 4645 3176 4690 ut
3220 4636 3306 4689 vel
3332 4637 3596 4705 integram
3629 4643 3685 4688 et

2110 4734 2493 4799 orthodoxam,
2531 4747 2594 4787 ac
2618 4733 2758 4788 labis
2784 4732 3079 4787 immunem
3109 4730 3356 4802 Origenis
3383 4728 3684 4784 doctrinam

2108 4826 2275 4881 fuisse
2297 4825 2662 4890 demonstret;
2685 4823 2772 4879 vel
2799 4823 2842 4879 si
2871 4823 2999 4894 quid
3017 4823 3244 4878 veritate
3267 4823 3438 4877 victus
3458 4821 3581 4875 huic
3603 4821 3686 4874 in-

2107 4919 2334 4974 hacsisse
2347 4917 2462 4972 vitii
2477 4915 2632 4971 fateri
2661 4915 2890 4986 cogitur,
2919 4915 2972 4970 id
2993 4923 3051 4972 ut
3073 4914 3312 4985 quaesitis
3331 4913 3688 4982 undecunque

2114 5012 2561 5068 excusationibus
2589 5010 2778 5069 diluat.

1539 5220 1583 5252 ³⁸
1614 5218 1866 5276 Bcllarm.
1896 5219 1947 5274 in
1983 5218 2076 5275 lib.
2099 5218 2176 5275 De
2199 5219 2380 5289 script.
2414 5219 2542 5275 eccl.
