4152 6470
438 454 583 516 νέὃὸ

1709 432 1771 488 Ρ.
1811 431 1895 485 DA
1904 418 2123 485 NIELIS
2154 425 2385 483 HUETII

452 581 3661 637 _________________________________._____

1493 768 1911 886 LIBER
1973 760 2639 879 TERTIUS.

1384 1126 2061 1213 ORIGENIS
2138 1120 2749 1208 SCRIPTA.

524 1476 679 1531 [ΑΒΜ
715 1489 898 1530 τεῇσι-ιι
932 1485 1208 1535 νλιιτιτιορ
1237 1502 1306 1515 -
1338 1470 1562 1526 Librum
1583 1470 1748 1525 istum
1778 1468 1961 1523 itidem
1989 1464 2288 1539 ut'priores
2311 1462 2446 1539 duos
2476 1460 2529 1539 i_n
2543 1458 2732 1539 sapita
2760 1462 2995 1539 quatuor
3024 1452 3421 1539 dispescimus:
3442 1448 3690 1539 Primum

454 1529 772 1613 descriptis
814 1543 1064 1614 Origenis
1112 1546 1163 1597 in
1202 1532 1519 1614 universum
1552 1540 1810 1614 disputat.
1838 1539 1990 1614 Quae,
2018 1529 2274 1605 quoniam
2318 1531 2401 1614 vel
2440 1530 2505 1584 ad
2535 1530 2833 1614 Scriptura:
2863 1529 3688 1614 interpretationempertulerit:

449 1594 1297 1680 velsumpeculiarisinstituti,
1324 1594 1503 1664 induo
1529 1594 1723 1681 genera
1747 1594 2142 1681 distribuimus,
2174 1602 2451 1681 exegetica
2488 1610 2553 1681 Et
2592 1594 3299 1681 syntagmata.Secundum
3331 1594 3694 1681 itaquecaAp-ut

453 1687 566 1754 agit
616 1685 682 1737 de
719 1669 969 1753 Origenis
997 1669 1308 1754 exegeticis,
1344 1682 1513 1754 iisque
1530 1669 1662 1742 'ejus
1698 1676 2204 1754 opgrihns__qu_ibus
2250 1671 2430 1754 varias
2471 1669 3310 1754 “Scriptura:interpretationes“
3335 1673 3481 1754 ante
3496 1669 3692 1754 ipsi-us

452 1734 1310 1821 iiiieia'ediia‘i‘édinbiei’dsesi;
1348 1759 1401 1805 et
1423 1734 1792 1821 éppqveunid
1825 1734 2876 1821 appellariqueunt.jertiuin'versatu'r
2907 1737 3050 1821 circa
3076 1734 3314 1821 eiusdem
3333 1740 3690 1821 spumare:

452 1799 2029 1891 ideIii'rIJ,"aiié'aiaiaéi'qiﬁiiué'téiéiibnbiislaetitias
2063 1799 2173 1869 sint
2196 1812 2322 1868 libri
2345 1810 2614 1883 Origenis,
2643 1808 2967 1880 exquiritur.
2998 1803 3289 1875 Subjicitur
3321 1799 3601 1873 Appendix
3622 1799 3692 1856 de

452 1890 608 1949 libris
627 1892 846 1964 Origeni
887 1890 1023 1947 falso
1048 1891 1318 1963 ascriptis.

1521 1961 1567 2005 8.
2022 1980 2094 1996 .-

1579 2125 1968 2219 CAPUT
2040 2117 2569 2213 PRIMUM.

1219 2318 1600 2399 Disputatur
1644 2314 1713 2377 in
1760 2314 2137 2377 universum
2181 2310 2261 2376 de
2304 2309 2560 2391 scriptis
2602 2303 2928 2385 Origenis.

457 2612 502 2671 Ι.
535 2612 715 2685 Stylus
759 2611 1003 2680 Origenis
1031 2610 1330 2685 redundans
1370 2618 1420 2664 et
1449 2604 1810 2685 incultus.__I_I.
1856 2604 1988 2685 ξιιμ
2035 2613 2227 2672 septem
2266 2604 2315 2658 ei
2354 2601 2852 2685 (liquati-aderant.
2876 2597 3385 2685 notariintotidemw
3410 2596 3622 2685 librarii
3655 2607 3703 2685 et

442 2669 498 2729 .-⁷
531 2669 718 2756 puclla:
746 2669 909 2756 opera
949 2684 1066 2751 ejus
1098 2682 1332 2756 nitidius
1354 2677 1665 2756 exarabant.
1716 2676 1801 2739 lli.
1849 2669 2160 2756 Quicunque
2185 2682 2463 2756 supersunt
2499 2672 2745 2756 origani:r
2971 2669 3147 2756 uitiati
3191 2678 3253 2756 iet
3284 2669 3700 2756 eorrupiigsunlz

529 2738 620 2812 IV.
661 2738 1085 2821 Sua'quibus'que
1116 2748 1360 2821 Qriggnis
1403 2749 1645 2821 aperibus
1682 2738 1997 2809 auctoritas,
2031 2738 2156 2821 suus
2186 2738 2331 2821 υᾳῖοτ
2356 2738 2767 2821 assignatum.“
2794 2738 3329 2821 pegrigenianarum
3358 2738 3703 2808 scriptionum

536 2808 754 2880 numero
779 2808 1074 2877 disseritur.
1115 2808 1447 2886 VLVQuibus'
1469 2817 1755 2887 Scriptura:
1781 2808 1989 2871 sam:th
2008 2814 2325 2869 editiouibus
2358 2813 2436 2866 uti
2464 2808 2652 2867 solitus
2677 2811 2834 2881 fuerit
2873 2808 3143 2880 Origenes,
3168 2809 3422 2877 aperitur.

443 3171 453 3177 _
539 3112 1072 3185 LRedundatstylus
1088 3108 1358 3181 Origenis,
1379 3107 2037 3177 etdimuit.Quamobrem
2065 3107 2114 3165 Α
2136 3110 2284 3169 sunt,
2312 3100 2506 3173 planus
2537 3106 2625 3155 est
2662 3096 2837 3168 stylus
2868 3104 2924 3151 et
2964 3102 3231 3185 apertus)
3259 3092 3524 3185 adeoque
3568 3091 3707 3147 atﬁr.

463 3206 633 3276 ipsius
693 3180 1292 3275 dustpov'cpluapiuv,
1346 3208 1402 3256 et
1457 3198 1808 3268 ταυτολογῐαν
1861 3197 2037 3266 carpit

2152 3208 2291 3249 mare
2318 3191 2513 3255 ausim,
2564 3188 2734 3244 sicubi
2778 3187 3041 3241 obscurus
3078 3184 3152 3239 sit
3180 3180 3458 3254 Origenes,
3492 3192 3708 3239 sentenc

464 3293 781 3349 Eustathius
817 3294 1223 3357 Antiochenus,
1258 3300 1312 3347 et
1342 3299 1465 3360 post
1494 3290 1643 3344 illum
1671 3288 2033 3359 Epiphanius,

464 3398 697 3453 eumque
721 3384 1082 3439 Seminarium
1123 3382 1460 3452 loquacitatis
1496 3380 1733 3451 appellat
1758 3378 2037 3449 Theophi-

465 3472 734 3529 lus.'Hinc
761 3483 817 3529 et
839 3475 939 3545 ipsi
964 3472 1180 3529 effatum
1209 3473 1314 3529 hoc
1335 3472 1641 3528 Salomonis
1667 3471 2041 3528 accommodat

466 3563 686 3622 Nicetas
715 3583 729 3618 :
759 3564 828 3618 In
858 3564 1187 3631 multiloquio
1218 3580 1322 3618 non
1347 3563 1510 3616 deerit
1533 3561 1885 3630 peccatum",
1908 3561 2041 3616 adeo

467 3664 528 3711 ut
550 3669 741 3725 parum
773 3662 1035 3708 attentum
1065 3654 1229 3710 fuisse
1276 3662 1458 3723 putem
1493 3652 1774 3708 Erasmum
1810 3652 1864 3707 in
1908 3650 2042 3706 Cen-

470 3764 591 3803 sur.
624 3762 743 3801 cum
777 3745 1101 3801 brevitatem
1146 3745 1263 3813 ejus
1288 3745 1550 3803 laudavit.
1584 3742 1730 3800 Vitio
1760 3744 1885 3799 huic
1919 3743 2045 3799 Ori-

470 3838 626 3909 genis
652 3851 830 3892 causas
862 3836 1027 3891 fuisse
1076 3850 1273 3893 censeo
1327 3836 1599 3893 assiduam
1650 3835 1875 3891 docendi
1908 3850 2043 3891 con-

475 3929 836 3996 suetudinem,
893 3944 1014 3999 quaa
1064 3928 1324 3986 verbosos
1366 3929 1613 3984 homines
1646 3928 1806 3984 facile
1856 3926 2040 3983 efﬁcit.

470 4016 581 4074 Nec
607 4020 789 4075 verbis
831 4019 1027 4084 solum,
1065 4020 1159 4075 sed
1185 4021 1348 4077 rebus
1368 4020 1531 4077 etiam
1550 4020 1788 4076 abundat
1812 4035 1829 4074 :
1850 4034 2042 4091 quem-

472 4111 759 4166 admodum
804 4110 949 4165 enim
996 4109 1178 4165 herbis
1221 4110 1464 4166 luxuriat
1499 4110 1733 4166 feracior
1756 4124 1939 4178 seges,
1970 4108 2046 4163 ita

472 4199 724 4271 Origenis
758 4202 994 4266 animus,
1035 4203 1083 4257 si
1122 4202 1338 4272 quando
1363 4202 1418 4257 in
1458 4201 1697 4272 aliquam
1730 4216 1851 4257 sese
1878 4200 2046 4273 medi-

484 4293 750 4347 tationem
775 4294 1105 4364 conjecerat,
1149 4303 1355 4350 tantam
1384 4294 1486 4365 ipsi
1524 4308 1706 4349 rerum
1744 4294 2045 4347 ubertatem

473 4384 600 4438 felix
633 4385 935 4455 ingenium,
966 4394 1020 4441 et
1049 4387 1388 4442 reconditum
1417 4386 1678 4441 doctrina:
1721 4398 1892 4455 penus
1921 4382 2049 4438 sub-

2140 3287 2273 3341 tiam
2298 3285 2365 3340 de
2395 3282 2657 3339 industria
2683 3280 2911 3335 vitanda:
2929 3275 3213 3335 offensioni
3237 3276 3555 3332 occultasse.
3577 3273 3712 3329 Vitia

2141 3376 2451 3448 Origeniani
2486 3372 2609 3445 styli
2638 3372 2978 3437 notavimus;
3007 3370 3192 3425 laudes
3226 3379 3540 3423 notaremus
3581 3381 3711 3437 quo-

2142 3486 2268 3542 que,
2299 3469 2345 3525 si
2372 3484 2478 3524 non
2514 3468 2567 3522 id
2608 3466 2719 3535 jam
2768 3472 3021 3521 accurate
3057 3472 3113 3517 et
3137 3462 3347 3518 erudite
3376 3460 3715 3532 przestitisset

2142 3565 2419 3628 Erasmus,
2455 3575 2616 3632 quem
2641 3559 2859 3616 omnino
2885 3560 2987 3615 hac
3022 3557 3076 3613 in
3104 3566 3256 3628 parte
3279 3556 3481 3623 audiat,
3513 3557 3558 3612 si
3590 3556 3713 3627 quis

2143 3654 2465 3711 Adamantio
2499 3653 2666 3708 favet.

2213 3749 2277 3805 ll.
2315 3748 2435 3803 Dixi
2480 3747 2570 3802 vix
2598 3744 2883 3802 scribendo
2917 3758 3075 3815 pares
3107 3742 3276 3801 fuisse
3317 3742 3602 3797 notarios:
3637 3742 3717 3797 sic

2147 3841 2290 3898 enim
2319 3848 2458 3897 erat.
2490 3838 2682 3894 Tradit
2725 3837 2990 3895 Eusebius
3017 3845 3223 3905 septem
3261 3844 3318 3890 et
3343 3834 3576 3905 amplius
3622 3849 3720 3888 no-

2148 3931 2313 3986 tarios
2336 3929 2560 3986 dictanti
2590 3928 2665 3984 illi
2688 3927 2956 3994 adfuisse;
2988 3942 3093 3984 non
3127 3927 3285 3983 simul
3313 3927 3630 3996 quidem,ut
3654 3926 3721 3983 de

2146 4021 2362 4080 Caesare
2391 4020 2561 4076 refert
2588 4020 2826 4085 Plinius,
2848 4019 2941 4090 qui
2980 4019 3177 4075 scribis
3205 4029 3455 4090 quatuor,
3475 4018 3721 4088 veLsini-

2147 4112 2225 4169 hil
2260 4120 2443 4184 ageret
2466 4111 2635 4178 aliud,
2661 4119 2868 4180 septem
2901 4123 3009 4165 uno
3041 4117 3285 4179 tempore
3327 4110 3579 4166 dictando
3609 4107 3722 4164 suf-

2149 4203 2400 4270 ﬁciebat;
2454 4202 2549 4258 sed
2599 4200 2930 4267 alternatim,
2986 4208 3041 4255 et
3094 4199 3253 4256 statis
3283 4214 3721 4271 unumquemque

2148 4292 2377 4349 vicibus.
2411 4292 2521 4347 Cur
2554 4292 2609 4348 id
2660 4307 2791 4364 ergo
2845 4300 3129 4361 tantopere
3171 4293 3403 4348 miretur
3457 4290 3721 4346 Baronius

2152 4400 2312 4440 causa
2342 4383 2485 4439 nulla
2515 4394 2638 4451 est;
2664 4400 2787 4439 nam
2820 4392 2875 4440 et
2902 4394 3049 4439 tanta
3077 4385 3179 4439 fuit
3221 4383 3419 4455 ingenii
3443 4382 3722 4438 celeritate

473 4452 841 4540 ministrabat,
868 4452 960 4529 vix
996 4484 1055 4530 ut
1085 4476 1285 4532 notarii
1312 4474 1603 4531 scribendo
1634 4452 1793 4545 pares
1841 4480 2043 4528 essent.
2081 4452 2125 4508 Β
2151 4474 2432 4545 Origenes,
2467 4484 2720 4546 tantaque
2746 4475 2926 4532 diurni
2961 4490 3024 4532 ac
3076 4452 3332 4532 nocturni
3383 4474 3584 4531 laboris
3630 4489 3722 4544 pa-

473 4561 555 4619 Ex.
579 4565 680 4619 hac
703 4564 1142 4633 festinatione,ut
1162 4581 1321 4638 supra
1337 4566 1449 4635 jam
1466 4566 1597 4631 dixi,
1624 4564 1791 4620 multa
1813 4565 2047 4620 exsiste-
2151 4569 2380 4636 tientia,
2413 4577 2470 4624 ut
2518 4570 2822 4627 scribentes
2877 4571 3121 4626 notarios
3170 4569 3327 4625 facile
3373 4569 3720 4640 defatigaret.

477 4655 610 4710 bant
644 4657 984 4712 incommoda
1018 4676 1034 4714 :
1078 4658 1242 4713 nimia
1270 4667 1390 4713 erat
1435 4656 1700 4712 orationis
1733 4656 1945 4711 incuria
1992 4662 2050 4710 et
2153 4655 2259 4711 Par
2276 4658 2328 4712 ei
2355 4658 2543 4715 aderat
2572 4658 2914 4717 librariorum
2931 4662 3335 4726 numerus,una
3362 4675 3481 4715 cum
3508 4659 3720 4729 puellis,

473 4747 763 4816 supinitas,
821 4750 887 4803 ad
935 4765 1024 4805 res
1066 4749 1211 4804 enim
1253 4757 1495 4803 attentus
1540 4749 1755 4803 animus
1820 4747 2047 4818 insuper
2150 4764 2375 4819 quarum
2403 4752 2867 4821 compositissimae
2892 4760 3051 4807 erant
3080 4760 3134 4807 et
3162 4751 3720 4817 clarissimalitteraa;

480 4836 717 4892 habebat
744 4840 1035 4894 verborum
1074 4854 1278 4905 curam,
1319 4849 1374 4894 et
1411 4837 1801 4907 stribliginibus
1842 4853 2050 4893 sermo-

478 4941 599 4980 nem
629 4929 953 4999 quandoque
988 4927 1265 4994 fmdabat;
1294 4925 1904 4996 cuiusmodi-nonnullas
1936 4927 2048 4983 suis

478 5013 608 5071 locis
647 5017 1092 5072 observavimus:
1124 5033 1209 5073 res
1235 5030 1377 5086 saepe
1414 5015 1774 5073 confundebat
1807 5031 1928 5071 cum
1963 5031 2050 5074 re-

478 5107 599 5173 bus,
624 5118 682 5161 ut
712 5110 1006 5178 scriptores
1037 5124 1219 5164 sacros
1253 5109 1425 5162 citans
1456 5108 1741 5177 aliquando
1770 5117 2048 5178 permuta-

481 5210 564 5252 ret
588 5200 826 5265 nomina,
854 5201 1087 5270 etlunum
1112 5199 1409 5268 appellaret
1442 5213 1539 5267 pro
1588 5199 1779 5265 altero,
1813 5214 1877 5253 ac
1909 5215 2052 5268 saepe

480 5288 777 5359 Scriptura:
820 5291 931 5347 loca
964 5292 1348 5361 permisceret;
1384 5290 1623 5346 confisus
1645 5291 1919 5345 memoria:
1948 5291 2056 5345 sci-

484 5381 632 5446 licet,
676 5394 730 5439 et
764 5385 1050 5454 quominus
1096 5384 1263 5439 libros
1315 5383 1657 5449 consuleret,
1704 5384 2058 5439 festinatione

488 5474 791 5546 impeditus.
843 5476 1042 5531 Scribit
1088 5476 1343 5545 Didymus
1389 5475 1442 5529 in
1478 5474 1834 5545 Apologetico,
1895 5491 2055 5543 quem

486 5580 585 5636 pro
613 5566 844 5637 Origene
869 5569 1072 5633 edidit,
1100 5567 1259 5621 aliam
1289 5567 1471 5622 verbis
1506 5566 1681 5621 inesse
1705 5567 2053 5632 sententiam,

488 5671 553 5715 ac
574 5658 745 5728 prima
770 5660 944 5714 [route
976 5658 1207 5715 videtur.
1232 5657 1407 5715 ,Certe
1452 5658 1712 5715 librorum
1738 5657 1830 5728 qui
1856 5674 2057 5730 super-

594 5835 636 5868 ³⁷
665 5834 817 5890 Prov.
851 5849 901 5899 tt,
942 5835 1025 5892 l9.

2161 4840 2466 4911 horumque
2525 4843 2593 4897 ad
2627 4843 3016 4899 describendas
3057 4844 3230 4900 nitide
3292 4858 3420 4900 suas
3466 4843 3721 4901 lucubra-

2155 4931 2351 4997 tiones,
2379 4949 2483 4988 non
2512 4935 2580 4989 ad
2607 4934 2863 4990 dictantis
2896 4934 3062 4990 verba
3093 4936 3147 4991 in
3175 4936 3390 4994 litteras
3414 4936 3722 5005 referenda,

2155 5034 2217 5079 ut
2245 5026 2451 5095 putavit
2476 5026 2738 5082 Martinus
2771 5027 3025 5094 Polonus,
3053 5042 3219 5098 opera
3242 5032 3518 5085 utebatur.
3541 5030 3726 5086 Humi-

2157 5114 2257 5170 lias
2287 5127 2464 5171 autem
2496 5132 2631 5185 quas
2662 5119 2728 5173 ad
2758 5117 3012 5188 populum
3042 5120 3275 5176 habebat
3299 5120 3412 5177 fere
3444 5122 3722 5191 quotidie,

2162 5207 2251 5261 alii
2273 5224 2339 5261 ex
2366 5222 2461 5263 ore
2487 5208 2756 5278 loquentis
2786 5208 3149 5280 excipiebant,
3176 5212 3319 5281 quod
3350 5222 3475 5268 ante
3501 5226 3728 5280 sexage-

2160 5298 2357 5355 simum
2388 5299 2563 5355 zetatis
2615 5314 2727 5355 suae
2759 5314 2960 5355 annum
2994 5301 3111 5357 ﬁeri
3150 5303 3523 5370 prohibuerat.
3572 5302 3727 5368 Quod

2166 5391 2211 5446 si
2266 5406 2419 5447 secus
2465 5390 2659 5446 fuisset
2710 5391 2932 5460 factum,
2981 5393 3324 5450 homiliarum
3358 5410 3479 5465 qua:
3513 5402 3729 5450 exstant

2158 5491 2288 5547 pars
2321 5493 2422 5533 non
2454 5480 2646 5548 exigua
2670 5481 2941 5550 periisset.
2974 5482 3102 5538 Haec
3139 5499 3247 5540 non
3297 5485 3431 5539 satis
3483 5483 3728 5540 distinin

2164 5566 2352 5622 Sixtus
2387 5567 2665 5635 Senensis,
2715 5584 2836 5624 cum
2866 5571 2977 5625 ait:
3014 5590 3033 5623 α
3067 5571 3328 5643 Origenes
3358 5573 3633 5643 quotidie,
3675 5581 3725 5625 et

2162 5660 2321 5730 quasi
2348 5675 2413 5721 ex
2435 5669 2673 5732 tempore
2700 5662 3006 5739 Scripturas
3038 5665 3106 5721 ad
3135 5665 3387 5738 populum
3414 5664 3727 5731 enarrabat,
