4152 6468
523 450 664 508 “85

1579 434 2154 501 ORIGENIANORUM
2188 444 2315 499 LIB.
2347 436 2447 510 ﬁll,
2487 443 2638 499 CAP.
2677 430 2721 498 Ι.

3638 445 3774 502 H86

525 568 921 643 sxcipientibus
955 582 1019 623 ex
1041 580 1138 622 ore
1164 564 1281 637 ejus
1304 572 1511 636 septem
1547 565 1799 630 notariis,
1838 564 2093 620 totidem-
2121 571 2170 629 Α
2199 579 2318 632 cap.
2359 562 2416 627 5,
2469 563 2520 616 in
2572 563 2720 616 omni
2770 560 3054 632 Scriptura
3102 572 3365 634 perpetuo
3395 570 3610 622 errasse
3645 568 3775 623 dicit

525 672 627 731 que
651 655 1008 712 velocissimis
1047 655 1101 709 in
1136 653 1424 709 scribendo
1457 653 1667 721 puellis,
1696 653 1924 723 aliisque
1963 652 2101 708 scri-

524 750 790 821 ptoribus,
822 747 916 818 qui
950 761 1046 802 eas
1088 744 1427 817 (conciones)
1458 744 1524 799 ad
1567 753 1975 799 monumentum
2002 758 2099 815 po-

524 842 784 900 steritatis
811 839 1175 895 tradiderunt.
1210 857 1230 891 »
1265 836 1451 907 Neque
1493 851 1626 891 sane
1664 836 1719 892 id
1765 836 1904 892 dixit
1934 836 2096 889 Pam—

524 935 727 1006 philus,
782 946 945 1002 quem
1000 938 1191 986 testem
1242 930 1409 996 citat,
1465 928 1558 982 sed
1600 927 1733 982 illud
1791 929 2093 983 duntaxat:

526 1045 544 1079 ι
570 1026 837 1096 praecipue
862 1037 994 1078 vero
1022 1036 1116 1092 per
1143 1034 1238 1076 eos
1259 1031 1519 1076 tractatus
1541 1035 1675 1090 quos
1701 1035 1837 1090 pene
1860 1019 2099 1089 quotidie

528 1120 583 1173 in
621 1115 859 1172 Ecclesia
912 1115 1149 1169 habebat
1194 1128 1262 1168 ex
1310 1122 1590 1183 tempore,
1621 1127 1759 1182 quos
1802 1123 1856 1167 et
1895 1112 2098 1167 descri-

522 1208 713 1262 bentes
746 1205 945 1260 notarii
979 1205 1047 1260 ad
1082 1205 1475 1259 monimentum
1528 1204 1870 1276 posteritatis
1922 1203 2098 1260 trade-

519 1297 668 1354 bant.
704 1314 725 1349 ι

590 1386 678 1442 lll.
719 1386 848 1443 Inde
892 1402 1055 1458 porro
1098 1388 1419 1458 scriptiones
1457 1387 1705 1460 Origenis
1730 1401 1851 1446 esse
1881 1390 2098 1448 vitiatas

521 1495 683 1551 supra
717 1481 1041 1536 notavimus.
1075 1482 1144 1535 At
1174 1483 1451 1537 ferendum
1487 1482 1616 1537 illud
1650 1490 1786 1547 erat,
1814 1483 1859 1537 si
1901 1499 2006 1538 non
2034 1498 2099 1539 eo

522 1574 687 1627 etiam
727 1574 1048 1628 accessisset
1091 1573 1354 1627 malorum
1412 1575 1687 1629 hominum
1720 1575 1976 1644 nequitia,
2008 1590 2097 1630 er-

519 1680 672 1720 rores
697 1679 824 1721 suos
867 1664 1024 1719 malis
1065 1666 1273 1721 artibus
1316 1667 1787 1736 propugnantium,
1827 1678 1882 1722 et
1910 1668 2100 1723 alienis

521 1755 774 1824 operibus
842 1754 1116 1810 adulteras
1188 1770 1380 1810 manus
1436 1755 1806 1809 inferentium.
1861 1756 1914 1809 Id
1984 1756 2099 1826 ipso

523 1845 815 1900 etiamnum
842 1844 965 1899 vivo
993 1853 1328 1899 attentarunt
1353 1843 1610 1900 nonnulli.
1641 1844 1772 1899 Ausi
1806 1853 1929 1899 sunt
1957 1845 2097 1899 idem

521 1935 859 2005 postmodum
888 1935 1095 2000 Ariani,
1128 1936 1431 2004 horumque
1478 1936 1693 1990 demum
1723 1944 2097 2005 corruptorum

521 2024 801 2080 audaciam
848 2024 1076 2082 Ruﬁnus
1101 2026 1196 2081 lib.
1221 2025 1297 2081 De
1323 2026 1606 2080 adulterat.
1634 2025 1884 2080 librorum
1914 2025 2099 2098 Orige-

520 2118 603 2173 nis
626 2117 897 2189 coarguit.
931 2117 1130 2174 Verum
1161 2135 1266 2175 non
1312 2119 1475 2174 alium
1527 2133 1849 2189 quemquam
1878 2118 2098 2190 Origeni

523 2218 735 2266 tantum
778 2209 1003 2279 perﬁdia
1054 2226 1150 2267 sua
1201 2221 1257 2267 et
1295 2211 1599 2269 temeritate
1643 2213 1893 2268 nocuisse
1934 2228 2098 2283 quam

522 2300 775 2356 Ruﬁnum
798 2302 998 2372 ipsum,
1034 2303 1228 2359 merito
1261 2301 1528 2358 afﬁrmare
1555 2318 1792 2374 possum.
1824 2303 1958 2360 Nam
1983 2308 2098 2374 eius

523 2394 724 2459 scripta
756 2393 1142 2464 interpretans,
1180 2395 1255 2450 ita
1284 2395 1666 2451 additamentis
1708 2404 1763 2451 et
1802 2396 2097 2454 detractio-

525 2485 687 2541 nibus
720 2487 938 2541 vexavit
980 2495 1034 2541 et
1066 2487 1332 2555 corrupit,
1357 2496 1416 2541 ut
1460 2486 1747 2557 Origenem
1781 2488 1835 2543 in
1864 2487 2097 2560 Origene

519 2581 815 2637 desideres.
858 2581 1155 2653 Acceptum
1192 2582 1316 2637 huic
1345 2580 1563 2652 quidem
1616 2584 1782 2639 refert
1821 2584 2095 2641 Adaman-

522 2670 651 2739 tius,
683 2673 826 2743 quod
856 2687 1019 2742 opera
1066 2674 1235 2743 ipsius
1279 2688 1310 2727 a
1347 2670 1557 2728 Latinis
1599 2674 1907 2730 hominibus
1938 2676 2096 2731 intel-

522 2762 697 2820 lectus
722 2773 777 2820 et
817 2773 1110 2835 usurpatus
1137 2773 1255 2831 est;
1282 2773 1337 2820 et
1374 2765 1514 2834 quod
1539 2767 1877 2835 consumptis
1908 2780 2095 2821 exem—

524 2854 770 2926 plaribus
790 2854 1069 2912 Graecisin
1108 2856 1364 2910 Romanis
1399 2857 1936 2927 interpretationibus
1964 2873 2099 2927 quo-

528 2947 826 3003 dammodo
848 2946 1283 3019 revixit._Verum
1315 2948 1506 3003 iisdem
1523 2947 1946 3017 expositionibus
1972 2963 2098 3003 cum

521 3039 696 3111 ignari
737 3038 940 3094 Graeca:
985 3038 1182 3109 linguae
1224 3038 1473 3094 homines
1522 3039 1951 3108 acquiescerent,
2003 3055 2097 3096 ne-

521 3128 683 3201 glecti
723 3130 839 3187 fere
871 3129 1090 3186 codices
1133 3128 1305 3185 Graeci
1334 3129 1634 3200 perierunt,
1676 3130 1811 3185 adeo
1856 3138 1915 3185 ut
1958 3130 2098 3185 bona

521 3221 716 3279 Graeca
761 3223 1011 3294 pessimis
1044 3220 1249 3277 Latinis
1279 3228 1605 3276 commutata
1637 3221 1764 3276 sint.
1784 3220 1899 3293 (55)
1932 3221 2098 3289 Quot—
2124 3248 2167 3308 α

522 3326 655 3385 quot
681 3330 809 3386 ergo
832 3315 1000 3370 libros
1024 3312 1277 3384 Origenis
1304 3313 1370 3367 ad
1399 3328 1497 3368 nos
1530 3312 1746 3367 fortuna
1775 3315 2097 3383 transmisit,

522 3409 756 3465 violatos
794 3422 915 3462 esse
948 3405 1243 3461 verisimile
1268 3414 1372 3473 est,
1406 3414 1464 3460 at
1503 3420 1597 3461 eos
1626 3406 1967 3477 potissimum
2006 3406 2099 3477 qui

520 3509 720 3569 praeter
742 3498 1073 3553 notariorum
1106 3497 1425 3568 σφάλματα,
1449 3505 1506 3552 et
1536 3498 1917 3553 haereticorum
1948 3499 2100 3554 adul-

526 3590 849 3654 terationes,
908 3589 1264 3658 interpretum
1321 3589 1486 3644 etiam
1543 3588 1994 3647 hallucinationes
2046 3599 2101 3647 et

524 3676 806 3745 perﬁdiam
832 3685 1144 3731 senserunt.

596 3768 687 3823 IV.
728 3765 843 3822 Non
871 3783 969 3836 par
990 3782 1118 3836 ergo
1153 3775 1207 3823 et
1233 3767 1421 3822 eadem
1448 3776 1531 3823 est
1563 3766 1824 3824 librorum
1855 3769 2097 3825 omnium

523 3861 840 3925 auctoritas,
873 3859 1183 3930 quicunque
1231 3876 1300 3915 ex
1350 3859 1603 3931 Origcnis
1642 3862 1837 3919 incude
1872 3862 2099 3931 profecti

523 3963 671 4008 sunt.
700 3952 1164 4020 Quemadmodum
1195 3951 1339 4005 enim
1376 3950 1617 4019 suspecti
1654 3960 1811 4006 erant
1837 3951 1873 4005 ii
1906 3952 2099 4020 praeci-

523 4061 645 4116 pue,
672 4056 727 4102 et
755 4043 1184 4100 damnosissimis
1213 4052 1423 4098 scatere
1456 4042 1756 4107 erroribus,
1801 4050 1857 4096 et
1894 4040 1962 4095 ab
1998 4040 2100 4097 Ec-

524 4140 701 4194 clesiae
723 4138 1002 4207 disciplina
1035 4137 1290 4191 recedere
1313 4135 1654 4201 dicebantur,
1690 4147 1828 4204 quos
1857 4133 1974 4203 ipse
2002 4147 2100 4202 per

521 4232 692 4286 otium
736 4238 947 4284 secreto
988 4226 1353 4290 lucubrassct,
1385 4239 1449 4278 ac
1497 4223 1622 4278 libri
1664 4222 1934 4293 praecipue
1957 4221 2098 4291 Περὶ

522 4320 744 4390 ἀρχῶν,
774 4320 828 4375 in
862 4318 1058 4388 quibus
1089 4318 1397 4385 dogmatum
1430 4330 1652 4371 suorum
1684 4311 1950 4369 ofﬁcinam
1983 4325 2098 4370 sta-

524 4420 723 4478 tuerat,
761 4419 821 4464 ut
870 4417 1056 4465 narrat
1094 4406 1409 4477 Pamphilus
1468 4408 1525 4462 in
1585 4406 1887 4478 Apologia:
1920 4408 1992 4462 ita
2031 4407 2099 4462 ad

522 4507 642 4575 ejus
694 4516 887 4560 sensus
932 4500 1150 4571 penitus
1212 4499 1688 4570 introspiciendos,
1745 4513 1810 4554 ac
1862 4498 2098 4553 eruenda

2204 652 2514 723 Origenem,
2557 664 2787 721 eamque
2827 651 3030 721 ingenti
3077 652 3340 707 librorum
3402 654 3545 709 mole
3591 655 3774 721 expla-

2199 738 2356 799 nasse
2384 760 2396 796 :
2427 754 2535 798 tum
2555 743 2830 799 subnectit
2853 761 2866 797 :
2894 744 2990 806 Εἰς
3018 743 3252 814 ἑκάστην
3281 745 3498 817 γραφὴν
3532 745 3592 798 οὐ
3618 762 3771 817 παρ-

2200 837 2439 909 ῃτήσατο
2483 835 2656 888 εἰπεῖν
2688 833 2724 887 ἃ
2750 832 2899 905 αὑτῷ
2931 833 3077 901 ἔδοξε
3094 851 3105 865 ·
3151 836 3242 888 καὶ
3270 835 3373 889 ὅσα
3399 836 3494 905 μὲν
3520 836 3577 888 ὲν
3602 853 3774 907 προσ-

2196 927 2454 998 ομιλίαις,
2488 928 2582 980 καὶ
2611 926 2699 980 διὰ
2728 924 2837 980 τῶν
2878 926 3177 998 προοιμίων
3223 928 3303 990 εἰς
3331 926 3435 998 ἤθη
3463 940 3522 979 τε
3551 928 3646 980 καὶ⁵
3694 927 3775 990 εἰς

2197 1017 2389 1088 φύσεις
2417 1017 2573 1082 ζώων
2605 1034 2664 1070 τε
2716 1017 2811 1071 καὶ
2852 1017 2961 1072 τῶν
3002 1018 3174 1071 ἄλλων
3219 1018 3452 1089 εἴρηται,
3489 1018 3653 1088 μέσος
3681 1036 3775 1088 φε-

2200 1112 2425 1183 ρόμενος
2467 1111 2727 1175 πολλάκις
2770 1110 3029 1182 χαρίεντα
3069 1110 3401 1182 διηγήσατο·
3440 1112 3541 1165 ὅσοι
3584 1112 3642 1165 δὲ
3693 1114 3774 1176 εἰς

2197 1203 2438 1275 δόγματα
2461 1204 2804 1275 ἐδογμάτισε,
2834 1203 3078 1275 καὶπερὶ
3121 1203 3377 1266 πίστεως,
3408 1205 3504 1257 καὶ
3532 1204 3773 1274 μείζονος

2199 1294 2450 1367 θεωρίας,
2488 1295 2597 1351 τῶν
2646 1295 2866 1350 πάντων
2902 1293 3226 1348 ἀτοπώτατα
3272 1294 3380 1347 τῶν
3414 1295 3523 1365 πρὸ
3578 1292 3771 1361 αὑτοέ,

2198 1387 2292 1441 καὶ
2321 1387 2435 1457 μετ’
2459 1386 2623 1440 αὑτὸν
2651 1386 2987 1458 εὑρίσκεται,
3022 1387 3162 1458 πλὴν
3184 1385 3293 1439 τῶν
3328 1388 3385 1439 ὲν
3414 1390 3532 1450 ταῖς
3559 1387 3773 1458 αἱρέσε-
3836 1441 3843 1455 ι

2201 1495 2285 1532 σιν
2328 1480 2746 1551 αἰσχρουργιῶν.
2809 1477 2914 1533 (In
2964 1478 3207 1548 singulos
3265 1479 3559 1546 Scriptura:
3608 1480 3773 1535 libros

2199 1583 2305 1623 non
2347 1570 2611 1624 dubitavit
2654 1571 2837 1625 dicere
2862 1585 2983 1639 quae
3022 1569 3125 1623 sibi
3157 1568 3271 1622 visa
3325 1579 3471 1622 sunt.
3508 1567 3770 1634 Quaecun-

2198 1675 2304 1730 que
2331 1670 2509 1715 autem
2550 1663 2605 1714 in
2646 1660 2902 1726 homiliis,
2928 1669 2982 1715 et
3021 1661 3072 1715 in
3105 1660 3385 1730 prooemiis
3431 1660 3497 1715 de
3533 1658 3773 1714 :noributt

2199 1760 2253 1806 et
2281 1760 2473 1805 natura
2518 1752 2857 1816 animalium,
2894 1752 3235 1821 aliorumque
3280 1753 3421 1807 dicta
3464 1760 3611 1815 sunt,
3657 1763 3773 1804 me-

2202 1842 2319 1896 dius
2348 1843 2600 1897 incedens
2630 1858 2772 1913 saepe
2802 1843 3079 1915 eleganter
3104 1845 3363 1899 disseruit
3392 1862 3405 1898 :
3434 1854 3773 1914 quaecunque

2127 1906 2173 1966 Β
2200 1946 2333 1988 vero
2362 1933 2427 1988 de
2458 1933 2799 2003 dogmatibus
2827 1906 3221 2005 pronuntiavit,
3248 1947 3303 1991 et
3351 1936 3418 1991 de
3452 1937 3581 2001 ﬁde,
3620 1936 3772 1991 aliis-

2199 2040 2304 2094 que
2356 2026 2579 2097 majoris
2628 2028 3127 2097 contemplationis,
3173 2027 3426 2083 omnibus
3479 2028 3771 2099 protulisse

2197 2119 2535 2187 absurdiora,
2568 2128 2624 2174 et
2664 2121 2757 2189 qui
2803 2129 3199 2191 praecesserunt
3249 2121 3444 2189 ipsum,
3475 2130 3529 2174 et
3561 2120 3651 2190 qui
3683 2135 3772 2175 se—

2197 2212 2306 2266 cuti
2349 2222 2493 2277 sunt,
2534 2215 2839 2284 reperitur;
2889 2214 3132 2284 exceptis
3177 2210 3445 2270 duntaxat
3491 2215 3771 2271 hazreseon

2196 2300 2554 2360 fteditatibus.
2584 2323 2604 2358 ι
2650 2304 2955 2375 Utrumque
2986 2314 3165 2360 autem
3216 2306 3572 2375 scriptionum
3615 2305 3768 2361 Grc:-

2197 2408 2380 2450 carum
2425 2412 2619 2468 genus,
2665 2399 2918 2454 homilias
2956 2398 3101 2464 dico,
3143 2407 3199 2453 et
3241 2398 3409 2454 libros
3464 2414 3562 2470 per
3593 2401 3767 2454 otium

2195 2496 2503 2555 accuratos,
2534 2497 2590 2543 et
2619 2488 2880 2558 quidquid
2915 2488 3150 2557 denique
3181 2486 3369 2543 Graece
3415 2489 3486 2544 ab
3530 2488 3766 2559 Origene

2196 2578 2457 2647 scriptum
2494 2588 2689 2645 exstat,
2742 2578 2900 2650 longe
2950 2579 3017 2636 iis
3056 2581 3307 2650 anteponi
3343 2579 3527 2649 jubeo,
3567 2596 3686 2650 quae
3711 2581 3769 2635 in

2196 2667 2453 2723 Latinum
2485 2684 2793 2725 sermonem
2819 2672 3062 2727 derivata
3098 2682 3248 2738 sunt,
3282 2681 3337 2727 et
3358 2673 3442 2729 vel
3469 2674 3766 2728 sublestam

2201 2760 2560 2831 interpretum
2604 2761 2787 2829 ﬁdem,
2819 2763 2904 2818 vel
2940 2764 3410 2831 hallucinationes,
3442 2766 3523 2821 vel
3556 2776 3793 2829 utrum-,

2197 2868 2303 2924 que
2347 2854 2742 2910 sustinuerunt.
2801 2855 2948 2911 inter
3003 2858 3328 2926 scriptiones
3367 2874 3486 2927 quae
3520 2858 3712 2914 Latine
3738 2876 3770 2914 a

2196 2945 2469 3000 veteribus
2508 2959 2783 3001 conversae
2810 2955 3047 3012 exstant,
3098 2948 3273 3017 prima
3314 2950 3420 3003 erit
3448 2965 3634 3005 earum
3668 2966 3769 3005 au-

2199 3038 2447 3105 ctoritas,
2479 3054 2618 3109 quas
2647 3038 2967 3110 Hieronymi
3019 3040 3167 3094 dedit
3206 3041 3585 3111 interpretatio
3618 3060 3632 3097 :
3669 3060 3768 3113 po—

2200 3138 2459 3185 stremum
2506 3130 2763 3186 tenebunt
2806 3132 3003 3198 locum,
3031 3147 3150 3202 qua:
3188 3148 3218 3188 a
3258 3134 3458 3189 Ruﬁno
3484 3134 3772 3192 Latinitati

2200 3221 2414 3276 donatae
2454 3232 2597 3277 sunt.
2629 3222 2738 3277 Nec
2775 3224 2896 3293 plus
2925 3223 3047 3279 ﬁdei
3077 3240 3211 3280 sane
3240 3228 3406 3281 veteri
3435 3225 3771 3283 Commenta-

2200 3317 2400 3368 riorum
2433 3317 2488 3369 in
2517 3313 2830 3369 Matt/mum
2878 3317 3182 3386 interpreti,
3206 3318 3519 3388 quicunque
3551 3321 3772 3376 tandem

2199 3407 2292 3463 ille
2324 3409 2415 3472 sit,
2447 3422 2609 3477 quam
2646 3407 2843 3463 Ruﬁno
2890 3408 3254 3463 adhibendum
3298 3418 3402 3464 est.
3436 3410 3589 3465 Illum
3624 3413 3669 3466 si
3699 3411 3771 3468 ad

2199 3498 2469 3563 Graecum,
2519 3514 2678 3568 quem
2722 3501 2935 3563 damus,
2976 3509 3291 3555 contextum
3336 3503 3606 3572 exegeris,
3633 3502 3776 3557 Deus

2198 3590 2364 3656 bone,
2400 3590 2543 3659 quod
2592 3591 3061 3660 interpretationis
3098 3602 3403 3648 monstrum
3429 3595 3771 3662 comperiesl

2200 3682 2366 3737 Totas
2413 3680 2658 3750 paginas,
2696 3690 2810 3735 tota
2857 3680 2985 3736 folia
3022 3694 3225 3744 assuta,
3274 3693 3384 3738 tota
3416 3686 3653 3740 detracta
3681 3685 3778 3741 de-

2197 3774 2523 3842 prehendes.
2560 3771 2686 3826 Haec
2724 3772 2903 3839 inter,
2940 3774 3357 3836 ;observandum
3427 3776 3559 3830 illud
3612 3778 3776 3831 etiam

2197 3865 2489 3921 discrimen
2519 3872 2625 3927 est,
2668 3863 2926 3931 majorem
2966 3879 3155 3919 eorum
3208 3880 3331 3921 esse
3373 3867 3636 3921 librorum
3676 3882 3775 3922 an-

2198 3957 2542 4019 ctoritatem,
2578 3969 2715 4024 quos
2766 3970 2932 4010 senex
2978 3956 3373 4023 Adamantius,
3412 3958 3630 4029 ingenio
3681 3974 3778 4028 per

2198 4058 2412 4106 aetatem
2443 4049 2614 4118 magis
2647 4047 2872 4102 subacto
2897 4047 3162 4111 elimavit,
3201 4064 3361 4117 quam
3398 4051 3488 4118 qui
3516 4050 3779 4106 ell‘erente

2198 4153 2322 4195 sese
2362 4139 2417 4192 in
2446 4136 2745 4205 juventutis
2771 4145 2905 4190 testu
2933 4135 3261 4192 fecunditate
3290 4138 3496 4207 profusi
3524 4150 3672 4197 sunt.
3789 4143 3799 4199 ζ

2270 4230 2336 4287 ν.
2380 4228 2489 4285 Nec
2515 4229 2806 4298 aliquantis
2837 4230 3103 4285 duntaxat
3146 4229 3600 4300 Origenianarum
3637 4233 3777 4288 scri-

2199 4322 2448 4395 ptionum
2497 4322 2765 4391 partibus,
2803 4322 2889 4376 vel
2921 4323 3258 4377 notariorum
3288 4324 3660 4392 properantia,
3692 4324 3775 4380 vel

2198 4421 2583 4484 corruptorum
2616 4413 2804 4467 nocuit
2832 4413 3213 4481 audacia;sed
3250 4414 3305 4468 in
3347 4423 3459 4469 tota
3489 4414 3652 4468 etiam
3689 4430 3780 4470 vo-

2198 4506 2403 4561 lumina
2483 4505 2787 4559 invidorum
2851 4505 3275 4574 intemperantia
3331 4516 3577 4575 grassata
3645 4515 3772 4562 est:

530 4597 808 4666 dogmata,
839 4593 1001 4647 iidem
1036 4606 1181 4645 nunc
1215 4590 1555 4658 potissimum
1587 4588 1773 4643 valere
1794 4587 2010 4644 debent.
2038 4588 2095 4643 In
2123 4607 2165 4666 ο
2200 4614 2327 4654 nam
2376 4598 2468 4668 qui
2520 4606 2670 4652 ramo
2709 4608 2909 4653 conatu
2944 4599 2996 4652 in
3027 4597 3282 4668 Origenis
3330 4598 3637 4653 doctrinam
3674 4614 3777 4653 sm-
3814 4588 3819 4591 ‘

523 4687 764 4744 bomiliis
800 4685 1003 4757 quippe
1052 4684 1120 4737 ad
1159 4682 1303 4753 vulgi
1356 4695 1477 4738 sese
1520 4681 1956 4736 accommodavit
2004 4696 2097 4736 ca-

522 4791 695 4851 ptum,
732 4795 831 4834 nec
870 4777 1173 4849 exquisitas
1214 4776 1474 4831 doctrinae
1514 4788 1725 4829 merces
1758 4790 1789 4829 e
1818 4775 2095 4845 myrothe-

524 4872 626 4926 ciis
657 4873 771 4926 suis
800 4872 1145 4941 depromptas
1169 4868 1400 4923 indoctis
1438 4868 1751 4923 hominibus
1770 4868 2093 4938 pr0pinavit.

522 4963 593 5017 At
633 4963 685 5017 in
712 4961 1006 5017 elaboratis
1053 4960 1377 5030 diligentiori
1441 4974 1572 5015 cura
1636 4959 2098 5016 lucubrationibus

524 5053 848 5108 eruditionis
902 5067 1013 5107 suae
1048 5051 1418 5121 promptuaria
1477 5052 1760 5106 reseravit.
1808 5049 1978 5119 igitur
2031 5051 2096 5106 de

525 5144 750 5209 Graecis,
782 5144 874 5215 qui
910 5152 1223 5215 supersunt,
1253 5143 1407 5199 libris
1442 5143 1521 5198 sic
1561 5144 1910 5199 statuendum
1943 5152 2092 5212 puto,

524 5247 585 5292 ut
624 5248 955 5307 postremum
1004 5235 1248 5291 ordinem
1300 5236 1534 5292 homiliaa
1572 5245 1813 5301 teneant,
1857 5239 2093 5306 priorem

525 5331 759 5400 cogitate
790 5340 846 5383 et
886 5338 1092 5383 attente
1138 5329 1340 5398 scripta
1381 5344 1567 5397 opera,
1613 5329 1913 5399 cuiusmodi
1967 5336 2095 5383 sunt

523 5421 646 5475 libri
693 5431 876 5474 contra
917 5417 1152 5484 Celsum,
1179 5429 1233 5474 et
1261 5420 1401 5487 Περὶ
1429 5417 1651 5489 ἀρχῶν,
1687 5428 1738 5474 et
1764 5419 1915 5485 tomi,
1945 5418 2093 5488 judi-

524 5513 667 5567 cium
708 5510 890 5566 dehis
929 5524 1085 5564 suum
1118 5525 1424 5580 proponens
1465 5509 1799 5579 Epiphanius
1832 5510 1963 5563 haer.
2002 5506 2094 5574 64,

472 5736 475 5739 λ
593 5692 708 5763 (55)
737 5693 1001 5763 Quotquot
1034 5708 1155 5763 ergo
1196 5690 1355 5744 libros
1373 5689 1615 5763 Origenis
1649 5690 1717 5743 ad
1756 5706 1849 5744 nos
1873 5689 2088 5763 fortuna

524 5759 844 5827 tt’dnsfhist't,
890 5759 1115 5817 'violatoi
1165 5778 1275 5817 esse
1320 5760 1599 5814 verisimile
1632 5770 1736 5823 est,
1788 5771 1895 5816 etc.
1958 5759 2089 5815 Vide

527 5835 900 5900 Praefationem
940 5843 1183 5888 nostram
1204 5842 1362 5885 ~tomo
1397 5832 1573 5898 primo
1620 5828 1920 5899 praiﬁxain,
1959 5846 2086 5900 pag.

523 5906 660 5974 9.,‘5,
696 5906 749 5970 4,
766 5896 869 5961 tibi
897 5904 1236 5961 ostendimus
1260 5896 1640 5958 haereticorum
1665 5896 2094 5957 adulterntionés

2200 4690 2439 4757 viebant,
2470 4688 2660 4759 eiusne
2689 4690 3058 4758 pepercissent
3087 4689 3263 4754 libris,
3289 4696 3345 4743 et
3369 4704 3476 4744 non
3503 4703 3597 4743 eos
3626 4688 3775 4742 omni

2201 4783 2381 4838 studio
2418 4780 2816 4835 abolevisscnt?
2840 4780 3202 4836 Accesserunt
3230 4781 3422 4835 crebra
3446 4780 3774 4851 synodorum

2200 4881 2258 4926 et
2302 4870 2681 4941 episcoporum
2723 4870 3097 4935 anathemata,
3142 4870 3338 4939 quibus
3393 4869 3777 4935 Adamantius,
3818 4910 3823 4925 ι

2200 4961 2617 5030 Adamantiique
2650 4960 2895 5015 doctrina
2928 4963 3184 5017 damnata
3234 4971 3355 5017 est:
3384 4969 3495 5015 tum
3534 4960 3776 5030 promul-‘u

2201 5061 2322 5121 gata
2357 5052 2504 5122 apud
2532 5050 2869 5106 recentiores
2898 5050 3118 5108 Grmcos
3141 5052 3381 5120 decreta,
3412 5052 3608 5122 quibus
3635 5053 3775 5106 vetio

2200 5151 2315 5198 tum
2349 5152 2435 5198 est
2470 5158 2538 5200 ne
2571 5143 2695 5213 quis
2731 5141 2848 5211 ejus
2870 5142 3043 5199 libros
3074 5141 3371 5197 describat.
3411 5141 3561 5197 Unde
3589 5136 3767 5194 maria

2202 5249 2303 5289 mat
2333 5232 2674 5303 Latinorum,
2724 5249 2787 5290 ac
2833 5232 3147 5289 Grzecorum
3186 5232 3457 5303 przccipue
3494 5231 3775 5300 exempla-

2201 5326 2342 5379 rium
2377 5326 2516 5396 parti
2546 5326 2726 5382 clades
2752 5326 2900 5381 illata
2926 5334 3030 5390 est,
3056 5333 3112 5379 et
3152 5324 3350 5393 oppido
3379 5338 3549 5393 pauca
3581 5339 3646 5377 ex
3672 5323 3778 5378 hoc

2203 5418 2424 5473 interitu
2462 5429 2675 5474 servata
2725 5430 2871 5474 sunt.
2919 5417 3240 5487 Quanquam
3276 5418 3421 5471 enim
3456 5418 3644 5486 ingens
3678 5417 3777 5471 ad-v

2202 5509 2311 5564 huc
2359 5508 2810 5579 Origenianorum
2862 5522 3101 5579 cperum
3163 5507 3417 5563 volumen
3481 5515 3777 5575 superest,

2196 5690 2416 5761 scriptis
2433 5687 2686 5760 Origcnis
2717 5704 2823 5746 non
2848 5704 3045 5744 nocere
3061 5689 3301 5759 potuisse
3328 5706 3394 5745 ex
3413 5704 3519 5759 quo
3544 5689 3775 5744 authenv

2196 5763 2299 5816 tica
2341 5761 2667 5827 exemplaria
2693 5777 2911 5815 suorum
2952 5763 3185 5830 Operum
3213 5760 3327 5830 ipse
3374 5775 3497 5818 ante
3542 5768 3776 5817 mortem

2196 5832 2251 5887 in
2278 5832 2599 5890 Caesariensi
2627 5830 2965 5889 Bibliotheca
2992 5833 3261 5901 deposuit.
