  <div class='ocr_page' id='page_1' title='image "/cluster/home/n/w/nwhite01/storage/ocr_20150623/17:no.7/coo.31924054872977/605.png"; bbox 0 0 4152 6446; ppageno 0'>
   <div class='ocr_carea' id='block_1_1' title="bbox 411 426 543 481">
    <p class='ocr_par' dir='ltr' id='par_1_1' title="bbox 411 426 543 481">
     <span class='ocr_line' id='line_1_1' title="bbox 411 426 543 481; baseline -0.015 0"><span class='ocrx_word' id='word_1_1' title='bbox 411 426 543 481; x_wconf 72' lang='lat'><strong>1187</strong></span> 
     </span>
    </p>
   </div>
   <div class='ocr_carea' id='block_1_2' title="bbox 1671 414 2362 474">
    <p class='ocr_par' dir='ltr' id='par_1_2' title="bbox 1671 414 2362 474">
     <span class='ocr_line' id='line_1_2' title="bbox 1671 414 2362 474; baseline -0.006 -2"><span class='ocrx_word' id='word_1_2' title='bbox 1671 414 1736 474; x_wconf 81' lang='grc' dir='ltr'><strong>Ρ.</strong></span> <span class='ocrx_word' id='word_1_3' title='bbox 1777 420 2091 471; x_wconf 63' lang='lat' dir='ltr'><strong>DANIELIS</strong></span> <span class='ocrx_word' id='word_1_4' title='bbox 2129 418 2218 471; x_wconf 84' lang='lat' dir='ltr'><strong>ﬂlJ</strong></span> <span class='ocrx_word' id='word_1_5' title='bbox 2230 417 2362 469; x_wconf 76' lang='lat' dir='ltr'><strong>E&#39;l&#39;ll</strong></span> 
     </span>
    </p>
   </div>
   <div class='ocr_carea' id='block_1_3' title="bbox 3524 419 3661 473">
    <p class='ocr_par' dir='ltr' id='par_1_3' title="bbox 3524 419 3661 473">
     <span class='ocr_line' id='line_1_3' title="bbox 3524 419 3661 473; baseline 0.015 -2"><span class='ocrx_word' id='word_1_6' title='bbox 3524 419 3661 473; x_wconf 78' lang='lat' dir='ltr'><strong>H88</strong></span> 
     </span>
    </p>
   </div>
   <div class='ocr_carea' id='block_1_4' title="bbox 408 509 3665 612">
    <p class='ocr_par' dir='ltr' id='par_1_4' title="bbox 408 509 3665 612">
     <span class='ocr_line' id='line_1_4' title="bbox 408 509 3665 612; baseline -0.003 -17"><span class='ocrx_word' id='word_1_7' title='bbox 408 548 571 612; x_wconf 85' lang='lat' dir='ltr'><strong>quota</strong></span> <span class='ocrx_word' id='word_1_8' title='bbox 608 537 695 593; x_wconf 92' lang='lat' dir='ltr'><strong>illa</strong></span> <span class='ocrx_word' id='word_1_9' title='bbox 719 551 848 605; x_wconf 87' lang='lat' dir='ltr'><strong>pars</strong></span> <span class='ocrx_word' id='word_1_10' title='bbox 870 543 952 593; x_wconf 68' lang='grc' dir='ltr'><strong>εει</strong></span> <span class='ocrx_word' id='word_1_11' title='bbox 985 534 1162 604; x_wconf 81' lang='lat' dir='ltr'><strong>magni</strong></span> <span class='ocrx_word' id='word_1_12' title='bbox 1204 532 1366 602; x_wconf 75' lang='lat' dir='ltr'><strong>hujus</strong></span> <span class='ocrx_word' id='word_1_13' title='bbox 1404 533 1843 588; x_wconf 85' lang='lat' dir='ltr'><strong>lucubrationum</strong></span> <span class='ocrx_word' id='word_1_14' title='bbox 1876 549 1979 586; x_wconf 91' lang='lat' dir='ltr'><strong>nu-</strong></span> <span class='ocrx_word' id='word_1_15' title='bbox 2007 539 2059 596; x_wconf 77' lang='grc' dir='ltr'><strong>Α</strong></span> <span class='ocrx_word' id='word_1_16' title='bbox 2085 528 2476 602; x_wconf 81' lang='lat' dir='ltr'><strong>legere,‘quos</strong></span> <span class='ocrx_word' id='word_1_17' title='bbox 2539 529 2627 585; x_wconf 91' lang='lat' dir='ltr'><strong>ille</strong></span> <span class='ocrx_word' id='word_1_18' title='bbox 2673 543 2776 584; x_wconf 92' lang='lat' dir='ltr'><strong>non</strong></span> <span class='ocrx_word' id='word_1_19' title='bbox 2822 529 3081 600; x_wconf 89' lang='lat' dir='ltr'><strong>scripsit;</strong></span> <span class='ocrx_word' id='word_1_20' title='bbox 3135 509 3452 597; x_wconf 74' lang='lat' dir='ltr'><strong>faciliusque</strong></span> <span class='ocrx_word' id='word_1_21' title='bbox 3502 531 3665 584; x_wconf 90' lang='lat' dir='ltr'><strong>credo</strong></span> 
     </span>
    </p>
   </div>
   <div class='ocr_carea' id='block_1_5' title="bbox 407 623 1984 698">
    <p class='ocr_par' dir='ltr' id='par_1_5' title="bbox 407 623 1984 698">
     <span class='ocr_line' id='line_1_5' title="bbox 407 623 1984 698; baseline -0.006 -12"><span class='ocrx_word' id='word_1_22' title='bbox 407 632 564 695; x_wconf 90' lang='lat' dir='ltr'><strong>meri,</strong></span> <span class='ocrx_word' id='word_1_23' title='bbox 591 642 730 698; x_wconf 89' lang='lat' dir='ltr'><strong>quas</strong></span> <span class='ocrx_word' id='word_1_24' title='bbox 761 626 830 680; x_wconf 91' lang='lat' dir='ltr'><strong>ab</strong></span> <span class='ocrx_word' id='word_1_25' title='bbox 861 640 926 680; x_wconf 89' lang='lat' dir='ltr'><strong>eo</strong></span> <span class='ocrx_word' id='word_1_26' title='bbox 967 624 1278 678; x_wconf 76' lang='lat' dir='ltr'><strong>elaboratas</strong></span> <span class='ocrx_word' id='word_1_27' title='bbox 1339 623 1504 678; x_wconf 85' lang='lat' dir='ltr'><strong>fuisse</strong></span> <span class='ocrx_word' id='word_1_28' title='bbox 1544 632 1760 678; x_wconf 90' lang='lat' dir='ltr'><strong>veteres</strong></span> <span class='ocrx_word' id='word_1_29' title='bbox 1802 623 1984 692; x_wconf 90' lang='lat' dir='ltr'><strong>prodi-</strong></span> 
     </span>
    </p>
   </div>
   <div class='ocr_carea' id='block_1_6' title="bbox 408 712 1987 782">
    <p class='ocr_par' dir='ltr' id='par_1_6' title="bbox 408 712 1987 782">
     <span class='ocr_line' id='line_1_6' title="bbox 408 712 1987 782; baseline -0.006 -4"><span class='ocrx_word' id='word_1_30' title='bbox 408 721 643 777; x_wconf 84' lang='lat' dir='ltr'><strong>derunt?</strong></span> <span class='ocrx_word' id='word_1_31' title='bbox 683 719 884 772; x_wconf 76' lang='lat' dir='ltr'><strong>Scribit</strong></span> <span class='ocrx_word' id='word_1_32' title='bbox 933 715 1264 782; x_wconf 90' lang='lat' dir='ltr'><strong>Theophilus</strong></span> <span class='ocrx_word' id='word_1_33' title='bbox 1336 712 1532 767; x_wconf 80' lang='lat' dir='ltr'><strong>Pasch.</strong></span> <span class='ocrx_word' id='word_1_34' title='bbox 1585 716 1608 768; x_wconf 80' lang='lat' dir='ltr'><strong>l</strong></span> <span class='ocrx_word' id='word_1_35' title='bbox 1665 724 1720 768; x_wconf 89' lang='lat' dir='ltr'><strong>et</strong></span> <span class='ocrx_word' id='word_1_36' title='bbox 1764 714 1799 767; x_wconf 74' lang='lat'>2</span> <span class='ocrx_word' id='word_1_37' title='bbox 1845 714 1987 768; x_wconf 91' lang='lat' dir='ltr'><strong>hunc</strong></span> 
     </span>
    </p>
   </div>
   <div class='ocr_carea' id='block_1_7' title="bbox 415 807 1982 875">
    <p class='ocr_par' dir='ltr' id='par_1_7' title="bbox 415 807 1982 875">
     <span class='ocr_line' id='line_1_7' title="bbox 415 807 1982 875; baseline -0.005 -7"><span class='ocrx_word' id='word_1_38' title='bbox 415 835 433 867; x_wconf 81' lang='grc' dir='ltr'>ι</span> <span class='ocrx_word' id='word_1_39' title='bbox 460 810 882 868; x_wconf 89' lang='lat' dir='ltr'><strong>innumerabiles</strong></span> <span class='ocrx_word' id='word_1_40' title='bbox 914 809 1156 864; x_wconf 80' lang='lat' dir='ltr'><strong>texuisse</strong></span> <span class='ocrx_word' id='word_1_41' title='bbox 1187 807 1375 870; x_wconf 92' lang='lat' dir='ltr'><strong>libros,</strong></span> <span class='ocrx_word' id='word_1_42' title='bbox 1406 817 1460 860; x_wconf 92' lang='lat' dir='ltr'><strong>et</strong></span> <span class='ocrx_word' id='word_1_43' title='bbox 1486 807 1825 875; x_wconf 80' lang='lat' dir='ltr'><strong>garrulitatis</strong></span> <span class='ocrx_word' id='word_1_44' title='bbox 1853 822 1982 871; x_wconf 61' lang='lat' dir='ltr'><strong>suae,</strong></span> 
     </span>
    </p>
   </div>
   <div class='ocr_carea' id='block_1_8' title="bbox 409 895 1986 974">
    <p class='ocr_par' dir='ltr' id='par_1_8' title="bbox 409 895 1986 974">
     <span class='ocr_line' id='line_1_8' title="bbox 409 895 1986 974; baseline -0.006 -15"><span class='ocrx_word' id='word_1_45' title='bbox 409 905 561 974; x_wconf 88' lang='lat' dir='ltr'><strong>quasi</strong></span> <span class='ocrx_word' id='word_1_46' title='bbox 603 901 879 954; x_wconf 66' lang='lat' dir='ltr'><strong>damnosm</strong></span> <span class='ocrx_word' id='word_1_47' title='bbox 914 897 1275 968; x_wconf 86' lang='lat' dir='ltr'><strong>possessionis</strong></span> <span class='ocrx_word' id='word_1_48' title='bbox 1310 897 1509 950; x_wconf 91' lang='lat' dir='ltr'><strong>mundo</strong></span> <span class='ocrx_word' id='word_1_49' title='bbox 1542 896 1827 964; x_wconf 90' lang='lat' dir='ltr'><strong>reliquisse</strong></span> <span class='ocrx_word' id='word_1_50' title='bbox 1877 895 1986 949; x_wconf 68' lang='lat' dir='ltr'><strong>ha:-</strong></span> 
     </span>
    </p>
   </div>
   <div class='ocr_carea' id='block_1_9' title="bbox 410 985 1984 1058">
    <p class='ocr_par' dir='ltr' id='par_1_9' title="bbox 410 985 1984 1058">
     <span class='ocr_line' id='line_1_9' title="bbox 410 985 1984 1058; baseline -0.008 -8"><span class='ocrx_word' id='word_1_51' title='bbox 410 996 711 1050; x_wconf 73' lang='lat' dir='ltr'><strong>reditatem.</strong></span> <span class='ocrx_word' id='word_1_52' title='bbox 738 1011 756 1043; x_wconf 71' lang='grc' dir='ltr'><strong><em>ι</em></strong></span> <span class='ocrx_word' id='word_1_53' title='bbox 797 993 945 1044; x_wconf 79' lang='grc' dir='ltr'><strong>Ἀνω</strong></span> <span class='ocrx_word' id='word_1_54' title='bbox 989 989 1082 1043; x_wconf 71' lang='grc' dir='ltr'>καὶ</span> <span class='ocrx_word' id='word_1_55' title='bbox 1137 988 1285 1042; x_wconf 84' lang='grc' dir='ltr'>κάτω</span> <span class='ocrx_word' id='word_1_56' title='bbox 1327 985 1666 1054; x_wconf 80' lang='grc' dir='ltr'>ταυτολογῶν</span> <span class='ocrx_word' id='word_1_57' title='bbox 1698 987 1984 1058; x_wconf 76' lang='grc' dir='ltr'>ἐπλήρωσε</span> 
     </span>
    </p>
   </div>
   <div class='ocr_carea' id='block_1_10' title="bbox 407 1078 1986 1157">
    <p class='ocr_par' dir='ltr' id='par_1_10' title="bbox 407 1078 1986 1157">
     <span class='ocr_line' id='line_1_10' title="bbox 407 1078 1986 1157; baseline -0.005 -17"><span class='ocrx_word' id='word_1_58' title='bbox 407 1087 506 1157; x_wconf 75' lang='grc' dir='ltr'>τὴν</span> <span class='ocrx_word' id='word_1_59' title='bbox 557 1082 892 1153; x_wconf 77' lang='grc' dir='ltr'><strong>οἰκουμένην</strong></span> <span class='ocrx_word' id='word_1_60' title='bbox 946 1083 1171 1152; x_wconf 82' lang='grc' dir='ltr'><strong>ἀμέτρῳ</strong></span> <span class='ocrx_word' id='word_1_61' title='bbox 1223 1079 1492 1151; x_wconf 69' lang='grc' dir='ltr'><strong>φλυαρίᾳ⁸</strong></span> <span class='ocrx_word' id='word_1_62' title='bbox 1536 1080 1614 1132; x_wconf 91' lang='lat' dir='ltr'><strong>ait</strong></span> <span class='ocrx_word' id='word_1_63' title='bbox 1669 1078 1986 1132; x_wconf 84' lang='lat' dir='ltr'><strong>Eustathius</strong></span> 
     </span>
    </p>
   </div>
   <div class='ocr_carea' id='block_1_11' title="bbox 409 1169 1989 1242">
    <p class='ocr_par' dir='ltr' id='par_1_11' title="bbox 409 1169 1989 1242">
     <span class='ocr_line' id='line_1_11' title="bbox 409 1169 1989 1242; baseline -0.006 -12"><span class='ocrx_word' id='word_1_64' title='bbox 409 1176 778 1230; x_wconf 85' lang='lat' dir='ltr'><strong>Antiochenus</strong></span> <span class='ocrx_word' id='word_1_65' title='bbox 833 1173 906 1227; x_wconf 82' lang='lat' dir='ltr'><strong>De</strong></span> <span class='ocrx_word' id='word_1_66' title='bbox 960 1182 1187 1242; x_wconf 76' lang='lat' dir='ltr'><strong>engastr.</strong></span> <span class='ocrx_word' id='word_1_67' title='bbox 1225 1189 1242 1221; x_wconf 77' lang='grc' dir='ltr'>ι</span> <span class='ocrx_word' id='word_1_68' title='bbox 1273 1171 1405 1236; x_wconf 88' lang='lat' dir='ltr'><strong>Quis</strong></span> <span class='ocrx_word' id='word_1_69' title='bbox 1433 1180 1700 1233; x_wconf 85' lang='lat' dir='ltr'><strong>nostrum,</strong></span> <span class='ocrx_word' id='word_1_70' title='bbox 1755 1189 1772 1221; x_wconf 78' lang='grc' dir='ltr'><strong>ι</strong></span> <span class='ocrx_word' id='word_1_71' title='bbox 1814 1169 1989 1237; x_wconf 87' lang='lat' dir='ltr'><strong>inquit</strong></span> 
     </span>
    </p>
   </div>
   <div class='ocr_carea' id='block_1_12' title="bbox 410 1261 1985 1338">
    <p class='ocr_par' dir='ltr' id='par_1_12' title="bbox 410 1261 1985 1338">
     <span class='ocr_line' id='line_1_12' title="bbox 410 1261 1985 1338; baseline -0.005 -16"><span class='ocrx_word' id='word_1_72' title='bbox 410 1269 772 1338; x_wconf 84' lang='lat' dir='ltr'><strong>Hieronymus</strong></span> <span class='ocrx_word' id='word_1_73' title='bbox 809 1267 968 1336; x_wconf 89' lang='lat' dir='ltr'><strong>epist.</strong></span> <span class='ocrx_word' id='word_1_74' title='bbox 1021 1265 1108 1327; x_wconf 85' lang='lat'><strong>65,</strong></span> <span class='ocrx_word' id='word_1_75' title='bbox 1168 1264 1235 1318; x_wconf 89' lang='lat' dir='ltr'><strong>ad</strong></span> <span class='ocrx_word' id='word_1_76' title='bbox 1292 1263 1606 1319; x_wconf 88' lang='lat' dir='ltr'><strong>Pammach.</strong></span> <span class='ocrx_word' id='word_1_77' title='bbox 1658 1272 1712 1317; x_wconf 92' lang='lat' dir='ltr'><strong>et</strong></span> <span class='ocrx_word' id='word_1_78' title='bbox 1762 1261 1985 1326; x_wconf 89' lang='lat' dir='ltr'><strong>Ocean.,</strong></span> 
     </span>
    </p>
   </div>
   <div class='ocr_carea' id='block_1_13' title="bbox 409 1352 1986 1429">
    <p class='ocr_par' dir='ltr' id='par_1_13' title="bbox 409 1352 1986 1429">
     <span class='ocr_line' id='line_1_13' title="bbox 409 1352 1986 1429; baseline -0.006 -15"><span class='ocrx_word' id='word_1_79' title='bbox 409 1374 531 1429; x_wconf 91' lang='lat' dir='ltr'><strong>cap.</strong></span> <span class='ocrx_word' id='word_1_80' title='bbox 569 1360 626 1422; x_wconf 77' lang='lat'><strong>&#39;5,</strong></span> <span class='ocrx_word' id='word_1_81' title='bbox 663 1371 682 1410; x_wconf 65' lang='grc' dir='ltr'>ι</span> <span class='ocrx_word' id='word_1_82' title='bbox 712 1368 861 1412; x_wconf 87' lang='lat' dir='ltr'><strong>tanta</strong></span> <span class='ocrx_word' id='word_1_83' title='bbox 906 1365 1087 1427; x_wconf 88' lang='lat' dir='ltr'><strong>potest</strong></span> <span class='ocrx_word' id='word_1_84' title='bbox 1131 1355 1334 1425; x_wconf 89' lang='lat' dir='ltr'><strong>legere,</strong></span> <span class='ocrx_word' id='word_1_85' title='bbox 1368 1364 1568 1424; x_wconf 89' lang='lat' dir='ltr'><strong>quanta</strong></span> <span class='ocrx_word' id='word_1_86' title='bbox 1606 1354 1699 1408; x_wconf 91' lang='lat' dir='ltr'><strong>ille</strong></span> <span class='ocrx_word' id='word_1_87' title='bbox 1749 1352 1986 1410; x_wconf 88' lang='lat' dir='ltr'><strong>conscri-</strong></span> 
     </span>
    </p>
   </div>
   <div class='ocr_carea' id='block_1_14' title="bbox 409 1445 1985 1520">
    <p class='ocr_par' dir='ltr' id='par_1_14' title="bbox 409 1445 1985 1520">
     <span class='ocr_line' id='line_1_14' title="bbox 409 1445 1985 1520; baseline -0.004 -16"><span class='ocrx_word' id='word_1_88' title='bbox 409 1450 548 1520; x_wconf 86' lang='lat' dir='ltr'><strong>psit?</strong></span> <span class='ocrx_word' id='word_1_89' title='bbox 574 1469 591 1500; x_wconf 80' lang='grc'>›</span> <span class='ocrx_word' id='word_1_90' title='bbox 643 1449 786 1504; x_wconf 92' lang='lat' dir='ltr'><strong>ldem</strong></span> <span class='ocrx_word' id='word_1_91' title='bbox 840 1448 996 1518; x_wconf 90' lang='lat' dir='ltr'><strong>epist.</strong></span> <span class='ocrx_word' id='word_1_92' title='bbox 1041 1447 1129 1512; x_wconf 80' lang='grc'><strong>18,</strong></span> <span class='ocrx_word' id='word_1_93' title='bbox 1183 1448 1248 1502; x_wconf 90' lang='lat' dir='ltr'><strong>ad</strong></span> <span class='ocrx_word' id='word_1_94' title='bbox 1284 1446 1525 1502; x_wconf 83' lang='lat' dir='ltr'><strong>Marcell.</strong></span> <span class='ocrx_word' id='word_1_95' title='bbox 1561 1467 1572 1500; x_wconf 92' lang='lat'>:</span> <span class='ocrx_word' id='word_1_96' title='bbox 1605 1466 1623 1498; x_wconf 70' lang='grc' dir='ltr'><em>ς</em></span> <span class='ocrx_word' id='word_1_97' title='bbox 1650 1445 1985 1510; x_wconf 91' lang='lat' dir='ltr'><strong>Ambrosius,</strong></span> 
     </span>
    </p>
   </div>
   <div class='ocr_carea' id='block_1_15' title="bbox 409 1539 1986 1611">
    <p class='ocr_par' dir='ltr' id='par_1_15' title="bbox 409 1539 1986 1611">
     <span class='ocr_line' id='line_1_15' title="bbox 409 1539 1986 1611; baseline -0.004 -17"><span class='ocrx_word' id='word_1_98' title='bbox 409 1557 518 1611; x_wconf 90' lang='lat' dir='ltr'><strong>quo</strong></span> <span class='ocrx_word' id='word_1_99' title='bbox 573 1543 813 1603; x_wconf 88' lang='lat' dir='ltr'><strong>chartas,</strong></span> <span class='ocrx_word' id='word_1_100' title='bbox 862 1549 1129 1608; x_wconf 89' lang='lat' dir='ltr'><strong>sumptus,</strong></span> <span class='ocrx_word' id='word_1_101' title='bbox 1173 1539 1413 1593; x_wconf 86' lang='lat' dir='ltr'><strong>notarios</strong></span> <span class='ocrx_word' id='word_1_102' title='bbox 1475 1539 1836 1602; x_wconf 88' lang='lat' dir='ltr'><strong>ministrante,</strong></span> <span class='ocrx_word' id='word_1_103' title='bbox 1879 1545 1986 1591; x_wconf 92' lang='lat' dir='ltr'><strong>tam</strong></span> 
     </span>
    </p>
   </div>
   <div class='ocr_carea' id='block_1_16' title="bbox 411 1629 1990 1690">
    <p class='ocr_par' dir='ltr' id='par_1_16' title="bbox 411 1629 1990 1690">
     <span class='ocr_line' id='line_1_16' title="bbox 411 1629 1990 1690; baseline -0.007 0"><span class='ocrx_word' id='word_1_104' title='bbox 411 1630 836 1690; x_wconf 86' lang='lat' dir='ltr'><strong>innumerabiles</strong></span> <span class='ocrx_word' id='word_1_105' title='bbox 887 1629 1052 1684; x_wconf 90' lang='lat' dir='ltr'><strong>libros</strong></span> <span class='ocrx_word' id='word_1_106' title='bbox 1105 1639 1234 1682; x_wconf 87' lang='lat' dir='ltr'><strong>vere</strong></span> <span class='ocrx_word' id='word_1_107' title='bbox 1284 1629 1640 1682; x_wconf 85' lang='lat' dir='ltr'><strong>Adamantius</strong></span> <span class='ocrx_word' id='word_1_108' title='bbox 1701 1638 1881 1683; x_wconf 85' lang='lat' dir='ltr'><strong>noster</strong></span> <span class='ocrx_word' id='word_1_109' title='bbox 1936 1634 1990 1680; x_wconf 92' lang='lat' dir='ltr'><strong>et</strong></span> 
     </span>
    </p>
   </div>
   <div class='ocr_carea' id='block_1_17' title="bbox 408 1719 1988 1792">
    <p class='ocr_par' dir='ltr' id='par_1_17' title="bbox 408 1719 1988 1792">
     <span class='ocr_line' id='line_1_17' title="bbox 408 1719 1988 1792; baseline -0.004 -11"><span class='ocrx_word' id='word_1_110' title='bbox 408 1725 797 1781; x_wconf 89' lang='lat' dir='ltr'><strong>Chalcenterus</strong></span> <span class='ocrx_word' id='word_1_111' title='bbox 818 1722 1095 1792; x_wconf 80' lang='lat' dir='ltr'><strong>explicuit.</strong></span> <span class='ocrx_word' id='word_1_112' title='bbox 1121 1741 1141 1773; x_wconf 76' lang='grc' dir='ltr'><strong>ι</strong></span> <span class='ocrx_word' id='word_1_113' title='bbox 1175 1719 1488 1776; x_wconf 88' lang='lat' dir='ltr'><strong>Vincentius</strong></span> <span class='ocrx_word' id='word_1_114' title='bbox 1520 1720 1819 1776; x_wconf 90' lang='lat' dir='ltr'><strong>Lirinensis</strong></span> <span class='ocrx_word' id='word_1_115' title='bbox 1849 1719 1988 1775; x_wconf 89' lang='lat' dir='ltr'><strong>Con-</strong></span> 
     </span>
    </p>
   </div>
   <div class='ocr_carea' id='block_1_18' title="bbox 411 1812 1981 1885">
    <p class='ocr_par' dir='ltr' id='par_1_18' title="bbox 411 1812 1981 1885">
     <span class='ocr_line' id='line_1_18' title="bbox 411 1812 1981 1885; baseline -0.003 -15"><span class='ocrx_word' id='word_1_116' title='bbox 411 1824 495 1870; x_wconf 77' lang='lat' dir='ltr'><strong>tra</strong></span> <span class='ocrx_word' id='word_1_117' title='bbox 528 1816 681 1879; x_wconf 75' lang='lat' dir='ltr'><strong>hwr.,</strong></span> <span class='ocrx_word' id='word_1_118' title='bbox 706 1829 824 1885; x_wconf 91' lang='lat' dir='ltr'><strong>cap.</strong></span> <span class='ocrx_word' id='word_1_119' title='bbox 853 1813 926 1866; x_wconf 73' lang='lat'><strong>25</strong></span> <span class='ocrx_word' id='word_1_120' title='bbox 957 1829 970 1865; x_wconf 87' lang='lat'>:</span> <span class='ocrx_word' id='word_1_121' title='bbox 1008 1832 1026 1864; x_wconf 89' lang='grc'><em>‹</em></span> <span class='ocrx_word' id='word_1_122' title='bbox 1048 1813 1153 1867; x_wconf 88' lang='lat' dir='ltr'><strong>Sed</strong></span> <span class='ocrx_word' id='word_1_123' title='bbox 1189 1814 1350 1867; x_wconf 89' lang='lat' dir='ltr'><strong>credo</strong></span> <span class='ocrx_word' id='word_1_124' title='bbox 1396 1828 1566 1882; x_wconf 90' lang='lat' dir='ltr'><strong>pauca</strong></span> <span class='ocrx_word' id='word_1_125' title='bbox 1617 1812 1981 1880; x_wconf 88' lang='lat' dir='ltr'><strong>conscripsit;</strong></span> 
     </span>
    </p>
   </div>
   <div class='ocr_carea' id='block_1_19' title="bbox 410 1886 2058 1972">
    <p class='ocr_par' dir='ltr' id='par_1_19' title="bbox 410 1886 2058 1972">
     <span class='ocr_line' id='line_1_19' title="bbox 410 1886 2058 1972; baseline -0.005 -12"><span class='ocrx_word' id='word_1_126' title='bbox 410 1920 571 1960; x_wconf 87' lang='lat' dir='ltr'><strong>nemo</strong></span> <span class='ocrx_word' id='word_1_127' title='bbox 606 1903 914 1958; x_wconf 90' lang='lat' dir='ltr'><strong>mortalium</strong></span> <span class='ocrx_word' id='word_1_128' title='bbox 947 1902 1121 1972; x_wconf 90' lang='lat' dir='ltr'><strong>plura,</strong></span> <span class='ocrx_word' id='word_1_129' title='bbox 1158 1911 1213 1956; x_wconf 93' lang='lat' dir='ltr'><strong>ut</strong></span> <span class='ocrx_word' id='word_1_130' title='bbox 1253 1902 1384 1957; x_wconf 92' lang='lat' dir='ltr'><strong>mihi</strong></span> <span class='ocrx_word' id='word_1_131' title='bbox 1417 1915 1513 1954; x_wconf 90' lang='lat' dir='ltr'><strong>sua</strong></span> <span class='ocrx_word' id='word_1_132' title='bbox 1540 1900 1720 1954; x_wconf 89' lang='lat' dir='ltr'><strong>omnia</strong></span> <span class='ocrx_word' id='word_1_133' title='bbox 1762 1915 1866 1952; x_wconf 91' lang='lat' dir='ltr'><strong>non</strong></span> <span class='ocrx_word' id='word_1_134' title='bbox 1905 1913 1986 1953; x_wconf 86' lang='lat' dir='ltr'><strong>so-</strong></span> <span class='ocrx_word' id='word_1_135' title='bbox 2016 1886 2058 1941; x_wconf 85' lang='grc' dir='ltr'><strong>Β</strong></span> 
     </span>
    </p>
   </div>
   <div class='ocr_carea' id='block_1_20' title="bbox 411 1993 1988 2066">
    <p class='ocr_par' dir='ltr' id='par_1_20' title="bbox 411 1993 1988 2066">
     <span class='ocr_line' id='line_1_20' title="bbox 411 1993 1988 2066; baseline -0.006 -13"><span class='ocrx_word' id='word_1_136' title='bbox 411 2000 520 2053; x_wconf 88' lang='lat' dir='ltr'><strong>lum</strong></span> <span class='ocrx_word' id='word_1_137' title='bbox 556 2013 657 2052; x_wconf 92' lang='lat' dir='ltr'><strong>non</strong></span> <span class='ocrx_word' id='word_1_138' title='bbox 701 1997 926 2066; x_wconf 80' lang='lat' dir='ltr'><strong>perlegi,</strong></span> <span class='ocrx_word' id='word_1_139' title='bbox 963 1997 1055 2050; x_wconf 92' lang='lat' dir='ltr'><strong>sed</strong></span> <span class='ocrx_word' id='word_1_140' title='bbox 1087 2010 1154 2050; x_wconf 93' lang='lat' dir='ltr'><strong>ne</strong></span> <span class='ocrx_word' id='word_1_141' title='bbox 1183 1995 1416 2058; x_wconf 75' lang='lat' dir='ltr'><strong>inveniri</strong></span> <span class='ocrx_word' id='word_1_142' title='bbox 1449 1993 1670 2064; x_wconf 90' lang='lat' dir='ltr'><strong>quidem</strong></span> <span class='ocrx_word' id='word_1_143' title='bbox 1721 2008 1880 2062; x_wconf 86' lang='lat' dir='ltr'><strong>posse</strong></span> <span class='ocrx_word' id='word_1_144' title='bbox 1907 1993 1988 2045; x_wconf 92' lang='lat' dir='ltr'><strong>vi-</strong></span> 
     </span>
    </p>
   </div>
   <div class='ocr_carea' id='block_1_21' title="bbox 411 2085 1978 2156">
    <p class='ocr_par' dir='ltr' id='par_1_21' title="bbox 411 2085 1978 2156">
     <span class='ocr_line' id='line_1_21' title="bbox 411 2085 1978 2156; baseline -0.004 -12"><span class='ocrx_word' id='word_1_145' title='bbox 411 2089 659 2144; x_wconf 81' lang='lat' dir='ltr'><strong>deantur.</strong></span> <span class='ocrx_word' id='word_1_146' title='bbox 691 2106 710 2140; x_wconf 71' lang='grc' dir='ltr'><strong>ι</strong></span> <span class='ocrx_word' id='word_1_147' title='bbox 741 2088 818 2142; x_wconf 86' lang='lat' dir='ltr'><strong>Ex</strong></span> <span class='ocrx_word' id='word_1_148' title='bbox 880 2089 1141 2142; x_wconf 90' lang='lat' dir='ltr'><strong>immenso</strong></span> <span class='ocrx_word' id='word_1_149' title='bbox 1201 2087 1301 2142; x_wconf 90' lang='lat' dir='ltr'><strong>hoc</strong></span> <span class='ocrx_word' id='word_1_150' title='bbox 1358 2101 1492 2156; x_wconf 91' lang='lat' dir='ltr'><strong>ergo</strong></span> <span class='ocrx_word' id='word_1_151' title='bbox 1541 2085 1978 2140; x_wconf 87' lang='lat' dir='ltr'><strong>lucubrationum</strong></span> 
     </span>
    </p>
   </div>
   <div class='ocr_carea' id='block_1_22' title="bbox 412 2175 1985 2248">
    <p class='ocr_par' dir='ltr' id='par_1_22' title="bbox 412 2175 1985 2248">
     <span class='ocr_line' id='line_1_22' title="bbox 412 2175 1985 2248; baseline -0.006 -14"><span class='ocrx_word' id='word_1_152' title='bbox 412 2195 639 2234; x_wconf 89' lang='lat' dir='ltr'><strong>numero</strong></span> <span class='ocrx_word' id='word_1_153' title='bbox 682 2179 960 2248; x_wconf 88' lang='lat' dir='ltr'><strong>syntaetici</strong></span> <span class='ocrx_word' id='word_1_154' title='bbox 1009 2192 1201 2232; x_wconf 90' lang='lat' dir='ltr'><strong>nomen</strong></span> <span class='ocrx_word' id='word_1_155' title='bbox 1241 2179 1462 2234; x_wconf 89' lang='lat' dir='ltr'><strong>meruit.</strong></span> <span class='ocrx_word' id='word_1_156' title='bbox 1505 2175 1765 2229; x_wconf 86' lang='lat' dir='ltr'><strong>Futurum</strong></span> <span class='ocrx_word' id='word_1_157' title='bbox 1810 2184 1985 2226; x_wconf 88' lang='lat' dir='ltr'><strong>autem</strong></span> 
     </span>
    </p>
   </div>
   <div class='ocr_carea' id='block_1_23' title="bbox 411 2265 1987 2340">
    <p class='ocr_par' dir='ltr' id='par_1_23' title="bbox 411 2265 1987 2340">
     <span class='ocr_line' id='line_1_23' title="bbox 411 2265 1987 2340; baseline -0.003 -17"><span class='ocrx_word' id='word_1_158' title='bbox 411 2271 785 2340; x_wconf 62' lang='lat' dir='ltr'><strong>praesentiens,</strong></span> <span class='ocrx_word' id='word_1_159' title='bbox 835 2279 894 2323; x_wconf 92' lang='lat' dir='ltr'><strong>nt</strong></span> <span class='ocrx_word' id='word_1_160' title='bbox 941 2270 1200 2322; x_wconf 90' lang='lat' dir='ltr'><strong>immensa</strong></span> <span class='ocrx_word' id='word_1_161' title='bbox 1257 2269 1372 2322; x_wconf 73' lang='lat' dir='ltr'><strong>haec</strong></span> <span class='ocrx_word' id='word_1_162' title='bbox 1430 2265 1712 2320; x_wconf 89' lang='lat' dir='ltr'><strong>scribendi</strong></span> <span class='ocrx_word' id='word_1_163' title='bbox 1767 2265 1987 2318; x_wconf 86' lang='lat' dir='ltr'><strong>licentia</strong></span> 
     </span>
    </p>
   </div>
   <div class='ocr_carea' id='block_1_24' title="bbox 411 2355 1988 2430">
    <p class='ocr_par' dir='ltr' id='par_1_24' title="bbox 411 2355 1988 2430">
     <span class='ocr_line' id='line_1_24' title="bbox 411 2355 1988 2430; baseline -0.006 -12"><span class='ocrx_word' id='word_1_164' title='bbox 411 2363 792 2418; x_wconf 90' lang='lat' dir='ltr'><strong>nonnullorum</strong></span> <span class='ocrx_word' id='word_1_165' title='bbox 841 2362 944 2417; x_wconf 88' lang='lat' dir='ltr'><strong>sibi</strong></span> <span class='ocrx_word' id='word_1_166' title='bbox 974 2359 1426 2430; x_wconf 88' lang='lat' dir='ltr'><strong>reprehensiones</strong></span> <span class='ocrx_word' id='word_1_167' title='bbox 1449 2358 1836 2422; x_wconf 88' lang='lat' dir='ltr'><strong>conscisceret,</strong></span> <span class='ocrx_word' id='word_1_168' title='bbox 1861 2355 1988 2409; x_wconf 83' lang='lat' dir='ltr'><strong>mul-</strong></span> 
     </span>
    </p>
   </div>
   <div class='ocr_carea' id='block_1_25' title="bbox 412 2448 1986 2518">
    <p class='ocr_par' dir='ltr' id='par_1_25' title="bbox 412 2448 1986 2518">
     <span class='ocr_line' id='line_1_25' title="bbox 412 2448 1986 2518; baseline -0.004 -10"><span class='ocrx_word' id='word_1_169' title='bbox 412 2456 482 2510; x_wconf 88' lang='lat' dir='ltr'><strong>tis</strong></span> <span class='ocrx_word' id='word_1_170' title='bbox 506 2471 624 2510; x_wconf 90' lang='lat' dir='ltr'><strong>eam</strong></span> <span class='ocrx_word' id='word_1_171' title='bbox 671 2464 900 2510; x_wconf 78' lang='lat' dir='ltr'><strong>excusat</strong></span> <span class='ocrx_word' id='word_1_172' title='bbox 937 2463 1084 2509; x_wconf 83' lang='lat' dir='ltr'><strong>torno</strong></span> <span class='ocrx_word' id='word_1_173' title='bbox 1111 2454 1160 2505; x_wconf 78' lang='lat' dir='ltr'><strong>v‘</strong></span> <span class='ocrx_word' id='word_1_174' title='bbox 1189 2453 1245 2505; x_wconf 86' lang='lat' dir='ltr'><strong>in</strong></span> <span class='ocrx_word' id='word_1_175' title='bbox 1287 2451 1474 2518; x_wconf 72' lang='lat' dir='ltr'><strong>10am,</strong></span> <span class='ocrx_word' id='word_1_176' title='bbox 1518 2465 1669 2505; x_wconf 93' lang='lat' dir='ltr'><strong>num.</strong></span> <span class='ocrx_word' id='word_1_177' title='bbox 1697 2450 1748 2516; x_wconf 80' lang='lat' dir='ltr'><strong>l,</strong></span> <span class='ocrx_word' id='word_1_178' title='bbox 1779 2448 1813 2501; x_wconf 74' lang='grc'><strong>2</strong></span> <span class='ocrx_word' id='word_1_179' title='bbox 1845 2458 1900 2502; x_wconf 91' lang='lat' dir='ltr'><strong>et</strong></span> <span class='ocrx_word' id='word_1_180' title='bbox 1929 2448 1986 2512; x_wconf 77' lang='grc'>4,</span> 
     </span>
    </p>
   </div>
   <div class='ocr_carea' id='block_1_26' title="bbox 411 2538 1988 2613">
    <p class='ocr_par' dir='ltr' id='par_1_26' title="bbox 411 2538 1988 2613">
     <span class='ocr_line' id='line_1_26' title="bbox 411 2538 1988 2613; baseline -0.004 -14"><span class='ocrx_word' id='word_1_181' title='bbox 411 2544 569 2613; x_wconf 87' lang='lat' dir='ltr'><strong>cujus</strong></span> <span class='ocrx_word' id='word_1_182' title='bbox 648 2543 1016 2600; x_wconf 84' lang='lat' dir='ltr'><strong>excusationis</strong></span> <span class='ocrx_word' id='word_1_183' title='bbox 1087 2541 1390 2610; x_wconf 86' lang='lat' dir='ltr'><strong>fragmenta</strong></span> <span class='ocrx_word' id='word_1_184' title='bbox 1455 2539 1620 2597; x_wconf 87' lang='lat' dir='ltr'><strong>habes</strong></span> <span class='ocrx_word' id='word_1_185' title='bbox 1676 2538 1988 2595; x_wconf 74' lang='lat' dir='ltr'><strong>Philocaliae</strong></span> 
     </span>
    </p>
   </div>
   <div class='ocr_carea' id='block_1_27' title="bbox 419 2636 632 2707">
    <p class='ocr_par' dir='ltr' id='par_1_27' title="bbox 419 2636 632 2707">
     <span class='ocr_line' id='line_1_27' title="bbox 419 2636 632 2707; baseline -0.014 -15"><span class='ocrx_word' id='word_1_186' title='bbox 419 2653 541 2707; x_wconf 79' lang='lat' dir='ltr'><strong>cap.</strong></span> <span class='ocrx_word' id='word_1_187' title='bbox 579 2636 632 2690; x_wconf 84' lang='lat'><strong>5.</strong></span> 
     </span>
    </p>
   </div>
   <div class='ocr_carea' id='block_1_28' title="bbox 480 2743 1988 2815">
    <p class='ocr_par' dir='ltr' id='par_1_28' title="bbox 480 2743 1988 2815">
     <span class='ocr_line' id='line_1_28' title="bbox 480 2743 1988 2815; baseline 0 -17"><span class='ocrx_word' id='word_1_188' title='bbox 480 2744 733 2798; x_wconf 78' lang='lat' dir='ltr'><strong>Attamen</strong></span> <span class='ocrx_word' id='word_1_189' title='bbox 761 2745 963 2815; x_wconf 78' lang='lat' dir='ltr'><strong>ingenti</strong></span> <span class='ocrx_word' id='word_1_190' title='bbox 997 2743 1122 2798; x_wconf 89' lang='lat' dir='ltr'><strong>huic</strong></span> <span class='ocrx_word' id='word_1_191' title='bbox 1153 2743 1294 2798; x_wconf 88' lang='lat' dir='ltr'><strong>libro</strong></span> <span class='ocrx_word' id='word_1_192' title='bbox 1311 2759 1427 2798; x_wconf 91' lang='lat' dir='ltr'><strong>rum</strong></span> <span class='ocrx_word' id='word_1_193' title='bbox 1470 2745 1661 2813; x_wconf 68' lang='lat' dir='ltr'><strong>copiae,</strong></span> <span class='ocrx_word' id='word_1_194' title='bbox 1709 2758 1869 2814; x_wconf 87' lang='lat' dir='ltr'><strong>quam</strong></span> <span class='ocrx_word' id='word_1_195' title='bbox 1905 2745 1988 2798; x_wconf 90' lang='lat' dir='ltr'><strong>in-</strong></span> 
     </span>
    </p>
   </div>
   <div class='ocr_carea' id='block_1_29' title="bbox 411 2835 1986 2902">
    <p class='ocr_par' dir='ltr' id='par_1_29' title="bbox 411 2835 1986 2902">
     <span class='ocr_line' id='line_1_29' title="bbox 411 2835 1986 2902; baseline 0.001 -14"><span class='ocrx_word' id='word_1_196' title='bbox 411 2835 804 2890; x_wconf 88' lang='lat' dir='ltr'><strong>numerabilem</strong></span> <span class='ocrx_word' id='word_1_197' title='bbox 832 2851 953 2890; x_wconf 89' lang='lat' dir='ltr'><strong>esse</strong></span> <span class='ocrx_word' id='word_1_198' title='bbox 985 2836 1172 2890; x_wconf 92' lang='lat' dir='ltr'><strong>dicunt</strong></span> <span class='ocrx_word' id='word_1_199' title='bbox 1217 2835 1481 2902; x_wconf 90' lang='lat' dir='ltr'><strong>nonnulli,</strong></span> <span class='ocrx_word' id='word_1_200' title='bbox 1513 2845 1721 2892; x_wconf 92' lang='lat' dir='ltr'><strong>certum</strong></span> <span class='ocrx_word' id='word_1_201' title='bbox 1759 2836 1849 2890; x_wconf 92' lang='lat' dir='ltr'><strong>alii</strong></span> <span class='ocrx_word' id='word_1_202' title='bbox 1883 2852 1986 2890; x_wconf 81' lang='lat' dir='ltr'><strong>nu-</strong></span> 
     </span>
    </p>
   </div>
   <div class='ocr_carea' id='block_1_30' title="bbox 413 2925 1981 2997">
    <p class='ocr_par' dir='ltr' id='par_1_30' title="bbox 413 2925 1981 2997">
     <span class='ocr_line' id='line_1_30' title="bbox 413 2925 1981 2997; baseline 0.001 -19"><span class='ocrx_word' id='word_1_203' title='bbox 413 2940 621 2980; x_wconf 84' lang='lat' dir='ltr'><strong>merum</strong></span> <span class='ocrx_word' id='word_1_204' title='bbox 667 2927 1032 2997; x_wconf 79' lang='lat' dir='ltr'><strong>assignarunt.</strong></span> <span class='ocrx_word' id='word_1_205' title='bbox 1080 2925 1416 2996; x_wconf 87' lang='lat' dir='ltr'><strong>Epiphanius</strong></span> <span class='ocrx_word' id='word_1_206' title='bbox 1446 2927 1580 2982; x_wconf 59' lang='lat' dir='ltr'><strong>hair.</strong></span> <span class='ocrx_word' id='word_1_207' title='bbox 1613 2926 1705 2994; x_wconf 69' lang='lat'><strong>64,</strong></span> <span class='ocrx_word' id='word_1_208' title='bbox 1735 2941 1857 2996; x_wconf 89' lang='lat' dir='ltr'><strong>cap.</strong></span> <span class='ocrx_word' id='word_1_209' title='bbox 1889 2925 1981 2992; x_wconf 76' lang='lat'><strong>63,</strong></span> 
     </span>
    </p>
   </div>
   <div class='ocr_carea' id='block_1_31' title="bbox 413 3015 1989 3085">
    <p class='ocr_par' dir='ltr' id='par_1_31' title="bbox 413 3015 1989 3085">
     <span class='ocr_line' id='line_1_31' title="bbox 413 3015 1989 3085; baseline 0.001 -16"><span class='ocrx_word' id='word_1_210' title='bbox 413 3017 786 3085; x_wconf 89' lang='lat' dir='ltr'><strong>percrebuisse</strong></span> <span class='ocrx_word' id='word_1_211' title='bbox 815 3027 1002 3071; x_wconf 91' lang='lat' dir='ltr'><strong>narrat</strong></span> <span class='ocrx_word' id='word_1_212' title='bbox 1027 3031 1120 3072; x_wconf 87' lang='lat' dir='ltr'><strong>sex</strong></span> <span class='ocrx_word' id='word_1_213' title='bbox 1153 3017 1414 3072; x_wconf 91' lang='lat' dir='ltr'><strong>librorum</strong></span> <span class='ocrx_word' id='word_1_214' title='bbox 1441 3017 1606 3070; x_wconf 89' lang='lat' dir='ltr'><strong>millia</strong></span> <span class='ocrx_word' id='word_1_215' title='bbox 1641 3015 1711 3071; x_wconf 90' lang='lat' dir='ltr'><strong>ab</strong></span> <span class='ocrx_word' id='word_1_216' title='bbox 1731 3031 1796 3071; x_wconf 91' lang='lat' dir='ltr'><strong>eo</strong></span> <span class='ocrx_word' id='word_1_217' title='bbox 1821 3015 1989 3070; x_wconf 89' lang='lat' dir='ltr'><strong>fuisse</strong></span> 
     </span>
    </p>
   </div>
   <div class='ocr_carea' id='block_1_32' title="bbox 409 3105 1989 3178">
    <p class='ocr_par' dir='ltr' id='par_1_32' title="bbox 409 3105 1989 3178">
     <span class='ocr_line' id='line_1_32' title="bbox 409 3105 1989 3178; baseline -0.001 -16"><span class='ocrx_word' id='word_1_218' title='bbox 409 3107 738 3177; x_wconf 85' lang='lat' dir='ltr'><strong>conscripta.</strong></span> <span class='ocrx_word' id='word_1_219' title='bbox 775 3109 952 3177; x_wconf 86' lang='lat' dir='ltr'><strong>Atque</strong></span> <span class='ocrx_word' id='word_1_220' title='bbox 999 3108 1054 3163; x_wconf 88' lang='lat' dir='ltr'><strong>id</strong></span> <span class='ocrx_word' id='word_1_221' title='bbox 1101 3122 1171 3162; x_wconf 88' lang='lat' dir='ltr'><strong>ex</strong></span> <span class='ocrx_word' id='word_1_222' title='bbox 1214 3107 1396 3178; x_wconf 88' lang='lat' dir='ltr'><strong>seipso</strong></span> <span class='ocrx_word' id='word_1_223' title='bbox 1430 3105 1617 3173; x_wconf 83' lang='lat' dir='ltr'><strong>refert,</strong></span> <span class='ocrx_word' id='word_1_224' title='bbox 1648 3122 1752 3160; x_wconf 90' lang='lat' dir='ltr'><strong>non</strong></span> <span class='ocrx_word' id='word_1_225' title='bbox 1782 3122 1848 3161; x_wconf 84' lang='lat' dir='ltr'><strong>ex</strong></span> <span class='ocrx_word' id='word_1_226' title='bbox 1878 3106 1989 3161; x_wconf 83' lang='lat' dir='ltr'><strong>Me-</strong></span> 
     </span>
    </p>
   </div>
   <div class='ocr_carea' id='block_1_33' title="bbox 410 3197 1979 3269">
    <p class='ocr_par' dir='ltr' id='par_1_33' title="bbox 410 3197 1979 3269">
     <span class='ocr_line' id='line_1_33' title="bbox 410 3197 1979 3269; baseline -0.002 -15"><span class='ocrx_word' id='word_1_227' title='bbox 410 3200 618 3265; x_wconf 91' lang='lat' dir='ltr'><strong>thodio,</strong></span> <span class='ocrx_word' id='word_1_228' title='bbox 670 3207 728 3253; x_wconf 92' lang='lat' dir='ltr'><strong>ut</strong></span> <span class='ocrx_word' id='word_1_229' title='bbox 777 3214 1059 3269; x_wconf 89' lang='lat' dir='ltr'><strong>perperam</strong></span> <span class='ocrx_word' id='word_1_230' title='bbox 1099 3207 1419 3253; x_wconf 82' lang='lat' dir='ltr'><strong>asseverant</strong></span> <span class='ocrx_word' id='word_1_231' title='bbox 1460 3197 1979 3267; x_wconf 82' lang='lat' dir='ltr'><strong>Magdeburgenses,</strong></span> 
     </span>
    </p>
   </div>
   <div class='ocr_carea' id='block_1_34' title="bbox 408 3287 1982 3361">
    <p class='ocr_par' dir='ltr' id='par_1_34' title="bbox 408 3287 1982 3361">
     <span class='ocr_line' id='line_1_34' title="bbox 408 3287 1982 3361; baseline -0.004 -13"><span class='ocrx_word' id='word_1_232' title='bbox 408 3303 554 3348; x_wconf 87' lang='lat' dir='ltr'><strong>cent.</strong></span> <span class='ocrx_word' id='word_1_233' title='bbox 583 3295 640 3356; x_wconf 76' lang='lat'><strong>3,</strong></span> <span class='ocrx_word' id='word_1_234' title='bbox 673 3307 793 3361; x_wconf 90' lang='lat' dir='ltr'><strong>cap.</strong></span> <span class='ocrx_word' id='word_1_235' title='bbox 826 3292 915 3347; x_wconf 81' lang='grc'><strong>10.</strong></span> <span class='ocrx_word' id='word_1_236' title='bbox 951 3292 1217 3346; x_wconf 89' lang='lat' dir='ltr'><strong>Eumdem</strong></span> <span class='ocrx_word' id='word_1_237' title='bbox 1242 3294 1525 3360; x_wconf 84' lang='lat' dir='ltr'><strong>assignant</strong></span> <span class='ocrx_word' id='word_1_238' title='bbox 1555 3304 1840 3344; x_wconf 89' lang='lat' dir='ltr'><strong>numerum</strong></span> <span class='ocrx_word' id='word_1_239' title='bbox 1871 3287 1982 3342; x_wconf 89' lang='lat' dir='ltr'><strong>Ho-</strong></span> 
     </span>
    </p>
   </div>
   <div class='ocr_carea' id='block_1_35' title="bbox 410 3380 1983 3454">
    <p class='ocr_par' dir='ltr' id='par_1_35' title="bbox 410 3380 1983 3454">
     <span class='ocr_line' id='line_1_35' title="bbox 410 3380 1983 3454; baseline -0.004 -14"><span class='ocrx_word' id='word_1_240' title='bbox 410 3387 600 3440; x_wconf 91' lang='lat' dir='ltr'><strong>norius</strong></span> <span class='ocrx_word' id='word_1_241' title='bbox 627 3383 1135 3454; x_wconf 86' lang='lat' dir='ltr'><strong>Augustodunensis</strong></span> <span class='ocrx_word' id='word_1_242' title='bbox 1170 3382 1249 3436; x_wconf 90' lang='lat' dir='ltr'><strong>De</strong></span> <span class='ocrx_word' id='word_1_243' title='bbox 1286 3381 1471 3448; x_wconf 77' lang='lat' dir='ltr'><strong>script.</strong></span> <span class='ocrx_word' id='word_1_244' title='bbox 1503 3381 1709 3442; x_wconf 83' lang='lat' dir='ltr'><strong>eccles.,</strong></span> <span class='ocrx_word' id='word_1_245' title='bbox 1743 3395 1863 3448; x_wconf 90' lang='lat' dir='ltr'><strong>cap.</strong></span> <span class='ocrx_word' id='word_1_246' title='bbox 1893 3380 1983 3446; x_wconf 84' lang='lat'><strong>55,</strong></span> 
     </span>
    </p>
   </div>
   <div class='ocr_carea' id='block_1_36' title="bbox 409 3469 1987 3537">
    <p class='ocr_par' dir='ltr' id='par_1_36' title="bbox 409 3469 1987 3537">
     <span class='ocr_line' id='line_1_36' title="bbox 409 3469 1987 3537; baseline -0.004 -6"><span class='ocrx_word' id='word_1_247' title='bbox 409 3485 464 3532; x_wconf 90' lang='lat' dir='ltr'><strong>et</strong></span> <span class='ocrx_word' id='word_1_248' title='bbox 506 3475 783 3530; x_wconf 89' lang='lat' dir='ltr'><strong>Cedrenns</strong></span> <span class='ocrx_word' id='word_1_249' title='bbox 828 3475 894 3526; x_wconf 64' lang='lat' dir='ltr'><strong>in’</strong></span> <span class='ocrx_word' id='word_1_250' title='bbox 935 3473 1149 3537; x_wconf 82' lang='lat' dir='ltr'><strong>Severo,</strong></span> <span class='ocrx_word' id='word_1_251' title='bbox 1187 3481 1242 3528; x_wconf 86' lang='lat' dir='ltr'><strong>et</strong></span> <span class='ocrx_word' id='word_1_252' title='bbox 1294 3488 1360 3528; x_wconf 85' lang='lat' dir='ltr'><strong>ex</strong></span> <span class='ocrx_word' id='word_1_253' title='bbox 1395 3473 1642 3528; x_wconf 89' lang='lat' dir='ltr'><strong>Cedreno</strong></span> <span class='ocrx_word' id='word_1_254' title='bbox 1694 3469 1890 3526; x_wconf 90' lang='lat' dir='ltr'><strong>Suidas</strong></span> <span class='ocrx_word' id='word_1_255' title='bbox 1930 3472 1987 3524; x_wconf 88' lang='lat' dir='ltr'><strong>in</strong></span> 
     </span>
    </p>
   </div>
   <div class='ocr_carea' id='block_1_37' title="bbox 410 3563 1989 3637">
    <p class='ocr_par' dir='ltr' id='par_1_37' title="bbox 410 3563 1989 3637">
     <span class='ocr_line' id='line_1_37' title="bbox 410 3563 1989 3637; baseline -0.003 -16"><span class='ocrx_word' id='word_1_256' title='bbox 410 3568 656 3637; x_wconf 85' lang='lat' dir='ltr'><strong>Origene,</strong></span> <span class='ocrx_word' id='word_1_257' title='bbox 687 3574 742 3618; x_wconf 92' lang='lat' dir='ltr'><strong>et</strong></span> <span class='ocrx_word' id='word_1_258' title='bbox 773 3563 968 3634; x_wconf 89' lang='lat' dir='ltr'><strong>Glycas</strong></span> <span class='ocrx_word' id='word_1_259' title='bbox 997 3573 1142 3634; x_wconf 90' lang='lat' dir='ltr'><strong>part.</strong></span> <span class='ocrx_word' id='word_1_260' title='bbox 1186 3580 1274 3628; x_wconf 86' lang='lat' dir='ltr'><strong>Ill,</strong></span> <span class='ocrx_word' id='word_1_261' title='bbox 1301 3564 1496 3618; x_wconf 81' lang='lat' dir='ltr'><strong>Annal.</strong></span> <span class='ocrx_word' id='word_1_262' title='bbox 1547 3563 1814 3618; x_wconf 66' lang='lat' dir='ltr'><strong>Praeterea</strong></span> <span class='ocrx_word' id='word_1_263' title='bbox 1841 3563 1989 3618; x_wconf 82' lang='lat' dir='ltr'><strong>Rufi-</strong></span> 
     </span>
    </p>
   </div>
   <div class='ocr_carea' id='block_1_38' title="bbox 411 3652 1983 3724">
    <p class='ocr_par' dir='ltr' id='par_1_38' title="bbox 411 3652 1983 3724">
     <span class='ocr_line' id='line_1_38' title="bbox 411 3652 1983 3724; baseline -0.004 -10"><span class='ocrx_word' id='word_1_264' title='bbox 411 3674 516 3714; x_wconf 86' lang='lat' dir='ltr'><strong>nus</strong></span> <span class='ocrx_word' id='word_1_265' title='bbox 547 3661 600 3712; x_wconf 91' lang='lat' dir='ltr'><strong>in</strong></span> <span class='ocrx_word' id='word_1_266' title='bbox 644 3656 824 3712; x_wconf 92' lang='lat' dir='ltr'><strong>libello</strong></span> <span class='ocrx_word' id='word_1_267' title='bbox 863 3655 941 3710; x_wconf 85' lang='lat' dir='ltr'><strong>De</strong></span> <span class='ocrx_word' id='word_1_268' title='bbox 979 3655 1366 3710; x_wconf 83' lang='lat' dir='ltr'><strong>adulteratione</strong></span> <span class='ocrx_word' id='word_1_269' title='bbox 1410 3655 1662 3708; x_wconf 86' lang='lat' dir='ltr'><strong>librorum</strong></span> <span class='ocrx_word' id='word_1_270' title='bbox 1717 3652 1983 3724; x_wconf 74' lang='lat' dir='ltr'><strong>Origenis,</strong></span> 
     </span>
    </p>
   </div>
   <div class='ocr_carea' id='block_1_39' title="bbox 409 3747 1987 3818">
    <p class='ocr_par' dir='ltr' id='par_1_39' title="bbox 409 3747 1987 3818">
     <span class='ocr_line' id='line_1_39' title="bbox 409 3747 1987 3818; baseline -0.002 -13"><span class='ocrx_word' id='word_1_271' title='bbox 409 3753 477 3805; x_wconf 89' lang='lat' dir='ltr'><strong>de</strong></span> <span class='ocrx_word' id='word_1_272' title='bbox 526 3747 826 3818; x_wconf 81' lang='lat' dir='ltr'><strong>Epiphanio</strong></span> <span class='ocrx_word' id='word_1_273' title='bbox 861 3748 930 3801; x_wconf 85' lang='lat' dir='ltr'><strong>ita</strong></span> <span class='ocrx_word' id='word_1_274' title='bbox 986 3747 1268 3817; x_wconf 89' lang='lat' dir='ltr'><strong>loquitur:</strong></span> <span class='ocrx_word' id='word_1_275' title='bbox 1302 3766 1320 3798; x_wconf 73' lang='grc' dir='ltr'>ι</span> <span class='ocrx_word' id='word_1_276' title='bbox 1353 3748 1590 3817; x_wconf 89' lang='lat' dir='ltr'><strong>Denique</strong></span> <span class='ocrx_word' id='word_1_277' title='bbox 1638 3749 1858 3817; x_wconf 89' lang='lat' dir='ltr'><strong>quidam</strong></span> <span class='ocrx_word' id='word_1_278' title='bbox 1919 3763 1987 3804; x_wconf 90' lang='lat' dir='ltr'><strong>ex</strong></span> 
     </span>
    </p>
   </div>
   <div class='ocr_carea' id='block_1_40' title="bbox 409 3838 1976 3909">
    <p class='ocr_par' dir='ltr' id='par_1_40' title="bbox 409 3838 1976 3909">
     <span class='ocr_line' id='line_1_40' title="bbox 409 3838 1976 3909; baseline -0.003 -13"><span class='ocrx_word' id='word_1_279' title='bbox 409 3840 564 3909; x_wconf 77' lang='lat' dir='ltr'><strong>ipsis,</strong></span> <span class='ocrx_word' id='word_1_280' title='bbox 596 3839 688 3909; x_wconf 88' lang='lat' dir='ltr'><strong>qui</strong></span> <span class='ocrx_word' id='word_1_281' title='bbox 731 3854 788 3894; x_wconf 90' lang='lat' dir='ltr'><strong>se</strong></span> <span class='ocrx_word' id='word_1_282' title='bbox 820 3838 965 3893; x_wconf 91' lang='lat' dir='ltr'><strong>velut</strong></span> <span class='ocrx_word' id='word_1_283' title='bbox 1007 3838 1416 3909; x_wconf 85' lang='lat' dir='ltr'><strong>evangelizandi</strong></span> <span class='ocrx_word' id='word_1_284' title='bbox 1468 3840 1847 3894; x_wconf 83' lang='lat' dir='ltr'><strong>necessitatem</strong></span> <span class='ocrx_word' id='word_1_285' title='bbox 1881 3855 1976 3909; x_wconf 86' lang='lat' dir='ltr'><strong>per</strong></span> 
     </span>
    </p>
   </div>
   <div class='ocr_carea' id='block_1_41' title="bbox 410 3929 1984 4001">
    <p class='ocr_par' dir='ltr' id='par_1_41' title="bbox 410 3929 1984 4001">
     <span class='ocr_line' id='line_1_41' title="bbox 410 3929 1984 4001; baseline 0.001 -17"><span class='ocrx_word' id='word_1_286' title='bbox 410 3947 603 3986; x_wconf 84' lang='lat' dir='ltr'><strong>omnes</strong></span> <span class='ocrx_word' id='word_1_287' title='bbox 643 3941 853 4001; x_wconf 79' lang='lat' dir='ltr'><strong>gentes,</strong></span> <span class='ocrx_word' id='word_1_288' title='bbox 898 3939 953 3983; x_wconf 91' lang='lat' dir='ltr'><strong>et</strong></span> <span class='ocrx_word' id='word_1_289' title='bbox 1003 3943 1102 3999; x_wconf 90' lang='lat' dir='ltr'><strong>per</strong></span> <span class='ocrx_word' id='word_1_290' title='bbox 1129 3944 1316 3984; x_wconf 91' lang='lat' dir='ltr'><strong>omnes</strong></span> <span class='ocrx_word' id='word_1_291' title='bbox 1342 3929 1551 3999; x_wconf 82' lang='lat' dir='ltr'><strong>linguas</strong></span> <span class='ocrx_word' id='word_1_292' title='bbox 1578 3931 1779 3985; x_wconf 90' lang='lat' dir='ltr'><strong>habere</strong></span> <span class='ocrx_word' id='word_1_293' title='bbox 1809 3939 1984 4001; x_wconf 90' lang='lat' dir='ltr'><strong>putat,</strong></span> 
     </span>
    </p>
   </div>
   <div class='ocr_carea' id='block_1_42' title="bbox 409 4018 1981 4092">
    <p class='ocr_par' dir='ltr' id='par_1_42' title="bbox 409 4018 1981 4092">
     <span class='ocr_line' id='line_1_42' title="bbox 409 4018 1981 4092; baseline -0.002 -14"><span class='ocrx_word' id='word_1_294' title='bbox 409 4025 475 4078; x_wconf 85' lang='lat' dir='ltr'><strong>de</strong></span> <span class='ocrx_word' id='word_1_295' title='bbox 503 4020 735 4092; x_wconf 78' lang='lat' dir='ltr'><strong>Origene</strong></span> <span class='ocrx_word' id='word_1_296' title='bbox 759 4019 903 4074; x_wconf 87' lang='lat' dir='ltr'><strong>male</strong></span> <span class='ocrx_word' id='word_1_297' title='bbox 936 4019 1212 4089; x_wconf 88' lang='lat' dir='ltr'><strong>loquendi,</strong></span> <span class='ocrx_word' id='word_1_298' title='bbox 1250 4033 1345 4074; x_wconf 90' lang='lat' dir='ltr'><strong>sex</strong></span> <span class='ocrx_word' id='word_1_299' title='bbox 1369 4018 1536 4074; x_wconf 90' lang='lat' dir='ltr'><strong>millia</strong></span> <span class='ocrx_word' id='word_1_300' title='bbox 1577 4019 1838 4075; x_wconf 88' lang='lat' dir='ltr'><strong>librorum</strong></span> <span class='ocrx_word' id='word_1_301' title='bbox 1863 4020 1981 4088; x_wconf 87' lang='lat' dir='ltr'><strong>ejus</strong></span> 
     </span>
    </p>
   </div>
   <div class='ocr_carea' id='block_1_43' title="bbox 413 4111 1988 4183">
    <p class='ocr_par' dir='ltr' id='par_1_43' title="bbox 413 4111 1988 4183">
     <span class='ocr_line' id='line_1_43' title="bbox 413 4111 1988 4183; baseline -0.002 -13"><span class='ocrx_word' id='word_1_302' title='bbox 413 4128 476 4170; x_wconf 79' lang='lat' dir='ltr'><strong>se</strong></span> <span class='ocrx_word' id='word_1_303' title='bbox 519 4114 711 4183; x_wconf 76' lang='lat' dir='ltr'><strong>legisse</strong></span> <span class='ocrx_word' id='word_1_304' title='bbox 767 4111 1167 4182; x_wconf 89' lang='lat' dir='ltr'><strong>quamplurima</strong></span> <span class='ocrx_word' id='word_1_305' title='bbox 1219 4111 1447 4166; x_wconf 79' lang='lat' dir='ltr'><strong>fratrum</strong></span> <span class='ocrx_word' id='word_1_306' title='bbox 1489 4111 1837 4167; x_wconf 86' lang='lat' dir='ltr'><strong>multitudine</strong></span> <span class='ocrx_word' id='word_1_307' title='bbox 1887 4128 1988 4167; x_wconf 80' lang='lat' dir='ltr'><strong>au-</strong></span> 
     </span>
    </p>
   </div>
   <div class='ocr_carea' id='block_1_44' title="bbox 411 4201 1987 4273">
    <p class='ocr_par' dir='ltr' id='par_1_44' title="bbox 411 4201 1987 4273">
     <span class='ocr_line' id='line_1_44' title="bbox 411 4201 1987 4273; baseline -0.001 -14"><span class='ocrx_word' id='word_1_308' title='bbox 411 4205 592 4259; x_wconf 89' lang='lat' dir='ltr'><strong>diente</strong></span> <span class='ocrx_word' id='word_1_309' title='bbox 639 4201 922 4258; x_wconf 89' lang='lat' dir='ltr'><strong>confessus</strong></span> <span class='ocrx_word' id='word_1_310' title='bbox 957 4209 1060 4258; x_wconf 91' lang='lat' dir='ltr'><strong>est.</strong></span> <span class='ocrx_word' id='word_1_311' title='bbox 1093 4219 1114 4252; x_wconf 72' lang='grc' dir='ltr'><strong><em>ι</em></strong></span> <span class='ocrx_word' id='word_1_312' title='bbox 1151 4201 1233 4256; x_wconf 87' lang='lat' dir='ltr'><strong>Ad</strong></span> <span class='ocrx_word' id='word_1_313' title='bbox 1279 4215 1341 4255; x_wconf 90' lang='lat' dir='ltr'><strong>ea</strong></span> <span class='ocrx_word' id='word_1_314' title='bbox 1379 4201 1757 4273; x_wconf 88' lang='lat' dir='ltr'><strong>Hieronymus,</strong></span> <span class='ocrx_word' id='word_1_315' title='bbox 1798 4202 1891 4270; x_wconf 91' lang='lat' dir='ltr'><strong>qui</strong></span> <span class='ocrx_word' id='word_1_316' title='bbox 1929 4217 1987 4257; x_wconf 90' lang='lat' dir='ltr'><strong>se</strong></span> 
     </span>
    </p>
   </div>
   <div class='ocr_carea' id='block_1_45' title="bbox 407 4291 1980 4363">
    <p class='ocr_par' dir='ltr' id='par_1_45' title="bbox 407 4291 1980 4363">
     <span class='ocr_line' id='line_1_45' title="bbox 407 4291 1980 4363; baseline -0.001 -15"><span class='ocrx_word' id='word_1_317' title='bbox 407 4293 592 4348; x_wconf 89' lang='lat' dir='ltr'><strong>omnia</strong></span> <span class='ocrx_word' id='word_1_318' title='bbox 631 4292 885 4362; x_wconf 87' lang='lat' dir='ltr'><strong>Origenis</strong></span> <span class='ocrx_word' id='word_1_319' title='bbox 920 4292 1144 4357; x_wconf 88' lang='lat' dir='ltr'><strong>habere,</strong></span> <span class='ocrx_word' id='word_1_320' title='bbox 1172 4291 1367 4360; x_wconf 77' lang='lat' dir='ltr'><strong>legisse</strong></span> <span class='ocrx_word' id='word_1_321' title='bbox 1410 4306 1538 4346; x_wconf 92' lang='lat' dir='ltr'><strong>vero</strong></span> <span class='ocrx_word' id='word_1_322' title='bbox 1578 4293 1980 4363; x_wconf 79' lang='lat' dir='ltr'><strong>quamplurima.</strong></span> 
     </span>
    </p>
   </div>
   <div class='ocr_carea' id='block_1_46' title="bbox 403 4383 1984 4455">
    <p class='ocr_par' dir='ltr' id='par_1_46' title="bbox 403 4383 1984 4455">
     <span class='ocr_line' id='line_1_46' title="bbox 403 4383 1984 4455; baseline 0.001 -19"><span class='ocrx_word' id='word_1_323' title='bbox 403 4385 645 4454; x_wconf 89' lang='lat' dir='ltr'><strong>jactabat</strong></span> <span class='ocrx_word' id='word_1_324' title='bbox 692 4383 818 4438; x_wconf 85' lang='lat' dir='ltr'><strong>libr.</strong></span> <span class='ocrx_word' id='word_1_325' title='bbox 864 4398 906 4438; x_wconf 87' lang='grc' dir='ltr'><strong>ιι</strong></span> <span class='ocrx_word' id='word_1_326' title='bbox 972 4383 1151 4453; x_wconf 82' lang='lat' dir='ltr'><strong>Apol.,</strong></span> <span class='ocrx_word' id='word_1_327' title='bbox 1189 4397 1311 4452; x_wconf 89' lang='lat' dir='ltr'><strong>cap.</strong></span> <span class='ocrx_word' id='word_1_328' title='bbox 1355 4383 1410 4450; x_wconf 75' lang='grc'>4,</span> <span class='ocrx_word' id='word_1_329' title='bbox 1439 4384 1554 4439; x_wconf 84' lang='lat' dir='ltr'><strong>haec</strong></span> <span class='ocrx_word' id='word_1_330' title='bbox 1610 4387 1822 4455; x_wconf 89' lang='lat' dir='ltr'><strong>reponit</strong></span> <span class='ocrx_word' id='word_1_331' title='bbox 1863 4385 1984 4439; x_wconf 88' lang='lat' dir='ltr'><strong>libri</strong></span> 
     </span>
    </p>
   </div>
   <div class='ocr_carea' id='block_1_47' title="bbox 407 4473 1986 4545">
    <p class='ocr_par' dir='ltr' id='par_1_47' title="bbox 407 4473 1986 4545">
     <span class='ocr_line' id='line_1_47' title="bbox 407 4473 1986 4545; baseline 0.001 -16"><span class='ocrx_word' id='word_1_332' title='bbox 407 4475 652 4541; x_wconf 85' lang='lat' dir='ltr'><strong>ejusdem</strong></span> <span class='ocrx_word' id='word_1_333' title='bbox 682 4483 836 4530; x_wconf 89' lang='lat' dir='ltr'><strong>sexto</strong></span> <span class='ocrx_word' id='word_1_334' title='bbox 867 4475 1044 4545; x_wconf 90' lang='lat' dir='ltr'><strong>capite</strong></span> <span class='ocrx_word' id='word_1_335' title='bbox 1073 4491 1087 4528; x_wconf 90' lang='lat'><strong>:</strong></span> <span class='ocrx_word' id='word_1_336' title='bbox 1131 4493 1150 4526; x_wconf 85' lang='grc'><em>‹</em></span> <span class='ocrx_word' id='word_1_337' title='bbox 1185 4473 1261 4529; x_wconf 90' lang='lat' dir='ltr'><strong>De</strong></span> <span class='ocrx_word' id='word_1_338' title='bbox 1291 4489 1384 4529; x_wconf 86' lang='lat' dir='ltr'><strong>sex</strong></span> <span class='ocrx_word' id='word_1_339' title='bbox 1432 4476 1666 4530; x_wconf 90' lang='lat' dir='ltr'><strong>millibus</strong></span> <span class='ocrx_word' id='word_1_340' title='bbox 1710 4487 1888 4532; x_wconf 89' lang='lat' dir='ltr'><strong>autem</strong></span> <span class='ocrx_word' id='word_1_341' title='bbox 1921 4477 1986 4530; x_wconf 84' lang='lat' dir='ltr'><strong>li-</strong></span> 
     </span>
    </p>
   </div>
   <div class='ocr_carea' id='block_1_48' title="bbox 411 4566 1987 4640">
    <p class='ocr_par' dir='ltr' id='par_1_48' title="bbox 411 4566 1987 4640">
     <span class='ocr_line' id='line_1_48' title="bbox 411 4566 1987 4640; baseline 0.002 -20"><span class='ocrx_word' id='word_1_342' title='bbox 411 4567 656 4629; x_wconf 91' lang='lat' dir='ltr'><strong>brorum,</strong></span> <span class='ocrx_word' id='word_1_343' title='bbox 687 4581 826 4637; x_wconf 89' lang='lat' dir='ltr'><strong>quos</strong></span> <span class='ocrx_word' id='word_1_344' title='bbox 853 4566 920 4619; x_wconf 93' lang='lat' dir='ltr'><strong>ab</strong></span> <span class='ocrx_word' id='word_1_345' title='bbox 949 4581 1014 4620; x_wconf 89' lang='lat' dir='ltr'><strong>eo</strong></span> <span class='ocrx_word' id='word_1_346' title='bbox 1041 4581 1162 4621; x_wconf 88' lang='lat' dir='ltr'><strong>esse</strong></span> <span class='ocrx_word' id='word_1_347' title='bbox 1207 4567 1379 4624; x_wconf 90' lang='lat' dir='ltr'><strong>lectos</strong></span> <span class='ocrx_word' id='word_1_348' title='bbox 1409 4569 1695 4640; x_wconf 79' lang='lat' dir='ltr'><strong>contingis,</strong></span> <span class='ocrx_word' id='word_1_349' title='bbox 1724 4569 1845 4638; x_wconf 84' lang='lat' dir='ltr'><strong>quis</strong></span> <span class='ocrx_word' id='word_1_350' title='bbox 1873 4583 1987 4623; x_wconf 90' lang='lat' dir='ltr'><strong>cre-</strong></span> 
     </span>
    </p>
   </div>
   <div class='ocr_carea' id='block_1_49' title="bbox 411 4659 1986 4730">
    <p class='ocr_par' dir='ltr' id='par_1_49' title="bbox 411 4659 1986 4730">
     <span class='ocr_line' id='line_1_49' title="bbox 411 4659 1986 4730; baseline 0.002 -19"><span class='ocrx_word' id='word_1_351' title='bbox 411 4660 503 4711; x_wconf 89' lang='lat' dir='ltr'><strong>dat</strong></span> <span class='ocrx_word' id='word_1_352' title='bbox 547 4667 642 4711; x_wconf 89' lang='lat' dir='ltr'><strong>aut</strong></span> <span class='ocrx_word' id='word_1_353' title='bbox 684 4668 736 4713; x_wconf 93' lang='lat' dir='ltr'><strong>te</strong></span> <span class='ocrx_word' id='word_1_354' title='bbox 778 4674 964 4714; x_wconf 87' lang='lat' dir='ltr'><strong>verum</strong></span> <span class='ocrx_word' id='word_1_355' title='bbox 1009 4659 1212 4724; x_wconf 88' lang='lat' dir='ltr'><strong>dicere,</strong></span> <span class='ocrx_word' id='word_1_356' title='bbox 1236 4669 1330 4715; x_wconf 89' lang='lat' dir='ltr'><strong>aut</strong></span> <span class='ocrx_word' id='word_1_357' title='bbox 1375 4661 1523 4714; x_wconf 89' lang='lat' dir='ltr'><strong>illum</strong></span> <span class='ocrx_word' id='word_1_358' title='bbox 1553 4660 1792 4730; x_wconf 90' lang='lat' dir='ltr'><strong>potuisse</strong></span> <span class='ocrx_word' id='word_1_359' title='bbox 1831 4675 1986 4714; x_wconf 81' lang='lat' dir='ltr'><strong>men-</strong></span> 
     </span>
    </p>
   </div>
   <div class='ocr_carea' id='block_1_50' title="bbox 413 4748 1983 4820">
    <p class='ocr_par' dir='ltr' id='par_1_50' title="bbox 413 4748 1983 4820">
     <span class='ocr_line' id='line_1_50' title="bbox 413 4748 1983 4820; baseline 0.002 -18"><span class='ocrx_word' id='word_1_360' title='bbox 413 4749 544 4803; x_wconf 81' lang='lat' dir='ltr'><strong>tiri?</strong></span> <span class='ocrx_word' id='word_1_361' title='bbox 568 4748 623 4803; x_wconf 91' lang='lat' dir='ltr'><strong>Si</strong></span> <span class='ocrx_word' id='word_1_362' title='bbox 653 4749 798 4804; x_wconf 91' lang='lat' dir='ltr'><strong>enim</strong></span> <span class='ocrx_word' id='word_1_363' title='bbox 829 4748 1101 4820; x_wconf 80' lang='lat' dir='ltr'><strong>Origenes</strong></span> <span class='ocrx_word' id='word_1_364' title='bbox 1127 4766 1223 4806; x_wconf 86' lang='lat' dir='ltr'><strong>sex</strong></span> <span class='ocrx_word' id='word_1_365' title='bbox 1268 4751 1433 4805; x_wconf 91' lang='lat' dir='ltr'><strong>millia</strong></span> <span class='ocrx_word' id='word_1_366' title='bbox 1468 4751 1779 4819; x_wconf 87' lang='lat' dir='ltr'><strong>scripsisset</strong></span> <span class='ocrx_word' id='word_1_367' title='bbox 1811 4751 1983 4806; x_wconf 86' lang='lat' dir='ltr'><strong>libro-</strong></span> 
     </span>
    </p>
   </div>
   <div class='ocr_carea' id='block_1_51' title="bbox 411 4841 1980 4910">
    <p class='ocr_par' dir='ltr' id='par_1_51' title="bbox 411 4841 1980 4910">
     <span class='ocr_line' id='line_1_51' title="bbox 411 4841 1980 4910; baseline 0.001 -14"><span class='ocrx_word' id='word_1_368' title='bbox 411 4856 552 4905; x_wconf 81' lang='lat' dir='ltr'><strong>mm,</strong></span> <span class='ocrx_word' id='word_1_369' title='bbox 587 4851 835 4910; x_wconf 86' lang='lat' dir='ltr'><strong>potuerat</strong></span> <span class='ocrx_word' id='word_1_370' title='bbox 886 4841 1001 4896; x_wconf 83' lang='lat' dir='ltr'><strong>ﬁeri</strong></span> <span class='ocrx_word' id='word_1_371' title='bbox 1053 4852 1110 4896; x_wconf 94' lang='lat' dir='ltr'><strong>ut</strong></span> <span class='ocrx_word' id='word_1_372' title='bbox 1151 4844 1237 4898; x_wconf 89' lang='lat' dir='ltr'><strong>vir</strong></span> <span class='ocrx_word' id='word_1_373' title='bbox 1268 4844 1532 4909; x_wconf 91' lang='lat' dir='ltr'><strong>eruditus,</strong></span> <span class='ocrx_word' id='word_1_374' title='bbox 1565 4853 1620 4897; x_wconf 90' lang='lat' dir='ltr'><strong>et</strong></span> <span class='ocrx_word' id='word_1_375' title='bbox 1655 4844 1723 4898; x_wconf 88' lang='lat' dir='ltr'><strong>ab</strong></span> <span class='ocrx_word' id='word_1_376' title='bbox 1753 4841 1980 4898; x_wconf 79' lang='lat' dir='ltr'><strong>infantia</strong></span> 
     </span>
    </p>
   </div>
   <div class='ocr_carea' id='block_1_52' title="bbox 406 4933 1983 5005">
    <p class='ocr_par' dir='ltr' id='par_1_52' title="bbox 406 4933 1983 5005">
     <span class='ocr_line' id='line_1_52' title="bbox 406 4933 1983 5005; baseline 0.001 -16"><span class='ocrx_word' id='word_1_377' title='bbox 406 4933 581 4989; x_wconf 90' lang='lat' dir='ltr'><strong>sacris</strong></span> <span class='ocrx_word' id='word_1_378' title='bbox 623 4934 820 4988; x_wconf 89' lang='lat' dir='ltr'><strong>litteris</strong></span> <span class='ocrx_word' id='word_1_379' title='bbox 857 4935 1140 4989; x_wconf 89' lang='lat' dir='ltr'><strong>institutus</strong></span> <span class='ocrx_word' id='word_1_380' title='bbox 1185 4950 1284 5005; x_wconf 92' lang='lat' dir='ltr'><strong>pro</strong></span> <span class='ocrx_word' id='word_1_381' title='bbox 1315 4935 1630 4990; x_wconf 87' lang='lat' dir='ltr'><strong>curiositate</strong></span> <span class='ocrx_word' id='word_1_382' title='bbox 1670 4945 1724 4989; x_wconf 89' lang='lat' dir='ltr'><strong>et</strong></span> <span class='ocrx_word' id='word_1_383' title='bbox 1758 4935 1983 4990; x_wconf 88' lang='lat' dir='ltr'><strong>scientia</strong></span> 
     </span>
    </p>
   </div>
   <div class='ocr_carea' id='block_1_53' title="bbox 409 5026 1987 5096">
    <p class='ocr_par' dir='ltr' id='par_1_53' title="bbox 409 5026 1987 5096">
     <span class='ocr_line' id='line_1_53' title="bbox 409 5026 1987 5096; baseline 0.001 -17"><span class='ocrx_word' id='word_1_384' title='bbox 409 5027 632 5096; x_wconf 83' lang='lat' dir='ltr'><strong>legisset</strong></span> <span class='ocrx_word' id='word_1_385' title='bbox 664 5027 881 5080; x_wconf 87' lang='lat' dir='ltr'><strong>aliena:</strong></span> <span class='ocrx_word' id='word_1_386' title='bbox 918 5026 1059 5095; x_wconf 82' lang='lat' dir='ltr'><strong>quod</strong></span> <span class='ocrx_word' id='word_1_387' title='bbox 1095 5042 1224 5082; x_wconf 88' lang='lat' dir='ltr'><strong>vero</strong></span> <span class='ocrx_word' id='word_1_388' title='bbox 1279 5027 1367 5082; x_wconf 88' lang='lat' dir='ltr'><strong>ille</strong></span> <span class='ocrx_word' id='word_1_389' title='bbox 1412 5042 1517 5082; x_wconf 92' lang='lat' dir='ltr'><strong>non</strong></span> <span class='ocrx_word' id='word_1_390' title='bbox 1567 5027 1811 5096; x_wconf 90' lang='lat' dir='ltr'><strong>scripsit,</strong></span> <span class='ocrx_word' id='word_1_391' title='bbox 1859 5042 1987 5096; x_wconf 91' lang='lat' dir='ltr'><strong>quo-</strong></span> 
     </span>
    </p>
   </div>
   <div class='ocr_carea' id='block_1_54' title="bbox 409 5118 1980 5190">
    <p class='ocr_par' dir='ltr' id='par_1_54' title="bbox 409 5118 1980 5190">
     <span class='ocr_line' id='line_1_54' title="bbox 409 5118 1980 5190; baseline 0.001 -18"><span class='ocrx_word' id='word_1_392' title='bbox 409 5120 570 5174; x_wconf 93' lang='lat' dir='ltr'><strong>modo</strong></span> <span class='ocrx_word' id='word_1_393' title='bbox 597 5119 699 5174; x_wconf 89' lang='lat' dir='ltr'><strong>iste</strong></span> <span class='ocrx_word' id='word_1_394' title='bbox 730 5118 910 5190; x_wconf 88' lang='lat' dir='ltr'><strong>legere</strong></span> <span class='ocrx_word' id='word_1_395' title='bbox 956 5119 1173 5190; x_wconf 83' lang='lat' dir='ltr'><strong>potuit?</strong></span> <span class='ocrx_word' id='word_1_396' title='bbox 1201 5119 1436 5175; x_wconf 89' lang='lat' dir='ltr'><strong>Numera</strong></span> <span class='ocrx_word' id='word_1_397' title='bbox 1475 5121 1684 5175; x_wconf 89' lang='lat' dir='ltr'><strong>indices</strong></span> <span class='ocrx_word' id='word_1_398' title='bbox 1720 5121 1980 5176; x_wconf 89' lang='lat' dir='ltr'><strong>librorum</strong></span> 
     </span>
    </p>
   </div>
   <div class='ocr_carea' id='block_1_55' title="bbox 407 5210 1985 5283">
    <p class='ocr_par' dir='ltr' id='par_1_55' title="bbox 407 5210 1985 5283">
     <span class='ocr_line' id='line_1_55' title="bbox 407 5210 1985 5283; baseline 0.001 -18"><span class='ocrx_word' id='word_1_399' title='bbox 407 5210 542 5278; x_wconf 87' lang='lat' dir='ltr'><strong>ejus,</strong></span> <span class='ocrx_word' id='word_1_400' title='bbox 573 5211 667 5283; x_wconf 86' lang='lat' dir='ltr'><strong>qui</strong></span> <span class='ocrx_word' id='word_1_401' title='bbox 708 5213 760 5266; x_wconf 92' lang='lat' dir='ltr'><strong>in</strong></span> <span class='ocrx_word' id='word_1_402' title='bbox 795 5212 958 5266; x_wconf 91' lang='lat' dir='ltr'><strong>tertio</strong></span> <span class='ocrx_word' id='word_1_403' title='bbox 981 5211 1255 5267; x_wconf 84' lang='lat' dir='ltr'><strong>volumine</strong></span> <span class='ocrx_word' id='word_1_404' title='bbox 1280 5211 1516 5277; x_wconf 89' lang='lat' dir='ltr'><strong>Eusebii,</strong></span> <span class='ocrx_word' id='word_1_405' title='bbox 1551 5213 1604 5265; x_wconf 92' lang='lat' dir='ltr'><strong>in</strong></span> <span class='ocrx_word' id='word_1_406' title='bbox 1648 5226 1756 5281; x_wconf 90' lang='lat' dir='ltr'><strong>quo</strong></span> <span class='ocrx_word' id='word_1_407' title='bbox 1793 5211 1985 5266; x_wconf 91' lang='lat' dir='ltr'><strong>scribit</strong></span> 
     </span>
    </p>
   </div>
   <div class='ocr_carea' id='block_1_56' title="bbox 412 5301 1985 5373">
    <p class='ocr_par' dir='ltr' id='par_1_56' title="bbox 412 5301 1985 5373">
     <span class='ocr_line' id='line_1_56' title="bbox 412 5301 1985 5373; baseline -0.001 -16"><span class='ocrx_word' id='word_1_408' title='bbox 412 5302 591 5357; x_wconf 82' lang='lat' dir='ltr'><strong>Vitam</strong></span> <span class='ocrx_word' id='word_1_409' title='bbox 628 5301 914 5373; x_wconf 87' lang='lat' dir='ltr'><strong>Pamphili,</strong></span> <span class='ocrx_word' id='word_1_410' title='bbox 945 5304 1300 5358; x_wconf 87' lang='lat' dir='ltr'><strong>continentur</strong></span> <span class='ocrx_word' id='word_1_411' title='bbox 1327 5320 1340 5369; x_wconf 93' lang='lat'><strong>;</strong></span> <span class='ocrx_word' id='word_1_412' title='bbox 1369 5316 1422 5358; x_wconf 89' lang='lat' dir='ltr'><strong>et</strong></span> <span class='ocrx_word' id='word_1_413' title='bbox 1450 5319 1555 5356; x_wconf 90' lang='lat' dir='ltr'><strong>non</strong></span> <span class='ocrx_word' id='word_1_414' title='bbox 1595 5304 1714 5357; x_wconf 93' lang='lat' dir='ltr'><strong>dico</strong></span> <span class='ocrx_word' id='word_1_415' title='bbox 1739 5317 1834 5356; x_wconf 82' lang='lat' dir='ltr'><strong>sex</strong></span> <span class='ocrx_word' id='word_1_416' title='bbox 1859 5303 1985 5356; x_wconf 84' lang='lat' dir='ltr'><strong>mil-</strong></span> 
     </span>
    </p>
   </div>
   <div class='ocr_carea' id='block_1_57' title="bbox 411 5393 1985 5463">
    <p class='ocr_par' dir='ltr' id='par_1_57' title="bbox 411 5393 1985 5463">
     <span class='ocr_line' id='line_1_57' title="bbox 411 5393 1985 5463; baseline 0.002 -16"><span class='ocrx_word' id='word_1_417' title='bbox 411 5393 503 5458; x_wconf 92' lang='lat' dir='ltr'><strong>lia,</strong></span> <span class='ocrx_word' id='word_1_418' title='bbox 552 5396 644 5448; x_wconf 86' lang='lat' dir='ltr'><strong>sed</strong></span> <span class='ocrx_word' id='word_1_419' title='bbox 693 5395 907 5448; x_wconf 88' lang='lat' dir='ltr'><strong>tertiam</strong></span> <span class='ocrx_word' id='word_1_420' title='bbox 965 5405 1172 5463; x_wconf 89' lang='lat' dir='ltr'><strong>partem</strong></span> <span class='ocrx_word' id='word_1_421' title='bbox 1228 5411 1332 5449; x_wconf 90' lang='lat' dir='ltr'><strong>non</strong></span> <span class='ocrx_word' id='word_1_422' title='bbox 1387 5395 1649 5463; x_wconf 87' lang='lat' dir='ltr'><strong>reperies.</strong></span> <span class='ocrx_word' id='word_1_423' title='bbox 1715 5395 1985 5450; x_wconf 88' lang='lat' dir='ltr'><strong>Habemus</strong></span> 
     </span>
    </p>
   </div>
   <div class='ocr_carea' id='block_1_58' title="bbox 410 5484 1986 5554">
    <p class='ocr_par' dir='ltr' id='par_1_58' title="bbox 410 5484 1986 5554">
     <span class='ocr_line' id='line_1_58' title="bbox 410 5484 1986 5554; baseline -0.003 -15"><span class='ocrx_word' id='word_1_424' title='bbox 410 5485 694 5554; x_wconf 90' lang='lat' dir='ltr'><strong>epistolam</strong></span> <span class='ocrx_word' id='word_1_425' title='bbox 726 5485 1021 5553; x_wconf 92' lang='lat' dir='ltr'><strong>supradicti</strong></span> <span class='ocrx_word' id='word_1_426' title='bbox 1053 5484 1346 5554; x_wconf 89' lang='lat' dir='ltr'><strong>pontificis,</strong></span> <span class='ocrx_word' id='word_1_427' title='bbox 1390 5486 1442 5538; x_wconf 93' lang='lat' dir='ltr'><strong>in</strong></span> <span class='ocrx_word' id='word_1_428' title='bbox 1474 5501 1579 5554; x_wconf 88' lang='lat' dir='ltr'><strong>qua</strong></span> <span class='ocrx_word' id='word_1_429' title='bbox 1622 5485 1746 5539; x_wconf 88' lang='lat' dir='ltr'><strong>huic</strong></span> <span class='ocrx_word' id='word_1_430' title='bbox 1776 5484 1986 5538; x_wconf 84' lang='lat' dir='ltr'><strong>calum-</strong></span> 
     </span>
    </p>
   </div>
   <div class='ocr_carea' id='block_1_59' title="bbox 413 5575 1989 5645">
    <p class='ocr_par' dir='ltr' id='par_1_59' title="bbox 413 5575 1989 5645">
     <span class='ocr_line' id='line_1_59' title="bbox 413 5575 1989 5645; baseline -0.002 -14"><span class='ocrx_word' id='word_1_431' title='bbox 413 5578 513 5631; x_wconf 77' lang='lat' dir='ltr'><strong>nia:</strong></span> <span class='ocrx_word' id='word_1_432' title='bbox 543 5584 667 5637; x_wconf 70' lang='lat' dir='ltr'><strong>tuae,</strong></span> <span class='ocrx_word' id='word_1_433' title='bbox 698 5577 824 5630; x_wconf 90' lang='lat' dir='ltr'><strong>dum</strong></span> <span class='ocrx_word' id='word_1_434' title='bbox 854 5576 1029 5630; x_wconf 89' lang='lat' dir='ltr'><strong>adhuc</strong></span> <span class='ocrx_word' id='word_1_435' title='bbox 1057 5591 1207 5630; x_wconf 90' lang='lat' dir='ltr'><strong>esses</strong></span> <span class='ocrx_word' id='word_1_436' title='bbox 1243 5579 1294 5630; x_wconf 91' lang='lat' dir='ltr'><strong>in</strong></span> <span class='ocrx_word' id='word_1_437' title='bbox 1325 5575 1566 5638; x_wconf 86' lang='lat' dir='ltr'><strong>Oriente,</strong></span> <span class='ocrx_word' id='word_1_438' title='bbox 1597 5577 1904 5645; x_wconf 88' lang='lat' dir='ltr'><strong>respondet,</strong></span> <span class='ocrx_word' id='word_1_439' title='bbox 1933 5584 1989 5628; x_wconf 89' lang='lat' dir='ltr'><strong>et</strong></span> 
     </span>
    </p>
   </div>
   <div class='ocr_carea' id='block_1_60' title="bbox 413 5667 1990 5737">
    <p class='ocr_par' dir='ltr' id='par_1_60' title="bbox 413 5667 1990 5737">
     <span class='ocr_line' id='line_1_60' title="bbox 413 5667 1990 5737; baseline 0 -17"><span class='ocrx_word' id='word_1_440' title='bbox 413 5667 812 5737; x_wconf 89' lang='lat' dir='ltr'><strong>apertissimum</strong></span> <span class='ocrx_word' id='word_1_441' title='bbox 875 5669 1212 5723; x_wconf 88' lang='lat' dir='ltr'><strong>mendacium</strong></span> <span class='ocrx_word' id='word_1_442' title='bbox 1258 5669 1445 5727; x_wconf 71' lang='lat' dir='ltr'><strong>[libera</strong></span> <span class='ocrx_word' id='word_1_443' title='bbox 1517 5669 1759 5722; x_wconf 87' lang='lat' dir='ltr'><strong>veritatis</strong></span> <span class='ocrx_word' id='word_1_444' title='bbox 1812 5667 1990 5721; x_wconf 91' lang='lat' dir='ltr'><strong>fronte</strong></span> 
     </span>
    </p>
   </div>
   <div class='ocr_carea' id='block_1_61' title="bbox 412 5758 1983 5829">
    <p class='ocr_par' dir='ltr' id='par_1_61' title="bbox 412 5758 1983 5829">
     <span class='ocr_line' id='line_1_61' title="bbox 412 5758 1983 5829; baseline -0.003 -16"><span class='ocrx_word' id='word_1_445' title='bbox 412 5758 689 5824; x_wconf 82' lang='lat' dir='ltr'><strong>confutat;</strong></span> <span class='ocrx_word' id='word_1_446' title='bbox 719 5761 811 5828; x_wconf 68' lang='grc' dir='ltr'><strong>»ζει</strong></span> <span class='ocrx_word' id='word_1_447' title='bbox 841 5761 893 5813; x_wconf 91' lang='lat' dir='ltr'><strong>in</strong></span> <span class='ocrx_word' id='word_1_448' title='bbox 921 5761 1079 5829; x_wconf 88' lang='lat' dir='ltr'><strong>epist.</strong></span> <span class='ocrx_word' id='word_1_449' title='bbox 1111 5760 1200 5824; x_wconf 71' lang='lat'><strong>62,</strong></span> <span class='ocrx_word' id='word_1_450' title='bbox 1258 5763 1324 5816; x_wconf 84' lang='lat' dir='ltr'><strong>ad</strong></span> <span class='ocrx_word' id='word_1_451' title='bbox 1354 5760 1735 5829; x_wconf 77' lang='lat' dir='ltr'><strong>Theophilum,</strong></span> <span class='ocrx_word' id='word_1_452' title='bbox 1757 5775 1877 5828; x_wconf 89' lang='lat' dir='ltr'><strong>cap.</strong></span> <span class='ocrx_word' id='word_1_453' title='bbox 1905 5759 1938 5810; x_wconf 72' lang='lat'>2</span> <span class='ocrx_word' id='word_1_454' title='bbox 1973 5773 1983 5808; x_wconf 94' lang='lat'>:</span> 
     </span>
    </p>
   </div>
   <div class='ocr_carea' id='block_1_62' title="bbox 422 5849 1987 5926">
    <p class='ocr_par' dir='ltr' id='par_1_62' title="bbox 422 5849 1987 5926">
     <span class='ocr_line' id='line_1_62' title="bbox 422 5849 1987 5926; baseline 0.004 -24"><span class='ocrx_word' id='word_1_455' title='bbox 422 5872 438 5902; x_wconf 77' lang='grc' dir='ltr'>ι</span> <span class='ocrx_word' id='word_1_456' title='bbox 469 5853 570 5904; x_wconf 76' lang='lat' dir='ltr'><strong>Sex</strong></span> <span class='ocrx_word' id='word_1_457' title='bbox 607 5850 770 5905; x_wconf 89' lang='lat' dir='ltr'><strong>millia</strong></span> <span class='ocrx_word' id='word_1_458' title='bbox 813 5849 1060 5920; x_wconf 85' lang='lat' dir='ltr'><strong>Origenis</strong></span> <span class='ocrx_word' id='word_1_459' title='bbox 1113 5861 1287 5909; x_wconf 90' lang='lat' dir='ltr'><strong>tomos</strong></span> <span class='ocrx_word' id='word_1_460' title='bbox 1318 5868 1422 5908; x_wconf 90' lang='lat' dir='ltr'><strong>non</strong></span> <span class='ocrx_word' id='word_1_461' title='bbox 1461 5863 1674 5924; x_wconf 86' lang='lat' dir='ltr'><strong>poterat</strong></span> <span class='ocrx_word' id='word_1_462' title='bbox 1702 5854 1987 5926; x_wconf 88' lang='lat' dir='ltr'><strong>quisquam</strong></span> 
     </span>
    </p>
   </div>
   <div class='ocr_carea' id='block_1_63' title="bbox 2091 622 3664 692">
    <p class='ocr_par' dir='ltr' id='par_1_63' title="bbox 2091 622 3664 692">
     <span class='ocr_line' id='line_1_63' title="bbox 2091 622 3664 692; baseline -0.002 -14"><span class='ocrx_word' id='word_1_463' title='bbox 2091 633 2284 679; x_wconf 90' lang='lat' dir='ltr'><strong>testem</strong></span> <span class='ocrx_word' id='word_1_464' title='bbox 2332 622 2491 692; x_wconf 91' lang='lat' dir='ltr'><strong>hujus</strong></span> <span class='ocrx_word' id='word_1_465' title='bbox 2525 624 2813 688; x_wconf 88' lang='lat' dir='ltr'><strong>sermonis,</strong></span> <span class='ocrx_word' id='word_1_466' title='bbox 2842 637 3004 691; x_wconf 90' lang='lat' dir='ltr'><strong>quam</strong></span> <span class='ocrx_word' id='word_1_467' title='bbox 3051 631 3326 676; x_wconf 90' lang='lat' dir='ltr'><strong>auctorem</strong></span> <span class='ocrx_word' id='word_1_468' title='bbox 3357 636 3478 676; x_wconf 90' lang='lat' dir='ltr'><strong>esse</strong></span> <span class='ocrx_word' id='word_1_469' title='bbox 3511 637 3664 675; x_wconf 87' lang='lat' dir='ltr'><strong>men-</strong></span> 
     </span>
    </p>
   </div>
   <div class='ocr_carea' id='block_1_64' title="bbox 2089 713 3663 787">
    <p class='ocr_par' dir='ltr' id='par_1_64' title="bbox 2089 713 3663 787">
     <span class='ocr_line' id='line_1_64' title="bbox 2089 713 3663 787; baseline -0.003 -16"><span class='ocrx_word' id='word_1_470' title='bbox 2089 718 2274 772; x_wconf 91' lang='lat' dir='ltr'><strong>titum.</strong></span> <span class='ocrx_word' id='word_1_471' title='bbox 2309 735 2327 769; x_wconf 76' lang='grc'><strong>»</strong></span> <span class='ocrx_word' id='word_1_472' title='bbox 2366 716 2533 787; x_wconf 81' lang='lat' dir='ltr'><strong>Negat</strong></span> <span class='ocrx_word' id='word_1_473' title='bbox 2568 716 2926 785; x_wconf 90' lang='lat' dir='ltr'><strong>Hieronymus</strong></span> <span class='ocrx_word' id='word_1_474' title='bbox 2953 715 3152 769; x_wconf 81' lang='lat' dir='ltr'><strong>dixisse</strong></span> <span class='ocrx_word' id='word_1_475' title='bbox 3181 713 3541 784; x_wconf 88' lang='lat' dir='ltr'><strong>Epiphanium</strong></span> <span class='ocrx_word' id='word_1_476' title='bbox 3567 727 3663 768; x_wconf 86' lang='lat' dir='ltr'><strong>sex</strong></span> 
     </span>
    </p>
   </div>
   <div class='ocr_carea' id='block_1_65' title="bbox 2089 807 3666 878">
    <p class='ocr_par' dir='ltr' id='par_1_65' title="bbox 2089 807 3666 878">
     <span class='ocr_line' id='line_1_65' title="bbox 2089 807 3666 878; baseline -0.002 -15"><span class='ocrx_word' id='word_1_477' title='bbox 2089 810 2349 863; x_wconf 85' lang='lat' dir='ltr'><strong>librorum</strong></span> <span class='ocrx_word' id='word_1_478' title='bbox 2385 809 2635 878; x_wconf 89' lang='lat' dir='ltr'><strong>Origcnis</strong></span> <span class='ocrx_word' id='word_1_479' title='bbox 2685 807 2851 861; x_wconf 91' lang='lat' dir='ltr'><strong>millia</strong></span> <span class='ocrx_word' id='word_1_480' title='bbox 2896 823 2924 860; x_wconf 92' lang='lat' dir='ltr'><strong>a</strong></span> <span class='ocrx_word' id='word_1_481' title='bbox 2971 823 3030 860; x_wconf 92' lang='lat' dir='ltr'><strong>se</strong></span> <span class='ocrx_word' id='word_1_482' title='bbox 3067 809 3235 872; x_wconf 89' lang='lat' dir='ltr'><strong>lecta;</strong></span> <span class='ocrx_word' id='word_1_483' title='bbox 3272 807 3379 861; x_wconf 88' lang='lat' dir='ltr'><strong>imo</strong></span> <span class='ocrx_word' id='word_1_484' title='bbox 3427 820 3554 859; x_wconf 80' lang='lat' dir='ltr'><strong>vero</strong></span> <span class='ocrx_word' id='word_1_485' title='bbox 3586 812 3666 861; x_wconf 91' lang='lat' dir='ltr'><strong>tot</strong></span> 
     </span>
    </p>
   </div>
   <div class='ocr_carea' id='block_1_66' title="bbox 2087 894 3666 969">
    <p class='ocr_par' dir='ltr' id='par_1_66' title="bbox 2087 894 3666 969">
     <span class='ocr_line' id='line_1_66' title="bbox 2087 894 3666 969; baseline -0.003 -17"><span class='ocrx_word' id='word_1_486' title='bbox 2087 899 2154 954; x_wconf 88' lang='lat' dir='ltr'><strong>ab</strong></span> <span class='ocrx_word' id='word_1_487' title='bbox 2193 897 2425 969; x_wconf 88' lang='lat' dir='ltr'><strong>Origene</strong></span> <span class='ocrx_word' id='word_1_488' title='bbox 2466 915 2702 967; x_wconf 87' lang='lat' dir='ltr'><strong>unquam</strong></span> <span class='ocrx_word' id='word_1_489' title='bbox 2738 896 2904 950; x_wconf 89' lang='lat' dir='ltr'><strong>fuisse</strong></span> <span class='ocrx_word' id='word_1_490' title='bbox 2955 895 3154 964; x_wconf 89' lang='lat' dir='ltr'><strong>scripta</strong></span> <span class='ocrx_word' id='word_1_491' title='bbox 3187 904 3381 966; x_wconf 85' lang='lat' dir='ltr'><strong>negat;</strong></span> <span class='ocrx_word' id='word_1_492' title='bbox 3417 894 3666 964; x_wconf 81' lang='lat' dir='ltr'><strong>quamvis</strong></span> 
     </span>
    </p>
   </div>
   <div class='ocr_carea' id='block_1_67' title="bbox 2088 990 3380 1060">
    <p class='ocr_par' dir='ltr' id='par_1_67' title="bbox 2088 990 3380 1060">
     <span class='ocr_line' id='line_1_67' title="bbox 2088 990 3380 1060; baseline -0.002 -12"><span class='ocrx_word' id='word_1_493' title='bbox 2088 993 2142 1048; x_wconf 92' lang='lat' dir='ltr'><strong>id</strong></span> <span class='ocrx_word' id='word_1_494' title='bbox 2174 1003 2352 1047; x_wconf 88' lang='lat' dir='ltr'><strong>tamen</strong></span> <span class='ocrx_word' id='word_1_495' title='bbox 2385 992 2758 1060; x_wconf 89' lang='lat' dir='ltr'><strong>percrebuisse</strong></span> <span class='ocrx_word' id='word_1_496' title='bbox 2789 990 3121 1058; x_wconf 89' lang='lat' dir='ltr'><strong>Epiphanius</strong></span> <span class='ocrx_word' id='word_1_497' title='bbox 3153 999 3380 1045; x_wconf 89' lang='lat' dir='ltr'><strong>asserat.</strong></span> 
     </span>
    </p>
   </div>
   <div class='ocr_carea' id='block_1_68' title="bbox 2159 1079 3662 1151">
    <p class='ocr_par' dir='ltr' id='par_1_68' title="bbox 2159 1079 3662 1151">
     <span class='ocr_line' id='line_1_68' title="bbox 2159 1079 3662 1151; baseline -0.005 -12"><span class='ocrx_word' id='word_1_498' title='bbox 2159 1085 2297 1151; x_wconf 85' lang='lat' dir='ltr'><strong>Quid</strong></span> <span class='ocrx_word' id='word_1_499' title='bbox 2322 1084 2422 1139; x_wconf 89' lang='lat' dir='ltr'><strong>sibi</strong></span> <span class='ocrx_word' id='word_1_500' title='bbox 2449 1083 2634 1136; x_wconf 91' lang='lat' dir='ltr'><strong>volunt</strong></span> <span class='ocrx_word' id='word_1_501' title='bbox 2670 1082 2833 1151; x_wconf 87' lang='lat' dir='ltr'><strong>igitur</strong></span> <span class='ocrx_word' id='word_1_502' title='bbox 2859 1081 2999 1134; x_wconf 87' lang='lat' dir='ltr'><strong>Beda</strong></span> <span class='ocrx_word' id='word_1_503' title='bbox 3033 1081 3085 1134; x_wconf 87' lang='lat' dir='ltr'><strong>in</strong></span> <span class='ocrx_word' id='word_1_504' title='bbox 3127 1080 3266 1134; x_wconf 78' lang='lat' dir='ltr'><strong>libro</strong></span> <span class='ocrx_word' id='word_1_505' title='bbox 3302 1079 3377 1133; x_wconf 89' lang='lat' dir='ltr'><strong>De</strong></span> <span class='ocrx_word' id='word_1_506' title='bbox 3410 1096 3501 1133; x_wconf 77' lang='lat' dir='ltr'><strong>sex</strong></span> <span class='ocrx_word' id='word_1_507' title='bbox 3529 1087 3662 1134; x_wconf 67' lang='lat' dir='ltr'><strong>cla—</strong></span> 
     </span>
    </p>
   </div>
   <div class='ocr_carea' id='block_1_69' title="bbox 2089 1173 3656 1242">
    <p class='ocr_par' dir='ltr' id='par_1_69' title="bbox 2089 1173 3656 1242">
     <span class='ocr_line' id='line_1_69' title="bbox 2089 1173 3656 1242; baseline -0.004 -11"><span class='ocrx_word' id='word_1_508' title='bbox 2089 1178 2224 1231; x_wconf 71' lang='lat' dir='ltr'><strong>ribus</strong></span> <span class='ocrx_word' id='word_1_509' title='bbox 2258 1176 2466 1242; x_wconf 85' lang='lat' dir='ltr'><strong>mundi,</strong></span> <span class='ocrx_word' id='word_1_510' title='bbox 2511 1175 2626 1228; x_wconf 78' lang='grc' dir='ltr'><strong>Αόο</strong></span> <span class='ocrx_word' id='word_1_511' title='bbox 2659 1175 3010 1237; x_wconf 78' lang='lat' dir='ltr'><strong>Viennensis,</strong></span> <span class='ocrx_word' id='word_1_512' title='bbox 3054 1173 3394 1227; x_wconf 90' lang='lat' dir='ltr'><strong>Hermannus</strong></span> <span class='ocrx_word' id='word_1_513' title='bbox 3423 1173 3656 1226; x_wconf 86' lang='lat' dir='ltr'><strong>Contra-</strong></span> 
     </span>
    </p>
   </div>
   <div class='ocr_carea' id='block_1_70' title="bbox 2090 1260 3665 1331">
    <p class='ocr_par' dir='ltr' id='par_1_70' title="bbox 2090 1260 3665 1331">
     <span class='ocr_line' id='line_1_70' title="bbox 2090 1260 3665 1331; baseline -0.004 -9"><span class='ocrx_word' id='word_1_514' title='bbox 2090 1275 2235 1331; x_wconf 91' lang='lat' dir='ltr'><strong>ctus,</strong></span> <span class='ocrx_word' id='word_1_515' title='bbox 2297 1265 2572 1320; x_wconf 81' lang='lat' dir='ltr'><strong>Marianus</strong></span> <span class='ocrx_word' id='word_1_516' title='bbox 2612 1264 2806 1318; x_wconf 92' lang='lat' dir='ltr'><strong>Seotus</strong></span> <span class='ocrx_word' id='word_1_517' title='bbox 2850 1272 2905 1318; x_wconf 91' lang='lat' dir='ltr'><strong>et</strong></span> <span class='ocrx_word' id='word_1_518' title='bbox 2949 1261 3224 1316; x_wconf 90' lang='lat' dir='ltr'><strong>Conradus</strong></span> <span class='ocrx_word' id='word_1_519' title='bbox 3257 1260 3665 1330; x_wconf 87' lang='lat' dir='ltr'><strong>Urspergensis,</strong></span> 
     </span>
    </p>
   </div>
   <div class='ocr_carea' id='block_1_71' title="bbox 2089 1353 3663 1428">
    <p class='ocr_par' dir='ltr' id='par_1_71' title="bbox 2089 1353 3663 1428">
     <span class='ocr_line' id='line_1_71' title="bbox 2089 1353 3663 1428; baseline -0.003 -17"><span class='ocrx_word' id='word_1_520' title='bbox 2089 1365 2210 1411; x_wconf 76' lang='lat' dir='ltr'><strong>Cum</strong></span> <span class='ocrx_word' id='word_1_521' title='bbox 2263 1355 2648 1428; x_wconf 78' lang='lat' dir='ltr'><strong>Hieronymum</strong></span> <span class='ocrx_word' id='word_1_522' title='bbox 2696 1355 2927 1423; x_wconf 90' lang='lat' dir='ltr'><strong>quodam</strong></span> <span class='ocrx_word' id='word_1_523' title='bbox 2980 1353 3096 1407; x_wconf 93' lang='lat' dir='ltr'><strong>loco</strong></span> <span class='ocrx_word' id='word_1_524' title='bbox 3139 1353 3426 1423; x_wconf 89' lang='lat' dir='ltr'><strong>scripsisse</strong></span> <span class='ocrx_word' id='word_1_525' title='bbox 3493 1353 3663 1418; x_wconf 88' lang='lat' dir='ltr'><strong>aiunt,</strong></span> 
     </span>
    </p>
   </div>
   <div class='ocr_carea' id='block_1_72' title="bbox 2089 1442 3671 1518">
    <p class='ocr_par' dir='ltr' id='par_1_72' title="bbox 2089 1442 3671 1518">
     <span class='ocr_line' id='line_1_72' title="bbox 2089 1442 3671 1518; baseline -0.002 -18"><span class='ocrx_word' id='word_1_526' title='bbox 2089 1448 2326 1518; x_wconf 90' lang='lat' dir='ltr'><strong>quinque</strong></span> <span class='ocrx_word' id='word_1_527' title='bbox 2355 1447 2518 1500; x_wconf 91' lang='lat' dir='ltr'><strong>millia</strong></span> <span class='ocrx_word' id='word_1_528' title='bbox 2559 1445 2819 1500; x_wconf 90' lang='lat' dir='ltr'><strong>librorum</strong></span> <span class='ocrx_word' id='word_1_529' title='bbox 2848 1445 3097 1514; x_wconf 84' lang='lat' dir='ltr'><strong>Origenis</strong></span> <span class='ocrx_word' id='word_1_530' title='bbox 3127 1443 3313 1498; x_wconf 84' lang='lat' dir='ltr'><strong>fuisse&#39;</strong></span> <span class='ocrx_word' id='word_1_531' title='bbox 3339 1442 3436 1498; x_wconf 91' lang='lat' dir='ltr'><strong>sibi</strong></span> <span class='ocrx_word' id='word_1_532' title='bbox 3493 1442 3671 1508; x_wconf 89' lang='lat' dir='ltr'><strong>perle-</strong></span> 
     </span>
    </p>
   </div>
   <div class='ocr_carea' id='block_1_73' title="bbox 2089 1533 3669 1596">
    <p class='ocr_par' dir='ltr' id='par_1_73' title="bbox 2089 1533 3669 1596">
     <span class='ocr_line' id='line_1_73' title="bbox 2089 1533 3669 1596; baseline -0.004 0"><span class='ocrx_word' id='word_1_533' title='bbox 2089 1541 2226 1596; x_wconf 87' lang='lat' dir='ltr'><strong>cta?</strong></span> <span class='ocrx_word' id='word_1_534' title='bbox 2279 1539 2542 1593; x_wconf 89' lang='lat' dir='ltr'><strong>Martinus</strong></span> <span class='ocrx_word' id='word_1_535' title='bbox 2589 1552 2718 1592; x_wconf 86' lang='lat' dir='ltr'><strong>vero</strong></span> <span class='ocrx_word' id='word_1_536' title='bbox 2767 1537 3002 1592; x_wconf 85' lang='lat' dir='ltr'><strong>Polonus</strong></span> <span class='ocrx_word' id='word_1_537' title='bbox 3049 1545 3103 1592; x_wconf 90' lang='lat' dir='ltr'><strong>et</strong></span> <span class='ocrx_word' id='word_1_538' title='bbox 3151 1535 3324 1591; x_wconf 90' lang='lat' dir='ltr'><strong>Guido</strong></span> <span class='ocrx_word' id='word_1_539' title='bbox 3377 1533 3669 1590; x_wconf 80' lang='lat' dir='ltr'><strong>Carmelita</strong></span> 
     </span>
    </p>
   </div>
   <div class='ocr_carea' id='block_1_74' title="bbox 2099 1625 3661 1701">
    <p class='ocr_par' dir='ltr' id='par_1_74' title="bbox 2099 1625 3661 1701">
     <span class='ocr_line' id='line_1_74' title="bbox 2099 1625 3661 1701; baseline -0.006 -12"><span class='ocrx_word' id='word_1_540' title='bbox 2099 1649 2196 1690; x_wconf 86' lang='lat' dir='ltr'><strong>sex</strong></span> <span class='ocrx_word' id='word_1_541' title='bbox 2228 1630 2438 1687; x_wconf 81' lang='lat' dir='ltr'><strong>millia?</strong></span> <span class='ocrx_word' id='word_1_542' title='bbox 2479 1631 2617 1698; x_wconf 86' lang='lat' dir='ltr'><strong>Quid</strong></span> <span class='ocrx_word' id='word_1_543' title='bbox 2669 1632 2810 1701; x_wconf 89' lang='lat' dir='ltr'><strong>apud</strong></span> <span class='ocrx_word' id='word_1_544' title='bbox 2863 1631 3004 1685; x_wconf 93' lang='lat' dir='ltr'><strong>hunc</strong></span> <span class='ocrx_word' id='word_1_545' title='bbox 3054 1627 3355 1683; x_wconf 89' lang='lat' dir='ltr'><strong>Guidonem</strong></span> <span class='ocrx_word' id='word_1_546' title='bbox 3395 1625 3661 1692; x_wconf 89' lang='lat' dir='ltr'><strong>Isidorus,</strong></span> 
     </span>
    </p>
   </div>
   <div class='ocr_carea' id='block_1_75' title="bbox 2093 1722 3232 1798">
    <p class='ocr_par' dir='ltr' id='par_1_75' title="bbox 2093 1722 3232 1798">
     <span class='ocr_line' id='line_1_75' title="bbox 2093 1722 3232 1798; baseline -0.009 -15"><span class='ocrx_word' id='word_1_547' title='bbox 2093 1729 2288 1798; x_wconf 90' lang='lat' dir='ltr'><strong>quisic</strong></span> <span class='ocrx_word' id='word_1_548' title='bbox 2317 1727 2626 1796; x_wconf 89' lang='lat' dir='ltr'><strong>loquentem</strong></span> <span class='ocrx_word' id='word_1_549' title='bbox 2659 1724 2869 1778; x_wconf 89' lang='lat' dir='ltr'><strong>inducit</strong></span> <span class='ocrx_word' id='word_1_550' title='bbox 2895 1722 3182 1792; x_wconf 87' lang='lat' dir='ltr'><strong>Origenem</strong></span> <span class='ocrx_word' id='word_1_551' title='bbox 3217 1739 3232 1774; x_wconf 89' lang='lat'><strong>:</strong></span> 
     </span>
    </p>
   </div>
   <div class='ocr_carea' id='block_1_76' title="bbox 2232 1814 3504 1883">
    <p class='ocr_par' dir='ltr' id='par_1_76' title="bbox 2232 1814 3504 1883">
     <span class='ocr_line' id='line_1_76' title="bbox 2232 1814 3504 1883; baseline -0.007 -6"><span class='ocrx_word' id='word_1_552' title='bbox 2232 1821 2491 1882; x_wconf 86' lang='lat' dir='ltr'><strong>Condere,</strong></span> <span class='ocrx_word' id='word_1_553' title='bbox 2517 1821 2561 1874; x_wconf 74' lang='lat' dir='ltr'><strong>si</strong></span> <span class='ocrx_word' id='word_1_554' title='bbox 2588 1820 2779 1883; x_wconf 75' lang='lat' dir='ltr'><strong>credis,</strong></span> <span class='ocrx_word' id='word_1_555' title='bbox 2814 1818 2993 1871; x_wconf 81' lang='lat' dir='ltr'><strong>studui</strong></span> <span class='ocrx_word' id='word_1_556' title='bbox 3020 1824 3094 1869; x_wconf 85' lang='lat' dir='ltr'><strong>tot</strong></span> <span class='ocrx_word' id='word_1_557' title='bbox 3122 1814 3292 1869; x_wconf 81' lang='lat' dir='ltr'><strong>millia</strong></span> <span class='ocrx_word' id='word_1_558' title='bbox 3321 1814 3504 1880; x_wconf 77' lang='lat' dir='ltr'><strong>libros,</strong></span> 
     </span>
    </p>
   </div>
   <div class='ocr_carea' id='block_1_77' title="bbox 2228 1885 3386 1962">
    <p class='ocr_par' dir='ltr' id='par_1_77' title="bbox 2228 1885 3386 1962">
     <span class='ocr_line' id='line_1_77' title="bbox 2228 1885 3386 1962; baseline -0.007 -17"><span class='ocrx_word' id='word_1_559' title='bbox 2228 1893 2363 1958; x_wconf 86' lang='lat' dir='ltr'><strong>Quot</strong></span> <span class='ocrx_word' id='word_1_560' title='bbox 2388 1892 2518 1962; x_wconf 80' lang='lat' dir='ltr'><strong>legio</strong></span> <span class='ocrx_word' id='word_1_561' title='bbox 2549 1890 2732 1943; x_wconf 79' lang='lat' dir='ltr'><strong>missos</strong></span> <span class='ocrx_word' id='word_1_562' title='bbox 2762 1889 2906 1942; x_wconf 80' lang='lat' dir='ltr'><strong>ducit</strong></span> <span class='ocrx_word' id='word_1_563' title='bbox 2940 1890 2994 1942; x_wconf 87' lang='lat' dir='ltr'><strong>in</strong></span> <span class='ocrx_word' id='word_1_564' title='bbox 3029 1903 3177 1940; x_wconf 89' lang='lat' dir='ltr'><strong>arma</strong></span> <span class='ocrx_word' id='word_1_565' title='bbox 3209 1885 3386 1938; x_wconf 77' lang='lat' dir='ltr'><strong>viros?</strong></span> 
     </span>
    </p>
   </div>
   <div class='ocr_carea' id='block_1_78' title="bbox 2095 1996 3667 2071">
    <p class='ocr_par' dir='ltr' id='par_1_78' title="bbox 2095 1996 3667 2071">
     <span class='ocr_line' id='line_1_78' title="bbox 2095 1996 3667 2071; baseline -0.006 -9"><span class='ocrx_word' id='word_1_566' title='bbox 2095 2007 2237 2063; x_wconf 87' lang='lat' dir='ltr'><strong>Sane</strong></span> <span class='ocrx_word' id='word_1_567' title='bbox 2264 2007 2476 2060; x_wconf 91' lang='lat' dir='ltr'><strong>videtur</strong></span> <span class='ocrx_word' id='word_1_568' title='bbox 2509 2005 2562 2059; x_wconf 92' lang='lat' dir='ltr'><strong>id</strong></span> <span class='ocrx_word' id='word_1_569' title='bbox 2593 2012 2863 2071; x_wconf 92' lang='lat' dir='ltr'><strong>sumptum</strong></span> <span class='ocrx_word' id='word_1_570' title='bbox 2900 2017 2966 2056; x_wconf 84' lang='lat' dir='ltr'><strong>ex</strong></span> <span class='ocrx_word' id='word_1_571' title='bbox 3011 2000 3257 2069; x_wconf 88' lang='lat' dir='ltr'><strong>proxime</strong></span> <span class='ocrx_word' id='word_1_572' title='bbox 3303 1997 3518 2052; x_wconf 90' lang='lat' dir='ltr'><strong>laudato</strong></span> <span class='ocrx_word' id='word_1_573' title='bbox 3557 1996 3667 2052; x_wconf 73' lang='lat' dir='ltr'><strong>llu-</strong></span> 
     </span>
    </p>
   </div>
   <div class='ocr_carea' id='block_1_79' title="bbox 2094 2089 3664 2167">
    <p class='ocr_par' dir='ltr' id='par_1_79' title="bbox 2094 2089 3664 2167">
     <span class='ocr_line' id='line_1_79' title="bbox 2094 2089 3664 2167; baseline -0.008 -13"><span class='ocrx_word' id='word_1_574' title='bbox 2094 2099 2187 2154; x_wconf 86' lang='lat' dir='ltr'><strong>fini</strong></span> <span class='ocrx_word' id='word_1_575' title='bbox 2231 2099 2368 2162; x_wconf 91' lang='lat' dir='ltr'><strong>loco,</strong></span> <span class='ocrx_word' id='word_1_576' title='bbox 2409 2099 2500 2167; x_wconf 89' lang='lat' dir='ltr'><strong>qtti</strong></span> <span class='ocrx_word' id='word_1_577' title='bbox 2536 2110 2657 2150; x_wconf 90' lang='lat' dir='ltr'><strong>eum</strong></span> <span class='ocrx_word' id='word_1_578' title='bbox 2700 2094 2985 2163; x_wconf 83' lang='lat' dir='ltr'><strong>Epiphanii</strong></span> <span class='ocrx_word' id='word_1_579' title='bbox 3015 2098 3212 2147; x_wconf 86' lang='lat' dir='ltr'><strong>nomen</strong></span> <span class='ocrx_word' id='word_1_580' title='bbox 3261 2105 3366 2144; x_wconf 92' lang='lat' dir='ltr'><strong>non</strong></span> <span class='ocrx_word' id='word_1_581' title='bbox 3392 2089 3664 2157; x_wconf 86' lang='lat' dir='ltr'><strong>exhibeat,</strong></span> 
     </span>
    </p>
   </div>
   <div class='ocr_carea' id='block_1_80' title="bbox 2094 2181 3664 2257">
    <p class='ocr_par' dir='ltr' id='par_1_80' title="bbox 2094 2181 3664 2257">
     <span class='ocr_line' id='line_1_80' title="bbox 2094 2181 3664 2257; baseline -0.006 -12"><span class='ocrx_word' id='word_1_582' title='bbox 2094 2191 2254 2247; x_wconf 85' lang='lat' dir='ltr'><strong>facile</strong></span> <span class='ocrx_word' id='word_1_583' title='bbox 2292 2205 2413 2246; x_wconf 90' lang='lat' dir='ltr'><strong>eum</strong></span> <span class='ocrx_word' id='word_1_584' title='bbox 2462 2189 2530 2242; x_wconf 92' lang='lat' dir='ltr'><strong>ad</strong></span> <span class='ocrx_word' id='word_1_585' title='bbox 2577 2188 2962 2257; x_wconf 86' lang='lat' dir='ltr'><strong>Hieronymum</strong></span> <span class='ocrx_word' id='word_1_586' title='bbox 3016 2185 3317 2239; x_wconf 91' lang='lat' dir='ltr'><strong>retulerunt</strong></span> <span class='ocrx_word' id='word_1_587' title='bbox 3363 2181 3664 2250; x_wconf 90' lang='lat' dir='ltr'><strong>scriptores</strong></span> 
     </span>
    </p>
   </div>
   <div class='ocr_carea' id='block_1_81' title="bbox 2096 2273 3665 2352">
    <p class='ocr_par' dir='ltr' id='par_1_81' title="bbox 2096 2273 3665 2352">
     <span class='ocr_line' id='line_1_81' title="bbox 2096 2273 3665 2352; baseline -0.006 -15"><span class='ocrx_word' id='word_1_588' title='bbox 2096 2283 2192 2349; x_wconf 87' lang='lat' dir='ltr'><strong>illi,</strong></span> <span class='ocrx_word' id='word_1_589' title='bbox 2222 2279 2674 2352; x_wconf 91' lang='lat' dir='ltr'><strong>quemadmodum</strong></span> <span class='ocrx_word' id='word_1_590' title='bbox 2704 2280 2773 2333; x_wconf 91' lang='lat' dir='ltr'><strong>ab</strong></span> <span class='ocrx_word' id='word_1_591' title='bbox 2801 2279 3023 2333; x_wconf 87' lang='lat' dir='ltr'><strong>Erasmo</strong></span> <span class='ocrx_word' id='word_1_592' title='bbox 3053 2277 3245 2331; x_wconf 90' lang='lat' dir='ltr'><strong>deinde</strong></span> <span class='ocrx_word' id='word_1_593' title='bbox 3281 2285 3334 2329; x_wconf 83' lang='lat' dir='ltr'><strong>et</strong></span> <span class='ocrx_word' id='word_1_594' title='bbox 3356 2273 3665 2329; x_wconf 64' lang='lat' dir='ltr'><strong>Genebrar-</strong></span> 
     </span>
    </p>
   </div>
   <div class='ocr_carea' id='block_1_82' title="bbox 2095 2365 3668 2439">
    <p class='ocr_par' dir='ltr' id='par_1_82' title="bbox 2095 2365 3668 2439">
     <span class='ocr_line' id='line_1_82' title="bbox 2095 2365 3668 2439; baseline -0.009 -7"><span class='ocrx_word' id='word_1_595' title='bbox 2095 2377 2162 2432; x_wconf 90' lang='lat' dir='ltr'><strong>do</strong></span> <span class='ocrx_word' id='word_1_596' title='bbox 2190 2376 2394 2430; x_wconf 92' lang='lat' dir='ltr'><strong>relatus</strong></span> <span class='ocrx_word' id='word_1_597' title='bbox 2433 2382 2536 2429; x_wconf 84' lang='lat' dir='ltr'><strong>est.</strong></span> <span class='ocrx_word' id='word_1_598' title='bbox 2583 2371 2736 2439; x_wconf 88' lang='lat' dir='ltr'><strong>Quod</strong></span> <span class='ocrx_word' id='word_1_599' title='bbox 2772 2381 2948 2425; x_wconf 89' lang='lat' dir='ltr'><strong>autem</strong></span> <span class='ocrx_word' id='word_1_600' title='bbox 2981 2371 3218 2439; x_wconf 89' lang='lat' dir='ltr'><strong>quinque</strong></span> <span class='ocrx_word' id='word_1_601' title='bbox 3256 2368 3517 2422; x_wconf 91' lang='lat' dir='ltr'><strong>librorum</strong></span> <span class='ocrx_word' id='word_1_602' title='bbox 3548 2365 3668 2420; x_wconf 92' lang='lat' dir='ltr'><strong>mil-</strong></span> 
     </span>
    </p>
   </div>
   <div class='ocr_carea' id='block_1_83' title="bbox 2094 2462 3668 2536">
    <p class='ocr_par' dir='ltr' id='par_1_83' title="bbox 2094 2462 3668 2536">
     <span class='ocr_line' id='line_1_83' title="bbox 2094 2462 3668 2536; baseline -0.006 -13"><span class='ocrx_word' id='word_1_603' title='bbox 2094 2468 2163 2523; x_wconf 87' lang='lat' dir='ltr'><strong>lia</strong></span> <span class='ocrx_word' id='word_1_604' title='bbox 2197 2467 2440 2536; x_wconf 89' lang='lat' dir='ltr'><strong>plerique</strong></span> <span class='ocrx_word' id='word_1_605' title='bbox 2472 2473 2686 2527; x_wconf 90' lang='lat' dir='ltr'><strong>notant,</strong></span> <span class='ocrx_word' id='word_1_606' title='bbox 2715 2479 2837 2518; x_wconf 91' lang='lat' dir='ltr'><strong>cum</strong></span> <span class='ocrx_word' id='word_1_607' title='bbox 2866 2478 2959 2518; x_wconf 86' lang='lat' dir='ltr'><strong>sex</strong></span> <span class='ocrx_word' id='word_1_608' title='bbox 3003 2462 3095 2516; x_wconf 89' lang='lat' dir='ltr'><strong>alii</strong></span> <span class='ocrx_word' id='word_1_609' title='bbox 3125 2469 3570 2524; x_wconf 88' lang='lat' dir='ltr'><strong>commemorent,</strong></span> <span class='ocrx_word' id='word_1_610' title='bbox 3598 2473 3668 2514; x_wconf 86' lang='lat' dir='ltr'><strong>ex</strong></span> 
     </span>
    </p>
   </div>
   <div class='ocr_carea' id='block_1_84' title="bbox 2094 2553 3668 2628">
    <p class='ocr_par' dir='ltr' id='par_1_84' title="bbox 2094 2553 3668 2628">
     <span class='ocr_line' id='line_1_84' title="bbox 2094 2553 3668 2628; baseline -0.007 -12"><span class='ocrx_word' id='word_1_611' title='bbox 2094 2559 2388 2628; x_wconf 87' lang='lat' dir='ltr'><strong>corruptis,</strong></span> <span class='ocrx_word' id='word_1_612' title='bbox 2425 2566 2484 2611; x_wconf 91' lang='lat' dir='ltr'><strong>ut</strong></span> <span class='ocrx_word' id='word_1_613' title='bbox 2523 2557 2633 2611; x_wconf 88' lang='lat' dir='ltr'><strong>fere</strong></span> <span class='ocrx_word' id='word_1_614' title='bbox 2664 2557 2742 2620; x_wconf 83' lang='lat' dir='ltr'><strong>fit,</strong></span> <span class='ocrx_word' id='word_1_615' title='bbox 2779 2555 3100 2610; x_wconf 89' lang='lat' dir='ltr'><strong>numerandi</strong></span> <span class='ocrx_word' id='word_1_616' title='bbox 3139 2553 3285 2608; x_wconf 89' lang='lat' dir='ltr'><strong>notis</strong></span> <span class='ocrx_word' id='word_1_617' title='bbox 3310 2564 3490 2607; x_wconf 90' lang='lat' dir='ltr'><strong>ortum</strong></span> <span class='ocrx_word' id='word_1_618' title='bbox 3516 2565 3668 2606; x_wconf 85' lang='lat' dir='ltr'><strong>erm-</strong></span> 
     </span>
    </p>
   </div>
   <div class='ocr_carea' id='block_1_85' title="bbox 2096 2640 3664 2716">
    <p class='ocr_par' dir='ltr' id='par_1_85' title="bbox 2096 2640 3664 2716">
     <span class='ocr_line' id='line_1_85' title="bbox 2096 2640 3664 2716; baseline -0.004 -14"><span class='ocrx_word' id='word_1_619' title='bbox 2096 2663 2210 2702; x_wconf 89' lang='lat' dir='ltr'><strong>rem</strong></span> <span class='ocrx_word' id='word_1_620' title='bbox 2234 2657 2388 2716; x_wconf 93' lang='lat' dir='ltr'><strong>puto.</strong></span> <span class='ocrx_word' id='word_1_621' title='bbox 2419 2645 2536 2702; x_wconf 90' lang='lat' dir='ltr'><strong>Utri</strong></span> <span class='ocrx_word' id='word_1_622' title='bbox 2562 2655 2742 2700; x_wconf 87' lang='lat' dir='ltr'><strong>autem</strong></span> <span class='ocrx_word' id='word_1_623' title='bbox 2775 2644 3188 2699; x_wconf 87' lang='lat' dir='ltr'><strong>assentiendum</strong></span> <span class='ocrx_word' id='word_1_624' title='bbox 3219 2641 3513 2712; x_wconf 87' lang='lat' dir='ltr'><strong>potius,ve|</strong></span> <span class='ocrx_word' id='word_1_625' title='bbox 3535 2640 3664 2696; x_wconf 84' lang='lat' dir='ltr'><strong>Hie-</strong></span> 
     </span>
    </p>
   </div>
   <div class='ocr_carea' id='block_1_86' title="bbox 2095 2731 3665 2809">
    <p class='ocr_par' dir='ltr' id='par_1_86' title="bbox 2095 2731 3665 2809">
     <span class='ocr_line' id='line_1_86' title="bbox 2095 2731 3665 2809; baseline -0.005 -15"><span class='ocrx_word' id='word_1_626' title='bbox 2095 2753 2323 2809; x_wconf 89' lang='lat' dir='ltr'><strong>ronymo</strong></span> <span class='ocrx_word' id='word_1_627' title='bbox 2370 2747 2449 2793; x_wconf 92' lang='lat' dir='ltr'><strong>tot</strong></span> <span class='ocrx_word' id='word_1_628' title='bbox 2501 2737 2732 2804; x_wconf 89' lang='lat' dir='ltr'><strong>scriptos</strong></span> <span class='ocrx_word' id='word_1_629' title='bbox 2773 2736 2840 2790; x_wconf 90' lang='lat' dir='ltr'><strong>ab</strong></span> <span class='ocrx_word' id='word_1_630' title='bbox 2873 2733 3108 2806; x_wconf 87' lang='lat' dir='ltr'><strong>Origene</strong></span> <span class='ocrx_word' id='word_1_631' title='bbox 3131 2735 3298 2790; x_wconf 90' lang='lat' dir='ltr'><strong>libros</strong></span> <span class='ocrx_word' id='word_1_632' title='bbox 3328 2731 3665 2803; x_wconf 86' lang='lat' dir='ltr'><strong>perneganti,</strong></span> 
     </span>
    </p>
   </div>
   <div class='ocr_carea' id='block_1_87' title="bbox 2093 2824 3665 2901">
    <p class='ocr_par' dir='ltr' id='par_1_87' title="bbox 2093 2824 3665 2901">
     <span class='ocr_line' id='line_1_87' title="bbox 2093 2824 3665 2901; baseline -0.006 -15"><span class='ocrx_word' id='word_1_633' title='bbox 2093 2847 2162 2886; x_wconf 88' lang='lat' dir='ltr'><strong>an</strong></span> <span class='ocrx_word' id='word_1_634' title='bbox 2213 2831 2512 2901; x_wconf 84' lang='lat' dir='ltr'><strong>Epiphanio</strong></span> <span class='ocrx_word' id='word_1_635' title='bbox 2577 2829 2632 2884; x_wconf 84' lang='lat' dir='ltr'><strong>id</strong></span> <span class='ocrx_word' id='word_1_636' title='bbox 2689 2829 2832 2900; x_wconf 89' lang='lat' dir='ltr'><strong>vulgi</strong></span> <span class='ocrx_word' id='word_1_637' title='bbox 2883 2842 3135 2884; x_wconf 89' lang='lat' dir='ltr'><strong>sermone</strong></span> <span class='ocrx_word' id='word_1_638' title='bbox 3194 2827 3325 2882; x_wconf 90' lang='lat' dir='ltr'><strong>ferri</strong></span> <span class='ocrx_word' id='word_1_639' title='bbox 3377 2824 3665 2888; x_wconf 91' lang='lat' dir='ltr'><strong>asserenti,</strong></span> 
     </span>
    </p>
   </div>
   <div class='ocr_carea' id='block_1_88' title="bbox 2093 2916 3672 2994">
    <p class='ocr_par' dir='ltr' id='par_1_88' title="bbox 2093 2916 3672 2994">
     <span class='ocr_line' id='line_1_88' title="bbox 2093 2916 3672 2994; baseline -0.006 -16"><span class='ocrx_word' id='word_1_640' title='bbox 2093 2922 2341 2994; x_wconf 85' lang='lat' dir='ltr'><strong>equidem</strong></span> <span class='ocrx_word' id='word_1_641' title='bbox 2373 2921 2578 2977; x_wconf 86' lang='lat' dir='ltr'><strong>nescio.</strong></span> <span class='ocrx_word' id='word_1_642' title='bbox 2615 2919 2780 2975; x_wconf 86' lang='lat' dir='ltr'><strong>Fama</strong></span> <span class='ocrx_word' id='word_1_643' title='bbox 2813 2920 3037 2991; x_wconf 89' lang='lat' dir='ltr'><strong>quippe,</strong></span> <span class='ocrx_word' id='word_1_644' title='bbox 3070 2917 3245 2972; x_wconf 89' lang='lat' dir='ltr'><strong>futilis</strong></span> <span class='ocrx_word' id='word_1_645' title='bbox 3270 2927 3464 2972; x_wconf 91' lang='lat' dir='ltr'><strong>auctor</strong></span> <span class='ocrx_word' id='word_1_646' title='bbox 3493 2935 3507 2972; x_wconf 92' lang='lat'><strong>:</strong></span> <span class='ocrx_word' id='word_1_647' title='bbox 3542 2916 3672 2970; x_wconf 81' lang='lat' dir='ltr'><strong>Hie-</strong></span> 
     </span>
    </p>
   </div>
   <div class='ocr_carea' id='block_1_89' title="bbox 2094 3008 3666 3085">
    <p class='ocr_par' dir='ltr' id='par_1_89' title="bbox 2094 3008 3666 3085">
     <span class='ocr_line' id='line_1_89' title="bbox 2094 3008 3666 3085; baseline -0.005 -15"><span class='ocrx_word' id='word_1_648' title='bbox 2094 3014 2308 3085; x_wconf 88' lang='lat' dir='ltr'><strong>ronymi</strong></span> <span class='ocrx_word' id='word_1_649' title='bbox 2342 3028 2475 3069; x_wconf 89' lang='lat' dir='ltr'><strong>vero</strong></span> <span class='ocrx_word' id='word_1_650' title='bbox 2522 3013 2687 3068; x_wconf 92' lang='lat' dir='ltr'><strong>inane</strong></span> <span class='ocrx_word' id='word_1_651' title='bbox 2737 3022 3151 3080; x_wconf 82' lang='lat' dir='ltr'><strong>argumentum;</strong></span> <span class='ocrx_word' id='word_1_652' title='bbox 3189 3025 3311 3064; x_wconf 86' lang='lat' dir='ltr'><strong>nam</strong></span> <span class='ocrx_word' id='word_1_653' title='bbox 3341 3008 3586 3080; x_wconf 83' lang='lat' dir='ltr'><strong>quamvis</strong></span> <span class='ocrx_word' id='word_1_654' title='bbox 3615 3008 3666 3063; x_wconf 93' lang='lat' dir='ltr'><strong>in</strong></span> 
     </span>
    </p>
   </div>
   <div class='ocr_carea' id='block_1_90' title="bbox 2094 3101 3666 3172">
    <p class='ocr_par' dir='ltr' id='par_1_90' title="bbox 2094 3101 3666 3172">
     <span class='ocr_line' id='line_1_90' title="bbox 2094 3101 3666 3172; baseline -0.005 -11"><span class='ocrx_word' id='word_1_655' title='bbox 2094 3107 2364 3162; x_wconf 90' lang='lat' dir='ltr'><strong>indicibus</strong></span> <span class='ocrx_word' id='word_1_656' title='bbox 2410 3106 2670 3161; x_wconf 87' lang='lat' dir='ltr'><strong>librorum</strong></span> <span class='ocrx_word' id='word_1_657' title='bbox 2727 3103 2994 3171; x_wconf 85' lang='lat' dir='ltr'><strong>Origenis,</strong></span> <span class='ocrx_word' id='word_1_658' title='bbox 3027 3119 3161 3172; x_wconf 92' lang='lat' dir='ltr'><strong>quos</strong></span> <span class='ocrx_word' id='word_1_659' title='bbox 3215 3105 3268 3157; x_wconf 92' lang='lat' dir='ltr'><strong>in</strong></span> <span class='ocrx_word' id='word_1_660' title='bbox 3321 3103 3482 3157; x_wconf 88' lang='lat' dir='ltr'><strong>tertio</strong></span> <span class='ocrx_word' id='word_1_661' title='bbox 3535 3101 3666 3154; x_wconf 73' lang='lat' dir='ltr'><strong>Vim:</strong></span> 
     </span>
    </p>
   </div>
   <div class='ocr_carea' id='block_1_91' title="bbox 2095 3197 3664 3268">
    <p class='ocr_par' dir='ltr' id='par_1_91' title="bbox 2095 3197 3664 3268">
     <span class='ocr_line' id='line_1_91' title="bbox 2095 3197 3664 3268; baseline -0.004 -15"><span class='ocrx_word' id='word_1_662' title='bbox 2095 3199 2363 3268; x_wconf 83' lang='lat' dir='ltr'><strong>Pamphili</strong></span> <span class='ocrx_word' id='word_1_663' title='bbox 2413 3199 2550 3253; x_wconf 89' lang='lat' dir='ltr'><strong>libro</strong></span> <span class='ocrx_word' id='word_1_664' title='bbox 2632 3197 2900 3252; x_wconf 78' lang='lat' dir='ltr'><strong>Eusebius</strong></span> <span class='ocrx_word' id='word_1_665' title='bbox 2963 3204 3352 3265; x_wconf 86' lang='lat' dir='ltr'><strong>pertexuerat,</strong></span> <span class='ocrx_word' id='word_1_666' title='bbox 3410 3209 3514 3248; x_wconf 93' lang='lat' dir='ltr'><strong>non</strong></span> <span class='ocrx_word' id='word_1_667' title='bbox 3572 3207 3664 3248; x_wconf 70' lang='lat' dir='ltr'><strong>seet</strong></span> 
     </span>
    </p>
   </div>
   <div class='ocr_carea' id='block_1_92' title="bbox 2091 3285 3668 3360">
    <p class='ocr_par' dir='ltr' id='par_1_92' title="bbox 2091 3285 3668 3360">
     <span class='ocr_line' id='line_1_92' title="bbox 2091 3285 3668 3360; baseline -0.005 -14"><span class='ocrx_word' id='word_1_668' title='bbox 2091 3292 2261 3358; x_wconf 90' lang='lat' dir='ltr'><strong>mille,</strong></span> <span class='ocrx_word' id='word_1_669' title='bbox 2292 3293 2385 3346; x_wconf 93' lang='lat' dir='ltr'><strong>sed</strong></span> <span class='ocrx_word' id='word_1_670' title='bbox 2413 3306 2477 3345; x_wconf 92' lang='lat' dir='ltr'><strong>ne</strong></span> <span class='ocrx_word' id='word_1_671' title='bbox 2504 3291 2660 3345; x_wconf 88' lang='lat' dir='ltr'><strong>tertia</strong></span> <span class='ocrx_word' id='word_1_672' title='bbox 2690 3291 2904 3360; x_wconf 88' lang='lat' dir='ltr'><strong>quidem</strong></span> <span class='ocrx_word' id='word_1_673' title='bbox 2931 3303 3057 3358; x_wconf 87' lang='lat' dir='ltr'><strong>pars</strong></span> <span class='ocrx_word' id='word_1_674' title='bbox 3088 3297 3302 3358; x_wconf 90' lang='lat' dir='ltr'><strong>reperta</strong></span> <span class='ocrx_word' id='word_1_675' title='bbox 3328 3287 3419 3350; x_wconf 91' lang='lat' dir='ltr'><strong>sit,</strong></span> <span class='ocrx_word' id='word_1_676' title='bbox 3447 3285 3668 3338; x_wconf 81' lang='lat' dir='ltr'><strong>minime</strong></span> 
     </span>
    </p>
   </div>
   <div class='ocr_carea' id='block_1_93' title="bbox 2090 3373 3661 3448">
    <p class='ocr_par' dir='ltr' id='par_1_93' title="bbox 2090 3373 3661 3448">
     <span class='ocr_line' id='line_1_93' title="bbox 2090 3373 3661 3448; baseline -0.008 -12"><span class='ocrx_word' id='word_1_677' title='bbox 2090 3381 2217 3436; x_wconf 92' lang='lat' dir='ltr'><strong>hinc</strong></span> <span class='ocrx_word' id='word_1_678' title='bbox 2276 3378 2507 3436; x_wconf 76' lang='lat' dir='ltr'><strong>efﬁcitur</strong></span> <span class='ocrx_word' id='word_1_679' title='bbox 2557 3393 2663 3432; x_wconf 92' lang='lat' dir='ltr'><strong>non</strong></span> <span class='ocrx_word' id='word_1_680' title='bbox 2717 3378 2899 3448; x_wconf 87' lang='lat' dir='ltr'><strong>plures</strong></span> <span class='ocrx_word' id='word_1_681' title='bbox 2953 3378 3020 3430; x_wconf 89' lang='lat' dir='ltr'><strong>ab</strong></span> <span class='ocrx_word' id='word_1_682' title='bbox 3063 3375 3299 3447; x_wconf 87' lang='lat' dir='ltr'><strong>Origene</strong></span> <span class='ocrx_word' id='word_1_683' title='bbox 3328 3373 3661 3436; x_wconf 86' lang='lat' dir='ltr'><strong>lueuhratos,</strong></span> 
     </span>
    </p>
   </div>
   <div class='ocr_carea' id='block_1_94' title="bbox 2087 3461 3667 3538">
    <p class='ocr_par' dir='ltr' id='par_1_94' title="bbox 2087 3461 3667 3538">
     <span class='ocr_line' id='line_1_94' title="bbox 2087 3461 3667 3538; baseline -0.003 -16"><span class='ocrx_word' id='word_1_684' title='bbox 2087 3483 2248 3538; x_wconf 91' lang='lat' dir='ltr'><strong>quam</strong></span> <span class='ocrx_word' id='word_1_685' title='bbox 2282 3476 2414 3537; x_wconf 88' lang='lat' dir='ltr'><strong>quot</strong></span> <span class='ocrx_word' id='word_1_686' title='bbox 2447 3473 2797 3522; x_wconf 86' lang='lat' dir='ltr'><strong>recensuerat</strong></span> <span class='ocrx_word' id='word_1_687' title='bbox 2825 3464 3108 3519; x_wconf 85' lang='lat' dir='ltr'><strong>Eusebius.</strong></span> <span class='ocrx_word' id='word_1_688' title='bbox 3161 3464 3297 3517; x_wconf 86' lang='lat' dir='ltr'><strong>Pars</strong></span> <span class='ocrx_word' id='word_1_689' title='bbox 3340 3461 3520 3530; x_wconf 88' lang='lat' dir='ltr'><strong>aliqua</strong></span> <span class='ocrx_word' id='word_1_690' title='bbox 3551 3461 3667 3530; x_wconf 89' lang='lat' dir='ltr'><strong>jam</strong></span> 
     </span>
    </p>
   </div>
   <div class='ocr_carea' id='block_1_95' title="bbox 2090 3552 3671 3628">
    <p class='ocr_par' dir='ltr' id='par_1_95' title="bbox 2090 3552 3671 3628">
     <span class='ocr_line' id='line_1_95' title="bbox 2090 3552 3671 3628; baseline -0.006 -14"><span class='ocrx_word' id='word_1_691' title='bbox 2090 3560 2472 3624; x_wconf 88' lang='lat' dir='ltr'><strong>interciderat;</strong></span> <span class='ocrx_word' id='word_1_692' title='bbox 2499 3573 2626 3628; x_wconf 89' lang='lat' dir='ltr'><strong>pars</strong></span> <span class='ocrx_word' id='word_1_693' title='bbox 2658 3557 2824 3628; x_wconf 91' lang='lat' dir='ltr'><strong>ipsius</strong></span> <span class='ocrx_word' id='word_1_694' title='bbox 2839 3553 3096 3627; x_wconf 81' lang='lat' dir='ltr'><strong>elfugerat</strong></span> <span class='ocrx_word' id='word_1_695' title='bbox 3123 3553 3456 3622; x_wconf 87' lang='lat' dir='ltr'><strong>diligentiam</strong></span> <span class='ocrx_word' id='word_1_696' title='bbox 3485 3572 3496 3606; x_wconf 96' lang='lat'>:</span> <span class='ocrx_word' id='word_1_697' title='bbox 3540 3552 3671 3608; x_wconf 85' lang='lat' dir='ltr'><strong>licet</strong></span> 
     </span>
    </p>
   </div>
   <div class='ocr_carea' id='block_1_96' title="bbox 2089 3647 3668 3718">
    <p class='ocr_par' dir='ltr' id='par_1_96' title="bbox 2089 3647 3668 3718">
     <span class='ocr_line' id='line_1_96' title="bbox 2089 3647 3668 3718; baseline -0.006 -11"><span class='ocrx_word' id='word_1_698' title='bbox 2089 3652 2232 3707; x_wconf 88' lang='lat' dir='ltr'><strong>enim</strong></span> <span class='ocrx_word' id='word_1_699' title='bbox 2255 3651 2347 3706; x_wconf 91' lang='lat' dir='ltr'><strong>lib.</strong></span> <span class='ocrx_word' id='word_1_700' title='bbox 2377 3667 2429 3705; x_wconf 79' lang='lat' dir='ltr'><strong>v1</strong></span> <span class='ocrx_word' id='word_1_701' title='bbox 2469 3650 2698 3713; x_wconf 82' lang='lat' dir='ltr'><strong>Histor.,</strong></span> <span class='ocrx_word' id='word_1_702' title='bbox 2729 3664 2848 3718; x_wconf 88' lang='lat' dir='ltr'><strong>cap.</strong></span> <span class='ocrx_word' id='word_1_703' title='bbox 2875 3647 2964 3711; x_wconf 73' lang='lat'><strong>&#39;59.,</strong></span> <span class='ocrx_word' id='word_1_704' title='bbox 3000 3659 3317 3701; x_wconf 89' lang='lat' dir='ltr'><strong>accuratum</strong></span> <span class='ocrx_word' id='word_1_705' title='bbox 3347 3659 3536 3698; x_wconf 91' lang='lat' dir='ltr'><strong>eorum</strong></span> <span class='ocrx_word' id='word_1_706' title='bbox 3573 3659 3668 3698; x_wconf 85' lang='lat' dir='ltr'><strong>ca-</strong></span> 
     </span>
    </p>
   </div>
   <div class='ocr_carea' id='block_1_97' title="bbox 2092 3736 3663 3816">
    <p class='ocr_par' dir='ltr' id='par_1_97' title="bbox 2092 3736 3663 3816">
     <span class='ocr_line' id='line_1_97' title="bbox 2092 3736 3663 3816; baseline -0.006 -16"><span class='ocrx_word' id='word_1_707' title='bbox 2092 3745 2329 3816; x_wconf 88' lang='lat' dir='ltr'><strong>talogum</strong></span> <span class='ocrx_word' id='word_1_708' title='bbox 2372 3744 2611 3799; x_wconf 90' lang='lat' dir='ltr'><strong>texuisse</strong></span> <span class='ocrx_word' id='word_1_709' title='bbox 2653 3756 2711 3797; x_wconf 89' lang='lat' dir='ltr'><strong>se</strong></span> <span class='ocrx_word' id='word_1_710' title='bbox 2751 3741 2974 3805; x_wconf 90' lang='lat' dir='ltr'><strong>scribat,</strong></span> <span class='ocrx_word' id='word_1_711' title='bbox 3014 3754 3122 3793; x_wconf 90' lang='lat' dir='ltr'><strong>non</strong></span> <span class='ocrx_word' id='word_1_712' title='bbox 3150 3751 3348 3804; x_wconf 87' lang='lat' dir='ltr'><strong>omnes</strong></span> <span class='ocrx_word' id='word_1_713' title='bbox 3381 3745 3560 3792; x_wconf 88' lang='lat' dir='ltr'><strong>tamen</strong></span> <span class='ocrx_word' id='word_1_714' title='bbox 3594 3736 3663 3791; x_wconf 87' lang='lat' dir='ltr'><strong>ad</strong></span> 
     </span>
    </p>
   </div>
   <div class='ocr_carea' id='block_1_98' title="bbox 2089 3831 3254 3907">
    <p class='ocr_par' dir='ltr' id='par_1_98' title="bbox 2089 3831 3254 3907">
     <span class='ocr_line' id='line_1_98' title="bbox 2089 3831 3254 3907; baseline -0.005 -14"><span class='ocrx_word' id='word_1_715' title='bbox 2089 3838 2261 3907; x_wconf 88' lang='lat' dir='ltr'><strong>ipsius</strong></span> <span class='ocrx_word' id='word_1_716' title='bbox 2290 3837 2538 3891; x_wconf 87' lang='lat' dir='ltr'><strong>notitiam</strong></span> <span class='ocrx_word' id='word_1_717' title='bbox 2569 3836 2888 3905; x_wconf 87' lang='lat' dir='ltr'><strong>pervenisse</strong></span> <span class='ocrx_word' id='word_1_718' title='bbox 2911 3831 3254 3888; x_wconf 89' lang='lat' dir='ltr'><strong>crediderim.</strong></span> 
     </span>
    </p>
   </div>
   <div class='ocr_carea' id='block_1_99' title="bbox 2165 3921 3666 3997">
    <p class='ocr_par' dir='ltr' id='par_1_99' title="bbox 2165 3921 3666 3997">
     <span class='ocr_line' id='line_1_99' title="bbox 2165 3921 3666 3997; baseline -0.006 -13"><span class='ocrx_word' id='word_1_719' title='bbox 2165 3929 2241 3984; x_wconf 83' lang='lat' dir='ltr'><strong>Ne</strong></span> <span class='ocrx_word' id='word_1_720' title='bbox 2269 3929 2392 3997; x_wconf 90' lang='lat' dir='ltr'><strong>quis</strong></span> <span class='ocrx_word' id='word_1_721' title='bbox 2417 3942 2549 3982; x_wconf 89' lang='lat' dir='ltr'><strong>vero</strong></span> <span class='ocrx_word' id='word_1_722' title='bbox 2582 3933 2800 3980; x_wconf 88' lang='lat' dir='ltr'><strong>censeat</strong></span> <span class='ocrx_word' id='word_1_723' title='bbox 2827 3939 2922 3979; x_wconf 86' lang='lat' dir='ltr'><strong>sex</strong></span> <span class='ocrx_word' id='word_1_724' title='bbox 2959 3923 3047 3977; x_wconf 92' lang='lat' dir='ltr'><strong>illa</strong></span> <span class='ocrx_word' id='word_1_725' title='bbox 3099 3923 3355 3976; x_wconf 91' lang='lat' dir='ltr'><strong>librorum</strong></span> <span class='ocrx_word' id='word_1_726' title='bbox 3404 3921 3590 3986; x_wconf 90' lang='lat' dir='ltr'><strong>millia,</strong></span> <span class='ocrx_word' id='word_1_727' title='bbox 3620 3921 3666 3975; x_wconf 90' lang='lat' dir='ltr'><strong>si</strong></span> 
     </span>
    </p>
   </div>
   <div class='ocr_carea' id='block_1_100' title="bbox 2089 4014 3663 4088">
    <p class='ocr_par' dir='ltr' id='par_1_100' title="bbox 2089 4014 3663 4088">
     <span class='ocr_line' id='line_1_100' title="bbox 2089 4014 3663 4088; baseline -0.005 -12"><span class='ocrx_word' id='word_1_728' title='bbox 2089 4022 2250 4077; x_wconf 91' lang='lat' dir='ltr'><strong>modo</strong></span> <span class='ocrx_word' id='word_1_729' title='bbox 2301 4021 2524 4076; x_wconf 90' lang='lat' dir='ltr'><strong>totidem</strong></span> <span class='ocrx_word' id='word_1_730' title='bbox 2581 4019 2648 4073; x_wconf 89' lang='lat' dir='ltr'><strong>ab</strong></span> <span class='ocrx_word' id='word_1_731' title='bbox 2694 4015 2926 4088; x_wconf 89' lang='lat' dir='ltr'><strong>Origene</strong></span> <span class='ocrx_word' id='word_1_732' title='bbox 3007 4016 3192 4085; x_wconf 90' lang='lat' dir='ltr'><strong>scripti</strong></span> <span class='ocrx_word' id='word_1_733' title='bbox 3228 4025 3374 4076; x_wconf 89' lang='lat' dir='ltr'><strong>sunt,</strong></span> <span class='ocrx_word' id='word_1_734' title='bbox 3428 4014 3663 4085; x_wconf 88' lang='lat' dir='ltr'><strong>ingentia</strong></span> 
     </span>
    </p>
   </div>
   <div class='ocr_carea' id='block_1_101' title="bbox 2089 4108 3668 4182">
    <p class='ocr_par' dir='ltr' id='par_1_101' title="bbox 2089 4108 3668 4182">
     <span class='ocr_line' id='line_1_101' title="bbox 2089 4108 3668 4182; baseline -0.003 -15"><span class='ocrx_word' id='word_1_735' title='bbox 2089 4116 2336 4182; x_wconf 75' lang='lat' dir='ltr'><strong>quaedam</strong></span> <span class='ocrx_word' id='word_1_736' title='bbox 2399 4112 2674 4169; x_wconf 82' lang='lat' dir='ltr'><strong>volumina</strong></span> <span class='ocrx_word' id='word_1_737' title='bbox 2736 4109 2942 4172; x_wconf 84' lang='lat' dir='ltr'><strong>fuisse,</strong></span> <span class='ocrx_word' id='word_1_738' title='bbox 3010 4108 3309 4177; x_wconf 89' lang='lat' dir='ltr'><strong>cujnsmodi</strong></span> <span class='ocrx_word' id='word_1_739' title='bbox 3359 4116 3486 4177; x_wconf 85' lang='lat' dir='ltr'><strong>puta</strong></span> <span class='ocrx_word' id='word_1_740' title='bbox 3532 4123 3668 4177; x_wconf 81' lang='lat' dir='ltr'><strong>Opus</strong></span> 
     </span>
    </p>
   </div>
   <div class='ocr_carea' id='block_1_102' title="bbox 2089 4197 3670 4269">
    <p class='ocr_par' dir='ltr' id='par_1_102' title="bbox 2089 4197 3670 4269">
     <span class='ocr_line' id='line_1_102' title="bbox 2089 4197 3670 4269; baseline -0.006 -12"><span class='ocrx_word' id='word_1_741' title='bbox 2089 4215 2273 4257; x_wconf 87' lang='lat' dir='ltr'><strong>contra</strong></span> <span class='ocrx_word' id='word_1_742' title='bbox 2328 4199 2560 4266; x_wconf 77' lang='lat' dir='ltr'><strong>Celsum,</strong></span> <span class='ocrx_word' id='word_1_743' title='bbox 2597 4203 2680 4254; x_wconf 77' lang='lat' dir='ltr'><strong>vel</strong></span> <span class='ocrx_word' id='word_1_744' title='bbox 2723 4215 2856 4269; x_wconf 91' lang='lat' dir='ltr'><strong>opus</strong></span> <span class='ocrx_word' id='word_1_745' title='bbox 2887 4198 3024 4269; x_wconf 76' lang='grc' dir='ltr'><strong>Περὶ</strong></span> <span class='ocrx_word' id='word_1_746' title='bbox 3061 4197 3284 4268; x_wconf 81' lang='grc' dir='ltr'><strong>ἀρχῶν,</strong></span> <span class='ocrx_word' id='word_1_747' title='bbox 3313 4198 3393 4250; x_wconf 86' lang='lat' dir='ltr'><strong>vel</strong></span> <span class='ocrx_word' id='word_1_748' title='bbox 3453 4199 3581 4252; x_wconf 90' lang='lat' dir='ltr'><strong>tomi</strong></span> <span class='ocrx_word' id='word_1_749' title='bbox 3615 4199 3670 4249; x_wconf 86' lang='lat' dir='ltr'><strong>in</strong></span> 
     </span>
    </p>
   </div>
   <div class='ocr_carea' id='block_1_103' title="bbox 2089 4289 3665 4360">
    <p class='ocr_par' dir='ltr' id='par_1_103' title="bbox 2089 4289 3665 4360">
     <span class='ocr_line' id='line_1_103' title="bbox 2089 4289 3665 4360; baseline -0.004 -11"><span class='ocrx_word' id='word_1_750' title='bbox 2089 4294 2371 4359; x_wconf 83' lang='lat' dir='ltr'><strong>Joannem,</strong></span> <span class='ocrx_word' id='word_1_751' title='bbox 2408 4293 2491 4348; x_wconf 89' lang='lat' dir='ltr'><strong>vel</strong></span> <span class='ocrx_word' id='word_1_752' title='bbox 2517 4291 2753 4347; x_wconf 69' lang='lat' dir='ltr'><strong>homiliae</strong></span> <span class='ocrx_word' id='word_1_753' title='bbox 2789 4293 2847 4346; x_wconf 87' lang='lat' dir='ltr'><strong>in</strong></span> <span class='ocrx_word' id='word_1_754' title='bbox 2868 4291 3094 4348; x_wconf 88' lang='lat' dir='ltr'><strong>Lucam.</strong></span> <span class='ocrx_word' id='word_1_755' title='bbox 3133 4291 3387 4360; x_wconf 66' lang='lat' dir='ltr'><strong>Epistolas</strong></span> <span class='ocrx_word' id='word_1_756' title='bbox 3418 4289 3665 4360; x_wconf 64' lang='lat' dir='ltr'><strong>singulae,</strong></span> 
     </span>
    </p>
   </div>
   <div class='ocr_carea' id='block_1_104' title="bbox 2090 4383 3669 4456">
    <p class='ocr_par' dir='ltr' id='par_1_104' title="bbox 2090 4383 3669 4456">
     <span class='ocr_line' id='line_1_104' title="bbox 2090 4383 3669 4456; baseline -0.004 -15"><span class='ocrx_word' id='word_1_757' title='bbox 2090 4387 2286 4456; x_wconf 87' lang='lat' dir='ltr'><strong>singuli</strong></span> <span class='ocrx_word' id='word_1_758' title='bbox 2322 4386 2473 4449; x_wconf 88' lang='lat' dir='ltr'><strong>tomi,</strong></span> <span class='ocrx_word' id='word_1_759' title='bbox 2513 4384 2738 4454; x_wconf 71' lang='lat' dir='ltr'><strong>singula:</strong></span> <span class='ocrx_word' id='word_1_760' title='bbox 2801 4383 3054 4448; x_wconf 63' lang='lat' dir='ltr'><strong>homilim,</strong></span> <span class='ocrx_word' id='word_1_761' title='bbox 3102 4400 3200 4438; x_wconf 89' lang='lat' dir='ltr'><strong>suo</strong></span> <span class='ocrx_word' id='word_1_762' title='bbox 3247 4397 3475 4453; x_wconf 86' lang='lat' dir='ltr'><strong>quaeque</strong></span> <span class='ocrx_word' id='word_1_763' title='bbox 3515 4383 3669 4437; x_wconf 90' lang='lat' dir='ltr'><strong>titulo</strong></span> 
     </span>
    </p>
   </div>
   <div class='ocr_carea' id='block_1_105' title="bbox 2090 4475 3667 4545">
    <p class='ocr_par' dir='ltr' id='par_1_105' title="bbox 2090 4475 3667 4545">
     <span class='ocr_line' id='line_1_105' title="bbox 2090 4475 3667 4545; baseline -0.003 -12"><span class='ocrx_word' id='word_1_764' title='bbox 2090 4490 2144 4533; x_wconf 93' lang='lat' dir='ltr'><strong>et</strong></span> <span class='ocrx_word' id='word_1_765' title='bbox 2182 4481 2397 4534; x_wconf 91' lang='lat' dir='ltr'><strong>nomine</strong></span> <span class='ocrx_word' id='word_1_766' title='bbox 2453 4478 2508 4533; x_wconf 87' lang='lat' dir='ltr'><strong>in</strong></span> <span class='ocrx_word' id='word_1_767' title='bbox 2561 4479 2705 4534; x_wconf 91' lang='lat' dir='ltr'><strong>hunc</strong></span> <span class='ocrx_word' id='word_1_768' title='bbox 2751 4492 2974 4532; x_wconf 84' lang='lat' dir='ltr'><strong>censum</strong></span> <span class='ocrx_word' id='word_1_769' title='bbox 3032 4486 3336 4542; x_wconf 86' lang='lat' dir='ltr'><strong>venerunt;</strong></span> <span class='ocrx_word' id='word_1_770' title='bbox 3381 4485 3542 4545; x_wconf 86' lang='lat' dir='ltr'><strong>atque</strong></span> <span class='ocrx_word' id='word_1_771' title='bbox 3596 4475 3667 4530; x_wconf 81' lang='lat' dir='ltr'><strong>ita</strong></span> 
     </span>
    </p>
   </div>
   <div class='ocr_carea' id='block_1_106' title="bbox 2093 4568 3671 4640">
    <p class='ocr_par' dir='ltr' id='par_1_106' title="bbox 2093 4568 3671 4640">
     <span class='ocr_line' id='line_1_106' title="bbox 2093 4568 3671 4640; baseline -0.003 -15"><span class='ocrx_word' id='word_1_772' title='bbox 2093 4570 2254 4625; x_wconf 88' lang='lat' dir='ltr'><strong>facile</strong></span> <span class='ocrx_word' id='word_1_773' title='bbox 2287 4570 2476 4640; x_wconf 88' lang='lat' dir='ltr'><strong>ingens</strong></span> <span class='ocrx_word' id='word_1_774' title='bbox 2524 4569 2614 4624; x_wconf 89' lang='lat' dir='ltr'><strong>ille</strong></span> <span class='ocrx_word' id='word_1_775' title='bbox 2644 4586 2905 4625; x_wconf 91' lang='lat' dir='ltr'><strong>numerus</strong></span> <span class='ocrx_word' id='word_1_776' title='bbox 2937 4569 3159 4638; x_wconf 91' lang='lat' dir='ltr'><strong>prodiit,</strong></span> <span class='ocrx_word' id='word_1_777' title='bbox 3191 4568 3283 4637; x_wconf 87' lang='lat' dir='ltr'><strong>qui</strong></span> <span class='ocrx_word' id='word_1_778' title='bbox 3321 4584 3420 4622; x_wconf 87' lang='lat' dir='ltr'><strong>nec</strong></span> <span class='ocrx_word' id='word_1_779' title='bbox 3447 4577 3671 4637; x_wconf 89' lang='lat' dir='ltr'><strong>superat</strong></span> 
     </span>
    </p>
   </div>
   <div class='ocr_carea' id='block_1_107' title="bbox 2093 4662 3671 4733">
    <p class='ocr_par' dir='ltr' id='par_1_107' title="bbox 2093 4662 3671 4733">
     <span class='ocr_line' id='line_1_107' title="bbox 2093 4662 3671 4733; baseline -0.001 -15"><span class='ocrx_word' id='word_1_780' title='bbox 2093 4663 2278 4730; x_wconf 87' lang='lat' dir='ltr'><strong>fidem,</strong></span> <span class='ocrx_word' id='word_1_781' title='bbox 2341 4678 2440 4718; x_wconf 91' lang='lat' dir='ltr'><strong>nec</strong></span> <span class='ocrx_word' id='word_1_782' title='bbox 2495 4663 2649 4718; x_wconf 91' lang='lat' dir='ltr'><strong>valde</strong></span> <span class='ocrx_word' id='word_1_783' title='bbox 2705 4665 2971 4720; x_wconf 90' lang='lat' dir='ltr'><strong>mirabilis</strong></span> <span class='ocrx_word' id='word_1_784' title='bbox 3012 4672 3112 4718; x_wconf 91' lang='lat' dir='ltr'><strong>est.</strong></span> <span class='ocrx_word' id='word_1_785' title='bbox 3171 4662 3367 4718; x_wconf 87' lang='lat' dir='ltr'><strong>Fertur</strong></span> <span class='ocrx_word' id='word_1_786' title='bbox 3413 4662 3671 4733; x_wconf 90' lang='lat' dir='ltr'><strong>Didymus</strong></span> 
     </span>
    </p>
   </div>
   <div class='ocr_carea' id='block_1_108' title="bbox 2090 4753 3669 4826">
    <p class='ocr_par' dir='ltr' id='par_1_108' title="bbox 2090 4753 3669 4826">
     <span class='ocr_line' id='line_1_108' title="bbox 2090 4753 3669 4826; baseline 0 -18"><span class='ocrx_word' id='word_1_787' title='bbox 2090 4753 2494 4809; x_wconf 86' lang='lat' dir='ltr'><strong>Alexandrinus</strong></span> <span class='ocrx_word' id='word_1_788' title='bbox 2519 4755 2910 4826; x_wconf 83' lang='lat' dir='ltr'><strong>grammaticus</strong></span> <span class='ocrx_word' id='word_1_789' title='bbox 2955 4757 3020 4808; x_wconf 89' lang='lat' dir='ltr'><strong>ad</strong></span> <span class='ocrx_word' id='word_1_790' title='bbox 3052 4755 3154 4808; x_wconf 87' lang='lat' dir='ltr'><strong>tria</strong></span> <span class='ocrx_word' id='word_1_791' title='bbox 3187 4755 3354 4808; x_wconf 88' lang='lat' dir='ltr'><strong>millia</strong></span> <span class='ocrx_word' id='word_1_792' title='bbox 3385 4754 3669 4818; x_wconf 89' lang='lat' dir='ltr'><strong>librorum,</strong></span> 
     </span>
    </p>
   </div>
   <div class='ocr_carea' id='block_1_109' title="bbox 2091 4843 3668 4918">
    <p class='ocr_par' dir='ltr' id='par_1_109' title="bbox 2091 4843 3668 4918">
     <span class='ocr_line' id='line_1_109' title="bbox 2091 4843 3668 4918; baseline 0.001 -20"><span class='ocrx_word' id='word_1_793' title='bbox 2091 4855 2146 4899; x_wconf 90' lang='lat' dir='ltr'><strong>et</strong></span> <span class='ocrx_word' id='word_1_794' title='bbox 2178 4845 2506 4918; x_wconf 88' lang='lat' dir='ltr'><strong>quingentos</strong></span> <span class='ocrx_word' id='word_1_795' title='bbox 2541 4847 2842 4916; x_wconf 89' lang='lat' dir='ltr'><strong>scripsisse.</strong></span> <span class='ocrx_word' id='word_1_796' title='bbox 2889 4843 3090 4900; x_wconf 86' lang='lat' dir='ltr'><strong>Narrat</strong></span> <span class='ocrx_word' id='word_1_797' title='bbox 3117 4845 3388 4917; x_wconf 87' lang='lat' dir='ltr'><strong>Georgius</strong></span> <span class='ocrx_word' id='word_1_798' title='bbox 3428 4846 3668 4900; x_wconf 85' lang='lat' dir='ltr'><strong>Alexan-</strong></span> 
     </span>
    </p>
   </div>
   <div class='ocr_carea' id='block_1_110' title="bbox 2095 4937 3669 5007">
    <p class='ocr_par' dir='ltr' id='par_1_110' title="bbox 2095 4937 3669 5007">
     <span class='ocr_line' id='line_1_110' title="bbox 2095 4937 3669 5007; baseline 0.001 -15"><span class='ocrx_word' id='word_1_799' title='bbox 2095 4937 2284 4992; x_wconf 93' lang='lat' dir='ltr'><strong>drinus</strong></span> <span class='ocrx_word' id='word_1_800' title='bbox 2315 4939 2435 5007; x_wconf 92' lang='lat' dir='ltr'><strong>pios</strong></span> <span class='ocrx_word' id='word_1_801' title='bbox 2472 4939 2730 5007; x_wconf 87' lang='lat' dir='ltr'><strong>quosdam</strong></span> <span class='ocrx_word' id='word_1_802' title='bbox 2768 4938 2918 4992; x_wconf 82' lang='lat' dir='ltr'><strong>viros</strong></span> <span class='ocrx_word' id='word_1_803' title='bbox 2952 4947 3070 5006; x_wconf 92' lang='lat' dir='ltr'><strong>post</strong></span> <span class='ocrx_word' id='word_1_804' title='bbox 3110 4938 3478 5007; x_wconf 89' lang='lat' dir='ltr'><strong>Chrysostomi</strong></span> <span class='ocrx_word' id='word_1_805' title='bbox 3522 4955 3669 4993; x_wconf 84' lang='lat' dir='ltr'><strong>mor-</strong></span> 
     </span>
    </p>
   </div>
   <div class='ocr_carea' id='block_1_111' title="bbox 2095 5029 3667 5099">
    <p class='ocr_par' dir='ltr' id='par_1_111' title="bbox 2095 5029 3667 5099">
     <span class='ocr_line' id='line_1_111' title="bbox 2095 5029 3667 5099; baseline -0.002 -14"><span class='ocrx_word' id='word_1_806' title='bbox 2095 5039 2225 5097; x_wconf 90' lang='lat' dir='ltr'><strong>tem,</strong></span> <span class='ocrx_word' id='word_1_807' title='bbox 2251 5030 2506 5084; x_wconf 87' lang='lat' dir='ltr'><strong>homilias</strong></span> <span class='ocrx_word' id='word_1_808' title='bbox 2536 5031 2652 5099; x_wconf 88' lang='lat' dir='ltr'><strong>ejus</strong></span> <span class='ocrx_word' id='word_1_809' title='bbox 2681 5029 3030 5098; x_wconf 89' lang='lat' dir='ltr'><strong>octingentas</strong></span> <span class='ocrx_word' id='word_1_810' title='bbox 3052 5044 3212 5098; x_wconf 88' lang='lat' dir='ltr'><strong>supra</strong></span> <span class='ocrx_word' id='word_1_811' title='bbox 3237 5038 3470 5098; x_wconf 90' lang='lat' dir='ltr'><strong>quatuor</strong></span> <span class='ocrx_word' id='word_1_812' title='bbox 3502 5030 3667 5093; x_wconf 87' lang='lat' dir='ltr'><strong>mille,</strong></span> 
     </span>
    </p>
   </div>
   <div class='ocr_carea' id='block_1_112' title="bbox 2093 5121 3668 5190">
    <p class='ocr_par' dir='ltr' id='par_1_112' title="bbox 2093 5121 3668 5190">
     <span class='ocr_line' id='line_1_112' title="bbox 2093 5121 3668 5190; baseline -0.003 -12"><span class='ocrx_word' id='word_1_813' title='bbox 2093 5137 2217 5178; x_wconf 89' lang='lat' dir='ltr'><strong>cum</strong></span> <span class='ocrx_word' id='word_1_814' title='bbox 2248 5137 2437 5177; x_wconf 92' lang='lat' dir='ltr'><strong>omnes</strong></span> <span class='ocrx_word' id='word_1_815' title='bbox 2476 5137 2580 5176; x_wconf 90' lang='lat' dir='ltr'><strong>non</strong></span> <span class='ocrx_word' id='word_1_816' title='bbox 2613 5130 2855 5190; x_wconf 89' lang='lat' dir='ltr'><strong>possent,</strong></span> <span class='ocrx_word' id='word_1_817' title='bbox 2891 5122 2942 5173; x_wconf 93' lang='lat' dir='ltr'><strong>in</strong></span> <span class='ocrx_word' id='word_1_818' title='bbox 2982 5137 3144 5174; x_wconf 91' lang='lat' dir='ltr'><strong>unum</strong></span> <span class='ocrx_word' id='word_1_819' title='bbox 3185 5121 3489 5190; x_wconf 85' lang='lat' dir='ltr'><strong>collegisse.</strong></span> <span class='ocrx_word' id='word_1_820' title='bbox 3522 5121 3668 5174; x_wconf 88' lang='lat' dir='ltr'><strong>Tau-</strong></span> 
     </span>
    </p>
   </div>
   <div class='ocr_carea' id='block_1_113' title="bbox 2095 5211 3669 5284">
    <p class='ocr_par' dir='ltr' id='par_1_113' title="bbox 2095 5211 3669 5284">
     <span class='ocr_line' id='line_1_113' title="bbox 2095 5211 3669 5284; baseline -0.004 -14"><span class='ocrx_word' id='word_1_821' title='bbox 2095 5225 2204 5270; x_wconf 91' lang='lat' dir='ltr'><strong>tam</strong></span> <span class='ocrx_word' id='word_1_822' title='bbox 2243 5229 2372 5270; x_wconf 85' lang='lat' dir='ltr'><strong>vero</strong></span> <span class='ocrx_word' id='word_1_823' title='bbox 2426 5213 2686 5267; x_wconf 87' lang='lat' dir='ltr'><strong>librorum</strong></span> <span class='ocrx_word' id='word_1_824' title='bbox 2735 5211 3110 5284; x_wconf 81' lang='lat' dir='ltr'><strong>Chrysostomi</strong></span> <span class='ocrx_word' id='word_1_825' title='bbox 3170 5212 3409 5282; x_wconf 88' lang='lat' dir='ltr'><strong>ejusdem</strong></span> <span class='ocrx_word' id='word_1_826' title='bbox 3459 5213 3669 5282; x_wconf 81' lang='lat' dir='ltr'><strong>copiam</strong></span> 
     </span>
    </p>
   </div>
   <div class='ocr_carea' id='block_1_114' title="bbox 2093 5306 3668 5376">
    <p class='ocr_par' dir='ltr' id='par_1_114' title="bbox 2093 5306 3668 5376">
     <span class='ocr_line' id='line_1_114' title="bbox 2093 5306 3668 5376; baseline -0.004 -13"><span class='ocrx_word' id='word_1_827' title='bbox 2093 5307 2264 5363; x_wconf 83' lang='lat' dir='ltr'><strong>fuisse</strong></span> <span class='ocrx_word' id='word_1_828' title='bbox 2305 5308 2466 5362; x_wconf 86' lang='lat' dir='ltr'><strong>tradit</strong></span> <span class='ocrx_word' id='word_1_829' title='bbox 2499 5306 2718 5371; x_wconf 88' lang='lat' dir='ltr'><strong>Suidas,</strong></span> <span class='ocrx_word' id='word_1_830' title='bbox 2748 5315 2805 5360; x_wconf 94' lang='lat' dir='ltr'><strong>ut</strong></span> <span class='ocrx_word' id='word_1_831' title='bbox 2849 5322 3128 5360; x_wconf 93' lang='lat' dir='ltr'><strong>numerum</strong></span> <span class='ocrx_word' id='word_1_832' title='bbox 3157 5316 3478 5376; x_wconf 89' lang='lat' dir='ltr'><strong>superarent</strong></span> <span class='ocrx_word' id='word_1_833' title='bbox 3511 5323 3524 5358; x_wconf 91' lang='lat'><strong>:</strong></span> <span class='ocrx_word' id='word_1_834' title='bbox 3559 5315 3668 5358; x_wconf 90' lang='lat' dir='ltr'><strong>tum</strong></span> 
     </span>
    </p>
   </div>
   <div class='ocr_carea' id='block_1_115' title="bbox 2092 5396 3670 5470">
    <p class='ocr_par' dir='ltr' id='par_1_115' title="bbox 2092 5396 3670 5470">
     <span class='ocr_line' id='line_1_115' title="bbox 2092 5396 3670 5470; baseline -0.004 -15"><span class='ocrx_word' id='word_1_835' title='bbox 2092 5401 2246 5470; x_wconf 87' lang='lat' dir='ltr'><strong>quasi</strong></span> <span class='ocrx_word' id='word_1_836' title='bbox 2299 5415 2412 5454; x_wconf 89' lang='lat' dir='ltr'><strong>rem</strong></span> <span class='ocrx_word' id='word_1_837' title='bbox 2473 5413 2579 5452; x_wconf 92' lang='lat' dir='ltr'><strong>non</strong></span> <span class='ocrx_word' id='word_1_838' title='bbox 2619 5401 2754 5454; x_wconf 87' lang='lat' dir='ltr'><strong>satis</strong></span> <span class='ocrx_word' id='word_1_839' title='bbox 2802 5399 3186 5468; x_wconf 86' lang='lat' dir='ltr'><strong>significasset,</strong></span> <span class='ocrx_word' id='word_1_840' title='bbox 3243 5398 3435 5451; x_wconf 89' lang='lat' dir='ltr'><strong>addit:</strong></span> <span class='ocrx_word' id='word_1_841' title='bbox 3466 5396 3588 5449; x_wconf 81' lang='grc' dir='ltr'>Τῶν</span> <span class='ocrx_word' id='word_1_842' title='bbox 3615 5397 3670 5449; x_wconf 81' lang='grc' dir='ltr'><strong>δὲ</strong></span> 
     </span>
    </p>
   </div>
   <div class='ocr_carea' id='block_1_116' title="bbox 2095 5487 3670 5563">
    <p class='ocr_par' dir='ltr' id='par_1_116' title="bbox 2095 5487 3670 5563">
     <span class='ocr_line' id='line_1_116' title="bbox 2095 5487 3670 5563; baseline -0.004 -18"><span class='ocrx_word' id='word_1_843' title='bbox 2095 5492 2542 5563; x_wconf 80' lang='grc' dir='ltr'><strong>συγγραμμάτων</strong></span> <span class='ocrx_word' id='word_1_844' title='bbox 2585 5489 2749 5544; x_wconf 84' lang='grc' dir='ltr'><strong>αὐτοῦ</strong></span> <span class='ocrx_word' id='word_1_845' title='bbox 2797 5491 3114 5559; x_wconf 80' lang='grc' dir='ltr'><strong>καταλέγειν</strong></span> <span class='ocrx_word' id='word_1_846' title='bbox 3145 5490 3235 5544; x_wconf 75' lang='grc' dir='ltr'><strong>τὸν</strong></span> <span class='ocrx_word' id='word_1_847' title='bbox 3281 5487 3536 5561; x_wconf 75' lang='grc' dir='ltr'><strong>ἀριθμὸν,</strong></span> <span class='ocrx_word' id='word_1_848' title='bbox 3571 5489 3670 5539; x_wconf 80' lang='grc' dir='ltr'><strong>οὐκ</strong></span> 
     </span>
    </p>
   </div>
   <div class='ocr_carea' id='block_1_117' title="bbox 2096 5579 3669 5654">
    <p class='ocr_par' dir='ltr' id='par_1_117' title="bbox 2096 5579 3669 5654">
     <span class='ocr_line' id='line_1_117' title="bbox 2096 5579 3669 5654; baseline -0.004 -17"><span class='ocrx_word' id='word_1_849' title='bbox 2096 5584 2402 5654; x_wconf 74' lang='grc' dir='ltr'>ἀνθρώπου,</span> <span class='ocrx_word' id='word_1_850' title='bbox 2443 5582 2577 5636; x_wconf 76' lang='grc' dir='ltr'>Θεοῦ</span> <span class='ocrx_word' id='word_1_851' title='bbox 2609 5584 2665 5636; x_wconf 81' lang='grc' dir='ltr'>δὲ</span> <span class='ocrx_word' id='word_1_852' title='bbox 2696 5583 2895 5654; x_wconf 76' lang='grc' dir='ltr'>μᾶλλον</span> <span class='ocrx_word' id='word_1_853' title='bbox 2920 5583 3014 5635; x_wconf 80' lang='grc' dir='ltr'><strong>τοῦ</strong></span> <span class='ocrx_word' id='word_1_854' title='bbox 3064 5583 3132 5635; x_wconf 76' lang='grc' dir='ltr'><strong>τὰ</strong></span> <span class='ocrx_word' id='word_1_855' title='bbox 3172 5583 3349 5636; x_wconf 74' lang='grc' dir='ltr'>πάντα</span> <span class='ocrx_word' id='word_1_856' title='bbox 3373 5579 3669 5648; x_wconf 73' lang='grc' dir='ltr'>γινώσκον-</span> 
     </span>
    </p>
   </div>
   <div class='ocr_carea' id='block_1_118' title="bbox 2096 5675 3668 5741">
    <p class='ocr_par' dir='ltr' id='par_1_118' title="bbox 2096 5675 3668 5741">
     <span class='ocr_line' id='line_1_118' title="bbox 2096 5675 3668 5741; baseline -0.002 -15"><span class='ocrx_word' id='word_1_857' title='bbox 2096 5692 2208 5737; x_wconf 85' lang='grc' dir='ltr'><strong>τος.</strong></span> <span class='ocrx_word' id='word_1_858' title='bbox 2252 5693 2269 5724; x_wconf 71' lang='grc' dir='ltr'>ι</span> <span class='ocrx_word' id='word_1_859' title='bbox 2296 5675 2423 5741; x_wconf 91' lang='lat' dir='ltr'><strong>Ejus</strong></span> <span class='ocrx_word' id='word_1_860' title='bbox 2455 5690 2584 5729; x_wconf 89' lang='lat' dir='ltr'><strong>vero</strong></span> <span class='ocrx_word' id='word_1_861' title='bbox 2640 5675 3076 5729; x_wconf 89' lang='lat' dir='ltr'><strong>lucubrationum</strong></span> <span class='ocrx_word' id='word_1_862' title='bbox 3128 5688 3416 5728; x_wconf 89' lang='lat' dir='ltr'><strong>recensere</strong></span> <span class='ocrx_word' id='word_1_863' title='bbox 3463 5687 3668 5740; x_wconf 39' lang='lat' dir='ltr'><strong>.nume-</strong></span> 
     </span>
    </p>
   </div>
   <div class='ocr_carea' id='block_1_119' title="bbox 2099 5763 3666 5836">
    <p class='ocr_par' dir='ltr' id='par_1_119' title="bbox 2099 5763 3666 5836">
     <span class='ocr_line' id='line_1_119' title="bbox 2099 5763 3666 5836; baseline -0.004 -16"><span class='ocrx_word' id='word_1_864' title='bbox 2099 5783 2241 5832; x_wconf 89' lang='lat' dir='ltr'><strong>rum,</strong></span> <span class='ocrx_word' id='word_1_865' title='bbox 2280 5782 2385 5820; x_wconf 87' lang='lat' dir='ltr'><strong>non</strong></span> <span class='ocrx_word' id='word_1_866' title='bbox 2433 5767 2690 5832; x_wconf 86' lang='lat' dir='ltr'><strong>hominis,</strong></span> <span class='ocrx_word' id='word_1_867' title='bbox 2729 5769 2822 5822; x_wconf 90' lang='lat' dir='ltr'><strong>sed</strong></span> <span class='ocrx_word' id='word_1_868' title='bbox 2853 5767 2945 5821; x_wconf 88' lang='lat' dir='ltr'><strong>Dei</strong></span> <span class='ocrx_word' id='word_1_869' title='bbox 3001 5767 3180 5836; x_wconf 87' lang='lat' dir='ltr'><strong>potius</strong></span> <span class='ocrx_word' id='word_1_870' title='bbox 3208 5777 3314 5829; x_wconf 80' lang='lat' dir='ltr'><strong>est,</strong></span> <span class='ocrx_word' id='word_1_871' title='bbox 3355 5766 3446 5832; x_wconf 90' lang='lat' dir='ltr'><strong>qui</strong></span> <span class='ocrx_word' id='word_1_872' title='bbox 3488 5763 3666 5819; x_wconf 87' lang='lat' dir='ltr'><strong>omnia</strong></span> 
     </span>
    </p>
   </div>
   <div class='ocr_carea' id='block_1_120' title="bbox 2097 5856 3665 5928">
    <p class='ocr_par' dir='ltr' id='par_1_120' title="bbox 2097 5856 3665 5928">
     <span class='ocr_line' id='line_1_120' title="bbox 2097 5856 3665 5928; baseline 0.001 -15"><span class='ocrx_word' id='word_1_873' title='bbox 2097 5858 2392 5928; x_wconf 85' lang='lat' dir='ltr'><strong>cognoscit.</strong></span> <span class='ocrx_word' id='word_1_874' title='bbox 2429 5878 2446 5911; x_wconf 84' lang='grc'><strong><em>›</em></strong></span> <span class='ocrx_word' id='word_1_875' title='bbox 2493 5857 2688 5914; x_wconf 86' lang='lat' dir='ltr'><strong>Fertur</strong></span> <span class='ocrx_word' id='word_1_876' title='bbox 2725 5858 3041 5914; x_wconf 83' lang='lat' dir='ltr'><strong>Theodorus</strong></span> <span class='ocrx_word' id='word_1_877' title='bbox 3096 5858 3505 5927; x_wconf 68' lang='lat' dir='ltr'><strong>lilupsnesmnus</strong></span> <span class='ocrx_word' id='word_1_878' title='bbox 3547 5856 3665 5922; x_wconf 66' lang='lat' dir='ltr'><strong>plus</strong></span> 
     </span>
    </p>
   </div>
  </div>
