4152 6426
458 398 592 454 “£9

1334 391 1900 452 ORIGENIANORUM
1937 396 2063 452 LIB.
2106 388 2192 462 ill,
2239 385 2388 453 CAP.
2426 397 2491 467 ll,
2530 397 2722 454 SECT.
2764 398 2807 453 Ι.

3568 388 3704 456 1190

457 532 610 584 quam
649 516 832 570 decem
859 512 1190 566 voluminum
1240 510 1408 566 millia
1450 510 1707 575 edidisse,
1738 510 2022 582 Raymun-
2053 522 2100 574 Α
2133 513 2496 584 Hieronymus
2543 514 2594 567 in
2651 512 2924 567 Prommio
2992 509 3359 566 Traditionum
3423 512 3704 568 Hebraica-

456 610 553 664 dus
581 623 706 661 vero
751 605 953 660 Lullius
984 603 1102 673 plus
1137 616 1298 670 quam
1332 611 1588 669 quatuor.
1626 601 1802 654 Causa
1858 602 2027 669 igitur

456 715 562 754 non
613 706 732 752 erat
772 713 866 749 cur
903 711 999 749 sex
1049 693 1197 747 mille
1249 692 1416 746 libros
1462 693 1529 746 ab
1579 691 1812 759 Origene
1859 693 2028 746 fuisse

457 787 681 856 scriptos
727 795 834 838 tam
878 783 1166 852 praefracta
1211 781 1618 834 asseveratione
1663 781 2027 850 iiieronymus

458 876 826 940 iuliciarctur;
869 888 994 926 cum
1043 887 1166 926 eum
1211 872 1510 939 praesertim
1539 872 1773 924 fateatur
1797 872 1942 926 mille
1975 881 2029 927 et

457 983 522 1022 eo
551 966 778 1037 amplius
809 973 1070 1018 tractatus
1111 965 1162 1017 in
1202 963 1438 1017 Ecclesia
1483 962 1649 1015 fuisse
1696 962 1951 1028 locutum,
1976 971 2030 1018 et

458 1055 875 1112 innumerabiles
921 1063 1184 1121 prieterea
1245 1063 1420 1107 tomos
1472 1053 1726 1106 edidisse.
1779 1052 2022 1107 indicem

456 1162 616 1216 porro
657 1146 913 1200 librorum
962 1146 1151 1215 ipsius.
1189 1155 1312 1214 post
1361 1143 1671 1206 Eusebium,
1717 1144 1860 1198 idem
1891 1159 2029 1212 quo-

455 1252 560 1305 que
631 1237 1054 1292 concinnaverat
1111 1235 1476 1306 Hieronymus
1544 1235 1599 1288 in
1654 1235 2020 1292 voluminibus

454 1328 825 1398 epistolarum,
857 1343 994 1397 quas
1035 1328 1099 1382 ad
1129 1327 1348 1381 Paulam
1395 1325 1717 1395 scripserat;
1740 1336 1796 1382 et
1825 1327 2018 1398 Orige-

454 1437 575 1477 nem
593 1437 714 1476 cum
735 1421 995 1485 Varrone,
1015 1423 1129 1474 viro
1145 1419 1478 1490 πολυγράφῳ
1495 1419 1820 1482 contulerat,
1839 1427 1895 1472 ut
1910 1419 2029 1487 ipse

455 1515 522 1570 de
551 1531 608 1569 se
636 1525 861 1568 testatur
896 1516 946 1567 in
987 1514 1121 1568 libro
1161 1511 1235 1565 De
1264 1514 1503 1580 scriptor.
1547 1511 1750 1576 eccles.,
1787 1525 1906 1580 cap.
1937 1510 2023 1565 85.

527 1608 617 1662 VI.
656 1608 918 1662 Cancrum
956 1621 1078 1659 cum
1119 1606 1260 1659 circa
1293 1603 1459 1658 libros
1501 1619 1686 1659 sacros
1719 1603 1872 1657 labor
1903 1601 2030 1657 Ori-

456 1697 626 1767 genis,
655 1705 708 1749 et
757 1694 1017 1749 industria
1087 1692 1430 1763 potissimum
1485 1701 1700 1746 versata
1752 1691 1862 1757 sit,
1911 1706 2019 1746 non

457 1791 647 1843 eadem
701 1787 937 1842 editione
979 1786 1029 1839 in
1082 1784 1148 1839 iis
1198 1785 1614 1854 interpretandis
1653 1798 1780 1837 usus
1805 1791 1889 1837 est
1925 1798 1940 1834 :
1972 1782 2028 1835 in

2132 618 2290 656 rum:
2322 621 2340 654 ι
2369 605 2442 657 De
2496 603 2821 658 Adamantio
2861 613 3040 658 autem
3087 604 3257 670 sileo,
3309 605 3462 674 cujus
3509 621 3705 661 nomen

2131 692 2195 763 (si
2239 708 2406 763 parva
2435 693 2565 748 licet
2593 708 2921 764 componere
2965 692 3194 762 magnis)
3228 709 3351 748 meo
3373 698 3593 751 nomine
3628 698 3705 750 iri-

2132 786 2397 840 vidiosius
2431 787 2668 856 est:qui
2702 801 2823 840 cum
2883 786 2936 839 in
2984 785 3225 840 homiliis
3277 787 3412 852 suis,
3457 803 3594 856 quas
3635 789 3705 842 ad

2133 876 2347 946 vulgum
2378 877 2613 946 loquitur
2633 918 2648 943 ,
2677 890 3022 931 communem
3073 877 3366 931 editionem
3417 888 3707 946 sequatur;

2133 969 2184 1022 in
2238 969 2415 1030 tomis,
2449 969 2500 1021 id
2545 977 2628 1021 est
2673 968 2724 1021 in
2783 967 3141 1034 disputatione
3192 967 3380 1036 majori
3438 967 3707 1024 Hebraica

2131 1058 2364 1112 veritate
2413 1058 2665 1126 stipatus,
2707 1065 2762 1111 et
2802 1071 3025 1111 suorum
3061 1057 3429 1111 circumdatus
3475 1059 3708 1127 agmini-

2132 1150 2257 1214 bus,
2290 1149 2562 1203 interdum
2615 1148 2811 1218 lingua:
2851 1148 3150 1218 peregrina:
3198 1148 3394 1216 quarit
3431 1149 3650 1203 auxilia.
3681 1167 3702 1201 ι

2132 1240 2399 1306 Quocirca
2447 1238 2745 1307 Scriptura:
2790 1237 3102 1293 testimonia
3133 1239 3200 1292 ab
3232 1253 3296 1293 eo
3335 1253 3707 1308 saepenumero

2131 1331 2289 1386 aliter
2344 1330 2512 1385 relata
2563 1332 2827 1400 reperies,
2871 1346 2934 1386 ac
2971 1330 3026 1385 in
3069 1330 3404 1385 editionibus
3434 1343 3700 1400 concepta
3760 1381 3768 1396 ,

2134 1428 2278 1485 sunt,
2323 1433 2442 1488 quae
2494 1419 2654 1473 hodie
2700 1419 3192 1475 circumferuntur:
3230 1422 3372 1488 quod
3416 1431 3469 1475 et
3501 1436 3564 1475 ex
3594 1437 3708 1476 me-

2133 1511 2321 1564 morim
2371 1511 2594 1580 perﬁdia
2630 1510 2922 1579 aliquando
2961 1511 3208 1581 contigit.
3234 1511 3339 1564 Par
3374 1512 3426 1564 in
3460 1513 3706 1581 Evange-

2132 1599 2325 1654 liorum
2351 1600 2689 1668 depromptis
2733 1600 2800 1654 ab
2827 1615 2892 1654 eo
2917 1599 3052 1654 locis
3088 1601 3378 1654 discrimen
3418 1602 3704 1668 occurrit;

2132 1706 2256 1744 nam
2304 1700 2668 1760 praeterquam
2717 1691 2864 1759 quod
2910 1691 3182 1745 variantes
3269 1706 3396 1745 suas
3452 1691 3707 1747 lectiones

2132 1782 2268 1836 Novi
2311 1795 2524 1850 quoque
2557 1781 2892 1836 Testamenti
2936 1782 3154 1837 codices
3196 1782 3484 1845 habebant,
3515 1792 3573 1836 ut
3606 1785 3707 1838 bo-

457 1880 698 1936 homiliis
725 1879 988 1947 siquidem
1013 1891 1147 1946 quas
1179 1877 1244 1930 ad
1270 1875 1447 1945 populi
1470 1884 1684 1942 captum
1714 1886 2025 1927 accommo-
2059 1896 2103 1964 Β
2130 1872 2325 1941 dieque
2347 1872 2583 1936 habent;
2615 1872 2868 1925 utebatur
2909 1871 2977 1925 ad
3003 1872 3132 1926 haec
3155 1886 3527 1940 sarpenumero
3562 1873 3708 1927 Ada-

457 1973 642 2039 dabat,
701 1972 989 2026 editionem
1046 1969 1372 2037 sequebatur
1431 1980 1812 2029 communem,
1865 1978 2026 2032 quam

458 2079 557 2118 usu
582 2062 899 2132 quotidiano
931 2059 1161 2132 populus
1213 2058 1563 2123 conterebat;
1597 2057 1651 2110 in
1690 2057 1847 2110 tomis
1892 2069 2020 2108 vero

458 2153 776 2210 Hebraicam
804 2154 1105 2217 veritatem,
1127 2151 1368 2219 aliasque
1390 2149 1625 2204 editione
1640 2163 1664 2202 s
1685 2146 2024 2202 consulebat.

2136 1963 2384 2017 mantius
2425 1962 2716 2032 Evangelio
2756 1963 3051 2017 secundum
3110 1962 3388 2027 Hebrazos,
3444 1973 3500 2016 ut
3539 1963 3706 2017 tradit

2135 2055 2495 2125 Hieronymus
2525 2054 2688 2107 inlib.
2725 2053 2818 2122 De;
2835 2053 3022 2121 script.
3074 2055 3275 2114 eccles.,
3313 2069 3431 2122 cap.
3465 2053 3520 2119 4,
3549 2063 3708 2124 atque

2134 2143 2260 2199 inde
2295 2143 2720 2214 discrepantiam
2761 2144 2910 2198 illam
2954 2145 3231 2200 exstitisse
3272 2144 3526 2215 conjicio.

461 2357 3698 2393 MM

1785 2555 2164 2646 CAPUT
2224 2554 2360 2641 ΙΙ.

1481 2749 1782 2832 Origenis
1825 2748 2150 2830 exegetica
2193 2755 2254 2813 et
2293 2759 2682 2833 ὲρμηνευτικά.

525 3047 746 3125 CAPITIS
771 3064 989 3106 SECUNDI
1017 3065 1403 3125 PAR1‘ITIO._—-_
1418 3050 1767 3125 Sectionibus
1811 3053 1985 3125 tribus
2010 3053 2117 3108 hoc
2145 3062 2308 3125 caput
2331 3054 2670 3110 'contiuctur.
2712 3051 2754 3109 l.
2786 3051 2952 3108 Varia
2979 3052 3422 3122 Origenianorum
3452 3052 3709 3124 ὲξὴγητι-

459 3120 570 3174 κῶν
599 3135 795 3190 geuera
835 3131 1240 3196 percensenlur.
1274 3121 1337 3196 ll.
1369 3123 1594 3196 Singula
1627 3124 1874 3196 Origenis
1907 3120 2242 3196 smmum,
2279 3141 2506 3196 quorum
2557 3125 2771 3192 quidem
2824 3125 2889 3196 ad
2931 3120 3257 3196 hanc'diem
3315 3120 3571 3176 memoria
3609 3120 3710 3196 su-

457 3203 678 3265 perest_,_
713 3201 1117 3265 epumerantur.
1157 3191 1579 3265 H_l._Agitur_de
1616 3191 1907 3265 exegeticis
1947 3191 2076 3264 quae
2105 3191 2395 3265 supersunt
2419 3235 2434 3256 ,

2473 3194 2649 3262 deque
2688 3194 2917 3248 vetustis
2964 3193 3202 3262 ipsorum
3245 3193 3706 3261 interpretationi-

459 3263 576 3314 bus.
616 3259 702 3314 IV.
733 3260 1045 3330 Disputatur
1077 3262 1143 3315 de
1175 3259 1423 3332 Origeiiis
1463 3259 1759 3332 Tetraplis',
1798 3259 2055 3334 ﬂexaptis
2081 3301 2098 3328 ,
2128 3259 2186 3320 ei
2213 3265 2448 3336 Octaptis
2494 3259 2668 3334 deque
2692 3264 2921 3334 _vulgata
2973 3259 3208 3319 editione
3234 3259 3584 3334 Septuaginta
3619 3263 3706 3318 lu-

459 3337 772 3398 terpretum.

501 3631 651 3674 VARIA
690 3635 1129 3677 ORIGENIANORUII
1164 3637 1573 3680 EXEGETICORUM
1613 3638 1821 3679 GENERA
1862 3641 1996 3681 PER'

1080 3707 1404 3746 CENSENTUR.

461 3754 515 3812 1.
545 3757 874 3826 Scripturam
913 3763 1422 3834 sacr‘am‘Ambrosii
1454 3774 1640 3832 rogatu
1667 3763 1915 3834 Origenes
1946 3765 2030 3818 in-

530 3839 842 3902 tgpretatus
882 3843 975 3885 est.
1007 3829 1363 3898 Confutantur
1391 3829 1649 3899 nonnulli,
1686 3829 1783 3901 qui
1804 3835 2030 3902 primum

533 3895 824 3970 Scriptura:
862 3918 1026 3970 sacra)
1054 3895 1381 3964 interpretem
1418 3903 1587 3968 ipsum
1627 3895 2024 3970 fuisse'volunt.

530 3966 595 4038 ll.
620 3967 939 4022 Dividuntur
973 3969 1213 4038 Origenis
1239 3966 1496 4038 exegetica
1532 3973 1583 4023 in
1610 3966 1831 4036 scholia,
1854 3973 2026 4025 Itami-

527 4037 628 4109 lias
665 4048 715 4090 et
755 4050 952 4105 tomos;
993 4037 1082 4091 Ill.’
1121 4041 1188 4109 de
1221 4037 1404 4107 quibus
1445 4040 1712 4108 sigillatim
1747 4043 2024 4109 quaeritur.

531 4103 618 4160 1V.
662 4109 800 4172 Quid
839 4103 946 4161 sint
981 4103 1332 4176 σημειώάεις
1369 4103 1687 4176 disputatur.
1716 4103 1777 4168 νζ
1818 4112 2028 4178 Ἑρμη-

525 4177 766 4231 νευτικὰ
783 4194 908 4250 pars
953 4178 1346 4250 Ἐξτηῃτικῷν
1393 4180 1652 4247 Epistolas
1681 4181 1815 4234 inter
1841 4177 2026 4250 synta—

529 4260 705 4314 gmata
745 4247 1082 4302 collocamus.
1122 4247 1204 4302 Vl.
1243 4248 1492 4318 Origenes
1542 4247 1885 4314 historicum,
1913 4265 2028 4318 my-

531 4324 721 4374 sticum
751 4328 799 4370 et
846 4319 1099 4388 moralem
1137 4335 1343 4372 sensum
1380 4321 1695 4388 perscrutari
1725 4321 1873 4373 solet.
1916 4319 2025 4374 VII.

527 4391 636 4444 Cur
672 4389 840 4440 minor
863 4387 918 4440 in
958 4387 1104 4441 Novo
1132 4405 1288 4457 quam
1319 4387 1385 4441 in'
1410 4387 1576 4442 Veteri
1605 4387 1932 4444 Testamento
1960 4391 2024 4443 ab

525 4457 802 4516 Ambrosio
832 4457 1006 4512 dictus
1029 4459 1116 4525 sit,
1157 4461 1510 4527 investigatur.

543 4549 587 4605 Ι.
653 4548 956 4616 Antequam
1037 4548 1187 4600 varia
1248 4547 1714 4622 Origenianorum_
1764 4549 2024 4622 ἐξηγητιο

453 4643 568 4698 κῶν
604 4655 804 4713 genera
842 4653 1212 4708 percenseam,
1253 4649 1572 4695 revocentur
1618 4641 1671 4695 in
1712 4643 2025 4696 memoriam

454 4746 574 4806 qua:
601 4747 763 4802 supra
789 4743 970 4787 notata
997 4741 1143 4796 sunt,
1167 4733 1231 4786 ad
1263 4733 1698 4801 interpretandos
1729 4731 2025 4802 Scriptura:

2059 3561 2102 3621 C
2206 3551 2572 3611 Coufutandus
2606 3550 2798 3607 deinde
2822 3548 2969 3605 venit
2995 3549 3375 3604 nonnullorum
3407 3564 3578 3614 error,
3611 3551 3706 3620 qui

2131 3647 2364 3718 primum
2395 3645 2683 3714 Origenem
2729 3642 3056 3712 Scripturas“
3081 3641 3271 3726 fuisse.
3294 3643 3706 3712 interpretatum

2131 3737 2330 3794 litteris
2358 3736 2735 3806 prodiderunt.
2760 3733 2816 3787 in
2839 3735 2922 3788 his
2945 3733 3134 3788 beatus
3162 3732 3454 3789 Rhenanus
3481 3736 3546 3787 ad
3571 3733 3705 3788 Her-

2131 3843 2388 3883 mannum
2434 3827 2900 3896 archiepiscopum
2933 3823 3309 3880 Coloniensem
3364 3826 3437 3879 ita
3471 3827 3537 3897 de
3583 3825 3705 3881 Ori-

2132 3935 2268 3990 gene
2297 3920 2513 3974 disserit
2539 3937 2551 3972 :
2591 3935 2610 3968 ι
2647 3918 2856 3986 Quippe
2887 3917 2979 3970 hic
3009 3916 3273 3985 scriptor,
3301 3932 3426 3971 cum
3453 3918 3593 3985 quod
3625 3919 3710 3971 in-

2128 4011 2288 4080 genio
2321 4009 2812 4079 perspicacissimo,
2843 4015 2898 4060 et
2937 4006 3158 4075 optimis
3205 4006 3504 4076 disciplinis
3529 4008 3706 4061 omni-

2129 4099 2323 4154 fariam
2366 4097 2582 4152 exculto
2635 4096 2894 4166 praeditus
2949 4095 3082 4159 fuit,
3113 4105 3224 4148 tum
3267 4097 3410 4164 quod
3459 4096 3704 4166 improbo

2126 4190 2302 4244 studio
2331 4189 2503 4244 sacris
2535 4187 2898 4242 monumentis
2930 4185 3262 4256 invigilavit,
3296 4187 3503 4256 primus
3546 4191 3703 4258 quasi

2126 4281 2350 4350 glaciem
2399 4280 2561 4334 scidit
2613 4280 2766 4349 juxta
2824 4279 3211 4348 proverbium,
3257 4279 3312 4332 in
3383 4281 3708 4336 enarrandis

2129 4372 2427 4441 Scripturis
2456 4371 2673 4426 divinis.
2708 4369 2839 4436 Quae
2857 4384 2984 4423 vera
3023 4369 3156 4433 laus,
3188 4385 3460 4440 quamque
3488 4373 3704 4440 copiosa

2129 4464 2392 4518 debeatur
2421 4461 2610 4530 primis
2631 4461 2931 4531 quibusque
2957 4477 3135 4516 rerum
3163 4461 3490 4530 optimarum
3519 4472 3708 4517 aucto-

2126 4542 2312 4620 ribus,
2347 4553 2548 4606 nemini
2585 4553 2895 4623 ambiguum
2930 4561 3033 4608 est.
3073 4571 3091 4604 ι
3130 4552 3194 4606 Ει
3224 4551 3409 4607 Sixtus
3452 4552 3708 4609 Senensis

2129 4643 2220 4700 lib.
2269 4659 2322 4697 tv
2361 4642 2638 4699 Bibliotli.,,
2677 4643 2767 4712 qui
2802 4643 2882 4697 sic
2911 4641 3023 4696 ait:
3067 4660 3086 4693 ι
3119 4641 3212 4697 His
3246 4641 3512 4696 similibus
3558 4643 3709 4698 exci-

2130 4733 2443 4789 tatiunculis
2477 4733 2675 4800 ubique
2707 4734 2782 4786 uti
2825 4734 3026 4798 voluit,
3074 4742 3236 4801 prout
3272 4732 3500 4786 decebat
3533 4732 3706 4786 homi~

456 4837 626 4878 sacrae
670 4822 867 4886 libros,
894 4822 1168 4877 Ambrosii
1200 4821 1458 4886 consiliis,
1495 4823 1814 4876 auctoritate
1845 4831 1900 4876 et
1937 4839 2026 4876 ro-
2132 4839 2250 4878 nem
2298 4838 2434 4892 pene
2481 4821 2888 4890 αὐτοδίδακτον,
2933 4833 2989 4876 et
3033 4823 3126 4892 qui
3173 4822 3379 4891 primus
3421 4832 3737 4891 aggressus

456 4921 580 4980 gatu
609 4909 896 4981 Origeuem
930 4913 1095 4968 fuisse
1121 4910 1428 4979 impulsum,
1465 4919 1519 4964 et
1553 4914 1707 4979 quasi
1751 4912 2021 4978 adactum,
2059 4894 2102 4949 Ῐ)
2131 4923 2274 4968 esset
2300 4913 2732 4982 explanationem
2764 4914 3003 4967 omnium
3044 4913 3353 4967 divinarum
3395 4913 3703 4982 Scriptura-

456 5011 514 5054 ut
543 5000 715 5056 amice
747 5001 814 5056 ab
845 5017 910 5058 eo
941 5004 1056 5072 ipse
1082 5000 1382 5070 expostulat
1422 5001 1475 5054 iu
1509 5000 1921 5056 Commentariis
1955 5003 2024 5054 ad
2131 5021 2271 5071 rum,
2304 5006 2537 5059 nondum
2585 5005 2654 5058 ob
2687 5005 2962 5074 ingentem
3011 5020 3196 5060 earum
3243 5004 3606 5059 difﬁcultatem
3636 5005 3704 5059 ab
3730 5003 3756 5050 ἀ

455 5091 646 5160 psalm.
667 5107 704 5156 ι,
726 5107 872 5148 num.
890 5092 944 5160 2,
966 5108 1019 5163 p.
1037 5092 1138 5147 526
1158 5093 1294 5163 (57),
1312 5100 1366 5147 et
1383 5091 1506 5145 utin
1525 5092 1755 5161 quadam
1774 5091 2020 5162 cpistola,

455 5197 616 5251 quam
643 5183 900 5238 exhibent
928 5183 1202 5239 Cedrenus
1231 5191 1286 5238 et
1324 5183 1538 5248 Suidas,
1569 5183 1758 5238 leviter
1783 5197 2020 5252 conque-

454 5277 610 5339 ritur,
641 5275 754 5346 (56)
781 5286 836 5330 et
866 5285 922 5330 ut
951 5277 1065 5346 ipse
1095 5278 1284 5332 scribit
1316 5277 1635 5332 Ambrosius
1680 5277 1734 5330 in
1781 5276 2012 5346 epistola

453 5365 522 5418 ad
555 5364 864 5436 Origenem,
895 5382 1053 5434 quam
1085 5366 1251 5422 refert
1306 5367 1661 5439 Hieronymus
1703 5369 1754 5422 in
1791 5369 2018 5438 epistola

453 5456 542 5525 18,
582 5459 649 5511 ad
673 5457 1004 5513 Marcellam.

528 5600 636 5673 (56)
667 5603 732 5655 Et
769 5610 820 5652 ut
857 5599 965 5667 ipse
1001 5597 1514 5673 s_cribit__Ambrosius
1556 5599 1609 5652 in
1661 5599 1902 5673 Epistola
1949 5599 2017 5652 ad

455 5667 751 5740 Origenem,
771 5686 931 5741 quam
953 5670 1109 5741 refert
1138 5667 1507 5741 Hieronymus.
1523 5679 1626 5724 etc.
1655 5671 2018 5741 Hieronymus

453 5745 509 5797 in
539 5742 640 5794 hac
675 5743 740 5792 ad
786 5740 1089 5792 Marcellam
1120 5740 1342 5808 epistola
1373 5740 1459 5794 18.
1491 5741 1773 5806 (incertum
1801 5740 1870 5792 an
1905 5754 2019 5793 me-

455 5813 640 5868 moria:
669 5811 866 5880 lapsu),
895 5810 1177 5866 Ambrosio
1205 5810 1390 5865 tribuit
1427 5811 1594 5879 ipsam
1629 5811 1876 5877 Origenis
1899 5810 2016 5879 epi-

2129 5097 2310 5166 aliquo
2336 5106 2678 5152 attentatam.
2721 5117 2741 5149 ι
2776 5097 2843 5151 Ει
2867 5096 3248 5152 Genebrardus
3279 5097 3330 5150 in
3358 5096 3599 5166 Epistoia
3634 5097 3704 5151 ad

2127 5186 2380 5241 Carolum
2420 5186 2516 5252 1X,
2553 5187 2705 5254 cujus
2748 5188 2864 5242 [nec
2892 5191 3054 5243 verba
3109 5198 3233 5243 sunt
3270 5206 3284 5240 :
3339 5205 3357 5238 ι
3401 5185 3704 5257 Tbeologiae

2126 5277 2538 5347 liquidissimam
2572 5278 2735 5332 veluti
2786 5278 3168 5348 scaturiginem
3217 5279 3444 5347 aperuit,
3477 5288 3530 5333 et
3576 5293 3701 5333 cum

2131 5369 2268 5438 frugi
2319 5369 2406 5423 illo
2437 5369 2740 5423 Salomonis
2773 5370 2887 5422 viro
2937 5369 3198 5423 derivavit
3243 5369 3423 5423 fontes
3453 5385 3580 5424 suos
3613 5370 3698 5424 fo—

2133 5477 2242 5515 ras.
2281 5480 2300 5513 ι
2333 5460 2469 5514 Tum
2521 5462 2752 5515 deinde:
2812 5478 2831 5511 ι
2865 5461 2932 5516 Ει
2979 5475 3108 5515 sane
3153 5461 3421 5526 omnium,
3466 5477 3697 5530 quorum

2127 5598 2345 5662 stolam,
2381 5613 2540 5667 quam
2573 5599 2829 5653 exhibent
2863 5601 3136 5655 Cedrenus
3165 5610 3219 5655 et
3248 5601 3464 5664 Suidas,
3503 5617 3697 5671 qnam-

2127 5685 2230 5739 que
2277 5680 2421 5743 tonio
2451 5679 2649 5743 nostrzc
2678 5671 2928 5743 editionis
2963 5688 2997 5733 I,
3036 5687 3088 5740 p.
3126 5673 3190 5738 5,
3225 5682 3481 5740 tanquam
3510 5673 3699 5743 genui-

2126 5754 2251 5795 nam
2290 5740 2454 5807 ipsius
2480 5739 2728 5805 Origeuis
2769 5739 3060 5795 edidimus.

2198 5810 2310 5880 (57)
2343 5807 2476 5865 Vide
2505 5821 2699 5868 nostra:
2727 5812 3000 5880 editionis,
3030 5824 3157 5869 tom.
3189 5811 3230 5881 l,
3257 5828 3376 5884 pag.
3406 5813 3462 5867 5.
