4152 6426
460 366 578 423 1191

1728 364 1787 421 Ρ.
1834 366 2151 426 DANIELIS
2190 369 2425 431 iiUETii

3576 377 3716 432 H92

457 493 668 562 quidem
698 489 749 544 in
774 489 955 544 divina
985 488 1184 557 scripta
1234 486 1605 541 commentarii
1653 497 1886 554 exstent,
1939 489 2037 546 fuit
2065 500 2111 556 Α
2140 494 2226 550 liis
2265 497 2581 554 obscuriora
2635 511 2864 569 quazque
2908 495 3239 561 illustravit;
3289 495 3373 551 vel
3419 496 3487 551 ad
3536 497 3717 566 populi

456 584 886 654 antiquissimus.
922 601 941 634 ι
992 581 1141 635 Itane
1188 580 1354 635 vero?
1403 580 1749 649 antiquiorne
1785 583 2031 651 Philone,

455 676 543 742 qui
599 684 675 730 tot
713 673 931 741 scriptis
973 672 1241 741 hodieque
1285 673 1674 740 superstitibus
1727 673 2037 744 Scripturas

453 759 639 812 sacras
684 756 997 826 explanavit
1033 756 1056 809 ?
1106 756 1451 825 antiquiorne
1497 756 1795 827 Theophilo
1840 759 2034 814 Antio-

450 849 645 914 cheno,
668 846 821 918 cujus
850 856 1068 903 exstant
1089 848 1481 902 commentaria
1510 849 1563 902 in
1608 859 1839 918 quatuor
1860 850 2036 906 Evan-

449 940 637 1012 gelia?
670 941 1009 995 Vetustiores
1042 954 1258 1009 quoque
1286 939 1508 995 fuerunt
1542 941 1631 996 illo
1668 941 1850 997 Melito
1880 945 2037 997 Asia-

448 1049 576 1097 nus,
607 1033 698 1102 qui
744 1032 941 1086 librum
971 1032 1265 1101 scripserat
1309 1032 1377 1086 de
1409 1032 1728 1104 Apocalypsi
1770 1032 2032 1101 Joannis;

448 1135 505 1180 et
540 1127 791 1190 Rhodon,
818 1134 872 1179 et
898 1124 1191 1189 Candidus,
1220 1134 1275 1180 et
1302 1125 1533 1196 Appion,
1561 1125 1655 1195 qui
1690 1136 1951 1183 tractatus
1981 1128 2034 1183 in

448 1217 824 1273 Hexaemeron
868 1216 1138 1288 sigillatim
1168 1226 1623 1286 composuerunt;
1653 1226 1707 1273 et
1728 1217 1916 1283 Judas,
1942 1219 2036 1288 qui

449 1313 517 1366 de
568 1310 912 1380 septuaginta
958 1308 1096 1378 apud
1130 1309 1403 1364 Danielem
1442 1310 1867 1365 hebdomadibus
1899 1312 2036 1366 scri-

446 1405 575 1475 psit.
607 1403 793 1473 itaque
833 1402 1157 1457 Ambrosius
1195 1403 1263 1456 ad
1311 1402 1451 1472 psal.
1484 1417 1671 1469 cxvm,
1716 1403 1811 1471 28,
1845 1402 2036 1473 Orige-

450 1509 574 1549 nem
620 1494 696 1548 ait
735 1512 754 1546 ι
791 1493 1080 1547 multorum
1129 1493 1608 1562 interpretationes
1652 1494 1891 1564 diligenti
1921 1496 2034 1550 dis-

449 1587 689 1641 cussisse
719 1585 1005 1654 indagine:
1042 1604 1061 1637 ι
1095 1599 1232 1653 quos
1259 1593 1314 1638 et
1343 1599 1485 1651 scepe
1516 1586 1709 1640 citatos
1740 1587 1880 1654 apud
1907 1602 2033 1640 eum

452 1678 730 1747 reperias:
768 1677 912 1732 velut
964 1678 1151 1733 homil.
1181 1678 1248 1731 l5
1300 1677 1355 1729 in
1405 1674 1619 1740 Genes.,
1668 1693 1817 1731 num.
1866 1677 1918 1743 7,
1948 1678 2035 1732 ubi

452 1769 531 1821 ait
566 1786 581 1823 :
622 1785 641 1819 ι
680 1767 833 1823 Nunc
875 1769 1091 1823 interim
1124 1784 1230 1823 non
1267 1768 1542 1823 videbitur
1580 1767 1784 1836 absque
1830 1770 2037 1823 ratione

451 1860 582 1925 dici,
630 1861 777 1930 quod
826 1869 882 1915 et
930 1861 1207 1931 prioribus
1255 1862 1457 1915 nostris
1505 1860 1826 1928 quibusdam
1862 1861 2033 1915 visum
2069 1844 2110 1902 Β

452 1962 570 2017 est,
621 1953 958 2022 prophetiam
1005 1954 1296 2023 quamdam
1354 1954 1406 2006 in
1457 1954 1559 2007 hoc
1591 1952 1927 2023 designatam
1958 1952 2038 2006 vi-

451 2045 589 2100 deri.
628 2063 646 2098 ι
699 2045 765 2101 Et
812 2045 1000 2100 homil.
1045 2046 1188 2099 13in
1223 2045 1588 2109 Exod.,num.
1622 2038 1657 2098 5
1690 2063 1705 2098 :
1746 2062 1764 2095 ι
1800 2044 2037 2099 Arietem

451 2137 617 2192 etiam
646 2146 774 2191 ante
810 2152 908 2191 nos
943 2136 1166 2206 quidam
1200 2150 1300 2208 pro
1331 2136 1515 2190 furore
1555 2144 1871 2204 posuerunt.
1909 2154 1928 2185 ι
1974 2134 2041 2190 Et

453 2226 641 2281 homil.
672 2226 706 2281 8
749 2229 805 2281 in
835 2225 1023 2294 Levit.,
1063 2242 1213 2280 num.
1242 2226 1312 2281 6:
1340 2244 1358 2277 ι
1391 2226 1467 2281 De
1498 2227 1597 2281 hoc
1628 2226 1847 2296 quidam
1876 2227 2040 2281 etiam

454 2330 581 2376 ante
626 2335 713 2376 me
747 2323 1019 2377 dixerunt.
1053 2339 1072 2373 ι
1111 2320 1176 2375 Et
1216 2320 1405 2375 homil.
1441 2320 1474 2375 9
1505 2322 1558 2373 in
1576 2318 1766 2385 Num.,
1802 2335 1953 2375 num.
1983 2320 2038 2375 5:

459 2433 478 2466 ι
521 2414 749 2481 Quidam
798 2423 977 2468 tamen
1032 2428 1098 2468 ex
1148 2413 1213 2466 iis
1260 2412 1351 2482 qui
1386 2420 1512 2465 ante
1559 2426 1660 2467 nos
1701 2413 2038 2481 interpretati

453 2518 581 2561 sunt
623 2506 801 2560 locum
836 2508 981 2560 hunc
1007 2544 1023 2571 ,
1061 2504 1281 2558 memini
1322 2504 1465 2573 quod
1516 2513 1761 2558 mortuos
1787 2503 2045 2558 dixerunt

457 2614 574 2663 eos,
607 2599 700 2667 qui
734 2598 1013 2651 nimietate
1061 2597 1331 2653 scelerum
1380 2596 1432 2650 in
1471 2596 1710 2666 peccatis
1739 2596 1939 2650 mortui
1968 2595 2044 2649 in-

458 2691 791 2761 telliguntur.
814 2708 832 2742 ι
855 2690 919 2743 Et
952 2690 1136 2743 homil.
1161 2689 1231 2743 26
1274 2703 1412 2759 seq.,
1450 2705 1599 2743 num.
1631 2688 1665 2742 4
1696 2702 1710 2740 :
1743 2706 1762 2741 ι
1801 2687 2042 2743 Exeundi

457 2785 524 2839 de
548 2782 783 2854 Egypto
812 2781 1040 2851 ﬁguram
1073 2783 1287 2837 duobus
1318 2781 1491 2837 modis
1536 2784 1743 2852 accipi,
1778 2797 1807 2836 a
1842 2782 2044 2853 priori-

454 2876 559 2931 bus
586 2876 825 2941 nostris,
861 2884 915 2929 et
943 2889 972 2927 a
1024 2874 1179 2928 nobis
1223 2887 1367 2944 sape
1405 2874 1518 2944 jam
1551 2875 1753 2929 dictum
1782 2884 1886 2929 est.
1924 2892 1943 2927 ι
1978 2874 2044 2931 Et

461 2967 646 3023 homil.
680 2968 711 3023 8
744 2967 800 3019 in
826 2967 1033 3032 ludia,
1066 2982 1214 3020 num.
1250 2967 1284 3020 4
1321 2984 1334 3020 :
1382 2984 1399 3017 ι
1425 2964 1637 3021 Memini
1663 2968 1827 3022 etiam
1856 2982 2044 3038 quem-

456 3061 579 3114 dam
607 3074 673 3114 ex
699 3058 1191 3129 prredecessoribus
1228 3059 1433 3113 nostris
1468 3060 1521 3112 in
1566 3058 1763 3112 libellis
1793 3061 1907 3114 suis
1938 3060 2044 3113 vel-

460 3167 543 3229 lus
594 3152 730 3207 lana:
781 3151 1037 3222 populum
1088 3152 1292 3205 dixisse
1343 3148 1528 3206 lsrael.
1568 3168 1587 3201 ι
1644 3150 1711 3205 Et
1755 3151 1939 3205 homil.
1976 3152 2039 3206 H

459 3248 513 3299 in
540 3244 921 3311 Jerem.,.num.
951 3243 1009 3304 ‘2.
1036 3242 1210 3296 ταῦτα
1241 3243 1297 3296 δὲ
1332 3244 1422 3296 καὶ
1456 3241 1563 3314 πρὸ
1588 3242 1746 3315 ἡμῶν
1768 3244 1917 3298 ἄλλοι
1935 3244 2051 3317 διη-

458 3337 716 3409 γήσαντο.
748 3336 814 3390 Et
846 3336 1032 3391 homil.
1064 3336 1152 3399 H,
1187 3350 1305 3404 seq.
1339 3351 1487 3389 num.
1524 3336 1557 3389 5
1578 3375 1593 3400 ,
1634 3336 1743 3390 τῶν
1776 3338 1881 3408 πρὸ
1910 3337 2047 3408 ἐμοῦ

460 3429 518 3482 δέ
572 3446 656 3493 τις
709 3426 940 3480 ἐπέϐαλε
977 3426 1055 3497 τῷ
1103 3427 1274 3498 τόπῳ.
1328 3426 1394 3480 Ει
1444 3438 1575 3483 tom.
1642 3444 1673 3481 χ
1721 3430 1778 3483 in
1826 3429 2047 3491 Matth.,

462 3537 612 3575 num.
670 3520 778 3585 22,
837 3535 959 3589 pag.
1019 3518 1166 3584 471,
1225 3520 1459 3591 ἐτήρησε
1508 3520 1607 3591 μὶν
1661 3515 1753 3574 οὖν
1813 3538 1896 3585 τες
1942 3522 2051 3593 πρὸ

462 3610 638 3684 ἡμῶν.
670 3611 735 3664 Ει
766 3610 964 3680 passim
995 3610 1046 3663 in
1077 3608 1483 3665 Commentariis
1511 3613 1568 3666 in
1596 3612 1858 3667 Joannem
1884 3613 2051 3669 Hera-

463 3705 713 3760 cleonem
741 3704 1080 3767 hmrelicum,
1115 3704 1272 3771 hujus
1300 3703 1646 3774 evangelista:
1694 3705 2045 3774 interpretem

465 3800 789 3853 insectatur.
823 3795 924 3862 Qui
964 3810 1092 3867 ergo
1141 3796 1263 3850 aliis
1314 3796 1381 3850 ad
1430 3795 1740 3866 Scripturas
1784 3797 2049 3866 interpre-

466 3884 956 3959 tandas'Origenes
989 3890 1129 3943 viam
1163 3888 1443 3959 praaivisse
1476 3890 1584 3945 dici
1620 3889 1832 3960 potest?
1859 3890 1929 3945 At
1954 3903 2049 3945 ex-

464 3984 645 4037 cusari
709 3990 887 4052 potest
940 3982 1083 4051 quod
1134 3982 1212 4036 ait
1261 3981 1449 4037 Sixtus
1501 3980 1761 4037 Senensis
1813 3980 1936 4037 libr.
1992 3996 2048 4035 tv

463 4074 717 4129 Biblioth.
739 4089 758 4127 :
783 4092 803 4126 s
848 4073 943 4130 His
977 4073 1246 4129 similibus
1274 4072 1715 4129 excitatiunculis
1742 4071 1941 4141 ubique
1968 4072 2046 4125 uti

467 4169 669 4233 voluit,
729 4175 892 4239 prout
952 4168 1179 4223 decebat
1237 4166 1513 4222 hominem
1575 4179 1713 4236 pene
1767 4161 2047 4217 αὐτοδίδα-

466 4278 619 4326 κτον,
647 4270 703 4315 et
734 4260 825 4330 qui
854 4259 1061 4331 primus
1092 4273 1382 4330 aggressus
1428 4268 1577 4314 esset
1605 4256 2045 4328 explanationem

466 4353 706 4408 omnium
733 4352 1040 4406 divinarum
1076 4351 1529 4420 Scripturarunt,
1570 4351 1807 4405 nondum
1851 4350 1922 4404 ob
1964 4348 2048 4402 in-

467 4456 679 4517 gentem
710 4460 899 4500 earum
931 4443 1306 4500 diﬂicultatem
1332 4443 1400 4498 ab
1434 4443 1617 4513 aliquo
1643 4450 1985 4496 attentalam.
2018 4456 2040 4493 ι

2136 601 2354 661 captum
2387 607 2507 648 sese
2541 594 2759 647 demisit
2778 631 2795 657 ,
2824 600 2881 648 et
2913 592 3150 647 selectas
3179 592 3442 661 quasdam
3472 589 3721 658 Scriptu-

2138 696 2212 737 ra:
2239 685 2524 753 pericopas
2553 685 2732 738 minus
2756 694 3013 740 accurate
3046 699 3141 754 per
3167 683 3420 739 bomilias
3443 685 3718 755 exposuit.

2137 772 2495 846 Hieronymus
2539 777 2591 830 in
2628 775 2854 846 Prologo
2887 791 2999 831 sua:
3028 776 3498 846 interpretationis
3540 776 3720 830 homi-

2138 869 2348 934 liarum,
2371 884 2507 939 quas
2533 870 2584 924 in
2611 870 2942 926 Ezechielem
2964 868 3223 941 Origenes
3246 870 3472 925 habuit:
3509 887 3528 921 α
3558 869 3719 935 Illud,

2138 960 2329 1031 inquit,
2360 962 2597 1018 breviter
2646 965 2963 1030 admonens,
2996 972 3055 1017 ut
3106 964 3249 1018 scias
3301 962 3553 1033 Origenis
3584 977 3723 1031 opu-

2136 1050 2283 1105 scula
2316 1052 2367 1105 in
2398 1066 2614 1107 omnem
2649 1052 2992 1121 Scripturam
3025 1068 3146 1109 esse
3190 1053 3441 1123 triplicia.
3475 1052 3721 1108 Primum

2135 1140 2251 1209 ejus
2296 1151 2572 1212 excerpta,
2600 1156 2721 1210 quae
2757 1140 2945 1197 Graece
2987 1141 3176 1211 σχόλια
3211 1150 3625 1211 nuncupantur,
3659 1140 3719 1196 in

2136 1232 2334 1301 quibus
2370 1247 2433 1287 ea
2463 1248 2581 1302 qua:
2615 1234 2714 1287 sibi
2761 1234 3084 1289 videbantur
3128 1232 3358 1288 obscura
3410 1240 3572 1300 atque
3619 1232 3725 1285 ha-

2138 1323 2267 1378 bere
2317 1324 2520 1393 aliquid
2569 1323 2943 1389 diﬂicultatis,
2994 1325 3328 1387 summatim,
3374 1324 3722 1392 breviterque

2138 1415 2471 1485 perstrinxit.
2505 1413 2817 1469 Secundum
2862 1416 3253 1470 homiliaticum
3282 1429 3486 1484 genus,
3520 1416 3585 1469 de
3612 1430 3725 1483 quo

2137 1516 2192 1561 et
2218 1521 2458 1575 praesens
2481 1506 2862 1575 interpretatio
2889 1506 3007 1574 ejus
3034 1514 3138 1562 est.
3165 1506 3408 1560 Tertium
3436 1503 3574 1573 quod
3606 1505 3724 1573 ipse

2139 1598 2417 1667 inscripsit
2443 1598 2676 1669 τόμους,
2710 1613 2809 1653 nos
2843 1598 3117 1652 volumina
3171 1611 3461 1667 possumus
3515 1610 3723 1649 nuncu-

2138 1705 2291 1761 pare,
2327 1690 2383 1745 in
2412 1706 2521 1760 quo
2550 1706 2716 1760 opere
2748 1700 2857 1745 tota
2888 1690 3091 1760 ingenii
3124 1689 3208 1744 sui
3239 1688 3354 1744 vela
3385 1688 3723 1757 spirantibus

2141 1782 2315 1837 ventis
2341 1782 2521 1847 dedit,
2570 1791 2625 1836 et
2658 1782 2918 1838 recedens
2961 1796 2988 1834 a
3031 1790 3172 1836 terra
3213 1781 3267 1835 in
3305 1781 3539 1835 medium
3574 1778 3724 1847 pela—

2140 1886 2241 1943 gus
2286 1872 2513 1943 aufugit.
2549 1891 2568 1925 ι
2600 1872 2828 1928 Ruﬁnus
2877 1873 2931 1927 in
2972 1872 3202 1943 Prologo
3254 1870 3723 1941 interpretationis

2141 1979 2252 2018 sum
2278 1965 2798 2020 Commentariorum
2828 1963 3081 2035 Origenis
3128 1964 3186 2016 in
3227 1960 3489 2016 Numeros
3510 2004 3526 2028 ,
3557 1975 3725 2031 quem

2143 2058 2277 2112 mihi
2350 2058 2479 2112 olim
2541 2057 2821 2128 Blgotiana
2901 2056 3231 2111 bibliotheca
3299 2054 3722 2125 suppeditavit:

2148 2170 2167 2204 ι
2204 2151 2548 2220 Quaecunque
2573 2152 2627 2205 in
2662 2150 3023 2205 Numerorum
3062 2147 3222 2213 libro,
3245 2148 3363 2202 sive
3389 2146 3725 2201 homiliatico

2144 2244 2319 2316 Stylo,
2356 2243 2469 2298 sive
2497 2244 2661 2299 etiam
2693 2259 2761 2299 ex
2794 2244 2879 2298 his
2904 2256 3024 2309 qua:
3064 2250 3321 2310 excerpta
3363 2238 3725 2309 appellantur,

2144 2339 2344 2407 scripta
2373 2338 2693 2407 reperimus,
2730 2338 2847 2392 haec
2895 2344 3226 2407 perurgente
3266 2342 3339 2400 te,
3374 2332 3615 2387 Romana
3664 2340 3729 2387 ut

2144 2430 2416 2501 potuimus
2448 2443 2581 2484 voce
2610 2444 2677 2485 ex
2707 2429 2938 2483 diversis
2979 2428 3033 2483 in
3066 2440 3228 2481 unum
3273 2425 3516 2479 ordinem
3563 2424 3728 2478 colle-

2144 2528 2230 2576 cta
2276 2519 2615 2588 digessimus.
2652 2537 2671 2570 ι
2705 2516 2771 2572 Et
2811 2517 2971 2585 paulo
2999 2526 3159 2585 post:
3197 2534 3215 2568 ι
3259 2515 3416 2570 Scire
3455 2524 3634 2567 tamen
3674 2523 3730 2568 te

2145 2610 2287 2678 volo,
2333 2610 2521 2677 frater,
2567 2609 2708 2680 quod
2756 2610 2873 2663 haec
2904 2608 3078 2677 jlectio
3102 2607 3215 2661 vias
3249 2606 3468 2676 quidem
3516 2605 3731 2673 aperiat

2144 2702 2539 2772 intelligentiae,
2563 2717 2668 2757 non
2697 2712 2876 2757 tamen
2906 2699 3184 2767 sigillatim
3214 2706 3406 2753 cuncta
3441 2711 3563 2766 quae
3590 2698 3731 2751 scri-

2148 2802 2237 2864 pta
2266 2802 2391 2848 sunt
2421 2793 2664 2854 disserat,
2699 2801 2761 2845 ut
2791 2790 2843 2844 in
2875 2788 3297 2858 explicationum
3330 2786 3481 2841 libris
3508 2785 3687 2855 legisti
3708 2802 3727 2841 :

2148 2901 2254 2958 quo
2288 2884 2495 2941 scilicet
2519 2884 2686 2939 etiam
2733 2882 2900 2937 lector
2944 2895 3049 2935 non
3086 2878 3341 2934 reddatur
3367 2877 3593 2937 otiosus,
3628 2877 3729 2931 sed

2145 2984 2463 3048 pung‘atcor
2488 2988 2644 3030 suum
2674 2971 2745 3039 ⁸⁸,
2772 2972 2911 3027 sicut
2939 2970 3196 3039 scriptum
3226 2977 3309 3024 est
3327 3009 3343 3032 ,
3367 2978 3422 3022 et
3463 2968 3732 3038 producat

2147 3085 2386 3135 sensum,
2421 3078 2477 3125 et
2522 3068 2708 3124 audito
2754 3066 2922 3121 verbo
2951 3066 3114 3131 bono,
3147 3072 3211 3117 ut
3260 3063 3474 3133 sapiens
3509 3062 3732 3133 adjiciat

2154 3160 2221 3214 ad
2250 3159 2376 3213 illud
2406 3158 2470 3212 ”.
2512 3176 2531 3211 ι

2226 3250 2310 3304 Ill.
2342 3248 2556 3303 Scholia
2592 3248 2786 3303 breves
2814 3254 2970 3301 erant
3000 3254 3141 3302 notae
3166 3245 3464 3302 enodandis
3493 3244 3623 3298 locis
3656 3244 3733 3298 in-

2152 3339 2547 3405 tricatioribus,
2581 3348 2635 3393 et
2686 3336 3112 3392 abstrusioribus
3155 3337 3407 3392 sensibus
3450 3334 3727 3399 eruendis,

2151 3432 2339 3503 quales
2361 3431 2622 3486 habemus
2645 3430 2697 3484 in
2718 3443 2911 3484 omnes
2937 3429 3053 3485 fere
3077 3428 3296 3485 Graecos
3324 3439 3528 3500 poetas.
3593 3428 3733 3483 Era-

2152 3539 2301 3578 smus
2346 3522 2425 3576 De
2460 3521 2629 3576 docrr.
2667 3530 2716 3575 et
2764 3520 2859 3575 lib.
2914 3520 3127 3591 Origen.
3163 3520 3341 3576 Otiola
3386 3522 3533 3576 reddi
3555 3521 3731 3591 jubet.

2152 3614 2337 3669 Sixtus
2360 3612 2618 3667 Senensis
2658 3611 2750 3666 lib.
2787 3626 2842 3666 IV
2867 3610 3008 3664 Bibl.
3042 3613 3296 3681 exponit:
3336 3630 3355 3664 ‹
3386 3612 3733 3681 Vacationes,

2149 3706 2264 3760 sive
2287 3705 2417 3769 otia,
2452 3706 2568 3759 sive
2613 3718 2711 3772 per
2748 3705 2921 3757 otium
2952 3716 3210 3772 excerpta
3235 3745 3251 3770 ,
3290 3705 3488 3775 quibus
3519 3707 3734 3775 quoties

2150 3797 2215 3852 ad
2247 3796 2458 3868 plenam
2488 3795 3003 3852 commentationem
3038 3796 3207 3852 Otium
3245 3798 3479 3862 deesset,
3509 3812 3573 3852 ea
3607 3809 3734 3851 tan-

2149 3900 2262 3946 tum
2288 3905 2408 3959 qua:
2449 3888 2553 3944 sibi
2582 3888 2907 3944 videbantur
2935 3889 3194 3954 obscura,
3224 3888 3480 3945 brevibus
3513 3891 3737 3959 quibus-

2149 3982 2272 4036 dam
2298 3980 2737 4035 adnotationibus
2771 3981 3082 4035 summatim
3114 3981 3529 4050 perstringebat.
3557 4000 3576 4033 ο
3615 3982 3736 4036 [ne-

2147 4084 2241 4144 pte
2275 4082 2518 4141 uterque.
2552 4071 2822 4142 |Scholion
2868 4072 3255 4126 diminutivum
3307 4082 3393 4127 est
3437 4088 3466 4127 a
3508 4074 3731 4130 schola:

2149 4165 2347 4222 Schola
2381 4164 2567 4221 Graece
2603 4173 2656 4219 et
2688 4163 2905 4230 Latine,
2937 4176 3134 4234 praeter
3175 4165 3424 4236 vulgatas
3458 4166 3735 4236 signiﬁca-

2148 4259 2347 4322 tiones,
2408 4255 2828 4310 iucubrationem
2878 4258 3042 4311 etiam
3072 4268 3248 4322 sonat,
3293 4274 3413 4327 qua:
3446 4260 3513 4313 de
3549 4274 3608 4313 re
3636 4259 3735 4313 ali-

2149 4362 2252 4418 qua
2304 4362 2401 4418 per
2446 4347 2615 4402 otium
2668 4347 2999 4402 elaboratur.
3052 4347 3308 4403 Scholion
3341 4364 3472 4419 ergo
3504 4364 3728 4418 parvam

2150 4439 2392 4496 scholam
2430 4439 2727 4506 signiﬁcat,
2758 4438 2863 4493 hoc
2915 4447 3000 4492 est
3047 4439 3580 4492 lucubratiunculam.
3611 4438 3737 4508 Spe-

469 4538 606 4594 Nam
637 4538 773 4593 alios
806 4538 1025 4607 quidem
1064 4553 1171 4593 non
1202 4546 1364 4607 negat
1392 4545 1600 4605 partem
1638 4534 1872 4602 aliquam
1904 4531 2045 4587 Scri-
2074 4540 2123 4602 υ
2147 4530 2334 4588 ciatim
2381 4544 2513 4585 vero
2542 4529 2749 4585 scholia
2792 4528 3129 4598 appellantur
3159 4530 3612 4594 commentarioli,
3650 4529 3737 4584 vel

470 4645 758 4704 pturarum
810 4632 1189 4699 exposuisse;
1256 4630 1498 4684 omnium
1592 4640 1723 4680 vero
1801 4623 2051 4693 Scriptu-

469 4742 652 4782 rarum
727 4724 1163 4794 explanationem
1241 4734 1551 4792 aggressum
1622 4731 1745 4774 esse
1813 4716 2049 4786 aliquem

468 4823 595 4867 ante
650 4811 973 4882 Origenem,
1015 4810 1069 4865 id
1127 4823 1258 4864 vero
1316 4817 1524 4878 negat,
1560 4817 1617 4862 et
1675 4807 1874 4862 merito
1924 4804 2050 4876 qui-

468 4910 613 4960 dem.

544 4997 602 5050 ll.
622 4994 1008 5051 Verumtamen
1040 4994 1286 5064 quamvis
1307 4993 1538 5047 aliorum
1561 4992 1870 5063 exemplum
1905 4991 2049 5061 quod

470 5101 790 5159 sequeretur
819 5088 1029 5155 habuit,
1056 5087 1334 5141 fatendum
1366 5085 1720 5141 nihilominus
1750 5086 1891 5139 hanc
1923 5099 2047 5139 eum

472 5183 807 5251 explicanda:
854 5180 1148 5251 Scriptura:
1195 5190 1366 5234 artem
1416 5177 1647 5233 multum
1692 5176 2045 5247 provexisse:

476 5291 574 5331 nec
599 5275 743 5330 enim
768 5274 1069 5345 simplicem
1100 5274 1387 5343 quemdam
1413 5270 1797 5341 interpretandi
1832 5270 2048 5324 modum

473 5370 758 5436 adhibuit;
794 5368 888 5424 sed
922 5366 1070 5422 varia
1117 5363 1559 5436 explanationum
1597 5377 1795 5433 genera
1841 5361 2047 5431 primus

475 5461 772 5529 Scriptura:
827 5460 1276 5515 accommodavit.
1326 5456 1459 5511 Nam
1502 5456 1585 5511 vel
1640 5455 1849 5511 diffusis
1897 5468 2051 5508 com-

475 5551 780 5618 mentariis,
809 5550 1067 5621 quidquid
1103 5550 1520 5621 suppeditabant
1557 5550 1831 5619 ingenium
1864 5556 1921 5602 et
1949 5547 2049 5602 do-

475 5645 671 5709 ctrina,
694 5643 902 5715 prolixe
927 5644 1234 5715 congessit;
1260 5643 1340 5698 vel
1368 5643 1619 5700 brevibus
1642 5650 1847 5699 tantum
1877 5640 1973 5697 sch
1985 5654 2043 5695 o-

480 5846 521 5878 “
551 5845 718 5901 Eccli.
748 5861 883 5910 χχιι,
908 5845 999 5899 24.
1077 5844 1119 5878 "
1149 5842 1315 5899 Eccli.
1357 5857 1469 5909 xxi,
1506 5840 1594 5897 i8.

2156 4623 2664 4680 dissertatiuneulae.
2706 4621 2975 4676 Praeterea
3000 4623 3242 4692 excerpti
3274 4636 3340 4676 ex
3382 4634 3605 4677 auctore
3635 4621 3735 4674 ah-

2157 4731 2264 4789 quo
2287 4715 2389 4771 loci
2416 4716 2671 4771 dicuntur
2712 4712 2919 4768 scholia
2940 4750 2955 4779 ,
2987 4711 3288 4780 cuiusmodi
3317 4728 3380 4768 ex
3419 4713 3733 4783 Evangelio,

2157 4823 2265 4879 quo
2288 4806 2539 4862 utebatur
2562 4805 2799 4861 Marcion
2832 4806 3093 4861 nonnulla
3126 4805 3467 4875 deprompsit
3500 4806 3737 4875 Epipha-

2158 4899 2281 4955 nius
2296 4898 2431 4953 hazr.
2450 4912 2582 4963 xui,
2605 4905 2659 4951 et
2681 4898 2884 4953 scholia
2912 4896 3218 4967 appellavit.
3242 4896 3421 4965 Atque
3448 4896 3559 4949 hare
3584 4896 3738 4949 scho-

2158 4990 2229 5045 lia
2264 4988 2451 5043 Latine
2491 4998 2747 5058 excerpta
2794 4989 3011 5058 proprie
3056 4988 3333 5043 dicuntur.
3380 4985 3520 5039 Male
3553 4996 3734 5040 autem

2154 5083 2258 5138 hoc
2287 5080 2507 5136 nomine
2548 5079 2757 5134 aiIicias
2803 5080 2995 5135 breves
3050 5078 3419 5149 expositiones
3444 5087 3495 5130 et
3528 5078 3733 5131 disser-

2156 5173 2429 5228 tationes:
2463 5173 2606 5242 quod
2636 5181 2819 5227 tamen
2866 5170 3116 5226 fecerunt
3152 5170 3514 5240 Hieronymus
3545 5178 3600 5223 et
3626 5168 3735 5223 Ru-

2156 5265 2317 5332 ﬁnus,
2345 5280 2468 5320 cum
2498 5263 2751 5335 Origenis
2787 5261 3280 5319 Commentariolos
3308 5264 3361 5317 in
3391 5262 3734 5332 Scripturam

2155 5368 2410 5429 excerpta
2459 5358 2753 5425 dixerunt;
2787 5371 2948 5412 omne
3003 5357 3332 5412 scholiorum
3380 5371 3551 5427 genus
3578 5371 3732 5410 com-

2157 5453 2306 5509 muni
2356 5456 2737 5519 excerptorum
2788 5447 3053 5504 vocabulo
3126 5448 3422 5512 donantes,
3476 5446 3620 5515 quod
3666 5446 3736 5499 ad

2157 5555 2361 5602 certam
2408 5544 2699 5614 quamdam
2744 5541 2982 5611 speciem
3013 5550 3131 5597 erat
3182 5540 3637 5609 restringendum.
3666 5538 3735 5591 At

2160 5638 2416 5710 quoniam
2452 5637 2705 5693 brevibus
2736 5634 3021 5693 sententiis
3056 5635 3171 5691 haec
3211 5632 3414 5690 scholia
3458 5627 3732 5701 Origenis,
