4152 6432
367 406 505 461 “95

1242 402 1809 458 ORIGENIANORUM
1848 401 1974 456 LIB.
2020 401 2106 468 Ill,
2141 400 2294 456 CAP.
2332 401 2399 464 ll,
2446 400 2618 457 SECT
2661 403 2700 460 I.

3478 413 3618 470 1191

367 525 484 580 sive
533 519 977 578 Commentarioli
1034 518 1493 574 concludebantur
1519 561 1532 581 ,
1563 521 1768 575 idcirco
1805 535 1947 575 com-
1975 525 2020 582 Α
2052 519 2253 588 posuit,
2301 517 2530 574 fideliter
2570 518 2741 585 magis
2791 533 2951 588 quam
2999 530 3189 577 ornate
3237 523 3621 593 interpretatus

363 619 624 673 maticum
654 612 1121 684 interpretationis
1161 630 1331 683 genus
1356 629 1418 668 ea
1459 612 1818 682 Hieronymus
1846 627 1936 681 ap-

363 710 547 782 pellat.
580 709 816 764 Prorem.
847 707 1156 763 Comment.
1192 708 1246 760 in
1293 705 1484 759 Matth.
1525 723 1544 756 ε
1592 705 1809 774 Legisse
1855 718 1940 760 me

365 805 554 869 fateor,
591 803 792 872 inquit,
830 811 954 855 ante
1002 813 1171 853 annos
1227 799 1484 867 plurimos
1533 798 1584 850 itt
1634 797 1936 850 Matthaeum

361 896 613 967 Origenis
643 895 835 966 viginti
892 894 1132 963 quinque
1159 892 1426 946 volumina
1446 931 1462 956 ,
1490 901 1544 947 et
1573 891 1794 946 totidem
1823 892 1938 960 ejus

361 989 636 1049 homilias,
682 988 1174 1055 commaticumque
1207 985 1664 1055 interpretationis
1696 1000 1884 1054 genus.
1911 1004 1930 1039 ι

365 1079 430 1132 Ει
464 1079 698 1134 Promm.
718 1076 1020 1132 Comment.
1045 1079 1100 1131 in
1133 1077 1301 1145 Epist.
1328 1077 1397 1129 ad
1423 1074 1598 1129 Galat.
1620 1091 1639 1129 :
1663 1093 1682 1126 ι
1709 1074 1938 1144 Scripsit

360 1173 503 1228 enim
533 1171 619 1226 ille
659 1171 745 1224 vir
784 1169 1084 1242 (Origenes)
1116 1169 1166 1223 in
1222 1170 1511 1238 Epistolam
1547 1169 1692 1222 Pauli
1741 1169 1806 1222 ad
1836 1169 1938 1223 Ga-

360 1264 498 1318 latas
531 1263 769 1331 quinque
811 1263 1030 1331 propria
1066 1264 1334 1316 volumina
1358 1303 1372 1322 ,
1401 1272 1457 1316 et
1489 1261 1754 1316 decimum
1787 1262 1938 1316 Stro-

357 1363 558 1406 matum
612 1367 832 1406 suorum
886 1351 1084 1406 librum
1141 1353 1461 1406 commatico
1492 1367 1655 1421 super
1682 1351 1937 1420 explana-

357 1444 504 1497 tione
533 1442 648 1512 ejus
680 1457 928 1497 sermone
970 1441 1276 1511 complevit.
1328 1442 1480 1508 Quod
1536 1443 1607 1496 ita
1658 1442 1930 1512 intelligo,

355 1537 560 1593 scholia
605 1538 656 1590 in
681 1535 972 1605 Epistulam
1009 1535 1075 1588 ad
1107 1534 1324 1589 Galatas
1359 1535 1568 1589 decimo
1610 1534 1935 1588 Stromatum

355 1643 574 1684 suorum
622 1628 758 1682 libro
804 1627 976 1695 ipsum
1019 1627 1335 1683 inseruisse.
1392 1646 1410 1680 ι
1456 1627 1673 1682 Scholia
1706 1642 1835 1680 vero
1869 1625 1932 1679 ad

355 1735 636 1776 sacrorum
713 1720 974 1774 librorum
1045 1735 1198 1775 oram
1275 1720 1576 1774 attexuisse
1639 1717 1932 1784 Origenem

355 1813 591 1868 ostendit
628 1811 765 1866 liber
815 1812 1225 1868 vetustissimus
1273 1811 1465 1866 Renati
1511 1809 1790 1870 Marehali,
1825 1824 1932 1877 quo

355 1902 706 1958 continentur
735 1903 1015 1971 propheta:
1043 1917 1254 1966 omnes,
1287 1902 1488 1972 quique
1518 1904 1572 1954 in
1597 1900 1802 1969 collegii
1824 1899 1926 1953 Pa-

356 1993 599 2048 risiensis
631 1991 920 2047 Societatis
946 1990 1074 2046 Jesu
1114 1991 1436 2046 bibliotheca
1466 2000 1734 2052 servatur,
1756 2000 1811 2043 et
1837 2004 1930 2043 cu-

349 2085 439 2155 jus
455 2099 676 2138 usuram
702 2083 1090 2137 humanissime
1113 2083 1240 2136 mihi
1265 2085 1539 2137 concessit
1565 2081 1932 2136 GabrielCos-

355 2178 556 2233 sartius
576 2177 920 2245 amplissima:
936 2176 1063 2231 huic
1081 2175 1420 2230 bibliotheca:
1439 2174 1722 2244 praefectus
1740 2171 1931 2243 βιϐλιο-

353 2269 498 2340 θήκη
522 2268 635 2338 ipse
663 2267 922 2338 ἔμψυχος,
946 2277 1002 2321 et
1026 2268 1284 2322 doctrina:
1311 2267 1490 2320 omnis
1517 2264 1928 2320 refertissimum

357 2377 518 2431 penu.
571 2359 875 2429 Prophetits
921 2359 1218 2413 Ezechielis
1279 2357 1558 2426 praefixum
1616 2358 1719 2412 hoc
1765 2357 1930 2411 habet

357 2453 447 2507 ille
485 2452 622 2507 liber
663 2450 1029 2523 ιΜετελήφθη
1076 2450 1186 2504 ἀπὸ
1225 2449 1335 2505 τῶν
1383 2448 1524 2502 κατὰ
1564 2448 1663 2512 τὰς
1693 2448 1930 2512 ἐκδόσεις

365 2537 700 2603 Ἐξαπλῶν,
739 2540 834 2591 καὶ
871 2536 1154 2609 διωρθώθη
1186 2536 1295 2590 ἀπὸ
1345 2536 1453 2588 τῶν
1493 2535 1799 2607 Ὠριγὲνους
1834 2537 1931 2588 αὐ-

353 2631 448 2686 τοῦ
476 2630 843 2700 Τετραπλῶν,
867 2628 1024 2684 ἅτινα
1041 2631 1132 2683 καὶ
1160 2627 1326 2682 αὐτοῦ
1355 2629 1498 2700 χειρὶ
1521 2628 1815 2700 διώρθωτο,
1835 2629 1930 2683 καὶ

353 2725 840 2798 ὲσχολιογράφητο·
871 2724 992 2778 ὅθεν
1032 2721 1306 2785 Ἐυσέὸιος
1349 2721 1460 2791 ἐγὼ
1491 2721 1558 2776 τὰ
1593 2722 1777 2792 σχόλια
1793 2738 1931 2794 παρ-

355 2819 547 2888 έθηκα.
582 2835 601 2868 ε
631 2817 977 2886 Desmnptum
1011 2823 1094 2869 est
1132 2814 1198 2867 ab
1240 2812 1517 2883 Hexaplis,
1543 2813 1696 2881 juxta
1737 2815 1931 2869 editio-

358 2927 474 2974 nes,
532 2916 586 2963 et
627 2908 968 2963 emendatum
1013 2921 1079 2961 ex
1131 2906 1297 2974 ipsius
1347 2905 1597 2975 Origenis
1646 2903 1928 2974 Tetraplis,

355 3016 474 3069 qnte
503 3011 559 3055 et
589 3016 752 3054 manu
784 2999 952 3068 ipsius
984 2997 1293 3061 emendata,
1315 3007 1367 3051 et
1398 2996 1621 3052 scholiis
1648 2997 1928 3052 succincta

354 3103 533 3149 erant.
569 3091 725 3150 Unde
761 3105 862 3160 ego
908 3091 1170 3145 Eusebius
1203 3089 1408 3144 scholia
1451 3089 1698 3158 apposui.
1738 3106 1756 3139 ι
1797 3087 1934 3143 Hinc

355 3180 614 3236 discimus
656 3177 1028 3248 Tetrapiorum
1078 3177 1273 3233 limbos
1316 3178 1536 3232 scholiis
1584 3179 1654 3233 ab
1697 3176 1930 3246 Origene
1955 3205 1998 3265 ρ

355 3276 522 3330 fuisse
551 3275 878 3330 succinctos.
910 3272 966 3326 Si
1000 3273 1124 3341 quis
1168 3279 1348 3326 autem
1397 3271 1674 3326 existimet
1725 3287 1844 3342 qua:
1875 3273 1929 3326 in

355 3365 459 3421 hoc
484 3363 743 3419 Marchali
772 3363 958 3420 codice
982 3365 1050 3417 ad
1073 3376 1224 3417 oram
1252 3361 1577 3428 Ezechielis,
1597 3361 1933 3429 aliorumque

355 3457 735 3527 prophetarum
771 3464 990 3508 attextze
1011 3461 1137 3508 sunt
1165 3453 1560 3515 adnotationes,
1583 3467 1646 3506 ea
1675 3453 1788 3520 ipsa
1812 3466 1934 3507 esse

355 3546 607 3614 Origenis
633 3543 864 3610 scholia,
893 3543 1122 3596 multum
1173 3545 1218 3598 is
1253 3559 1387 3598 sane
1415 3543 1640 3598 errabit.
1667 3543 1932 3598 Constant

355 3636 498 3690 enim
523 3636 627 3689 illae
655 3635 848 3704 partim
870 3634 1034 3687 variis
1060 3633 1596 3702 interpretationibus
1620 3648 1688 3690 ex
1713 3635 1929 3704 Aquila,

354 3725 726 3781 Theodotione
776 3734 831 3780 et
884 3724 1211 3795 Symmacho
1281 3725 1618 3794 depromptis
1661 3742 1678 3792 ;
1737 3727 1929 3794 partim

355 3816 676 3872 lectionibus
707 3817 874 3872 variis
899 3857 914 3880 ,
952 3817 1035 3872 vel
1081 3818 1228 3872 circa
1279 3816 1570 3872 lectionum
1609 3816 1930 3871 varietatem

354 3912 840 3967 observationibus.
875 3910 1092 3968 Neutra:
1119 3927 1250 3968 vero
1296 3926 1394 3982 pro
1423 3910 1649 3966 scholiis
1681 3908 1932 3979 Origenis

357 4004 542 4058 haberi
591 4015 816 4073 possunt
857 4023 872 4059 :
923 4020 1031 4060 non
1073 4007 1280 4076 priores
1325 4021 1342 4070 ;
1393 4004 1516 4074 quis
1555 4003 1698 4058 enim
1743 4012 1932 4073 putare

355 4095 525 4164 possit
573 4093 626 4148 in
658 4093 924 4162 Tetrapla,
955 4109 1077 4165 quae
1121 4095 1367 4160 scholiis,
1395 4105 1458 4150 ut
1485 4094 1620 4158 dixi,
1656 4094 1928 4150 succincta

355 4194 550 4253 crant,
586 4189 726 4242 unde
756 4197 810 4243 et
841 4189 943 4244 ista
991 4199 1266 4258 assumpta
1312 4197 1472 4253 sunt,
1509 4187 1853 4258 depromptas
1899 4203 1930 4241 e

355 4280 584 4335 diversis
629 4281 983 4349 interpretum
1013 4281 1435 4351 expositionibus
1469 4279 1761 4350 particulas
1797 4294 1930 4334 con-

357 4370 553 4426 ‘°ecisse
581 4370 895 4441 Origenem,
927 4388 1049 4427 cum
1084 4373 1136 4426 in
1165 4373 1232 4428 iis
1261 4373 1434 4442 plenae
1463 4374 1592 4443 ipsae
1616 4387 1679 4428 ac
1708 4371 1930 4442 integre

355 4461 835 4531 interpretationes
889 4463 1258 4518 haberentur?
1306 4478 1408 4518 non
1439 4463 1808 4534 posteriores;
1843 4473 1929 4517 ut-

2045 627 2207 665 snm:
2255 627 2275 662 »
2316 619 2373 663 et
2417 609 2468 662 in
2516 609 2788 664 Prooemio
2830 610 3184 666 Commentar.
3223 616 3278 668 in
3337 616 3504 683 Epist.
3551 620 3620 671 ad

2041 699 2224 756 Galat.
2262 717 2283 755 :
2320 719 2340 752 ί
2377 699 2606 769 Scripsit
2637 701 2778 755 enim
2820 701 2908 755 ille
2951 703 3037 756 vir
3079 703 3379 774 (Origenes)
3413 708 3464 760 in
3495 708 3619 776 Epi-

2042 791 2237 848 stolam
2268 790 2416 846 Pauli
2442 792 2507 844 ad
2539 790 2756 846 Galatas
2789 793 3028 862 quinque
3061 794 3272 862 propria
3327 795 3619 860 volumina,

2038 895 2091 940 et
2118 883 2384 940 decimum
2426 881 2750 938 Stromatum
2803 899 3024 939 suorum
3067 887 3260 940 librum
3297 890 3624 942 commatico

2038 991 2201 1045 super
2232 976 2618 1046 explanatione
2664 978 2783 1044 ejus
2847 993 3095 1032 sermone
3147 977 3476 1049 complevit:
3513 989 3623 1034 tra-

2037 1076 2214 1123 ctatus
2261 1081 2480 1138 quoque
2538 1071 2749 1133 varios,
2799 1078 2852 1124 et
2893 1080 3178 1138 excerpta,
3227 1085 3345 1138 qua:
3387 1071 3472 1126 vel
3509 1073 3620 1127 sola

2037 1159 2246 1231 possint
2278 1159 2526 1215 sufﬁcere
2550 1199 2565 1224 ,
2601 1160 2925 1227 composuit.
2968 1177 2988 1212 υ
3039 1159 3241 1230 Nempe
3283 1169 3493 1226 tomos,
3524 1165 3623 1218 ho-

2039 1250 2214 1304 milias
2269 1259 2325 1303 et
2353 1249 2564 1305 scholia
2604 1250 2878 1320 significat
2922 1263 3020 1319 per
3057 1251 3296 1318 quinque
3338 1249 3427 1304 illa
3469 1252 3622 1305 volu-

2038 1342 2204 1404 mina,
2235 1348 2290 1394 et
2340 1348 2627 1403 tractatus,
2661 1348 2715 1394 et
2759 1339 3145 1393 commaticum
3188 1354 3527 1404 sermonem,
3556 1354 3620 1394 ac

2035 1441 2309 1499 excerpta.
2356 1428 2660 1485 Concludat
2689 1445 2816 1485 vero
2862 1430 3087 1484 forsitan
3121 1445 3190 1486 ex
3219 1433 3319 1486 hoc
3372 1434 3492 1487 loco
3521 1433 3616 1486 ali-

2037 1525 2180 1593 quis,
2225 1534 2481 1593 excerpta
2525 1533 2579 1577 et
2623 1525 3003 1578 commaticum
3037 1539 3343 1579 sermonem
3376 1541 3463 1580 res
3496 1541 3616 1582 esse

2036 1615 2276 1669 diverSas
2316 1633 2330 1668 :
2364 1615 2460 1670 sed
2509 1613 2749 1681 frustra;
2790 1616 2843 1671 id
2894 1617 3036 1670 enim
3095 1617 3196 1672 sibi
3251 1617 3364 1671 vult
3428 1617 3617 1674 Hiero-

2037 1723 2256 1779 nymus,
2287 1707 2390 1761 alia
2428 1708 2481 1762 in
2516 1709 2783 1762 decimum
2824 1707 3154 1763 Stromutum
3187 1708 3382 1763 librum
3413 1711 3616 1766 inserta

2034 1815 2155 1856 esse
2199 1802 2425 1867 scholia,
2472 1801 2575 1855 alia
2629 1815 2875 1856 seorsum
2915 1800 3190 1854 elaborata
3237 1811 3291 1856 et
3319 1803 3613 1873 descripta.

2027 1893 2252 1948 Fallitur
2282 1893 2537 1948 Erasmus
2566 1909 2686 1947 cum
2718 1893 2968 1948 homilias
2996 1893 3112 1947 illas
3144 1901 3294 1948 recte
3327 1895 3431 1949 dici
3463 1903 3616 1960 putat

2030 1985 2310 2055 colloquia,
2350 2002 2457 2040 non
2493 1986 2637 2040 enim
2673 1983 2936 2056 Origenes
2977 2001 3100 2042 cum
3138 1985 3474 2041 auditoribus
3503 1989 3615 2041 col-

2031 2077 2368 2147 loquebatur,
2407 2079 2498 2134 sed
2533 2079 2811 2133 auditores
2850 2077 3244 2148 alloquebatur;
3282 2095 3345 2133 ac
3386 2079 3611 2148 proinde

2031 2171 2223 2225 melius
2274 2171 2582 2225 dicerentur
2626 2169 2879 2241 alioquin.
2917 2171 2974 2226 ln
3015 2170 3082 2225 iis
3130 2171 3376 2240 phaleras
3417 2180 3474 2225 et
3498 2185 3616 2225 ora-

2031 2261 2166 2314 toria
2198 2263 2467 2331 pigmenta
2515 2262 2751 2329 neglexit
2789 2263 3182 2329 Adamantius;
3212 2263 3427 2333 planum
3459 2279 3608 2329 vero,

2029 2351 2294 2407 familiare
2352 2366 2417 2406 ac
2469 2353 2734 2422 simplex,
2783 2368 2881 2408 nec
2911 2353 3066 2409 Valde
3113 2355 3406 2424 prolixum,
3451 2355 3613 2424 quale

2031 2441 2244 2497 facilius
2297 2444 2574 2513 patiuntur
2631 2444 2903 2511 liuttiilite,
2958 2445 3170 2501 dicendi
3207 2462 3376 2516 genus
3429 2463 3612 2518 perse-

2029 2546 2186 2589 CIIIUS
2227 2545 2331 2589 681..

2100 2627 2254 2683 Tomi
2289 2629 2432 2683 idem
2464 2637 2594 2683 sunt
2625 2643 2743 2697 qua:
2768 2638 2824 2682 et
2855 2629 3156 2701 ὲξηγητικὰ
3187 2633 3406 2703 proprie
3428 2634 3607 2697 dicta;

2030 2735 2154 2775 nam
2185 2721 2435 2790 quamvis
2469 2721 2572 2774 hoc
2594 2723 2812 2777 nomine
2838 2722 2977 2779 aﬁici
3014 2727 3247 2795 possint,
3273 2742 3609 2798 quaecunque

2031 2814 2488 2884 interpretationis
2525 2816 2644 2869 vice
2679 2817 2974 2886 funguntur
3013 2834 3028 2884 ;
3086 2827 3252 2889 atque
3301 2821 3370 2874 ita
3404 2835 3510 2874 non
3542 2821 3610 2874 ad

2029 2914 2204 2959 tomos
2238 2905 2435 2971 solum,
2468 2905 2563 2960 sed
2592 2915 2648 2961 et
2692 2908 2757 2960 ad
2788 2907 3041 2962 homilias
3073 2910 3262 2973 etiam,
3298 2920 3354 2965 et
3403 2911 3606 2966 scholia

2030 2993 2223 3049 referri
2258 2995 2431 3064 possit
2457 3008 2519 3048 ea
2549 3009 2677 3062 vox,
2715 2995 2970 3068 illamque
2995 2998 3218 3055 editioni
3252 3008 3469 3067 nostrae,
3491 3016 3610 3071 qua:

2033 3084 2192 3139 tomis
2224 3093 2275 3140 et
2322 3086 2562 3142 homiliis
2609 3098 2819 3142 constat
2857 3089 3246 3158 praetixerimus
3283 3109 3296 3156 ;
3331 3091 3610 3146 nihilomi-

2032 3193 2132 3233 nus
2163 3186 2344 3232 tamen
2374 3179 2442 3232 ad
2474 3187 2648 3234 tomos
2684 3180 2963 3247 speciatim
3013 3189 3068 3235 et
3109 3182 3327 3250 proprie
3354 3183 3607 3252 pertinet,

2035 3269 2208 3337 iisque
2239 3283 2620 3337 nunquamnon
2672 3269 2724 3322 in
2771 3271 3010 3338 antiquis
3032 3255 3304 3326 codicibus
3332 3273 3606 3330 tribuitur.

2033 3359 2462 3429 Explicationum
2515 3359 2682 3415 libros
2725 3363 2961 3432 appellat
3015 3361 3242 3416 Ruﬁnus
3287 3363 3338 3416 in
3382 3361 3610 3432 Prologo

2033 3451 2496 3521 interpretationis
2522 3451 3054 3508 Commentariorum
3097 3453 3346 3523 Origenis
3389 3455 3444 3508 in
3489 3453 3610 3507 Nu-

2031 3558 2221 3597 meros.
2256 3541 2313 3596 In
2364 3543 2429 3597 iis
2475 3542 2739 3614 Origenes
2786 3543 3052 3600 l-lebraica
3082 3545 3317 3599 veritate
3358 3544 3609 3614 stipatus,

2032 3643 2086 3689 et
2136 3649 2358 3689 suorum
2400 3634 2770 3691 circumdatus
2800 3636 3106 3707 agminibus
3129 3675 3146 3702 ,
3179 3637 3476 3707 peregrinae
3525 3636 3610 3690 in-

2034 3727 2245 3780 terdum
2277 3726 2472 3796 linguae
2501 3729 2778 3797 qurerebat
2804 3727 3026 3792 auxilia,
3056 3737 3112 3783 ut
3143 3727 3310 3782 tradit
3343 3727 3614 3799 Hierony-

2032 3832 2153 3872 mus
2189 3818 2243 3871 in
2278 3817 2518 3873 Prooem.
2554 3818 2755 3884 Qumt.
2795 3819 3180 3874 Hebraicarum
3205 3833 3225 3871 :
3275 3820 3328 3874 in
3376 3821 3612 3876 homiliis

2031 3919 2211 3964 autem
2241 3925 2583 3965 communem
2613 3911 2905 3966 editionem
2956 3912 3308 3981 sequebatur,
3351 3922 3413 3966 ut
3447 3928 3611 3984 supe-

2032 4001 2177 4056 riore
2215 4002 2460 4057 sectione
2489 4010 2736 4057 notatum
2766 4013 2869 4057 est.

2101 4092 2191 4148 IV.
2225 4093 2704 4165 lnterpretationes
2744 4105 3004 4164 praeterea
3047 4095 3297 4166 Origenis
3326 4097 3610 4166 quasdam,

2032 4184 2360 4257 σημειώσεις
2401 4185 2700 4257 appellatas
2745 4188 2980 4257 reperio.
3034 4185 3231 4244 Utrum
3284 4190 3503 4247 scholiis
3541 4207 3610 4245 an

2028 4280 2325 4351 exegeticis
2357 4279 2574 4351 proprie
2622 4279 2786 4334 dictis
2826 4293 2931 4334 vox
2975 4295 3038 4335 ea
3087 4281 3287 4336 tributa
3322 4282 3434 4347 sit,
3465 4298 3614 4353 qua:-

2032 4373 2259 4427 rendum
2289 4379 2393 4427 est.
2439 4371 2802 4443 Hieronymus
2841 4373 3064 4428 scholiis
3097 4373 3386 4430 manifeste
3423 4376 3613 4430 tribuit

2030 4479 2255 4534 procem.
2296 4465 2352 4519 in
2393 4463 2748 4520 1Comment.
2802 4466 3005 4521 Isaia:
3042 4465 3366 4534 «Feruntur,
3415 4468 3609 4538 inquit,

354 4562 480 4622 pote
511 4554 564 4608 in
595 4555 790 4623 quibus
822 4568 967 4624 sazpe
994 4553 1261 4624 Origenis,
1282 4563 1338 4608 et
1368 4554 1564 4610 alicubi
1593 4553 1756 4609 etiam
1781 4553 1924 4609 Con-
1954 4555 1999 4614 υ
2025 4567 2079 4613 et
2105 4557 2192 4611 alii
2226 4557 2328 4612 sub
2371 4557 2590 4612 nomine
2644 4560 2760 4628 ejus
2811 4559 3104 4631 (Origenis)
3149 4559 3216 4615 de
3265 4561 3470 4618 visione
3521 4579 3612 4616 τε-

355 4646 575 4702 Stantini
600 4646 940 4716 imperatoris
978 4647 1177 4701 mentio
1209 4647 1318 4699 tiat.

427 4736 672 4793 Homiliae
699 4755 727 4792 a
764 4737 956 4792 Rufino
978 4745 1033 4793 et
1067 4738 1395 4809 Hieronymo
1424 4737 1711 4794 Tractatus
1740 4738 1929 4811 appel-

355 4826 556 4883 lantur.
601 4829 858 4900 Apologia
914 4829 1184 4900 Pamphili
1257 4845 1287 4883 a
1348 4829 1546 4885 Rufino
1606 4845 1924 4887 conversa:

361 4936 380 4968 ι
417 4915 696 4988 Praecipue
723 4934 852 4973 vero
887 4933 984 4989 per
1020 4935 1114 4975 eos
1146 4927 1408 4975 tractatus
1427 4959 1442 4984 ,
1471 4933 1608 4989 quos
1637 4933 1771 4991 pene
1793 4935 1928 4991 quo-

358 5009 484 5064 tidie
527 5009 581 5064 in
628 5010 867 5065 Ecclesia
904 5013 1135 5068 habebat
1181 5027 1248 5067 ex
1287 5024 1558 5083 tempore,
1586 5029 1722 5082 quos
1750 5023 1805 5068 et
1834 5014 1927 5069 de-

355 5101 654 5156 scribentcs
688 5103 881 5157 notarii
923 5103 991 5158 ad
1026 5103 1418 5159 monimentum
1450 5106 1785 5174 posteritatis
1815 5115 1928 5160 tra-

354 5194 574 5248 debant.
605 5213 624 5246 ι
661 5193 1018 5265 Hieronymus
1055 5197 1302 5250 adversus
1341 5195 1680 5267 Vigilantiam
1706 5238 1720 5263 ,
1769 5198 1928 5268 epist.

357 5284 445 5345 75,
477 5285 546 5340 de
573 5285 806 5340 homiliis
835 5287 885 5340 in
919 5285 1019 5340 Job
1048 5289 1273 5358 loquens
1299 5329 1313 5353 ,
1341 5304 1477 5360 quas
1524 5288 1760 5344 Hilarius
1799 5305 1922 5344 ver-

357 5382 530 5429 terat:
569 5392 590 5427 t
619 5375 730 5430 Cur
761 5373 1049 5431 Tractatus
1077 5378 1193 5444 ejus
1220 5377 1274 5431 in
1301 5376 1431 5445 Job,
1478 5379 1675 5450 inquit,
1718 5383 1922 5438 descri-

353 5475 472 5533 ptos
507 5466 717 5521 habes?
745 5486 764 5518 ι
797 5477 850 5523 et
877 5469 929 5522 in
957 5467 1276 5525 Praefatione
1297 5473 1365 5526 ad
1396 5473 1647 5529 homilias
1671 5473 1922 5546 Origenis

351 5558 407 5610 in
434 5557 752 5613 Canticum:
788 5579 806 5610 ε
837 5559 944 5615 llos
973 5561 1107 5615 duos
1140 5571 1424 5627 tractatus,
1463 5581 1602 5634 quos
1630 5567 1683 5620 in
1717 5583 1922 5622 morem

352 5637 652 5727 quotidiani
678 5649 876 5722 eloquii
901 5649 1139 5722 parvulis
1185 5653 1362 5708 adhuc
1403 5653 1729 5712 lactantibus
1772 5675 1924 5715 com-

422 5847 556 5919 (57')
587 5846 720 5904 Vide
742 5849 991 5903 editionis
1023 5857 1223 5903 nostra:
1247 5858 1375 5908 tom.
1414 5851 1476 5922 ll,
1508 5869 1627 5926 pag.
1667 5855 1784 5916 118,

673 5945 942 6008 Parnm.
974 5949 1093 6010 Cn.
1121 5947 1325 6012 XVII.

2032 4648 2312 4721 τραπόδων
2347 4649 2452 4705 duo
2481 4648 2546 4704 ad
2591 4649 2814 4706 Gratam
2858 4651 3016 4715 libri,
3066 4651 3160 4721 qui
3210 4655 3610 4724 pseudographi

2030 4751 2321 4811 putantur,
2357 4750 2410 4796 et
2453 4741 2640 4814 viginti
2690 4744 2931 4815 quinque
2972 4743 3237 4811 homilias,
3263 4755 3320 4800 et
3365 4745 3610 4818 σημειώ-

2031 4849 2163 4901 σεις,
2223 4849 2358 4904 quas
2418 4851 2517 4891 nos
2579 4845 2828 4907 excerpta
2884 4851 3172 4907 possumus
3261 4839 3549 4908 appellare.
3584 4859 3604 4893 ι

2026 4925 2295 4998 Excerpta
2355 4931 2541 5001 igitur,
2609 4946 2706 4986 seu
2770 4931 2980 5001 σχόλια,
3044 4947 3108 4987 ea
3182 4941 3309 4988 sunt
3365 4934 3611 5007 σημειώ-

2036 5039 2170 5087 σεις.
2201 5023 2269 5076 Αι
2303 5021 2614 5078 Ρήἰιυσαιεω
2658 5038 2775 5093 cap.
2829 5023 2938 5090 27,
2995 5032 3279 5094 postquam
3338 5027 3607 5096 prolixum

2034 5115 2284 5184 Origenis
2313 5113 2675 5185 fragmentum
2707 5118 2762 5169 in
2795 5115 2973 5169 Exod.
3000 5131 3054 5183 χ,
3081 5116 3171 5182 27,
3202 5116 3470 5187 prolatum
3500 5130 3608 5184 est,

2034 5207 2201 5260 verba
2251 5207 2365 5261 haec
2411 5207 2763 5276 sequentibus
2807 5208 3012 5279 aliquot
3064 5208 3384 5278 fragmentis
3432 5210 3611 5281 praefi-

2036 5307 2233 5364 guntur
2273 5317 2286 5353 :
2329 5299 2424 5352 καὶ
2469 5299 2629 5353 πάλιν
2671 5301 2729 5352 ὲν
2766 5300 2910 5372 ἄλλῳ
2950 5300 3100 5372 τόμῳ
3141 5303 3198 5355 ὲν
3249 5304 3367 5366 ταῖς
3416 5303 3608 5368 αὐταῖς

2026 5390 2106 5452 εἰς
2150 5387 2249 5460 τὴν
2297 5389 2514 5456 Ἔξοδον
2563 5389 2928 5463 σημειώσεων
2969 5391 3126 5466 (57').
3158 5393 3326 5464 Igitur
3369 5391 3608 5464 σημειώ-

2021 5501 2134 5550 σεις
2163 5489 2483 5567 constabant
2521 5491 2720 5556 tomis;
2749 5490 2915 5561 igitur
2958 5505 3292 5561 quaecunque
3339 5493 3440 5548 hoc
3473 5489 3607 5546 Phi-

2024 5577 2232 5633 localia:
2280 5580 2457 5651 capite
2489 5581 2792 5652 fragmenta
2841 5583 3166 5640 inExodum
3209 5595 3606 5655 repraesentan-

2029 5679 2137 5736 tur,
2169 5667 2342 5740 petita
2375 5681 2500 5728 sunt
2527 5673 2592 5726 ἐκ
2618 5670 2728 5728 τῶν
2756 5671 3129 5745 σημειώσεων.
3157 5673 3233 5731 Ea
3256 5689 3390 5732 vero
3432 5675 3609 5732 neuti-

3247 5959 3328 6019 38
