4152 6404
529 347 672 406 H95

1784 354 1846 411 P.
1889 354 2203 411 DANlELlS
2242 356 2474 414 HUETll

3624 372 3766 428 H96

528 487 688 540 quam
736 485 836 541 pro
880 472 1098 527 scholiis
1146 473 1332 529 haberi
1378 481 1637 544 possunt,
1683 475 1775 529 sed
1818 476 2085 543 juslorum
2114 486 2163 542 Α
2190 480 2595 537 benedictiones
2619 490 2827 539 tantum
2854 499 3069 555 ,neqne
3115 486 3421 543 futurorum
3471 488 3586 545 sola
3631 506 3767 560 pra:-

528 562 1043 616 comrnentariorum
1076 563 1247 617 vicem
1290 564 1550 635 explent;
1580 578 1643 619 ea
1684 572 1771 619 est
1817 582 1996 622 rerum
2028 585 2092 625 ac

527 652 818 705 verborum
844 652 1061 707 ubertas
1088 661 1141 707 et
1166 654 1343 722 copia.

596 741 709 812 Ego
750 742 963 812 quidem
990 744 1314 815 σημειώσεις
1343 752 1590 818 generale
1614 756 1930 811 vocabulum
1969 768 2092 809 esse

527 844 675 902 puto,
718 850 827 904 quo
873 834 1002 891 torni
1048 847 1100 891 et
1136 839 1338 893 scholia
1397 846 1761 900 continemur.
1826 845 2091 917 Σημειοῦ-

528 925 650 978 σθαι
673 936 776 989 est,
810 945 828 977 ι
868 928 1146 994 adnotare,
1171 936 1616 989 commentarium
1662 938 1920 1000 scribere,
1953 938 2089 992 scri-

527 1025 672 1082 ptum
704 1015 919 1083 aliquod
953 1019 1020 1072 ad
1051 1019 1195 1075 aliud
1224 1022 1477 1089 adjicere,
1511 1025 1821 1091 ascribere;
1854 1026 2090 1097 σημείω-

525 1119 629 1166 σις,
668 1105 963 1175 adnotatio,
1019 1113 1439 1168 commentarius
1467 1153 1484 1180 ,
1535 1116 1793 1185 quidquid
1841 1118 1908 1170 ad
1946 1116 2091 1171 aliud

524 1196 815 1251 scribendo
867 1198 1141 1266 adjicitur,
1181 1220 1201 1254 ι
1252 1204 1551 1270 cujusmodi
1588 1217 1713 1261 sunt
1776 1209 1983 1263 scholia
2037 1217 2089 1263 et

522 1288 891 1342 commentarii
916 1291 1007 1359 qui
1040 1293 1106 1345 ad
1131 1308 1282 1348 oram
1313 1296 1572 1351 librorum
1598 1300 1763 1353 attexi
1797 1300 1991 1357 solent.
2012 1301 2088 1355 lta

520 1376 897 1447 intelligendus
931 1380 1195 1436 Eusebius
1219 1383 1312 1439 lib.
1341 1400 1371 1432 ν
1401 1384 1630 1451 Hister”
1653 1403 1704 1446 c.
1732 1389 1822 1456 20,
1851 1405 1973 1445 cum
2001 1408 2095 1461 xar-

522 1470 811 1537 ριεστάτην
839 1469 1138 1539 σημείωσιν
1181 1472 1414 1540 appellat
1450 1478 1869 1533 obtestationem
1900 1494 2091 1547 qnam-

518 1553 642 1606 dam
665 1556 871 1625 qumjad
901 1556 1060 1611 linem
1098 1558 1216 1613 libri
1248 1559 1429 1616 lrenmi
1461 1565 1602 1631 Περὶ
1639 1565 1923 1636 ὀγδοάδος
1955 1584 2092 1636 prae-

523 1653 605 1696 ter
631 1653 939 1699 contextum
979 1647 1185 1715 adjecta
1232 1662 1369 1705 erat.
1400 1650 1527 1709 Inde
1575 1656 1664 1709 lux
1692 1672 1904 1728 quoque
1933 1658 2088 1714 alteri

512 1734 759 1803 ejusdem
786 1736 999 1792 Eusebii
1026 1739 1147 1795 loco
1179 1741 1274 1797 lib.
1303 1757 1376 1808 vr,
1409 1760 1528 1813 cap.
1567 1745 1656 1808 16,
1691 1749 1776 1802 ubi
1813 1750 1878 1802 de
1904 1748 2088 1803 Hexa-

2197 572 2485 640 nuntiatio,
2514 584 2772 643 quantum
2825 590 3004 632 mores
3045 578 3129 633 vel
3184 580 3514 649 propositum
3552 595 3763 645 eorum,

2196 664 2281 718 vel
2308 665 2470 718 etiam
2498 667 2742 734 quaedam
2770 666 2838 721 ab
2860 668 2938 721 eis
2993 678 3140 737 gesta
3185 669 3494 725 notabiliter
3521 685 3765 741 arguun-

2196 764 2309 811 tur.
2341 756 2469 823 Qnae
2500 771 2589 812 res
2615 758 2773 812 nobis
2802 760 3123 827 tripartitam
3167 761 3249 833 (ut
3285 762 3336 815 in
3367 761 3487 816 aliis
3531 762 3761 818 fecimus

2197 846 2598 915 explanationis
2634 848 2919 902 materiam
2956 850 3195 917 subjicit,
3224 851 3296 904 ita
3338 860 3397 905 nt
3426 849 3760 906 benedictio-

2197 954 2294 993 nes
2315 939 2553 995 historiae
2574 941 2746 997 locum
2784 952 3040 1006 servent;
3070 943 3348 1011 prophetia
3384 957 3514 996 vero
3569 943 3761 1011 mysti-

2197 1045 2320 1083 cum
2365 1041 2526 1100 atque
2580 1033 2971 1103 dogmaticum;
3021 1049 3231 1089 morum
3289 1034 3560 1103 correptio
3597 1042 3765 1102 atque

2196 1122 2501 1191 objurgatio
2529 1124 2785 1179 moralem
2821 1125 3018 1194 dirigat
3045 1125 3265 1194 stylum.
3298 1142 3319 1176 ι
3343 1123 3495 1190 Quod
3530 1124 3669 1179 idem
3705 1124 3762 1179 in

2197 1214 2304 1268 ﬁne
2334 1216 2569 1283 ejusdem
2627 1216 2859 1270 homilias
2890 1216 3108 1287 repetit.
3158 1218 3236 1272 Ab
3278 1216 3542 1272 historico
3580 1227 3761 1272 autem

2196 1317 2356 1359 sensu
2388 1307 2454 1359 ad
2501 1307 2813 1376 mysticum,
2864 1322 2895 1360 a
2948 1309 3175 1377 mystico
3225 1308 3291 1362 ad
3345 1308 3601 1363 moralem
3646 1307 3766 1363 fere

2196 1397 2537 1465 progreditur
2560 1416 2574 1463 ;
2603 1399 2847 1466 quamvis
2870 1397 3013 1453 hunc
3036 1398 3280 1453 ordinem
3323 1408 3598 1468 pervertat
3624 1416 3763 1455 non-

2196 1503 2495 1558 nunquam,
2541 1488 2774 1545 litteram
2834 1490 3126 1557 aliquando
3178 1492 3449 1561 negligat,
3500 1506 3532 1545 a
3570 1491 3763 1547 morali

2195 1579 2530 1646 expositione
2563 1582 2630 1633 ad
2660 1581 2943 1649 mysticam
2972 1582 3294 1651 quandoque
3338 1590 3595 1636 transeat.
3626 1580 3761 1648 Qua:

2194 1672 2444 1739 quoniam
2487 1686 2649 1740 supra
2708 1672 3009 1729 luculenter
3039 1675 3410 1739 tractavimus,
3436 1675 3553 1730 hac
3581 1674 3758 1730 obiter

2197 1764 2436 1833 tetigisse
2458 1763 2705 1819 sulIiciat.

518 1825 621 1890 plis
654 1825 903 1896 Origenis
931 1844 1115 1898 agens,
1151 1833 1324 1901 deque
1357 1836 1523 1891 variis
1578 1838 1777 1906 quibus
1823 1839 1912 1893 illa
1960 1854 2083 1896 con-

2259 1825 2369 1911 Vll.
2395 1854 2581 1911 Finem
2609 1856 2735 1911 huic
2765 1857 3103 1927 imponemus
3128 1857 3378 1925 sectioni,
3427 1856 3755 1912 adducentes

516 1917 742 1971 stabant
798 1919 1354 1990 interpretationibus,
1385 1925 1459 1979 ita
1511 1930 1697 1983 scribit
1732 1974 1745 1985 .
1793 1931 2005 1996 Ταύτας
2031 1933 2089 1985 δὲ

520 2007 735 2073 ἁπάσας
764 2009 857 2062 ἐπὶ
889 2009 1087 2065 ταύτὸν
1116 2015 1456 2083 συναγαγὼν,
1486 2017 1672 2073 διελών
1701 2038 1759 2074 τε
1804 2024 1939 2095 πρὸς
1980 2023 2089 2077 κῶ-

518 2092 630 2157 λον,
692 2095 787 2149 xal.
835 2096 1223 2169 ἀντιπαραθεὶς
1279 2102 1553 2175 ἀλλήλαις,
1607 2110 1745 2178 μετὰ
1788 2092 1882 2164 καὶ
1918 2114 2089 2184 αὐτῆς

515 2184 615 2254 τῆς
657 2185 920 2257 Ἐϐραίων
952 2191 1300 2261 σημειώσεως
1320 2235 1334 2259 ,
1360 2197 1429 2250 τὰ
1463 2198 1569 2251 τῶν
1593 2199 1897 2270 λεγομένων
1928 2204 2089 2269 Ἑξα-

517 2274 690 2329 πλῶν
718 2279 847 2347 ἡμῖν
875 2280 1180 2351 ἀντίγραφα
1203 2285 1618 2343 καταλέλοιπεν.
1671 2309 1693 2342 α
1715 2291 1809 2347 His
1837 2295 2087 2351 omnibus

517 2365 572 2418 in
596 2381 761 2421 unum
795 2369 863 2424 ab
884 2384 948 2424 eo
976 2372 1239 2438 collectis,
1267 2383 1322 2429 et
1359 2390 1455 2445 per
1506 2378 1621 2432 cola
1664 2381 1871 2447 divisis,
1907 2398 1970 2438 ac
2000 2384 2085 2439 in-

516 2458 687 2513 vicem
720 2475 750 2513 e
775 2462 997 2531 regione
1023 2466 1284 2533 oppositis
1309 2507 1326 2532 ,
1355 2483 1476 2522 cum
1510 2468 1829 2525 Hebraicum
1867 2486 2086 2541 praeter-

518 2564 582 2604 ea
642 2561 955 2607 contextum
973 2556 1346 2625 ascripsisset,
1369 2558 1697 2629 exemplaria
1722 2562 1877 2618 nobis
1906 2562 2087 2618 Hexa-

515 2642 742 2710 plorttm,
773 2645 846 2699 uti
872 2646 1126 2715 appellari
1152 2648 1347 2712 solent,
1385 2650 1623 2721 reliquit.
1657 2672 1678 2705 ι
1735 2654 1888 2722 Quod
1920 2655 2084 2713 Euse-

516 2736 636 2789 bius
667 2736 964 2807 σημείωσιν
1002 2739 1266 2811 Ἐὁραίων
1295 2742 1449 2808 dixit,
1483 2747 1821 2803 commodius
1847 2748 2087 2819 παραθέ-

517 2842 630 2889 σεις
661 2827 759 2897 τῆς
812 2827 1105 2901 Ἑϐραῖκῆς
1135 2832 1431 2904 ἑρμηνείας
1489 2836 1825 2906 Epiphanius
1877 2856 2085 2895 nuncu-

516 2920 685 2985 pavit,
721 2922 879 2989 quasi
936 2923 1106 2988 dicas,
1160 2942 1180 2976 r
1216 2927 1614 2995 adjunctiones,
1663 2930 2017 2998 adjectiones.
2056 2951 2077 2986 ι

512 3010 725 3081 Optime
754 3028 967 3085 quoque
990 3014 1324 3087 Nicephorus
1350 3022 1800 3091 παρασημείωσιν
1829 3023 2083 3089 reddidit,

513 3102 616 3160 hoc
642 3117 746 3171 est,
769 3124 788 3157 ι
818 3108 1231 3179 descriptionem
1258 3111 1327 3165 ad
1364 3112 1505 3166 aliud
1561 3115 1834 3180 additam;
1872 3134 1891 3167 ι
1927 3116 2081 3171 addi-

513 3203 565 3248 ta
598 3197 740 3251 enim
775 3200 1078 3269 praepositio
1127 3210 1279 3256 notat
1328 3216 1450 3257 esse
1483 3203 1591 3256 τῶν
1631 3205 1766 3276 πρός
1814 3179 1887 3261 σι.
1946 3207 2080 3263 Cum
2108 3179 2154 3242 δ

511 3301 642 3356 ergo
668 3288 872 3344 scholia
919 3300 976 3344 et
1024 3293 1444 3359 commentaria,
1496 3294 1721 3350 alterius
1769 3299 2085 3368 scriptionis

511 3376 846 3446 explicanda:
873 3381 1044 3449 gratia
1074 3383 1237 3438 scribi
1257 3384 1487 3450 soleant,
1515 3387 1673 3455 eique
1695 3404 1835 3457 saepe
1863 3389 2084 3460 adjungi

510 3477 567 3521 et
623 3469 689 3522 ad
731 3483 883 3522 oram
950 3472 1158 3538 attexi,
1217 3485 1502 3543 prepterea
1558 3475 1885 3547 σημειώσεις
1938 3489 2086 3535 recte

511 3560 656 3613 dicta
700 3569 829 3614 sunt
870 3576 886 3613 :
948 3577 1123 3632 neque
1178 3564 1453 3621 immerito
1504 3565 1813 3623 Philocalia:
1845 3579 2084 3627 textores

514 3648 615 3702 hoc
646 3647 966 3704 vocabulum
994 3650 1437 3721 Commentariis,
1467 3653 1827 3728 Hieronymus
1850 3658 2084 3717 Scholiis

514 3736 770 3795 tribuere.

580 3826 647 3882 V.
676 3827 960 3885 Communi
1002 3844 1214 3901 quoque
1247 3831 1587 3905 ὲξηγητικῶν
1618 3835 1773 3892 titulo
1815 3836 2079 3911 Tetrapla,

510 3921 753 3992 Hexapla
791 3932 847 3977 et
891 3920 1112 3987 θεωρία
1156 3922 1405 3992 Origenis
1467 3927 1911 3997 complectimur,
1960 3947 2081 4002 quae

507 4014 726 4084 praprio
757 4013 1012 4069 vocabulo
1041 4015 1409 4086 ὲρμηνευτικὰ
1437 4019 1706 4086 appellare
1736 4022 1928 4089 possis.
1946 4023 2078 4078 Cum

507 4108 650 4161 enim
680 4122 743 4161 ex
774 4107 936 4162 variis
971 4106 1271 4176 Scripturte
1321 4109 1551 4165 conﬂata
1585 4114 1695 4167 sint
1753 4115 2079 4186 interpreta-

509 4198 764 4262 tionibus,
797 4200 851 4252 in
907 4212 1029 4252 eum
1092 4200 1278 4255 venire
1328 4201 1633 4257 debuerunt
1687 4220 1934 4273 censum,
1969 4222 2077 4278 quo

505 4304 839 4358 quascunque
885 4290 951 4343 ad
999 4291 1457 4361 interpretandam
1506 4292 1843 4364 Scripturam
1894 4298 2079 4354 elabo—

510 4381 649 4433 ravit
673 4380 1051 4447 Adamantius,
1081 4383 1452 4440 continentur.
1489 4384 1605 4441 Huc
1637 4388 1821 4456 adjicit
1873 4391 2078 4457 episto-

2189 1947 2318 2001 illud
2379 1949 2651 2003 Ambrosii
2700 1964 2729 2003 e
2773 1948 2868 2004 lib.
2899 1966 2953 2015 v,
3011 1951 3169 2019 epist.
3204 1951 3274 2005 45
3307 1968 3324 2003 ;
3367 1969 3386 2002 ι
3423 1950 3558 2004 Etsi
3587 1950 3756 2004 sciam

2188 2039 2331 2109 quod
2367 2039 2501 2093 nihil
2530 2040 2801 2095 dimcilius
2822 2042 2915 2106 sit,
2943 2057 3104 2111 quam
3132 2043 3199 2097 de
3249 2042 3479 2110 apostoli
3526 2040 3755 2096 lectione

2188 2131 2476 2195 disserere,
2531 2145 2653 2186 cum
2711 2132 2827 2202 ipse
2873 2132 3135 2201 Origenes
3187 2133 3348 2204 longe
3388 2132 3565 2187 minor
3600 2132 3671 2186 sit
3696 2131 3751 2185 in

2188 2220 2354 2288 Novo,
2387 2238 2547 2291 quam
2571 2223 2624 2277 in
2656 2222 2834 2278 Veteri
2866 2222 3235 2279 Testamento.
3273 2242 3294 2271 ι
3325 2223 3490 2292 Cujus
3513 2222 3589 2277 rei
3623 2237 3757 2278 cau-

2186 2323 2274 2363 sas
2299 2312 2556 2378 quaerenti
2591 2312 2723 2366 mihi
2771 2313 2822 2367 id
2864 2314 3154 2379 succurrit,
3176 2323 3333 2368 aetate
3357 2313 3606 2383 Origenis
3638 2312 3754 2382 plu-

2188 2400 2338 2456 ribus
2377 2406 2802 2471 commentariis,
2827 2406 3381 2475 interpretationibus,
3406 2408 3749 2463 dissertatio-

2186 2493 2365 2559 nibus,
2385 2497 2766 2553 traditionibus
2794 2498 3119 2552 illustratum
3152 2497 3319 2554 l'uisse
3346 2497 3751 2553 Testamentum

2186 2585 2374 2650 Vetus,
2402 2602 2560 2655 quam
2591 2588 2823 2655 Novum,
2858 2590 3014 2660 cujus
3055 2592 3443 2647 reconditiores
3468 2592 3756 2646 sententia:

2184 2692 2572 2749 perpaucorum
2605 2682 2867 2737 industria
2896 2682 3112 2738 fuerant
3142 2684 3210 2739 ad
3260 2685 3362 2738 hoc
3408 2692 3617 2753 tempus
3669 2682 3754 2736 in-

2183 2771 2500 2841 vestigate;
2555 2774 2889 2845 proindeque
2945 2775 3362 2830 lnstrumentum
3430 2773 3592 2829 Vetus
3640 2782 3754 2829 tra-

2184 2871 2423 2918 ctantem
2456 2864 2838 2919 Adamantium
2880 2864 3071 2933 majori
3109 2866 3272 2921 fuisse
3307 2865 3360 2919 in
3407 2865 3523 2920 luce
3566 2879 3753 2920 versa-

2184 2960 2316 3016 tum,
2345 2966 2505 3021 quam
2529 2968 2651 3008 cum
2690 2952 2839 3011 Novo
2878 2957 3195 3026 explicando
3217 2972 3435 3026 operam
3460 2972 3611 3011 suam
3652 2974 3748 3012 na-

2183 3053 2353 3097 varet.
2374 3042 2490 3100 Huc
2513 3045 2723 3102 accedit
2748 3047 2983 3118 antiqua:
3008 3048 3142 3120 legis
3171 3048 3456 3120 abrogatas
3488 3064 3750 3105 caeremo-

2185 3134 2304 3192 nias
2352 3146 2406 3192 et
2448 3137 2653 3206 judicia
2702 3152 3074 3205 enarrantem,
3129 3144 3337 3198 minore
3401 3144 3641 3213 periculo
3695 3145 3749 3199 in

2183 3226 2467 3298 allegorias
2495 3232 2802 3288 excurrisse
2832 3242 2887 3289 et
2937 3234 3275 3290 destruxisse
3311 3236 3565 3301 litteram,
3587 3250 3751 3305 quam

2183 3330 2307 3371 cum
2362 3315 2564 3373 Christi
2622 3320 2835 3375 decreta
2899 3332 2953 3377 et
3004 3324 3311 3379 sanctiones
3363 3324 3748 3395 apostolorum,

2182 3406 2485 3477 dogmatum
2502 3423 2723 3465 suorum
2753 3412 2992 3468 novitate
3023 3414 3361 3484 depravaret.

2785 3571 3029 3631 SECTlO
3063 3573 3132 3629 ll.

2181 3675 2402 3718 SINGUM
2442 3678 2689 3722 ORIGENIS
2725 3683 3047 3733 EXEGETICA,
3088 3684 3303 3733 QUORUI
3343 3685 3413 3724 AD
3462 3686 3558 3729 808
3619 3688 3750 3728 νει-

2523 3750 2683 3791 νΕΝιτ
2713 3754 2931 3793 ΝοτιτιΑ
2952 3780 2965 3804 ,
2996 3754 3410 3796 ΙΝυΙΕΒΛΝτΕΒ.

2180 3843 2222 3898 ι.
2251 3843 2645 3919 Enumerantur
2664 3848 2904 3919 Origenia
2928 3854 3189 3919 exegetica
3223 3855 3276 3907 in
3300 3854 3746 3919 Pcntateuchum;

2251 3914 2314 3968 ll.
2352 3916 2418 3969 In
2448 3915 2635 3991 {08nd,
2667 3914 2901 3991 Iudices,
2936 3914 3092 3991 libros
3131 3922 3349 3991 Regum,
3379 3914 3742 3991 Paralipome;

2250 4000 2364 4058 nam
2388 4024 2402 4047 ,
2445 3986 2633 4058 Esdrw
2669 4001 2716 4042 et
2747 3986 3005 4054 Job;'lll.
3055 3994 3108 4044 in
3144 3986 3499 4058 Ps'alterium;
3562 3986 3647 4045 iV.
3687 3995 3746 4048 in

2252 4052 2557 4127 Proverbia,
2590 4052 2939 4115 Ecclesiasten
2967 4073 3011 4114 et
3038 4062 3342 4127 Canticum;
3390 4063 3451 4117 V.
3480 4052 3564 4117 'in
3624 4078 3743 4115 ma-

2242 4124 2385 4197 jores
2416 4129 2690 4197 prophetas
2720 4140 2985 4197 quatuor;
3028 4129 3114 4184 Vl.
3137 4144 3183 4185 et
3208 4134 3260 4185 in
3294 4124 3520 4185 minores
3543 4135 3743 4186 duode-

2248 4196 2388 4258 cim;
2418 4191 2528 4250 VII.
2563 4198 2682 4249 item
2729 4191 2781 4251 in
2830 4191 3171 4264 Matthwum,
3207 4201 3439 4265 Lucam,
3482 4202 3745 4256 Joannem

2249 4273 2300 4341 et
2334 4266 2467 4341 Acta
2530 4268 2916 4341 apostolorum;
2986 4269 3119 4324 Vlll.
3160 4270 3425 4341 Epistolas
3479 4270 3637 4326 Pauli
3691 4280 3746 4326 et

2242 4333 2631 4403 Apocalypsim.

507 4470 587 4527 las
643 4470 834 4527 Sixtns
891 4472 1169 4539 Senensis,
1221 4474 1364 4543 quod
1413 4478 1721 4545 propositas
1767 4481 1869 4535 sibi
1928 4483 2074 4539 circa
2108 4515 2154 4571 Β
2251 4490 2291 4548 1,
2357 4492 2642 4566 Postquam
2694 4497 2842 4553 varia
2894 4496 3340 4570 Origemanorum
3403 4499 3743 4570 Exegettcwn

507 4563 798 4632 Scriptura:
852 4562 1266 4621 illustrationem
1333 4572 1662 4637 quaestiones
1729 4573 2075 4631 rescribendo

505 4652 764 4723 Origenes
792 4652 1119 4709 dissolverit.
1151 4656 1220 4709 At
1269 4670 1391 4710 cum
1450 4657 1553 4712 alia
1588 4674 1805 4730 quoque
1838 4676 1935 4729 per
1963 4664 2077 4733 epi-

504 4743 670 4797 stolas
693 4753 1011 4813 argumenta
1039 4755 1301 4804 tractasse
1332 4750 1505 4819 ipsum
1535 4762 1764 4817 constet,
1782 4754 1928 4809 velut
1952 4770 2075 4810 cum

502 4836 569 4889 ad
591 4835 893 4906 Philippum
918 4838 1326 4909 imperatorem,
1358 4842 1442 4897 vel
1482 4846 1549 4899 ad
1586 4843 1869 4914 conjugem
1902 4847 2075 4915 ipsius

504 4931 783 4997 Severam,
811 4931 895 4986 vel
916 4935 983 4987 ad
1020 4931 1315 4988 Fabianum
1351 4950 1542 5005 papam
1579 4936 1703 4990 lldei
1756 4952 1867 4991 sua:
1912 4938 2075 5007 proli-

505 5024 677 5078 tendte
733 5039 896 5079 causa
946 5026 1228 5092 scriberet,
1280 5028 1475 5083 merito
1533 5029 1676 5083 inter
1734 5038 2072 5100 syntagmata

501 5116 756 5184 epistolas
782 5118 950 5186 ipsius
982 5119 1349 5188 conjiciendas
1375 5134 1684 5176 censemus.

570 5208 660 5264 Vl.
682 5209 783 5277 Qui
810 5211 1230 5281 interpretandis
1258 5210 1553 5282 Scripturis
1597 5215 1789 5285 triplex
1814 5217 2068 5292 ἐξηγητι-

501 5298 613 5354 κῶν
639 5316 808 5368 genus
836 5301 1083 5357 adhibuit
1140 5303 1428 5376 Origenes,
1463 5305 1509 5361 is
1567 5308 1833 5375 triplicem
1866 5325 1930 5365 ex
1966 5313 2070 5369 illis

502 5405 716 5443 sensum
757 5406 947 5447 eruere
991 5408 1054 5448 ac
1084 5393 1415 5462 investigare
1471 5398 1791 5462 consuevit;
1848 5400 2068 5456 histori-

501 5497 647 5545 cum,
680 5498 837 5551 quem
865 5491 919 5537 et
948 5484 1141 5539 littera:
1169 5501 1390 5540 sensum
1440 5486 1732 5555 appellant,
1781 5492 2067 5560 mysticum

502 5581 555 5624 et
604 5572 879 5626 moralem.
916 5574 1006 5628 Sic
1058 5576 1143 5629 ille
1172 5576 1356 5631 homil.
1388 5575 1453 5628 17
1487 5581 1540 5629 in
1584 5575 1797 5645 Genes.,
1831 5598 1981 5637 num.
2011 5585 2063 5649 1,

502 5659 696 5729 ν.106,
729 5660 817 5715 ubi
849 5664 960 5733 agit
989 5666 1057 5719 de
1084 5665 1542 5723 benedictionibus
1581 5669 2007 5736 patriarcharum
2047 5691 2061 5724 :

503 5776 524 5808 ι
563 5753 616 5805 ιιι
650 5751 764 5819 ipso
789 5763 966 5808 autem
998 5768 1230 5823 corpore
1255 5765 1311 5811 et
1338 5756 1491 5826 serie
1529 5758 1840 5825 verborum,
1888 5778 2064 5834 neque

2179 4598 2378 4654 genera
2441 4591 2900 4656 percensuimus;
2946 4592 3185 4661 singulas
3237 4608 3381 4647 nunc
3434 4594 3745 4662 exegeticas

2176 4675 2580 4734 lucubrationes
2628 4696 2953 4736 enumerare
3007 4683 3183 4747 decet,
3245 4698 3471 4751 quarum
3525 4686 3591 4737 ad
3646 4700 3743 4738 no—

2174 4777 2342 4824 stram
2369 4779 2578 4825 aetatem
2611 4772 2800 4827 notitia
2834 4776 3095 4840 pervenit.
3129 4773 3262 4827 Nam
3286 4788 3353 4828 ex
3388 4774 3588 4844 ingenti
3614 4774 3743 4837 hac,

2173 4875 2338 4928 quam
2400 4861 2657 4927 diximus,
2703 4860 3061 4930 scriptionum
3107 4865 3379 4931 congerie,
3416 4878 3522 4917 non
3579 4864 3743 4917 modo

2173 4965 2299 5020 pars
2347 4952 2620 5007 intercidit
2650 4953 2907 5017 maxima,
2944 4952 3038 5005 sed
3081 4953 3370 5007 multarum
3397 4953 3558 5007 etiam
3597 4951 3740 5006 tituli
3816 4982 3832 4999 ρ

2174 5056 2236 5095 ac
2264 5042 2483 5097 nomina
2538 5042 2938 5099 obsoleverunt.
2972 5040 3425 5110 Quarumeunque
3450 5057 3579 5111 ergo
3626 5058 3739 5096 mea

2172 5133 2343 5186 moria
2381 5133 2558 5202 aliqua
2605 5134 2658 5187 in
2686 5145 2935 5189 veterum
2982 5134 3203 5203 scriptis
3229 5145 3441 5189 servata
3472 5146 3577 5198 est,
3643 5148 3741 5187 eas

2171 5226 2576 5279 recensebimus
2604 5225 2900 5295 sigillatim,
2936 5236 2990 5281 et
3017 5227 3173 5297 juxta
3200 5226 3459 5280 librorum
3492 5223 3739 5294 Scriptu-

2170 5329 2244 5369 ra:
2272 5330 2440 5370 sacrae
2465 5318 2708 5371 ordinem
2743 5316 3069 5385 digeremus.

2243 5406 2815 5478 ScribitEpiphanius,
2842 5426 2905 5465 ex
2940 5424 3109 5479 eoque
3152 5409 3460 5474 Cedrenus,
3518 5418 3573 5464 et
3615 5407 3737 5463 Sni-

2167 5498 2284 5563 das,
2311 5499 2549 5569 singulos
2572 5500 2873 5569 Scriptura:
2903 5514 3070 5554 sacrae
3096 5498 3263 5553 libros
3283 5496 3534 5566 Origenis
3557 5498 3739 5552 studio

2167 5589 2335 5644 fuisse
2363 5590 2766 5658 interpretatos.
2797 5588 3200 5657 Auspicandnm
3240 5604 3268 5641 a
3299 5586 3531 5649 Genesi,
3570 5602 3733 5657 quam

2169 5680 2428 5735 tredecim
2488 5680 3004 5736 commentariorum
3056 5678 3206 5733 libris
3269 5688 3323 5732 et
3380 5678 3733 5747 mysticarum

2168 5771 2507 5827 bomiliarum
2540 5771 2694 5827 libris
2720 5772 2926 5828 duobus
2960 5769 3262 5839 explicasse
3291 5770 3462 5839 ipsum
3506 5778 3730 5824 testatur
