4152 6426
428 401 459 458 1
477 400 575 458 199

1709 395 1767 450 P.
1805 394 2120 448 DANIELIS
2159 394 2394 450 HUETII

3540 399 3562 452 Ι
3573 399 3679 451 200

433 537 661 578 num.ti.
704 521 836 576 Octo
873 520 923 573 in
955 535 1076 573 eum
1113 518 1362 572 homilias
1387 517 1642 587 Origenis
1673 533 2005 572 commemo-
2033 525 2076 579 Α
2107 518 2258 581 tium,
2315 517 2405 570 ubi
2451 527 2505 569 et
2554 516 2607 570 id
2655 517 2875 586 apponit
2920 535 2934 572 :
2999 534 3020 568 ι
3052 516 3161 571 Cur
3215 516 3502 574 Tractatus
3559 519 3680 586 ejus

433 625 517 668 rat
539 614 886 669 Cassiodorus
925 611 1018 663 lib.
1051 609 1124 662 De
1142 611 1305 663 instit.
1337 609 1502 664 divin.
1542 607 1831 677 Scriptum
1865 623 1915 662 c.
1948 610 2000 663 l.

438 724 458 756 ι
495 704 705 773 Reliqui
733 703 891 756 etiam
918 701 1074 754 vobis
1103 701 1155 754 in
1208 700 1687 754 Deuteronomium
1724 714 2005 754 sermones

432 807 556 850 octo
593 792 883 862 (Origenis)
952 792 1002 844 in
1049 791 1244 860 quibus
1272 801 1354 844 est
1382 793 1585 844 minuta
1616 790 1777 843 nimis
1794 800 1847 843 et
1875 791 2005 845 sub-

438 887 547 939 tilis
574 883 890 953 expositio.»
928 880 1157 935 Ruﬁnus
1189 881 1240 934 in
1285 881 1515 951 Prologo
1553 884 1621 934 ad
1673 880 2001 936 Ursacium:

435 998 458 1027 1
486 977 601 1030 .lam
619 975 764 1028 enim
794 990 858 1028 ex
890 973 1166 1036 omnibus,
1193 987 1312 1041 qua:
1339 974 1391 1026 in
1425 972 1539 1041 lege
1572 972 1776 1040 scripta
1807 971 2002 1039 reperi,

433 1067 559 1120 solae
581 1073 638 1120 ut
663 1075 789 1132 puto
826 1065 878 1117 iu
918 1062 1334 1118 Deuteronomio
1359 1063 1555 1116 desunt
1611 1060 2000 1124 oratiunculae,

429 1173 565 1227 quas
593 1157 637 1211 si
669 1153 1169 1222 Dominusjuverit,
1193 1161 1249 1207 et
1270 1153 1557 1208 sanitatem
1577 1152 1786 1206 dederit
1809 1151 2001 1216 oculis,

427 1249 677 1316 cupimus
702 1245 906 1314 reliquo
923 1243 1138 1312 corpori
1163 1244 1396 1298 sociare.
1433 1262 1449 1294 ι
1483 1243 1649 1296 Porro
1679 1251 2004 1296 memoratos

433 1340 484 1392 in
540 1337 969 1392 Peutateuclium
1033 1345 1208 1390 tomos
1275 1333 1601 1404 significavit
1642 1331 2003 1402 Hiemuymus

431 1428 586 1497 epist.
626 1426 716 1489 65,
749 1440 866 1493 cap.
907 1426 962 1492 2,
1004 1439 1127 1480 eum
1179 1424 1524 1479 Ambrosium
1579 1422 1716 1476 dixit
1759 1420 2004 1492 Origenis

432 1520 799 1574 Hexaemeron
828 1517 1174 1586 compilasse.

500 1609 563 1664 ll.
591 1609 702 1681 (64)
735 1608 933 1678 Viginti
974 1622 1068 1663 sex
1097 1605 1350 1662 homilias
1385 1607 1436 1660 in
1468 1604 1630 1659 .losue
1657 1619 1723 1659 ex
1767 1615 2005 1673 tempore

431 1701 500 1754 ab
531 1700 850 1753 Adamantio
878 1712 1008 1752 sene
1032 1697 1319 1762 recitatas,
1346 1703 1402 1748 ct
1427 1695 1688 1748 industria
1752 1703 2004 1763 excepto-

433 1807 551 1845 rum
583 1801 826 1844 servatas
847 1788 1073 1842 Ruﬁnus
1100 1787 1293 1842 Latine
1329 1786 1582 1842 reddidit.
1625 1785 2000 1854 Fragmentum

433 1899 498 1936 ex
524 1882 743 1938 humilia
773 1880 845 1936 20
875 1879 1246 1936 duodecimum
1278 1877 1590 1931 Pliilocalia
1612 1887 1776 1942 caput
1805 1891 2001 1944 repns-

433 1982 632 2028 seutat.
679 1972 942 2028 Homilies
983 1986 1172 2027 novem
1223 1970 1273 2024 in
1319 1968 1539 2024 Judices
1567 1968 1774 2022 Latinis
1817 1969 2001 2024 itidem

431 2067 613 2120 verbis
649 2065 833 2118 retulit
877 2062 1126 2117 Ruﬁnus.
1172 2060 1430 2131 Origenes
1477 2060 1529 2113 in
1575 2059 1807 2126 Prologo
1849 2057 2003 2112 Com-

435 2153 824 2209 mentariorum
875 2153 931 2204 in
982 2149 1254 2204 Canticum
1309 2149 1664 2214 canticorum,
1719 2161 1885 2215 agens
1937 2147 2002 2200 de

428 2247 644 2301 cantico
669 2245 889 2299 Deborie
937 2242 1010 2296 ita
1053 2242 1264 2305 scribit,
1300 2239 1486 2309 p.54:
1525 2257 1544 2292 ι
1582 2239 1780 2295 Verum
1843 2248 1898 2292 et
1936 2239 2002 2292 de

434 2340 518 2392 his
547 2335 758 2405 plenius
792 2334 845 2386 in
878 2331 985 2386 illis
1016 2327 1375 2385 oratiunculis
1400 2341 1534 2396 quas
1554 2326 1619 2380 de
1642 2325 1823 2380 libello
1852 2323 2004 2378 Judi-

430 2445 555 2484 cum
585 2427 876 2491 edidimus,
903 2425 1132 2479 disserta
1163 2422 1449 2492 reperies.»
1480 2421 1644 2490 Atqui
1667 2434 1736 2474 ex
1758 2421 2004 2474 oratiun.

432 2521 569 2576 culis
593 2521 644 2573 in
675 2518 893 2573 Judices
919 2532 1039 2586 quae
1071 2523 1382 2585 supersunt,
1416 2524 1566 2569 sexta
1604 2513 1874 2569 canticum
1911 2510 2005 2567 De-

433 2614 576 2666 bora:
597 2610 872 2678 explanat.
905 2607 1206 2663 Verisimile
1231 2621 1360 2676 ergo
1390 2614 1475 2660 est
1505 2607 1603 2660 has
1652 2607 1800 2674 ipsas
1828 2603 2004 2658 homi-

432 2703 535 2757 lias
560 2700 832 2770 designari
880 2699 948 2754 ab
980 2697 1217 2768 Origene
1243 2737 1258 2762 ,
1291 2696 1624 2766 proindeque
1675 2695 1744 2749 ab
1786 2709 1851 2749 eo
1886 2695 2004 2763 ipso

439 2794 606 2847 fuisse
633 2791 827 2856 editas,
848 2806 954 2844 non
990 2804 1056 2844 ex
1092 2798 1330 2858 tempore
1359 2795 1651 2856 conceptas
1704 2795 1760 2839 et
1807 2785 2004 2840 recita-

434 2895 536 2940 tas.
565 2883 621 2937 In
661 2883 826 2938 libros
851 2881 1054 2950 Regum
1097 2880 1216 2935 duae
1271 2879 1493 2936 omnino
1535 2876 1769 2932 homilias
1815 2891 2004 2944 super-

429 2983 556 3029 sunt
587 2990 600 3027 :
631 2975 783 3043 prior
813 2973 864 3027 in
893 2973 908 3026 Ι
938 2971 1072 3042 Reg.
1121 2986 1243 3041 cap.
1281 2987 1299 3026 ι
1339 2980 1393 3024 et
1423 2985 1459 3024 ιι
1490 2987 1506 3036 ;
1535 2969 1703 3023 altera
1732 2969 1784 3021 in
1816 2968 1834 3021 Ι
1870 2967 2000 3036 Reg.

433 3084 624 3134 xxviii,
660 3068 714 3122 in
740 3080 844 3136 qua
874 3065 939 3120 de
964 3063 1394 3134 eugastrimytho
1417 3062 1741 3131 disputatur.
1759 3058 2003 3113 Priorem

434 3162 620 3216 Latina
649 3160 812 3215 habet
846 3157 1097 3227 Origenis
1134 3155 1338 3221 editio;
1381 3153 1610 3208 alteram
1646 3165 1677 3206 e
1727 3149 2004 3204 Vaticanis

434 3249 763 3306 membranis
799 3247 1031 3304 Allatius
1081 3247 1244 3301 eruit.
1290 3244 1523 3298 Humilia
1587 3243 1808 3310 insuper
1843 3240 2004 3294 tertia

432 3343 485 3395 in
511 3341 624 3396 Jos.
659 3357 806 3395 num.
833 3339 887 3402 ι,
913 3339 990 3394 ait
1013 3337 1276 3408 Origenes
1313 3351 1373 3392 se
1396 3336 1685 3405 aliquando
1707 3335 1773 3388 de
1799 3333 2008 3389 duabus

434 3432 833 3498 meretricibus,
875 3445 1107 3501 quarum
1144 3429 1291 3483 litem
1344 3426 1602 3482 Salomon
1659 3425 2003 3494 disceptavit,

431 3525 486 3579 in
530 3523 771 3578 Ecclesia
819 3523 886 3576 ad
931 3521 1187 3590 populum
1235 3519 1586 3574 disseruisse.
1648 3515 2007 3571 Cassiodorus

433 3623 695 3685 praeterea
723 3615 777 3668 in
805 3613 943 3668 libro
969 3612 1046 3666 De
1071 3611 1400 3666 institutione
1429 3608 1730 3662 divinarum
1765 3605 2006 3677 Scriptu-

433 3724 636 3774 rarum,
669 3721 790 3777 cap.
819 3706 876 3773 2,
920 3706 1150 3761 aﬁirmat
1179 3719 1238 3760 se
1267 3712 1496 3774 quatuor
1529 3702 1776 3772 Origenis
1827 3702 2004 3757 homi-

432 3802 534 3855 lias
581 3801 633 3855 iu
684 3800 917 3868 primum
958 3797 1158 3854 librum
1187 3796 1393 3866 Regum
1420 3797 1731 3860 invenisse;
1765 3809 1924 3847 unam
1952 3793 2004 3846 in

432 3893 629 3948 librum
662 3890 1000 3957 secundum;
1056 3897 1111 3943 et
1137 3904 1322 3950 unam,
1372 3901 1604 3956 eamque
1641 3884 1909 3956 prolixam
1950 3884 2004 3938 in

433 3983 629 4038 librum
654 3983 944 4037 secundum
970 3979 1450 4049 Paralipomenmn.
1469 3978 1610 4033 Idem
1632 3992 1751 4047 cap.
1789 3977 1842 4044 6,
1876 3993 2001 4030 nar-

433 4083 517 4128 rat
539 4074 679 4127 visas
705 4073 804 4128 sibi
838 4073 891 4126 in
914 4072 1047 4126 duos
1076 4071 1258 4126 Esdraa
1291 4071 1457 4125 libros
1491 4069 1736 4140 singulas
1757 4067 2006 4140 Origenis

433 4165 711 4228 homilias,
741 4180 860 4234 quae
890 4179 919 4217 a
947 4163 1215 4218 Bellatore
1242 4163 1563 4232 presbytero
1601 4160 1846 4216 Romana
1882 4175 2006 4215 ora-

435 4259 581 4312 tione
603 4256 884 4324 explicatze
907 4263 1048 4309 sunt.
1081 4251 1275 4309 Jobum
1318 4253 1500 4307 multis
1560 4253 1795 4308 homiliis
1817 4252 2004 4321 Orige-

433 4363 529 4403 nes
550 4348 816 4416 exposuit.
866 4346 958 4400 Sic
993 4345 1306 4399 Eustathius
1355 4345 1723 4398 Antiochenus
1763 4346 1817 4398 in
1870 4345 2004 4397 Dia-

433 4436 667 4505 gnostico
716 4435 780 4488 de
822 4431 1228 4503 engastrimytho
1257 4449 1274 4488 :
1307 4433 1444 4502 Περὶ
1469 4432 1524 4486 δέ
1555 4448 1618 4500 γε
1644 4432 1738 4486 τοῦ
1769 4433 2005 4487 πολύτλα.

2105 610 2393 679 (Origenis)
2443 609 2496 663 in
2537 609 2637 664 Job
2688 610 2981 678 descriptos
3023 610 3204 673 habes,
3256 610 3310 663 in
3335 613 3530 678 quibus
3553 625 3681 665 cou-

2105 711 2186 754 tra
2221 701 2511 764 diabolum,
2549 709 2604 754 et
2628 700 2693 752 de
2723 699 2914 764 stellis,
2943 701 3191 769 cmloque
3214 702 3517 768 disputans,
3537 717 3683 770 quae-

2103 789 2226 842 dam
2255 789 2467 843 locutus
2496 798 2577 842 est
2604 803 2722 856 quas
2753 789 2989 843 Ecclesia
3027 805 3132 844 non
3169 789 3398 859 recipit?
3439 809 3458 842 ι

2171 879 2256 932 lll.
2301 879 2651 954 _Psaltcrium
2701 876 2961 947 Origenes
3030 878 3227 946 triplici
3277 879 3678 946 expositionum

2103 982 2301 1038 genere
2329 968 2642 1031 illustravit,
2675 969 3105 1032 commentariis,
3140 969 3379 1022 homiliis
3420 978 3473 1022 et
3515 970 3680 1023 scho-

2104 1060 2210 1113 liis.
2243 1059 2483 1113 Primum
2522 1060 2674 1113 illum
2711 1060 2856 1114 inter
2893 1058 3112 1114 Graecos
3142 1062 3404 1131 integrum
3449 1061 3684 1130 psalmo-

2103 1168 2219 1206 rum
2251 1166 2448 1219 corpus
2474 1152 2660 1206 multis
2688 1151 3054 1206 voluminibus
3073 1152 3374 1222 explicasse
3405 1153 3677 1219 proditum

2102 1252 2184 1298 est
2243 1243 2312 1297 ab
2359 1242 2682 1311 Hieronymo
2712 1243 2870 1308 epist.
2906 1241 2997 1305 89,
3035 1243 3102 1297 ad
3152 1242 3407 1311 August.,
3439 1241 3578 1312 quod
3615 1242 3685 1296 de

2102 1335 2510 1390 commentariis
2550 1333 2811 1403 intelligo.
2851 1333 2928 1387 Ex
2956 1334 3038 1387 his
3073 1333 3237 1386 multa
3269 1333 3350 1387 vel
3386 1333 3678 1399 imitatum,

2102 1426 2186 1480 vel
2215 1426 2628 1494 interpretatum
2670 1423 2837 1476 fuisse
2865 1421 3126 1476 Hilarium
3161 1423 3298 1477 idem
3335 1433 3524 1477 auctor
3560 1434 3678 1488 est;

2103 1517 2194 1586 qui
2216 1525 2270 1570 et
2305 1526 2508 1583 septem
2538 1530 2569 1569 c
2599 1514 2757 1568 tomis
2791 1515 2894 1570 illis
2925 1530 2984 1570 se
3011 1514 3220 1569 Latinis
3248 1517 3425 1569 verbis
3457 1530 3680 1583 expres-

2103 1607 2235 1663 sisse
2264 1607 2449 1672 refert,
2482 1623 2511 1661 a
2539 1607 2747 1677 psalmo
2797 1607 3052 1660 nimirum
3085 1606 3296 1661 decimo
3320 1609 3386 1660 ad
3415 1607 3682 1662 decimum

2104 1711 2338 1754 sextum.
2369 1699 2511 1754 Idem
2543 1700 2708 1755 etiam
2733 1698 2856 1752 libr.
2886 1713 2902 1750 ι
2929 1697 3148 1766 Apolog.
3203 1700 3450 1751 adversus
3471 1696 3678 1760 Ratira,

2104 1806 2224 1860 cap.
2257 1791 2290 1843 5
2322 1808 2333 1843 :
2379 1809 2397 1841 ι
2426 1789 2820 1859 Octogesimum
2863 1803 3076 1857 quoque
3121 1804 3316 1842 nouum
3347 1789 3630 1856 psalmum,
3655 1806 3676 1840 ι

2105 1883 2297 1950 inquit,
2340 1882 2430 1950 qui
2461 1882 2750 1945 scribitur,
2786 1880 2972 1935 Oratio
3012 1879 3182 1948 Moysi
3222 1879 3452 1932 hominis
3483 1879 3595 1942 Dei,
3627 1888 3683 1933 et

2105 1973 2339 2042 reliquos
2384 1973 2656 2037 undecim,
2689 1973 2779 2039 qui
2820 1987 2928 2026 non
2980 1971 3182 2025 habent
3231 1969 3434 2034 titulos,
3481 1984 3679 2023 secun-

2105 2065 2232 2118 dum
2290 2063 2449 2118 lluilli
2503 2065 2941 2131 expositionem,
2997 2059 3236 2129 ejusdem
3300 2059 3467 2130 Moysi
3533 2049 3684 2127 putat

2105 2151 2432 2221 (Origenes)
2481 2164 2582 2204 nec
2627 2151 2950 2219 dedignatur
3016 2149 3296 2204 Hebraeum
3344 2149 3680 2217 Scripturam

2105 2241 2488 2310 interpretans,
2526 2255 2622 2309 per
2656 2240 2861 2310 singula
2898 2240 3014 2293 loca
3044 2239 3174 2308 quid
3220 2237 3462 2292 llebrzeis
3495 2239 3691 2291 videa-«

2105 2341 2190 2386 tur
2245 2332 2549 2388 inserere.»
2611 2332 2685 2394 Ea
2742 2347 2905 2400 porro
2947 2331 3333 2385 commentaria
3393 2330 3686 2398 instigante

2103 2424 2390 2479 Ambrosio
2445 2433 2718 2492 suscepta,
2772 2423 3054 2490 eidemque
3099 2423 3358 2490 inscripta
3392 2422 3564 2476 fuisse
3612 2436 3680 2475 ex
3723 2452 3729 2459 -

2106 2515 2412 2584 fragmento
2473 2515 2863 2583 intelligimus,
2931 2513 3076 2582 quod
3132 2510 3293 2568 habet
3346 2509 3682 2582 Epiphanius

2105 2610 2237 2664 hter.
2265 2623 2409 2674 thv,
2443 2622 2561 2676 cap.
2593 2606 2647 2672 7,
2679 2613 2944 2661 tractatus
2984 2605 3236 2675 Origenis
3275 2605 3328 2658 in
3365 2605 3687 2660 Psalterium

2103 2711 2320 2758 centum
2345 2709 2399 2755 et
2425 2699 2819 2769 quinquaginta
2847 2699 3044 2752 vidisse
3081 2712 3142 2750 se
3181 2705 3455 2750 asseverat
3481 2695 3687 2749 Tritte-

2107 2795 2248 2850 mitts
2287 2796 2340 2848 in
2379 2792 2503 2846 libr.
2535 2791 2612 2846 De
2644 2792 2826 2858 script.
2884 2788 3064 2843 eccles.
3104 2787 3304 2842 Novem
3359 2787 3606 2840 homilias
3634 2786 3688 2839 in

2105 2887 2342 2956 psalmos
2399 2898 2582 2946 xxxvs,
2627 2896 2836 2945 xxxvn,
2889 2894 3122 2943 xxxviii,
3166 2877 3410 2932 Romano
3443 2890 3690 2931 sermone

2108 2976 2284 3031 Ruﬁni
2305 2989 2466 3043 opera
2489 2973 2714 3027 donatas
2730 2971 2917 3025 Latina
2937 2969 3183 3039 Origenis
3217 2967 3380 3022 habet
3407 2967 3591 3020 editio.
3615 2968 3689 3021 De

2105 3068 2432 3138 psalmorum
2469 3065 2684 3126 illorum
2727 3061 3061 3130 expositione
3107 3062 3178 3113 ita
3216 3059 3445 3114 Ruﬁnus
3477 3062 3529 3114 in
3559 3059 3691 3113 Pio-

2106 3161 2228 3230 logo
2259 3179 2274 3214 :
2314 3177 2333 3210 ι
2355 3157 2565 3212 Idcirco
2598 3155 2692 3209 tibi
2723 3169 2866 3220 eam,
2897 3154 3207 3222 Aproniane
3247 3153 3319 3206 ﬁli
3345 3153 3686 3216 charissime,

2109 3253 2162 3306 in
2189 3266 2381 3306 novem
2403 3246 2798 3309 oratiunculas,
2829 3261 2963 3314 quas
2989 3244 3162 3300 Graeci
3192 3245 3444 3300 homilias
3465 3253 3692 3307 vocant,

2105 3344 2252 3398 velut
2295 3343 2346 3395 in
2401 3356 2507 3395 uno
2557 3354 2786 3409 corpore
2823 3339 3086 3406 digestam
3121 3337 3174 3392 in
3223 3337 3472 3392 Latinum
3504 3346 3690 3391 trans-

2108 3435 2227 3488 tuli.
2253 3451 2272 3486 ι
2307 3432 2439 3486 Eam
2487 3432 2542 3486 in
2573 3446 2766 3486 novem
2798 3430 3054 3486 homilias
3082 3430 3340 3500 digestam
3378 3445 3436 3485 se
3458 3439 3694 3484 transtu-

2106 3527 2232 3582 lisse
2271 3525 2426 3588 dicit,
2457 3539 2562 3578 uon
2608 3523 2659 3577 in
2701 3538 2894 3578 novem
2925 3520 3173 3576 homilias
3204 3521 3522 3590 digessisse;
3555 3536 3691 3576 con-

2108 3627 2192 3670 tra
2223 3631 2382 3685 quam
2417 3615 2644 3669 Erasmo
2673 3614 2717 3645 ⁴’¹¹
2757 3623 2812 3668 et
2842 3613 2998 3668 Sixto
3032 3611 3259 3666 Senensi
3292 3613 3339 3645 ”
3367 3614 3538 3667 visum
3583 3620 3686 3667 est.

2106 3707 2182 3760 Ex
2209 3705 2428 3762 homilia
2453 3715 2710 3774 praeterea
2745 3705 2801 3758 in
2835 3706 3022 3773 psalm.
3068 3719 3285 3770 Luxu,
3330 3705 3691 3774 fragmentum

2109 3797 2364 3852 Historia:
2399 3812 2509 3852 suae
2542 3796 2771 3851 inseruit
2802 3797 3066 3851 Eusebius
3088 3797 3213 3851 libr.
3246 3813 3322 3860 γι,
3365 3813 3484 3866 cap.
3527 3796 3596 3852 58
3637 3805 3696 3850 et

2110 3888 2390 3943 homiliam
2434 3889 2492 3941 in
2519 3887 2713 3957 psalm.
2743 3902 2793 3949 c,
2821 3889 3001 3941 laudat
3043 3889 3157 3956 ipse
3185 3889 3446 3958 Origenes
3501 3889 3692 3943 liomil.

2107 3981 2176 4035 15
2206 3981 2258 4034 in
2285 3978 2404 4034 Jos.
2433 3995 2581 4033 num.
2601 3979 2654 4032 6.
2693 3978 2934 4048 Denique
2957 3979 3211 4033 brevibus
3234 3979 3454 4034 scholiis
3485 3978 3686 4034 Psalte-

2106 4075 2247 4128 rium
2299 4072 2465 4128 fuisse
2499 4072 2566 4124 ab
2600 4069 2834 4139 Origene
2879 4070 3194 4124 adnotatum
3239 4071 3469 4124 atﬁrmat
3505 4070 3689 4124 Hiero-

2106 4181 2298 4238 nymus
2329 4167 2442 4220 sive
2471 4165 2715 4233 quisquis
2742 4175 2825 4217 est
2846 4173 3037 4217 auctor
3065 4160 3359 4217 Comment.
3390 4164 3445 4215 in
3480 4162 3687 4216 Psalm.

2107 4257 2161 4310 in
2227 4255 2440 4310 Procem
2471 4255 2537 4308 “.
2584 4274 2603 4306 ι
2666 4253 2935 4318 Proxime,
3000 4253 3194 4324 inquit,
3269 4269 3392 4308 cum
3446 4254 3694 4323 Origenis

2108 4346 2448 4409 Psalterium,
2469 4347 2610 4416 quod
2635 4347 2987 4401 Enchiridion
3019 4347 3108 4402 ille
3140 4349 3384 4413 vocabat,
3410 4347 3611 4402 strictis
3640 4355 3698 4402 et

2109 4439 2434 4494 necessariis
2474 4439 3014 4508 interpretationibus
3054 4440 3372 4494 adnutatum
3430 4441 3484 4494 in
3545 4455 3697 4496 com-

432 4525 838 4599 προσομιλήσας
890 4523 1107 4578 Ἰὼ6....
1143 4525 1414 4594 μετέωρος
1441 4525 1520 4588 εἰς
1545 4524 1616 4577 τὰ
1643 4527 1752 4579 τῶν
1781 4525 2004 4594 Θυγατέ-

2112 4544 2273 4583 mune
2329 4530 2660 4598 legeremus,
2720 4531 2880 4585 simul
2935 4542 3163 4601 uterque
3235 4532 3697 4601 deprehendimus

436 4637 542 4692 ρων
570 4621 815 4692 ὁρμήσας
861 4618 1099 4688 ὀνόματα
1149 4617 1439 4688 κατετρίόη
1467 4617 1746 4688 γραωδῶς.
1806 4637 1824 4668 ι
1873 4617 2007 4672 Cum

434 4717 500 4767 de
525 4713 723 4766 misero
747 4710 848 4765 Job
903 4710 1151 4764 homilias
1186 4710 1484 4773 habuisset,
1512 4711 1564 4763 in
1617 4708 1872 4762 Filiarum
1905 4725 2005 4764 uo-

434 4804 578 4858 miua
609 4801 827 4856 sublimi
852 4801 1099 4855 oratione
1135 4815 1454 4865 excurrens,
1481 4801 1699 4855 aniliter
1732 4815 1797 4856 eo
1825 4802 1877 4855 in
1919 4816 2008 4855 ar—

433 4901 688 4962 gumento
750 4900 1001 4946 versatus
1059 4900 1158 4945 est.
1191 4909 1212 4943 ι
1261 4889 1369 4944 Has
1413 4891 1660 4945 homilias
1684 4891 1751 4945 ad
1789 4906 2008 4946 sensum

433 4986 602 5040 fuisse
629 4984 696 5038 ab
747 4983 955 5038 Hilario
1005 4996 1296 5037 conversas
1345 4985 1510 5038 tradit
1550 4981 1910 5054 Hieronymus
1955 4985 2008 5038 in

435 5076 685 5147 Catalogo
730 5076 973 5141 scriptor.
1025 5074 1209 5129 eccles.
1256 5083 1312 5129 et
1357 5077 1512 5144 epist.
1540 5075 1609 5129 75
1655 5075 1724 5129 ad
1773 5073 2010 5145 Vigilare-

2117 4618 2373 4672 nounulla
2397 4634 2520 4673 eum
2551 4620 2633 4673 vel
2681 4623 3068 4690 perstrinxisse
3108 4622 3320 4689 leviter,
3363 4622 3447 4676 vel
3491 4624 3696 4679 intacta

2116 4709 2331 4778 penitus
2365 4711 2684 4780 reliquisse;
2718 4713 2784 4767 de
2807 4715 3004 4782 quibus
3033 4715 3083 4768 in
3118 4713 3222 4768 alio
3249 4729 3412 4784 opere
3432 4713 3696 4770 latissime

2116 4802 2429 4871 disputavit,
2452 4805 2595 4870 quod
2630 4803 2836 4859 scilicet
2888 4821 2994 4858 non
3027 4817 3240 4875 putaret
3284 4821 3396 4860 rem
3443 4822 3697 4875 magnam

2105 4893 2258 4949 brevi
2289 4909 2541 4950 sermone
2571 4895 2920 4950 concludere.
2953 4915 2972 4948 ι
3005 4897 3070 4950 Ει
3100 4897 3292 4952 deinde
3319 4914 3335 4952 :
3368 4915 3386 4948 ι
3417 4895 3530 4952 Non
3550 4901 3694 4967 quod

2108 4997 2291 5054 putem
2321 5002 2350 5040 a
2384 5002 2468 5042 me
2491 5003 2648 5056 posse
2675 4987 2784 5042 dici
2816 5002 2938 5057 qua:
2967 4987 3055 5042 ille
3090 4989 3390 5058 prateriit;
3422 4989 3515 5043 sed
3550 4989 3697 5059 quod

2106 5090 2168 5130 ea
2198 5091 2317 5145 qua:
2342 5078 2398 5131 in
2437 5079 2596 5133 tomis
2615 5078 2700 5132 vel
2723 5078 2962 5134 homiliis
3003 5081 3118 5148 ipse
3149 5079 3428 5145 disseruit,
3473 5080 3556 5134 vel
3597 5096 3698 5150 ego

505 5185 1128 5266 “_Er_asm_.inCensur_._.
1174 5189 1240 5266 de
1274 5187 1749 5266 Commentarki‘n
1801 5205 1860 5245 ιιι
1921 5191 2112 5260 psalm.
2187 5193 2236 5224 “
2265 5191 2405 5251 Sixt.
2439 5193 2696 5250 Biblioth.
2741 5193 2866 5249 libr.
2898 5210 2972 5249 tv.
3046 5194 3336 5251 “Hieron.
3368 5193 3532 5266 Oper.
3584 5197 3698 5252 edi-

437 5259 596 5313 tionis
623 5257 873 5312 Martiau.
907 5266 1038 5312 tom.
1076 5254 1137 5319 ll,
1180 5259 1233 5310 in
1275 5259 1504 5325 append.
1539 5275 1592 5328 p.
1622 5258 1741 5314 122.

507 5350 616 5420 (6i)
658 5347 852 5416 Viginti
896 5365 987 5403 sea:
1015 5350 1258 5402 homilias
1299 5351 1352 5402 in
1381 5349 1546 5405 Iosue
1580 5369 1644 5406 ea:
1685 5363 1912 5416 tempore
1942 5355 2006 5406 ab

438 5421 762 5473 Adamantio
787 5436 904 5472 sene
935 5420 1197 5474 recitatas.
1223 5420 1577 5475 Cassiodorus
1602 5423 1696 5476 lib.
1743 5423 1816 5476 De
1854 5425 2011 5475 insti-

439 5497 540 5542 tut.
588 5489 752 5541 divin.
791 5487 1021 5555 Script.,
1059 5505 1176 5556 cap.
1237 5491 1287 5554 1,
1332 5491 1548 5557 triginta
1597 5504 2007 5546 commemorat.

440 5560 494 5611 In
534 5559 760 5625 septima
799 5574 949 5628 num.
993 5561 1050 5620 ﬁ,
1083 5574 1142 5613 se
1187 5560 1561 5628 presbyterum
1591 5572 1646 5614 et
1697 5563 1847 5615 verbi
1910 5563 2009 5617 Dei

439 5642 739 5696 pragconetn
798 5627 972 5681 dicit:
1034 5629 1085 5680 iit
1128 5629 1284 5682 tertia
1321 5627 1471 5682 num.
1511 5630 1565 5691 4,
1615 5632 1796 5683 laudat
1835 5631 2010 5686 homi-

439 5697 564 5750 liam
599 5696 909 5766 quamdam,
957 5713 1124 5767 quam
1177 5699 1228 5750 in
1280 5699 1380 5750 alia
1414 5701 1645 5767 quadam
1673 5704 1898 5754 ecclesia
1945 5703 2010 5755 de

439 5770 646 5820 duabus
691 5766 1094 5836 meretricibus,
1145 5767 1211 5819 de
1252 5766 1450 5836 quibus
1503 5771 1766 5836 scriptum
1823 5782 1905 5825 est
1956 5773 2008 5824 in

443 5837 603 5891 tertio
623 5836 761 5889 libro
785 5835 1014 5901 Regum,
1040 5849 1160 5902 qua
1203 5835 1281 5888 ad
1306 5836 1572 5904 judicium
1599 5835 1859 5894 venerant
1907 5840 2011 5894 Sa-

2109 5353 2360 5418 lomonis,
2408 5351 2615 5406 habuit.
2671 5353 2873 5406 Deinde
2929 5352 3096 5420 liquet
3149 5367 3214 5403 ex
3275 5351 3486 5405 decima
3535 5350 3694 5404 tertia

2113 5441 2264 5477 num.
2291 5424 2344 5486 5,
2381 5423 2469 5485 15,
2513 5440 2658 5479 num.
2696 5429 2747 5487 ti,
2768 5433 2820 5475 et
2849 5422 2918 5474 ‘25
2968 5439 3116 5476 ntnu.
3153 5422 3204 5484 l,
3233 5423 3567 5488 posteriores
3601 5435 3698 5472 eas

2111 5509 2231 5546 esse
2281 5493 2619 5560 expositione
2677 5495 2733 5547 in
2791 5493 3048 5559 psalmum
3111 5507 3161 5552 (ι.
3235 5508 3297 5544 ac
3348 5491 3583 5544 homiliis
3641 5491 3697 5541 in

2109 5561 2418 5624 Jemniam,
2453 5573 2508 5616 et
2531 5565 2582 5615 in
2619 5562 2883 5616 Numeros
2913 5577 2930 5614 :
2975 5564 3337 5627 videnturque
3384 5560 3700 5628 pronuntia-

2114 5642 2182 5686 ta:
2218 5635 2362 5686 circa
2400 5634 2560 5686 linem
2591 5635 2717 5686 anui
2746 5632 2887 5697 249,
2926 5631 3008 5686 vel
3047 5631 3144 5684 sub
3174 5630 3390 5682 initium
3416 5629 3540 5682 anni
3568 5629 3695 5690 250,

2111 5703 2544 5770 quandoquidem
2570 5705 2784 5756 homilia
2811 5718 2974 5762 noua,
3011 5716 3162 5753 tium.
3196 5699 3285 5762 10,
3313 5701 3696 5770 gravissimam

2117 5767 2384 5826 memorat
2420 5776 2851 5841 persecutionem
2882 5788 3000 5840 quae
3053 5781 3178 5824 tunc
3228 5769 3532 5825 Eccles'tam
3563 5767 3698 5820 allii-

2116 5844 2300 5912 gebat.
