4152 6400
405 417 534 472 MOI

1253 413 1833 470 OHlGENlANORUM
1875 414 2001 468 LIB.
2047 413 2136 477 ΙΙΙ,
2178 413 2332 468 CAP.
2377 413 2441 476 ll,
2478 411 2664 466 SECT.
2711 409 2766 467 ll.

3528 414 3668 470 12οἳ

405 533 566 602 digna
600 529 836 584 arbitror
860 528 1114 593 lectione,
1144 527 1198 582 in
1224 527 1367 581 hunc
1393 537 1674 594 angustum
1709 528 1988 582 Commen—
2016 534 2061 589 Α
2091 527 2277 597 viginti
2320 527 2558 596 quinque
2605 524 2881 588 bomilias;
2923 533 2977 580 et
3028 529 3357 598 σημειώσεις
3394 546 3527 600 quas
3567 545 3690 586 nos

405 623 657 678 tariolum
688 621 940 676 referam.
973 639 992 672 s
1018 620 1227 686 Quibus
1267 619 1396 672 tomi
1423 619 1672 686 Origenis
1695 659 1710 682 ,
1748 619 1982 672 bomilias

404 725 460 768 et
485 713 687 767 scholia
717 713 769 766 in
799 712 1118 766 Psalterium
1154 711 1468 779 singulatim
1502 719 1777 764 notantur.

477 803 566 857 IV.
592 803 668 857 Ex
687 801 802 869 ejus
829 801 1249 857 Commentariis
1271 802 1327 854 in
1358 799 1644 854 Proverbia
1675 799 1983 857 Salomonis

407 896 704 967 particulas
725 895 862 948 duas
901 893 1236 962 deprompsit
1269 892 1584 961 Pamphilus
1618 893 1670 947 in
1711 893 1982 962 Apologia.

407 988 607 1043 Catena
644 1001 858 1056 quoque
889 985 1257 1053 manuscripta
1289 984 1636 1039 Bibliotheca;
1659 983 1983 1038 Mazarinia-

415 1094 496 1132 nae
537 1085 591 1130 in
622 1075 844 1139 Lucam,
877 1076 944 1129 ad
989 1090 1110 1145 cap.
1146 1088 1265 1140 vm,
1308 1089 1454 1128 vers.
1506 1075 1561 1139 4,
1612 1075 1823 1143 insigne
1871 1073 1984 1126 fra-

411 1179 686 1238 gmentum
731 1167 964 1221 indidem
995 1165 1283 1236 expromit.
1325 1164 1496 1234 Ipsius
1556 1165 1986 1234 Explicationum

408 1262 464 1315 in
501 1259 850 1314 Ecclesiasten
879 1258 1068 1312 scribit
1108 1257 1293 1312 Sixtus
1319 1257 1628 1312 meminisse
1664 1257 1984 1312 Methodium

411 1352 465 1406 in
518 1351 654 1406 libro
693 1349 769 1403 De
812 1349 1218 1403 resurrectione.
1285 1349 1438 1415 Quod
1490 1350 1739 1418 equidem
1787 1349 1841 1403 in
1887 1348 1990 1402 fra-

409 1443 661 1513 gmentis,
687 1457 806 1510 qua:
832 1441 970 1508 apud
1001 1439 1352 1509 Epiphanium
1383 1447 1438 1493 et
1487 1439 1732 1493 PhOtium
1751 1449 1986 1504 exstant,

411 1547 680 1602 nusquam
701 1533 932 1600 reperio.
971 1528 1039 1583 In
1076 1529 1353 1584 Canticum
1395 1531 1719 1583 canticorum
1759 1531 1988 1585 multum

411 1625 615 1679 laboris
645 1634 700 1678 et
723 1622 884 1677 studii
913 1621 1212 1676 contulisse
1240 1622 1414 1690 ipsum
1442 1629 1669 1676 testatur
1699 1621 1990 1690 Gregorius

413 1715 684 1787 Nyssenus
717 1715 768 1768 in
793 1713 1030 1768 Promm.
1059 1712 1367 1768 Comment.
1405 1713 1460 1766 in
1487 1711 1696 1768 Cantic.
1733 1716 1985 1768 canticor.

414 1807 849 1862 Commentarios
887 1807 1100 1876 quidem
1143 1816 1198 1860 et
1238 1806 1492 1861 bomilias
1528 1807 1581 1860 in
1625 1806 1767 1860 hunc
1795 1806 1989 1860 librum

2082 629 2334 688 excerpta
2379 633 2670 688 possumus
2719 616 3010 685 appellare.
3042 638 3060 670 ι
3106 619 3263 675 Plura
3311 632 3487 678 autem
3535 624 3673 678 scri-

2084 711 2264 780 psisse
2304 710 2452 762 illum
2492 709 2820 778 persuadere
2851 719 3077 777 possunt
3105 710 3220 764 haec
3251 711 3467 766 Eusebii
3507 712 3668 767 verba

2083 803 2177 857 lib.
2203 817 2254 854 vt
2307 799 2536 864 Histor.,
2572 815 2694 868 cap.
2724 799 2812 866 52,
2843 801 2983 854 unde
3023 816 3120 855 sua
3162 802 3516 874 Hieronymus
3552 821 3670 858 nnt-

2085 900 2268 946 tuatus
2293 900 2377 944 est
2411 909 2423 943 :
2454 891 2565 942 Καὶ
2595 890 2855 960 Ὠριγένει
2883 889 2939 942 δὲ
2969 891 3111 944 κατὰ
3139 891 3328 946 τοῦτον
3359 892 3451 947 τὸν
3476 895 3669 965 χρόνον

2084 983 2152 1037 τὰ
2184 985 2264 1046 εἰς
2285 983 2377 1035 τὸν
2416 983 2642 1035 Ἡσαΐαν
2666 981 3039 1049 συνετάττετο,
3071 978 3146 1039 ὧν
3171 985 3250 1047 εἰς
3277 986 3373 1055 μὲν
3394 985 3455 1037 τὸ
3486 986 3669 1056 τρίτον

2090 1074 2257 1147 μέρος
2282 1073 2376 1126 τοῦ
2423 1074 2646 1126 Ἡσαΐου
2675 1073 2836 1144 μέχρι
2868 1074 2967 1143 τῆς
2995 1073 3243 1144 ὁράσεως
3271 1075 3378 1128 τῶν
3403 1076 3668 1145 τετραπό-

2084 1165 2192 1219 δων
2223 1163 2330 1218 τῶν
2357 1166 2414 1217 ὲν
2441 1167 2506 1235 τῇ
2532 1165 2742 1236 ἐρήμῳ,
2784 1163 3082 1234 τριάκοντα
3111 1167 3190 1229 εἰς
3223 1167 3368 1237 ἡμᾶς
3401 1166 3672 1238 προῆλθον

2086 1255 2263 1326 τόμοι.
2302 1256 2412 1326 (65)
2436 1275 2454 1307 ι
2482 1255 2589 1310 Hac
2611 1264 2930 1323 tempestate
2951 1254 3212 1326 Origenes
3237 1259 3670 1314 Commentarios

2088 1361 2215 1401 suos
2240 1349 2293 1400 in
2329 1346 2533 1401 Isaiam
2557 1347 2881 1417 composuit,
2916 1363 2947 1402 e
2980 1349 3176 1415 quibus
3212 1349 3263 1403 in
3307 1351 3519 1404 tertiam
3549 1351 3670 1420 qui-

2089 1438 2208 1493 dem
2237 1448 2447 1507 partem
2470 1438 2642 1504 Isaiae,
2686 1452 2855 1509 usque
2880 1441 2946 1497 ad
2973 1441 3232 1496 visionem
3262 1440 3667 1510 quadrupedum

2090 1529 2143 1582 in
2183 1529 2419 1595 deserto,
2445 1531 2668 1601 triginta
2710 1531 2777 1585 ad
2816 1547 2914 1588 nos
2955 1533 3087 1588 tomi
3117 1543 3495 1602 pervenerunt.
3531 1551 3551 1585 ι
3603 1533 3673 1588 Et

2091 1621 2348 1676 continuo
2392 1623 2456 1677 de
2485 1621 2898 1679 Commentariis
2939 1624 3183 1692 ejusdem
3235 1625 3290 1678 in
3342 1624 3669 1678 Ezechielem

2091 1725 2293 1780 agens,
2348 1712 2535 1782 viginti
2584 1715 2824 1784 quinque
2877 1729 2974 1769 sua
3026 1724 3184 1769 aetate
3226 1716 3503 1771 exstitisse
3557 1715 3668 1778 ait,

2093 1815 2270 1868 neque
2315 1800 2494 1870 plures
2535 1801 2822 1872 Origenem
2878 1804 2930 1857 in
2981 1805 3124 1858 hunc
3169 1802 3486 1873 prOphetam
3534 1803 3672 1856 scri-

413 1895 578 1950 dedit.
652 1895 1034 1949 Commentarii
1121 1896 1360 1964 duplices
1445 1895 1660 1950 fuerunt
1697 1911 1711 1948 :
1767 1910 1990 1964 parvum
2021 1887 2065 1943 Β
2093 1893 2264 1962 psisse
2287 1910 2301 1946 :
2324 1893 2477 1962 quasi
2512 1893 2842 1950 subinnuens
2873 1895 3081 1963 aliquos
3117 1909 3148 1948 e
3174 1893 3593 1948 Commentariis
3616 1893 3671 1946 in

415 1997 620 2044 tomum
651 1987 864 2056 juvenis
893 1987 1149 2054 scripsit,
1186 2003 1218 2042 e
1257 2001 1364 2056 quo
1401 1987 1654 2042 laciniam
1699 1987 1862 2057 capiti
1911 2001 1996 2040 se-

411 2077 582 2145 ptimo
658 2072 972 2128 Philocalice
1031 2075 1290 2129 intextam
1364 2075 1742 2145 deprehendas
1784 2093 1798 2128 :
1839 2075 1998 2130 annis

412 2182 543 2223 vero
572 2169 882 2236 provectior
921 2166 1108 2220 decem
1141 2167 1446 2236 composuit
1475 2176 1647 2222 tomos
1667 2210 1680 2234 ,
1715 2181 1853 2237 quos
1893 2181 2000 2221 me.

412 2257 659 2313 morabili
679 2257 853 2325 elogio
883 2256 1249 2328 Hieronymus
1295 2259 1607 2325 exornavit,
1663 2259 1716 2312 in
1767 2257 1999 2328 Prologo

410 2350 482 2404 ad
509 2349 814 2414 Damasum,
848 2365 958 2404 sua:
1003 2350 1444 2419 interpretationi
1475 2349 1707 2405 duarum
1743 2349 1998 2417 Origenis

386 2441 754 2497 'homiliarum
782 2442 836 2496 in
871 2442 1094 2496 Cantico
1123 2441 1348 2512 prmlixo
1378 2459 1393 2496 :
1431 2459 1451 2493 ι
1479 2441 1766 2509 Origenes,
1799 2443 1997 2512 inquit,

413 2547 536 2586 cum
586 2533 639 2586 in
695 2531 911 2588 caeteris
945 2531 1100 2586 libris
1153 2546 1344 2588 omnes
1390 2532 1607 2598 vicerit,
1665 2533 1718 2586 in
1772 2532 1999 2588 Cantico

411 2622 748 2676 canticorum
795 2621 908 2690 ipse
952 2635 1011 2676 se
1044 2622 1214 2676 vicit:
1248 2637 1372 2676 nam
1403 2623 1589 2677 decem
1631 2623 1998 2680 voluminibus

410 2713 703 2784 explicitis,
755 2728 876 2782 qum
915 2715 982 2768 ad
1040 2713 1231 2785 viginti
1281 2729 1454 2784 usque
1509 2729 1766 2770 versuum
1828 2715 1997 2770 millia

411 2821 549 2876 pene
578 2807 920 2877 perveniunt,
962 2807 1196 2876 primum
1247 2804 1599 2876 Septuaginta
1646 2806 1994 2875 lnterpretes,

410 2898 607 2954 deinde
643 2897 915 2966 Aquilam,
940 2905 993 2952 et
1025 2894 1433 2967 Symmaclnnn,
1465 2904 1520 2950 et
1545 2895 1996 2961 Theodotionem,

412 2997 468 3044 et
499 2989 566 3043 ad
593 2997 896 3042 extremum
921 2987 1164 3058 quintam
1186 2986 1481 3044 editionem
1505 3027 1519 3050 ,
1557 3003 1721 3056 quam
1762 2989 1816 3041 in
1845 2989 1998 3043 Actio

415 3080 599 3134 littore
635 3079 908 3134 invenisse
941 3093 999 3133 se
1028 3078 1239 3140 scribit,
1273 3077 1345 3131 ita
1369 3077 1676 3145 magniﬁce,
1701 3087 1993 3147 aperteque

415 3172 709 3235 disseruit,
742 3179 801 3224 ut
842 3171 966 3224 inde
996 3169 1131 3224 mihi
1158 3169 1406 3224 videatur
1453 3169 1509 3222 in
1555 3183 1620 3224 eo
1671 3169 1996 3238 completum

413 3275 536 3316 esse
565 3262 707 3330 quod
731 3261 929 3316 dicitur
961 3281 974 3316 :
1002 3258 1313 3318 Introduxit
1347 3279 1427 3316 me
1463 3260 1575 3315 Rea;
1613 3261 1668 3314 in
1695 3261 1998 3316 cubiculum

413 3365 569 3404 suum
607 3349 676 3403 “.
702 3369 721 3402 ι
758 3349 960 3405 Horum
1002 3351 1530 3408 Commentariorum
1562 3367 1690 3424 pars
1719 3368 1826 3408 non
1865 3368 1997 3408 con-

421 3444 708 3496 temnenda
737 3443 792 3495 in
827 3441 1068 3497 editione
1092 3442 1286 3496 Latina
1315 3444 1582 3512 hodieque
1614 3454 1876 3513 superest,
1905 3445 2000 3500 sed

418 3531 560 3586 male
587 3533 638 3586 in
669 3531 920 3585 bomilias
952 3532 1260 3596 distributa,
1291 3544 1350 3585 ut
1377 3535 1729 3589 ostendemus
1752 3534 1996 3599 inferius,

419 3636 541 3675 cum
564 3623 629 3676 de
655 3622 1034 3690 superstitibus
1077 3623 1322 3692 Origenls
1353 3626 1607 3694 operibus
1655 3627 1761 3680 erit
1805 3629 1997 3697 agendi

420 3712 590 3767 locus.
625 3711 890 3767 Homilias
929 3724 1109 3768 autem
1143 3716 1199 3767 in
1230 3713 1506 3768 Canticum
1548 3714 1681 3769 duas
1729 3714 1998 3783 Hierony-
2043 3735 2048 3739 ·

421 3819 540 3859 ntus
607 3803 795 3858 Latine
867 3803 1173 3872 explicavit,
1229 3820 1445 3876 «quas,
1503 3814 1562 3858 ut
1615 3806 1730 3874 ipse
1783 3809 1890 3872 ait,
1946 3808 2000 3860 in

420 3910 627 3950 morem
647 3896 947 3964 quotidiani
973 3896 1174 3965 eloquii
1206 3897 1443 3966 parvulis
1469 3896 1646 3952 adhuc
1674 3897 2002 3953 lactentibus

421 3983 747 4056 (Origenes)
785 3985 1101 4055 composuit.
1135 4004 1154 4037 ι

498 4073 562 4129 ν.
604 4075 795 4129 Isaiam
845 4074 1207 4130 Adamantius
1263 4074 1667 4130 commentariis
1697 4116 1714 4142 ,
1767 4075 2004 4130 homiliis

421 4176 479 4222 et
510 4165 736 4220 scholiis
792 4165 1180 4234 interpretatus
1215 4175 1327 4231 est;
1376 4175 1431 4219 et
1485 4166 2001 4220 commentariorum

423 4260 640 4327 quidem
701 4254 924 4327 triginta
984 4257 1161 4320 libris,
1219 4257 1457 4312 homiliis
1501 4257 1686 4326 viginti
1740 4257 2000 4328 quinque.

424 4351 784 4422 Hieronymus
819 4349 942 4403 libr.
987 4365 1004 4403 ι
1049 4348 1271 4418 Apolog.
1301 4348 1505 4402 advers.
1540 4347 1745 4417 Ruﬁn.,
1784 4364 1904 4419 cap.
1946 4349 2001 4414 '5,

431 4464 450 4498 ι
487 4444 647 4500 Certe
694 4443 854 4498 etiam
885 4441 1148 4511 Origenes
1192 4441 1541 4512 patriarcben
1575 4439 1812 4495 Huillum
1839 4481 1854 4506 ,
1913 4442 2004 4509 qui

425 4536 757 4607 temporibus
777 4535 896 4606 ejus
914 4537 1036 4601 fuit,
1055 4537 1328 4599 nominat;
1352 4544 1405 4587 et
1431 4534 1766 4588 tricesimum
1800 4543 2001 4588 tomum

427 4627 482 4682 in
521 4628 738 4692 Isaiam,
787 4631 842 4682 in
879 4629 1031 4696 cujus
1065 4630 1170 4682 line
1202 4627 1474 4690 edisserit,
1557 4626 1650 4680 Va:
1687 4627 1782 4680 tibi
1829 4628 2009 4681 civitas

425 4719 592 4785 Ariel,
621 4735 778 4789 quam
808 4719 1119 4788 expugnavit
1163 4716 1328 4772 David
1349 4716 1395 4748 “
1423 4717 1436 4770 !
1472 4715 1614 4770 illius
1674 4716 2011 4786 expositione

427 4812 734 4875 concludit;
785 4820 845 4865 ut
887 4826 1010 4866 cum
1058 4809 1218 4863 aliter
1258 4809 1409 4878 prius
1444 4808 1684 4864 sensisse
1729 4822 1789 4862 se
1841 4808 2006 4872 dicat,

428 4906 647 4956 doctum
683 4905 751 4958 ab
787 4903 900 4968 illo,
930 4904 983 4958 id
1015 4903 1157 4973 quod
1181 4911 1264 4956 est
1299 4902 1507 4967 verius,
1543 4898 1854 4956 conﬁtetur.
1887 4917 1906 4950 ι
1941 4897 2009 4953 Et

429 4993 484 5049 in
509 4994 796 5050 .Prommlo
838 4998 906 5051 ad
948 4997 1181 5066 primum
1232 4993 1764 5051 Commentariorum
1787 5006 2006 5046 suorum

427 5090 485 5140 in
526 5086 728 5140 Isaiam
777 5087 974 5141 librum
1016 5105 1030 5141 :
1073 5105 1091 5137 ι
1125 5086 1356 5156 Scripsit
1387 5086 1442 5140 in
1499 5085 1646 5140 hunc
1684 5081 2004 5152 prophetam

423 5179 576 5250 juxta
607 5179 871 5235 editiones
900 5189 1152 5248 quatuor,
1179 5195 1348 5249 usque
1376 5179 1443 5233 ad
1479 5177 1742 5232 visionem
1773 5174 2008 5244 quadru-

429 5269 626 5338 pedum
665 5269 719 5324 in
772 5269 988 5325 deserto
1049 5267 1311 5339 Origenes
1373 5269 1596 5339 triginta
1643 5264 1938 5331 volumina,
1975 5279 2006 5319 e

429 5361 624 5430 quibus
661 5362 950 5417 vicesimus
970 5371 1155 5416 sextus
1184 5361 1318 5416 liber
1349 5376 1456 5416 non
1486 5359 1778 5414 invenitur.
1806 5357 2008 5411 Ferun-

431 5461 520 5504 tur
540 5460 595 5506 et
627 5451 717 5506 alii
760 5454 858 5507 sub
889 5453 1104 5507 nomine
1149 5452 1266 5520 ejus
1309 5452 1375 5506 de
1411 5452 1620 5506 visione
1663 5449 2007 5524 τετραπόδων

430 5543 539 5597 duo
561 5544 627 5596 ad
657 5543 880 5598 Gratam
914 5543 1058 5609 libri,
1085 5543 1179 5611 qui
1213 5542 1607 5613 pseudographi
1635 5552 1929 5614 putantur;
1953 5551 2007 5598 et

503 5678 549 5710 "
581 5679 792 5736 Cantic.
836 5697 876 5747 ι,
914 5680 969 5736 3.
1045 5681 1092 5712 ⁸⁸
1121 5679 1244 5736 lsai.
1274 5697 1427 5745 xxtx.
1460 5682 1513 5736 l.

502 5815 614 5887 (ὃὸ)
649 5814 891 5875 Valesius
925 5819 1082 5889 legit,
1124 5817 1415 5890 περιῆλθον
1436 5833 1610 5889 sopor.

2097 1983 2298 2038 Isaiam
2362 1984 2718 2040 intercidisse.
2769 1985 2826 2040 ln
2879 1987 3105 2056 antiquo
3148 1986 3336 2040 codice
3391 1983 3668 2049 Marchali,

2097 2078 2239 2132 unde
2307 2076 2458 2133 Isaia:
2502 2085 2814 2133 contextum
2871 2079 3203 2149 deprompsit
3261 2075 3575 2138 Curterius,
3618 2084 3674 2130 et

2098 2183 2220 2224 cum
2263 2168 2510 2238 Procopii
2546 2169 2965 2227 Commentariis
2994 2169 3183 2233 edidit,
3243 2178 3509 2223 tomorum
3556 2165 3674 2220 illo-

2097 2276 2216 2315 rum
2248 2259 2497 2331 Origenis
2528 2261 2737 2317 numeri
2775 2262 2840 2315 ad
2868 2261 3089 2315 limbum
3120 2259 3340 2329 ascripti
3374 2267 3519 2324 sunt,
3541 2266 3595 2311 et
3618 2258 3671 2310 in

2099 2351 2374 2404 tricesimo
2403 2349 2677 2416 desinunt,
2708 2352 2799 2421 qui
2845 2358 3062 2404 notatus
3091 2357 3176 2403 est
3203 2348 3269 2402 ad
3293 2362 3442 2402 oram
3481 2346 3674 2414 capitis

2099 2457 2250 2506 xxrx,
2286 2455 2428 2496 vers.
2463 2443 2514 2508 l,
2545 2451 2708 2512 atque
2733 2442 2856 2496 hinc
2889 2441 3113 2511 proinde
3138 2438 3397 2508 pertinuit
3426 2439 3493 2493 ad
3537 2452 3660 2506 cap.

2098 2549 2231 2597 xxx,
2273 2548 2418 2587 vers.
2466 2531 2541 2598 6;
2606 2531 2749 2588 unde
2795 2531 3005 2586 initium
3056 2530 3203 2585 ducit
3255 2529 3392 2584 visio
3437 2529 3676 2598 quadru-

2096 2627 2319 2698 pedum.

2165 2714 2418 2770 Ieremia;
2453 2714 2790 2786 prophetiam
2849 2729 2948 2784 per
3001 2712 3256 2767 bomilias
3314 2709 3676 2767 Adamantius

2095 2807 2406 2877 explicavit.
2435 2805 2856 2873 Quatuordecim
2877 2820 2947 2860 ex
2975 2804 3215 2859 homiliis
3243 2803 3468 2859 confuso
3489 2803 3678 2858 ordine

2096 2896 2455 2968 Hieronymus
2487 2898 2541 2951 in
2587 2895 2839 2950 Latinum
2876 2909 3177 2951 sermonem
3223 2892 3516 2949 transtulit.
3570 2892 3676 2946 No-

2095 2988 2391 3042 vemdecim
2442 2987 2630 3042 habuit
2657 2985 3018 3041 Scorialensis
3061 2985 3250 3050 codex,
3292 2999 3400 3053 quo
3430 2999 3558 3038 usus
3596 2994 3677 3038 est

2096 3078 2406 3143 Corderius,
2459 3077 2560 3132 sub
2610 3077 2826 3131 nomine
2878 3074 3098 3147 Cyrilli;
3138 3089 3366 3145 quarum
3395 3072 3675 3126 duodecim

2099 3172 2242 3225 inter
2299 3169 2758 3240 Hieronymianas
2799 3167 2912 3236 jam
2963 3177 3088 3220 ante
3133 3167 3491 3222 habebantur.
3543 3164 3678 3218 Fra-

2099 3270 2374 3332 gmentum
2403 3275 2466 3316 ex
2497 3261 2716 3315 bomilia
2750 3259 3026 3314 tricesima
3058 3272 3197 3312 nona
3225 3257 3495 3312 decimum
3522 3254 3680 3310 otl‘crt

2101 3354 2412 3409 Philocalite
2435 3363 2596 3424 caput
2625 3353 2757 3425 (66).
2785 3353 3140 3408 Cassiodorus
3165 3353 3217 3406 in
3247 3351 3384 3405 libro
3413 3350 3485 3404 De
3527 3351 3683 3403 insti-

2099 3455 2201 3499 tut.
2249 3445 2415 3499 divin.
2464 3443 2818 3513 Scripturar.,
2875 3459 2993 3514 cap.
3044 3445 3099 3509 '5,
3141 3443 3337 3497 asserit
3389 3439 3680 3512 Origenem

2100 3537 2170 3592 45
2221 3537 2457 3592 homiliis
2502 3535 2792 3590 Jeremiam
2839 3536 3176 3605 exposuisse,
3223 3549 3290 3590 ex
3333 3534 3504 3603 iisque
3547 3549 3683 3602 qua-

2105 3630 2401 3684 tuordecim
2447 3629 2548 3683 sibi
2602 3628 2769 3683 fuisse
2798 3627 3071 3692 inventas,
3123 3643 3216 3682 eas
3258 3627 3514 3681 nimirum
3545 3641 3682 3694 quas

2101 3722 2464 3791 Hieronymus
2495 3719 2788 3776 Latinitate
2813 3720 3124 3775 donaverat.
3161 3719 3404 3789 Denique
3427 3717 3683 3773 Rabanus

2104 3812 2320 3865 Maurus
2354 3809 2570 3866 Praal‘at.
2606 3813 2659 3864 in
2689 3811 2887 3866 Jerem.
2916 3812 3154 3882 quinque
3195 3811 3314 3865 illas
3349 3825 3510 3880 supra
3543 3826 3683 3880 qua-

2103 3904 2351 3975 draginta
2392 3903 2641 3971 Origenis
2679 3905 2931 3959 homilias
2975 3906 3028 3957 in
3059 3903 3344 3958 Jeremiam
3387 3904 3585 3957 vidisse
3625 3917 3683 3958 se

2104 4003 2399 4049 asseverat.
2437 3997 2506 4048 At
2532 3996 2587 4047 in
2627 3993 2860 4048 Threnos
2892 3993 3142 4048 Ieremia:
3181 4007 3372 4046 novem
3421 3991 3682 4060 Origenes

2104 4086 2403 4140 dictaverat
2429 4093 2626 4152 tomos,
2671 4099 2736 4140 ex
2773 4085 2968 4154 quibus
3009 4086 3250 4153 quinque
3303 4084 3568 4137 duntaxat
3613 4084 3682 4137 ad

2105 4191 2256 4230 suam
2281 4185 2493 4230 artatem
2530 4191 2910 4246 perseverasse
2944 4175 3207 4231 Eusebius
3248 4175 3522 4230 memoria:
3556 4190 3682 4244 pro-

2105 4267 2241 4321 didit
2271 4266 2393 4320 libr.
2421 4282 2493 4332 νι,
2533 4282 2651 4336 cap.
2683 4266 2774 4320 at.

2180 4358 2519 4413 Ezechielem
2569 4359 2762 4429 viginti
2821 4371 3059 4428 quinque
3108 4356 3268 4412 tomis
3323 4357 3391 4412 ab
3444 4354 3682 4428 Origene

2107 4449 2273 4506 fuisse
2295 4450 2623 4506 illustratum
2656 4451 2962 4507 docetidem
2986 4449 3246 4504 Eusebius
3285 4450 3408 4504 libr.
3434 4467 3483 4506 Vl
3510 4449 3682 4516 Hist.,

2037 4578 2086 4637 Β
2113 4558 2232 4611 cap.
2263 4542 2351 4597 52.
2380 4542 2545 4598 Docet
2579 4552 2634 4598 et
2674 4555 2827 4598 vetus
2867 4542 3123 4596 Marcltali
3175 4541 3314 4597 liber
3342 4558 3529 4597 omnes
3558 4559 3685 4612 pro-

2113 4637 2306 4706 phetas
2339 4635 2690 4704 complexus:
2729 4651 2851 4689 nam
2880 4637 2946 4689 ad
2986 4634 3288 4689 Ezechielis
3311 4649 3462 4688 oram
3495 4634 3686 4704 Orige-

2112 4726 2698 4780 nianorum-tomorum
2735 4724 2948 4780 numeri
2990 4725 3102 4779 suis
3144 4733 3270 4777 sunt
3308 4724 3479 4778 notati
3527 4724 3681 4788 locis,

2110 4830 2212 4870 nec
2237 4815 2419 4884 plures
2458 4825 2766 4886 suntquam
2792 4817 3029 4885 quinque
3057 4825 3112 4869 et
3149 4815 3361 4882 viginti.
3394 4814 3472 4868 Ex
3506 4815 3680 4868 homt-

2107 4905 2196 4960 liis
2234 4921 2362 4960 vero
2393 4906 2446 4960 in
2487 4913 2761 4976 prophetae
2807 4907 2970 4976 hujus
3018 4907 3400 4960 enodationetn
3439 4921 3684 4976 pronun-

2111 4999 2280 5062 tiatis,
2311 4999 2719 5066 quatuordecim
2756 4998 2826 5052 ab
2867 4997 3193 5070 Hieronymo
3240 4997 3503 5051 Romanis
3554 5012 3684 5049 con-

2112 5103 2282 5142 versa:
2313 5089 2492 5143 verbis
2526 5089 2578 5142 in
2610 5087 2858 5142 Latinam
2898 5089 3190 5143 editionem
3233 5087 3492 5156 conjecta:
3534 5097 3684 5142 sunt.

2113 5179 2191 5234 Ex
2219 5179 2321 5235 hoc
2364 5179 2614 5252 Origenis
2651 5181 2771 5236 loco
2809 5191 2965 5235 tract.
3000 5181 3095 5246 29,
3144 5197 3292 5235 num.
3335 5180 3427 5246 40,
3467 5195 3521 5249 p.
3556 5178 3684 5245 860,

2113 5273 2169 5324 in
2202 5269 2392 5326 Matth.
2414 5287 2434 5325 :
2458 5291 2476 5323 ι
2501 5273 2630 5338 Quae
2655 5283 2831 5328 autem
2858 5271 3225 5341 sequuntnrin
3256 5281 3401 5325 textu
3431 5270 3685 5331 Danielis.

2114 5362 2255 5416 sicut
2278 5365 2567 5432 potuimus,
2594 5365 2961 5432 exposuimus,
2989 5382 3008 5414 ι
3056 5364 3108 5417 in
3163 5363 3436 5416 Danielem
3482 5361 3685 5430 aliquid

2113 5455 2180 5508 ab
2210 5454 2326 5523 ipso
2362 5456 2720 5524 compositum
2749 5455 2914 5509 fuisse
2957 5456 3236 5520 discimus,
3268 5462 3322 5508 et
3347 5468 3378 5508 e
3409 5452 3686 5508 Procemio

2112 5559 2324 5613 quoque
2354 5543 2664 5615 llieronytni
2688 5546 2754 5600 ad
2782 5544 3127 5600 undecimum
3153 5543 3684 5598 Commentariorum

2185 5815 2294 5887 (66)
2325 5813 2457 5872 Vide
2472 5815 2724 5873 editionis
2753 5825 2952 5871 nostra:
2979 5795 3110 5870 tom.
3146 5811 3234 5876 ιιι,
3264 5827 3319 5881 p.
3355 5809 3483 5866 285.
