4152 6424
471 433 492 490 ί
502 435 608 492 €303

1739 429 1801 484 P.
1843 425 2155 482 DANlﬁLlS
2186 423 2428 481 HUETH‘

3582 423 3720 480 4204

465 554 522 607 in
555 551 782 616 Isaiam,
813 550 866 605 in
893 564 1001 620 quo
1030 549 1104 604 ait
1127 563 1250 606 sese
1273 549 1562 620 Origenem
1585 563 1706 604 cum
1734 547 1854 604 aliis
1883 547 2048 603 fuisse
2077 551 2121 608 Α
2151 545 2364 602 tertiam
2392 551 2597 615 partem
2629 541 2750 597 libri
2781 558 2810 597 a
2841 542 3128 614 principio.
3157 561 3177 596 ι
3216 541 3341 598 Haec
3359 541 3721 614 Hieronymus

467 651 790 699 assectatum
825 642 878 695 in
926 643 1259 710 expositione
1304 644 1646 714 septuaginta
1679 641 2040 697 hebdomada-

465 750 583 788 rum
611 750 625 786 :
663 732 764 788 nisi
795 733 915 802 quis
953 733 1067 788 haec
1107 733 1158 786 in
1188 733 1566 788 aliis-fortasse
1599 733 1750 788 libris
1777 731 1953 788 obiter
1974 731 2043 786 ab

463 825 699 894 Origene
728 833 951 878 tractata
1000 823 1171 879 fuisse
1229 825 1392 880 dicat.
1433 825 1598 881 Multo
1654 825 1816 896 igitur
1865 826 2042 879 minus

462 919 577 973 lucc
603 919 867 973 addocent
893 917 1214 972 homiliasne
1240 934 1308 972 an
1343 918 1743 973 Commentaria
1767 918 1823 970 in
1845 917 2042 970 Danie-

461 1007 562 1062 lem
595 1008 843 1062 ediderit.
887 1007 1154 1063 Caeterum
1204 1024 1326 1064 eum
1372 1009 1736 1064 novemdecim
1791 1008 2041 1076 Origenis

462 1098 711 1154 homilias
730 1101 787 1153 in
815 1097 1125 1166 Jeremiam,
1156 1099 1288 1154 falso
1308 1099 1509 1171 Cyrillo
1535 1101 1797 1169 ascriptas
1830 1115 1861 1154 e
1908 1099 2041 1154 Sco-

461 1192 679 1247 rialensi
703 1192 890 1248 codice
912 1193 1303 1263 deprompserit
1343 1191 1626 1248 Balthasar
1651 1192 1962 1257 Corderius,
1985 1201 2042 1246 et

461 1278 514 1331 in
542 1279 793 1334 editionis
817 1295 926 1334 sum
961 1279 1275 1350 praefatione
1301 1282 1567 1336 notaverit
1599 1281 1834 1349 ejusdem
1859 1291 2043 1337 aucto-

463 1370 539 1425 ris
569 1370 1000 1426 Commentarios
1027 1372 1083 1424 in
1111 1369 1435 1426 Ezechielem
1476 1383 1523 1427 et
1569 1373 1838 1428 Danielem
1866 1375 2038 1430 conti-

461 1460 574 1514 neri
594 1460 647 1514 in
685 1461 786 1515 hoc
812 1461 925 1530 ipso
953 1461 1163 1529 codice,
1194 1472 1387 1518 caveat
1417 1463 1587 1519 lector
1611 1479 1678 1519 ne
1704 1480 1798 1521 eos
1825 1480 2040 1536 quoque

459 1550 663 1622 Cyrillo
687 1567 965 1623 perperam
999 1555 1184 1620 tribui,
1215 1556 1399 1610 itidem
1433 1565 1490 1610 ut
1517 1557 1766 1612 homilias
1805 1558 1860 1611 in
1896 1557 2042 1612 lere-

461 1644 646 1708 miam,
671 1653 725 1698 et
760 1645 825 1699 ad
857 1643 1145 1715 Origenem
1181 1648 1457 1715 pertinere
1497 1657 1701 1705 temere
1720 1649 1993 1705 existimet
2022 1668 2036 1704 :

464 1747 575 1790 tam
634 1738 778 1792 enim
827 1738 1035 1810 Cyrilli,
1087 1755 1247 1804 quam
1295 1740 1543 1812 Origenis
1599 1755 1727 1798 esse
1768 1753 2036 1813 possunt:

465 1830 642 1898 reipsa
668 1831 863 1900 quippe
896 1833 947 1887 in
989 1847 1176 1888 omnes
1210 1835 1502 1904 prophetas
1545 1836 1827 1905 scripsisse
1871 1835 2041 1890 fertur

465 1920 722 1992 Cyrillus.
756 1931 809 1976 et
831 1923 948 1992 ejus
983 1927 1148 1980 etiam
1177 1927 1233 1979 in
1257 1925 1528 1980 Danielem
1561 1927 1814 1984 homilias
1849 1929 1903 1983 in
1928 1929 2038 1983 Va-

464 2012 640 2066 ticana
687 2012 1013 2068 bibliotheca
1061 2017 1268 2070 servari
1322 2016 1487 2071 tradit
1548 2015 1734 2071 Sinus
1783 2017 2040 2074 Senensis

460 2100 557 2155 lib.
592 2116 646 2155 Iv
676 2100 816 2156 Bibl.
851 2106 902 2157 in
939 2100 1164 2174 Cyrillo.
1223 2105 1320 2159 Rei
1372 2106 1656 2160 veritatem
1702 2106 1788 2162 vel
1839 2107 2036 2172 sciunt,

463 2193 547 2248 vel
588 2195 729 2250 scire
770 2205 993 2263 possunt
1041 2195 1412 2254 Scorialenses
1463 2197 1538 2252 illi
1604 2196 2039 2269 Hieronymiani,

463 2284 554 2354 qui
586 2285 670 2340 his
701 2285 970 2340 thesauris
1001 2287 1280 2342 incubant.

535 2375 624 2431 Vl.
661 2375 718 2430 In
763 2378 1047 2434 duodecim
1090 2379 1383 2448 prophetas
1414 2379 1605 2451 viginti
1645 2381 1882 2452 quinque
1913 2381 2037 2454 ἐξη-

463 2467 678 2538 γήσεων
706 2466 953 2538 Origenis
983 2468 1256 2523 volumina
1305 2485 1468 2524 manu
1510 2469 1777 2540 Pamphili
1818 2482 2039 2526 exarata

461 2560 728 2626 reperisse
780 2574 840 2615 se
905 2569 1090 2615 narrat
1152 2559 1514 2632 Hieronymus
1565 2561 1659 2617 lib.
1721 2562 1799 2618 De
1851 2565 2037 2632 script.

459 2647 669 2715 eccles.,
689 2665 809 2719 cap.
837 2649 929 2715 86,
951 2649 1135 2719 plures
1164 2661 1341 2705 tamen
1360 2652 1643 2720 scripsisse
1658 2653 2039 2707 Adamantium

460 2739 733 2809 signiﬁcat
762 2741 1028 2796 Eusebius
1050 2741 1171 2796 libr.
1207 2758 1282 2809 Vl,
1307 2757 1426 2812 cap.
1448 2743 1518 2798 56
1544 2743 1728 2797 Hister
1764 2769 1776 2802 ;
1813 2745 1953 2810 Τούς
1979 2763 2039 2800 τε

459 2833 541 2895 εἰς
566 2834 690 2896 τοὺς
717 2832 921 2886 δώδεκα
949 2835 1236 2906 Προφήτας
1261 2835 1458 2906 τόμους
1495 2837 1776 2892 συντάττει
1795 2879 1810 2902 ,
1841 2839 1932 2909 ἀφ’
1967 2833 2042 2894 ὧν

463 2923 659 2994 μόνους
706 2924 939 2997 εὕρομεν
982 2928 1143 2980 πέντε
1197 2928 1291 2980 καὶ
1349 2927 1546 2982 εἴκοσι.
1624 2929 1734 2984 «Et
1764 2939 1939 2986 tomos
1989 2933 2040 2986 in

462 3014 743 3070 duodecim
770 3017 1061 3086 prophetas
1101 3017 1420 3084 conscribit,
1470 3034 1534 3072 ex
1577 3019 1773 3088 quibus
1808 3023 2043 3090 quinque

460 3113 518 3159 et
546 3105 730 3176 viginti
766 3106 1026 3160 duntaxat
1075 3109 1372 3178 reperimus
1415 3121 1431 3162 :
1470 3108 1526 3162 lu
1564 3108 1757 3164 Oseam
1783 3112 2040 3165 nonnulla

2144 637 2212 692 de
2244 633 2648 690 Commentariis
2674 631 2924 703 Origenis
2954 635 3008 687 in
3036 633 3386 699 Zachariam;
3414 632 3555 688 istud
3589 647 3720 686 vero

2142 725 2208 779 de
2251 724 2366 790 ejus
2387 721 2748 777 voluminibus
2778 723 2832 774 in
2879 721 3197 777 Malachiam
3225 721 3267 754 "
3301 738 3315 775 :
3357 739 3377 772 ι
3414 720 3641 790 Scripsit
3664 721 3721 773 in

2141 816 2286 871 hunc
2313 814 2510 869 librum
2538 813 2799 883 Origenes
2831 814 2936 868 tria
2975 815 3272 879 volumina,
3303 814 3396 869 sed
3431 811 3715 866 historiam

2140 905 2360 961 omnino
2389 921 2493 959 non
2529 905 2724 975 tetigit,
2758 913 2814 960 et
2839 919 2991 959 more
3037 919 3137 960 suo
3173 914 3318 960 tatus
3352 905 3408 959 in
3446 902 3720 974 allegoriae

2142 997 2586 1066 interpretatione
2614 1006 2864 1051 versatus
2897 1006 2999 1051 est.
3028 1015 3048 1048 ι

2211 1089 2321 1145 Vll.
2363 1090 2437 1144 De
2458 1087 2708 1160 Origenis
2729 1090 3026 1160 exegeticis
3050 1090 3106 1144 in
3128 1087 3439 1142 Matthwum
3471 1085 3523 1141 id
3553 1085 3714 1141 habet

2140 1195 2356 1252 quoque
2405 1180 2762 1253 Hieronymus
2785 1182 2832 1214 ⁵⁸
2866 1198 2882 1236 :
2938 1199 2957 1233 t
2995 1180 3218 1250 Legisse
3255 1195 3341 1236 me
3367 1178 3543 1234 lateor
3588 1187 3724 1232 ante

2140 1288 2309 1329 annos
2332 1273 2591 1343 plurimos
2631 1273 2686 1329 in
2721 1272 3031 1328 Matthaum
3067 1271 3318 1343 Origenis
3341 1270 3718 1342 vigintiquin-

2139 1381 2245 1436 que
2273 1367 2567 1429 volumina,
2609 1376 2665 1421 et
2701 1366 2922 1422 totidem
2951 1366 3069 1434 ejus
3104 1365 3388 1427 homilias,
3429 1362 3715 1418 commati-

2141 1473 2375 1528 cumque
2425 1458 2885 1528 interpretationis
2943 1474 3113 1529 genus
3147 1475 3161 1512 :
3200 1477 3219 1510 ι
3254 1458 3357 1512 hoc
3399 1466 3505 1520 est,
3561 1470 3723 1510 com-

2142 1550 2436 1616 mentarios
2462 1590 2478 1614 ,
2511 1549 2762 1605 homilias
2804 1559 2860 1606 et
2891 1549 3119 1605 scholia.
3149 1546 3398 1603 Totidem
3429 1545 3546 1615 ejus
3568 1561 3719 1602 com-

2141 1641 2439 1698 mentarios
2466 1651 2718 1699 numerat
2741 1642 3005 1698 Eusebius
3033 1642 3155 1697 libr.
3199 1656 3253 1695 vi
3307 1639 3540 1706 "istan,
3590 1654 3712 1710 cap.

2141 1735 2232 1790 56.
2268 1734 2614 1804 Quapropter
2655 1735 2913 1791 mendosa
2949 1731 3075 1791 esse
3108 1735 3279 1804 liquet
3322 1735 3436 1789 haec
3477 1733 3639 1788 verba
3682 1747 3720 1788 e

2141 1825 2371 1897 Prologo
2404 1826 2740 1898 Hieronymi,
2784 1828 2875 1898 qui
2913 1827 3167 1898 praeﬁxus
3193 1835 3277 1882 est
3310 1825 3516 1880 Latina:
3549 1823 3715 1878 inter-

2143 1919 2425 1989 pretationi
2455 1919 2799 1974 homiliarum
2841 1919 3088 1990 Origenis
3116 1920 3171 1973 in
3211 1917 3410 1972 Lucam
3440 1935 3454 1972 :
3495 1934 3516 1968 ‹
3539 1915 3718 1984 Siqui-

2141 2012 2261 2066 dem
2294 2012 2420 2066 illud
2451 2011 2594 2081 quod
2624 2011 2753 2067 olim
2794 2011 2980 2067 Romae
3015 2020 3202 2066 sancta
3244 2008 3470 2064 Blasilla
3509 2005 3718 2075 ﬂagita-

2139 2111 2310 2169 verat,
2351 2112 2410 2158 ut
2463 2103 2533 2159 36
2572 2114 2747 2160 tomos
2793 2103 2933 2160 illius
2970 2104 3026 2157 in
3076 2102 3405 2167 Matthmum,
3457 2110 3512 2156 et
3558 2099 3722 2169 quin-

2137 2211 2242 2266 que
2302 2196 2437 2252 alios
2482 2199 2540 2251 in
2602 2195 2836 2264 Lucam,
2894 2206 2948 2252 et
2992 2197 3064 2252 39
3120 2197 3179 2250 in
3219 2194 3478 2249 Joannem
3522 2201 3723 2248 nostra

2138 2287 2334 2358 lingua:
2390 2288 2684 2344 traderem.
2709 2307 2728 2342 ›
2791 2287 3102 2360 Legendum
3145 2288 3292 2344 enim
3321 2306 3334 2342 :
3365 2304 3384 2340 ι
3420 2286 3492 2342 25
3545 2295 3721 2342 tomos

2140 2380 2286 2436 illius
2309 2382 2364 2436 in
2386 2380 2720 2436 ΜαιιΙιωιιηι.
2755 2400 2775 2434 ι
2801 2381 3126 2451 Corruptam
3151 2379 3436 2436 lectionem
3461 2379 3723 2434 Erasmus

2140 2473 2193 2528 in
2238 2471 2460 2528 Censur.
2525 2473 2616 2527 lib.
2654 2473 2831 2544 0rig.;
2875 2473 3066 2529 Sixtus
3101 2472 3358 2528 Senensis
3403 2469 3546 2525 Bibl.
3592 2471 3717 2526 libr.

2139 2581 2218 2629 ιν,
2252 2574 2308 2619 et
2335 2563 2510 2619 Josias
2538 2564 2800 2619 Simlerus
2832 2579 2898 2619 ac
2940 2564 3225 2620 Conradus
3249 2562 3458 2620 Frisius
3489 2564 3542 2617 in
3573 2560 3720 2632 Epit.

2140 2657 2264 2712 bibl.
2301 2655 2517 2712 Gesner.
2567 2659 2736 2713 secuti
2780 2665 2924 2713 sunt.
2964 2655 3219 2712 Mendosa
3253 2670 3468 2726 quoque
3522 2654 3613 2710 illa
3664 2654 3718 2708 in

2141 2747 2320 2802 Ruﬁni
2351 2746 2618 2802 I'nvectiva
2661 2747 2696 2800 2
2737 2749 2790 2802 in
2832 2746 3144 2819 Hieronym.
3199 2746 3254 2802 in
3300 2746 3494 2816 quibus
3533 2744 3720 2814 viginti

2140 2855 2234 2896 sex
2259 2840 2518 2910 Origenis
2568 2841 2625 2895 in
2677 2839 2989 2895 Hattltwum
3054 2841 3221 2896 libros
3273 2840 3340 2895 ab
3394 2837 3731 2908 Hieronymo

2139 2940 2592 2991 commemoratos
2627 2931 2793 2987 inisse
2820 2933 3019 3000 refert;
3061 2945 3221 3001 quem
3271 2931 3435 2985 etiam
3465 2941 3709 2984 errorem

2141 3035 2359 3081 secutus
2389 3034 2472 3080 est
2496 3023 2813 3080 Vincentius
2847 3022 3247 3080 Bellovacensis
3273 3019 3485 3090 Specul.
3525 3016 3727 3071 docui-

2142 3118 2252 3170 παι.
2306 3117 2432 3172 libr.
2463 3131 2620 3181 xvut,
2671 3129 2791 3184 cap.
2849 3113 2939 3169 £3.
2995 3113 3201 3169 Bonam
3253 3112 3466 3168 illorum
3514 3121 3724 3180 partem

461 3196 744 3267 scripsisse
774 3197 967 3261 fertur,
993 3209 1153 3267 atque
1193 3200 1318 3254 item
1365 3199 1417 3253 in
1453 3200 1797 3268 Zachariam,
1834 3219 2038 3258 necnon
2067 3225 2111 3284 α
2142 3208 2330 3265 Gmce
2386 3208 2912 3280 repraesentavimtls,
2965 3206 3246 3262 meliorem
3309 3215 3521 3275 tempus
3580 3217 3714 3259 cono

462 3294 516 3340 et
543 3287 596 3338 in
626 3285 945 3342 Malachiam
980 3305 994 3341 :
1027 3298 1196 3357 atque
1223 3289 1324 3343 hos
1351 3289 1780 3346 Commentarios
1804 3307 1835 3347 e
1859 3293 2045 3361 viginti

462 3375 702 3446 quinque
733 3376 1046 3450 ἐξηγήσεων
1083 3378 1292 3434 illarum
1321 3396 1547 3436 numero
1588 3381 1757 3437 fuisse
1790 3385 2042 3441 arbitror.

464 3468 521 3520 In
552 3465 745 3522 Oseam
771 3470 898 3539 quid
938 3480 1338 3527 commentatus
1390 3474 1460 3527 sit
1511 3473 1596 3527 his
1651 3475 1828 3530 verbis
1885 3479 2048 3532 tradit

463 3557 824 3631 Hieronymus
856 3561 1090 3616 Promm.
1125 3563 1427 3619 Comment.
1460 3564 1515 3617 in
1554 3563 1744 3620 Oscam
1774 3582 1792 3620 :
1823 3585 1840 3619 ι
1864 3566 2049 3639 Orige—

472 3665 570 3706 nes
602 3665 825 3720 parvum
857 3653 924 3708 de
957 3653 1060 3707 hoc
1111 3655 1371 3724 propheta
1419 3656 1643 3723 scripsit
1675 3657 1933 3724 libellum,
1962 3661 2046 3715 cui

464 3743 610 3799 hunc
644 3743 852 3798 titulum
885 3745 1166 3814 imposuit:
1195 3766 1213 3798 ι
1232 3744 1368 3818 Περὶ
1395 3745 1489 3798 τοῦ
1518 3746 1636 3810 πῶς
1666 3748 1955 3820 ὠνομάσθη
1991 3753 2047 3804 ἐν

463 3851 548 3905 τῳ
600 3835 758 3906 Ὠσηὲ
813 3837 1052 3908 Ἐφραῖμ
1098 3855 1112 3868 ·
1182 3839 1287 3894 hoc
1337 3847 1473 3894 est:
1529 3840 1706 3906 Quare
1755 3843 2048 3911 appellatur

465 3927 523 3981 in
580 3926 714 3982 Osca
772 3926 1030 3994 Epitraim
1067 3945 1088 3984 :
1123 3930 1312 3984 volens
1364 3931 1651 3986 ostendere
1713 3947 2048 4003 quaecunque

466 4029 657 4075 contra
712 4035 835 4074 eum
882 4021 1161 4087 dicuntur,
1214 4025 1280 4078 ad
1333 4024 1706 4080 haereticorum
1767 4024 2046 4080 referenda

467 4128 774 4182 personam.
842 4114 909 4168 Et
953 4114 1096 4170 aliud
1148 4115 1396 4172 volumen
1449 4117 1720 4187 ἀκέφαλον
1773 4118 1866 4170 καὶ
1920 4117 2047 4170 ἁτέ-

466 4205 676 4273 λεστον,
716 4207 858 4275 quod
889 4217 943 4260 et
980 4209 1157 4276 capite
1189 4218 1374 4263 careat
1410 4218 1465 4264 et
1507 4208 1633 4262 ﬁne.
1662 4227 1681 4261 ι
1714 4207 1874 4262 Addit
1906 4223 2047 4277 prm-

469 4307 615 4352 terea
650 4317 663 4353 :
700 4316 719 4350 t
763 4298 862 4364 Qui
913 4299 1244 4371 (Didymus)
1283 4311 1394 4356 tres
1458 4301 1624 4354 libros
1663 4315 1769 4353 .me
1833 4309 2047 4367 petente

468 4390 713 4452 dictavit,
747 4393 986 4461 quinque
1011 4408 1226 4464 quoque
1264 4392 1399 4448 alios
1445 4395 1496 4447 in
1529 4393 1874 4447 Zachariam.
1913 4392 2046 4446 Nam

467 4491 522 4536 et
548 4483 602 4537 in
632 4485 802 4553 ipsum
843 4487 947 4540 duo
974 4496 1181 4540 tantum
1216 4486 1478 4555 Origenes
1508 4486 1722 4554 scripsit
1751 4486 2043 4548 volumina,

2147 3302 2398 3371 sumpsit.
2440 3299 2638 3357 Misere
2661 3316 2792 3356 vero
2826 3299 3128 3356 deformata
3161 3307 3308 3365 sunt,
3351 3313 3471 3368 quae
3518 3295 3723 3351 Latinis

2147 3393 2472 3450 editionibus
2527 3394 2895 3449 continentur.
2957 3393 3105 3448 later
3173 3390 3427 3448 homilias
3488 3402 3606 3458 quae
3667 3387 3733 3440 in

2148 3487 2383 3541 diversos
2416 3486 2640 3542 inscribi
2667 3488 2865 3554 solent,
2897 3495 3102 3557 septem
3124 3487 3270 3543 circa
3301 3483 3538 3540 Matthzei
3565 3483 3726 3536 inter-

2146 3579 2508 3649 pretationem
2546 3590 2855 3647 versantur,
2903 3580 2998 3636 sed
3045 3579 3301 3649 quoniam
3362 3576 3553 3632 incerti
3599 3581 3727 3631 sunt

2148 3671 2396 3727 auctoris
2434 3681 2489 3727 et
2513 3671 2660 3736 ﬁdei,
2692 3686 2790 3726 suo
2825 3671 2942 3728 loco
2974 3671 3336 3727 excutientur.

2219 3762 2470 3833 Quinque
2510 3771 2687 3818 tomus
2726 3761 2980 3833 Origenis
3026 3767 3082 3817 in
3131 3761 3326 3816 Lucam
3369 3757 3730 3828 Hieronymus

2148 3864 2537 3910 commemorat
2569 3855 2636 3909 ".
2669 3853 2872 3910 Novem
2925 3869 3053 3909 vero
3115 3862 3170 3909 et
3229 3853 3442 3923 triginta
3483 3848 3724 3919 ejusdem

2149 3946 2401 4002 homilias
2457 3946 2511 4002 in
2563 3947 2710 4001 hunc
2763 3946 3164 4016 evangelistam
3220 3943 3416 3999 Latina
3470 3941 3733 3996 oratione

2147 4038 2437 4107 expressit,
2487 4037 2686 4106 quibus
2740 4037 2985 4108 pepercit
3039 4049 3308 4090 annorum
3360 4030 3725 4095 inclementia,

2147 4129 2308 4184 tomis
2346 4129 2700 4200 consumptis.
2758 4129 2949 4185 Plures
2995 4143 3124 4184 vero
3165 4127 3232 4182 ab
3276 4123 3508 4195 Origene
3562 4122 3730 4178 fuisse

2147 4220 2483 4288 conscriptas
2531 4237 2628 4276 cur
2679 4222 2944 4290 suSpicer,
2998 4219 3206 4274 faciunt
3254 4225 3544 4288 postrema:
3593 4229 3732 4275 sex,

2148 4328 2268 4379 quae
2295 4328 2418 4367 cum
2447 4313 2824 4369 continuatum
2851 4315 2902 4367 in
2936 4311 3308 4383 superioribus
3336 4310 3582 4365 ordinem
3616 4322 3733 4363 non

2150 4412 2391 4467 teneant,
2426 4421 2456 4460 e
2493 4404 2685 4475 majori
2717 4419 2945 4460 numero
2973 4405 3225 4459 videntur
3248 4405 3524 4458 detracta.
3573 4399 3727 4454 Facit

2147 4506 2201 4549 et
2231 4496 2346 4566 ipse
2391 4495 2655 4568 Origenes
2709 4508 2852 4554 tomo
2902 4513 2997 4552 ιιιι
3046 4497 3101 4550 in
3142 4494 3370 4564 Matth.,
3423 4510 3572 4549 num.
3631 4491 3727 4555 29,

470 4573 563 4627 vix
588 4575 804 4628 tertiam
833 4583 1044 4644 partem
1073 4590 1102 4628 a
1132 4575 1398 4644 principio
1431 4575 1552 4630 libri
1592 4589 1762 4642 usque
1783 4575 1850 4626 ad
1881 4575 2043 4630 visio-

2145 4563 2270 4656 pag;
2310 4585 2433 4652 610,
2484 4563 2539 4642 et
2578 4597 2722 4642 tomo
2765 4603 2917 4642 χχχιι
2971 4588 3029 4641 in
3075 4586 3262 4655 Joan.,
3316 4599 3465 4639 num.
3521 4582 3581 4648 2,
3634 4582 3730 4638 ubi

467 4681 592 4722 nem
622 4667 1006 4737 quadrigarum
1049 4669 1379 4723 edisserens.
1408 4685 1428 4718 ι
1462 4667 1606 4722 Idem
1636 4667 1689 4720 in
1718 4666 1947 4736 Prolugo
1975 4667 2041 4720 ad

466 4760 699 4829 primum
722 4757 1248 4815 Commentariorum
1285 4762 1340 4814 in
1371 4758 1688 4813 Zachariam
1713 4775 1732 4813 :
1774 4778 1794 4810 ι
1817 4759 2049 4830 Scripsit

467 4851 522 4905 in
559 4852 700 4906 hunc
727 4850 1042 4922 prophetam
1066 4851 1326 4921 Origenes
1353 4852 1458 4908 duo
1478 4834 1748 4907 volumina
1775 4867 1946 4922 usque
1979 4853 2046 4907 ad

2150 4677 2391 4746 quaedam
2419 4693 2448 4732 a
2473 4694 2530 4734 se
2567 4679 2618 4734 in
2647 4679 2882 4735 homiliis
2915 4679 2968 4734 in
3016 4677 3217 4734 Lucam
3267 4678 3469 4748 scripta
3516 4684 3727 4739 narrat,

2151 4782 2383 4834 quorum
2433 4768 2577 4822 nulla
2631 4767 2685 4823 in
2745 4768 3130 4838 superstitibus
3172 4767 3412 4824 homiliis
3465 4775 3730 4838 apparent

2152 4858 2398 4929 vestigia.
2429 4858 2542 4931 (67)
2591 4857 2898 4915 Comment.
2960 4860 3018 4914 in
3067 4858 3227 4915 Joan.
3279 4868 3456 4916 tomos
3505 4859 3730 4931 triginta

539 5013 592 5087 ξ’(
620 5014 842 5087 Hieron.
874 5014 1111 5087 Proem.
1137 5013 1452 5087 Comment.
1484 5014 1538 5069 in
1567 5012 1798 5070 Malacb.
1873 5011 2158 5072 “Hieron.
2187 5013 2422 5072 Promm.
2452 5015 2758 5072 Comment.
2801 5015 2856 5070 in
2911 5013 3101 5071 Matth.
3179 5015 3225 5048 δ’
3255 5015 3473 5073 Hieron.
3505 5013 3726 5087 Prolog.

469 5083 522 5139 in
549 5083 746 5140 Homil.
800 5084 1018 5156 Origen.
1053 5086 1108 5140 in
1135 5084 1268 5140 Luc.

535 5200 652 5268 (67)
682 5200 1192 5256 Commentariorum
1231 5203 1288 5255 in
1333 5200 1593 5257 Joannem
1629 5211 1795 5256 tomos
1827 5202 2048 5271 triginta

471 5271 604 5326 duos
628 5273 976 5326 Adamantius
1002 5274 1190 5326 edidit.
1216 5272 1444 5326 Huetius
1469 5273 1725 5326 Ruﬁnum
1750 5273 1837 5326 hic
1864 5273 2047 5340 sequi-

473 5351 560 5394 tur
599 5343 899 5411 posthabita
945 5343 1172 5413 lectione
1231 5343 1541 5413 Hieronymi
1575 5343 1664 5410 qui
1725 5343 1941 5413 triginta
1967 5353 2047 5413 _et

474 5410 663 5466 novem
715 5421 888 5466 tomos
943 5415 997 5464 in
1049 5411 1309 5466 Joannem
1361 5410 1684 5466 enumerat:
1720 5410 1818 5466 sed
1867 5410 2047 5465 Ruﬁni

474 5480 692 5534 lectioni
725 5482 855 5535 ﬁdes
874 5482 1093 5535 minime
1119 5483 1332 5536 videtur
1368 5498 1490 5536 esse
1530 5482 1838 5535 adhibenda
1873 5499 1889 5534 :
1925 5497 2046 5534 nam

472 5565 596 5604 cum
639 5561 813 5606 tomus
852 5567 1024 5616 χχιιι,
1072 5555 1160 5620 qui
1214 5553 1481 5619 hodieque
1539 5551 1726 5606 Grzece
1778 5561 2045 5620 superest,

474 5620 682 5673 desinat
709 5621 775 5673 ad
795 5630 954 5689 caput
984 5622 1207 5675 Joannis
1236 5638 1356 5689 xm,
1379 5638 1518 5678 vers.
1545 5621 1635 5684 33,
1659 5622 1740 5675 vel
1779 5623 2045 5688 integrum

476 5705 612 5758 Opus
636 5691 943 5758 neutiquam
976 5691 1508 5761 absolvitOrigenes,
1554 5691 1639 5744 vel
1683 5692 1727 5745 si
1773 5691 1837 5743 ad
1885 5695 2042 5744 linem

477 5774 652 5828 usque
705 5761 1001 5830 perduxit,
1046 5776 1153 5813 non
1220 5762 1501 5828 pauciores
1540 5776 1701 5830 quam
1757 5761 1826 5814 59
1875 5769 2048 5830 tomos

481 5830 794 5885 elaborasse
847 5829 1138 5886 verisimile
1179 5840 1279 5888 est.
1311 5829 1515 5888 Deinde
1542 5829 1725 5901 plures
1766 5844 1937 5899 quam
1980 5829 2048 5883 5-1

2156 5211 2332 5258 tomos
2365 5200 2645 5257 coniectos
2681 5200 2875 5273 fuisse?
2897 5201 3022 5273 inde
3051 5201 3285 5266 eruitur,
3331 5201 3474 5273 quod
3529 5199 3728 5268 Orige-

2153 5289 2250 5327 nes
2295 5273 2407 5342 ipse
2430 5281 2689 5342 tractatu
2737 5272 2828 5334 ὃὸ,
2860 5272 2913 5326 in
2947 5271 3136 5342 Matth.
3175 5271 3490 5338 num.,'l35,
3520 5288 3572 5340 p.
3599 5273 3729 5336 922,

2160 5346 2211 5396 in
2261 5341 2375 5397 haec
2427 5341 2657 5395 Matthxi
2715 5343 2876 5397 verba
2933 5359 2948 5396 :
3006 5341 3242 5408 ldipsum
3306 5352 3481 5395 autem
3529 5353 3578 5394 et
3642 5346 3729 5396 la-

2152 5422 2350 5476 trones,
2401 5413 2492 5482 qui
2534 5410 2774 5482 cruciﬁxi
2811 5421 2966 5466 erant
3020 5428 3140 5464 cum
3179 5428 3279 5482 eo,_
3303 5412 3726 5480 improperabant

2151 5483 2243 5536 ei':
2267 5483 2340 5536 ait
2367 5480 2425 5536 se
2449 5482 2499 5534 in
2533 5481 2950 5536 Commentariis
2979 5482 3091 5536 suis
3135 5482 3192 5535 in
3244 5480 3503 5534 Joannem
3563 5496 3729 5549 expo-

2153 5555 2329 5606 suisse
2364 5553 2431 5606 de
2462 5553 2670 5606 duobus
2699 5551 3000 5606 latronibus
3029 5551 3118 5619 qui
3159 5551 3402 5606 cruciﬁxi
3447 5560 3573 5604 sunt
3601 5567 3724 5606 cum

2152 5621 2396 5687 Christo,
2427 5630 2479 5676 et
2516 5622 2593 5692 ibi
2624 5623 2858 5692 agitasse
2893 5637 2960 5692 an
2995 5621 3083 5692 alii
3118 5621 3229 5692 sint
3261 5622 3367 5692 duo
3404 5621 3456 5674 hi
3486 5623 3726 5692 latrones

2154 5707 2380 5758 quorum
2413 5707 2552 5744 unus
2585 5687 3463 5760 bla‘sphemabatChristumjuxta
3497 5687 3720 5760 Lucam,

2153 5772 2207 5815 et
2237 5761 2325 5815 alii
2360 5760 2561 5816 fuerint
2589 5759 2805 5814 duo’illi
2851 5760 3090 5814 latrones
3135 5761 3224 5830 qui
3261 5761 3420 5814 ambo
3463 5759 3720 5830 blaspbef

2158 5839 2465 5900 maverunt,
2488 5832 2641 5905 juxta
2671 5830 2978 5888 Matlhazum
3021 5839 3077 5885 et
3118 5828 3354 5885 Marcum
3389 5848 3453 5884 τι.
3474 5830 3540 5886 Et
3579 5828 3725 5901 apud
