4152 6482
422 444 560 503 1205

1194 448 1770 505 ORIGENIANORUM
1809 449 1939 505 LIB.
1982 448 2069 517 Ill,
2106 449 2257 505 CAP.
2300 448 2362 515 ll,
2408 449 2603 506 SECT.
2646 449 2709 503 ll.

3510 445 3665 500 ηηθ-

418 568 557 620 duos
589 564 937 620 Adamantius
981 565 1168 620 edidit.
1213 564 1292 620 Ita
1332 566 1561 622 Ruﬁnus
1599 566 1797 623 Invect.
1829 584 1868 623 ιι
1926 569 1980 622 in
2010 572 2055 630 Α
2085 568 2328 622 omnium
2375 576 2431 622 et
2478 563 2848 621 admirabilior
2896 563 3160 621 destinata
3192 561 3535 633 cognoscitur
3580 562 3648 615 ad

423 658 622 711 Hieron
649 675 662 710 :
693 675 712 708 ι
737 657 951 711 Interim
980 656 1227 726 Origenis
1252 659 1441 723 libros,
1467 668 1526 712 ut
1549 675 1709 729 supra
1728 661 1978 724 diximus,

421 750 475 803 in
500 763 709 803 omnem
730 749 1133 802 admirationem
1166 748 1391 813 extollit,
1417 760 1471 802 et
1488 750 1796 819 dicit,quod
1825 752 1869 806 si
1886 767 1981 807 eos

410 842 802 909 interpretetur
845 837 1084 893 Romana
1134 838 1332 907 lingua,
1386 850 1672 910 cognoscet
1720 850 1981 908 quantum

419 931 544 986 boni
577 943 633 983 et
657 938 783 983 ante
810 928 1083 993 nescierit,
1116 939 1171 984 et
1194 931 1330 984 scire
1364 947 1504 986 nunc
1532 932 1776 1000 coeperit,
1818 932 1871 985 id
1899 939 1983 986 est

417 1024 473 1076 in
502 1018 849 1086 latthwum,
906 1020 1124 1089 inquit,
1180 1021 1366 1090 viginti
1424 1036 1520 1076 sex
1576 1023 1743 1078 libros
1798 1022 1979 1093 (lege,

419 1113 604 1182 viginti
638 1111 915 1181 quinque),
951 1121 1006 1166 et
1034 1112 1090 1165 in
1119 1109 1318 1165 Lucam
1354 1112 1612 1183 quinque,
1645 1122 1701 1167 et
1732 1116 1785 1166 in
1810 1112 1982 1167 Joan-

416 1221 531 1258 nem
565 1204 777 1274 triginta
806 1205 960 1258 duos.
994 1222 1013 1255 ι
1042 1202 1169 1258 lude
1197 1213 1279 1258 est
1306 1203 1447 1274 quod
1492 1204 1546 1258 in
1590 1205 1775 1260 codice
1817 1204 1980 1260 Com-

416 1298 646 1347 me‘ntar.
688 1294 743 1346 in
795 1290 1053 1347 Joannem
1076 1307 1183 1361 quo
1215 1307 1345 1347 usus
1380 1302 1464 1348 est
1499 1294 1813 1349 Ambrosius
1851 1294 1981 1349 Fer-

414 1385 591 1440 rarius
611 1400 799 1440 novem
845 1385 1155 1454 interruptae
1213 1385 1371 1441 seriei
1422 1388 1552 1441 tomi
1590 1386 1643 1441 in
1687 1386 1759 1441 32
1810 1396 1980 1443 tomos

413 1479 631 1531 fuerant
658 1476 953 1532 distributi.
985 1475 1314 1532 Emendetur
1352 1492 1481 1547 ergo
1520 1477 1672 1533 locus
1711 1478 1800 1534 ille
1847 1477 1979 1534 Pro-

415 1568 522 1638 logi
555 1567 869 1638 Hieronymi
907 1568 973 1622 ad
1010 1566 1263 1621 homilias
1285 1566 1531 1638 Origenis
1556 1569 1611 1623 in
1639 1566 1833 1622 Lucam
1865 1585 1894 1623 a
1921 1584 1979 1624 se

376 1662 704 1715 'conversas
756 1676 771 1712 :
822 1676 842 1710 σ
889 1659 1167 1729 Siquidem
1224 1656 1355 1713 illud
1410 1659 1553 1729 quod
1603 1658 1731 1714 olim
1794 1658 1979 1715 Romae

409 1757 599 1803 sancta
653 1746 879 1803 Blesilla
932 1746 1281 1817 ﬂagitaverat,
1353 1755 1411 1801 ut
1450 1746 1520 1802 56
1566 1757 1739 1802 tomos
1793 1748 1976 1819 (lege,

409 1839 481 1895 25
512 1840 721 1911 tomos)
758 1838 902 1895 illius
922 1840 978 1893 in
1010 1837 1316 1893 Matthazum
1338 1877 1354 1904 ,
1400 1848 1456 1893 et
1492 1839 1730 1909 quinque
1759 1838 1895 1893 alios
1922 1840 1977 1893 in

2082 660 2394 726 Romanos,
2443 674 2607 730 quam
2663 658 2925 727 Origenes
2987 656 3178 726 viginti
3246 655 3396 709 libris
3456 653 3648 709 Graeco

2082 767 2333 809 sermone
2367 751 2705 807 declaravit:
2753 765 2888 819 quos
2934 757 3115 803 tamen
3170 746 3508 817 supradictus
3536 744 3649 798 Ru-

2080 842 2222 898 ﬁnus
2249 843 2301 897 in
2330 843 2513 897 decem
2540 841 2706 895 libros
2736 840 3004 909 redigens,
3026 838 3203 891 adhuc
3229 836 3445 904 copiose
3471 844 3649 888 trans-

2082 932 2204 987 tulit
2246 932 2300 987 in
2347 932 2616 987 Latinum.
2646 951 2665 984 ι
2695 930 3060 986 Conﬁrmatur
3092 928 3219 984 illud
3248 944 3314 983 ex
3347 928 3431 983 his
3462 925 3645 981 Ruﬁni

2079 1023 2258 1078 verbis
2292 1024 2345 1076 in
2390 1022 2712 1077 Pratfatione
2748 1038 2871 1075 mox
2921 1020 3136 1075 laudata
3168 1037 3183 1075 :
3222 1037 3242 1070 ι
3266 1019 3430 1073 Addis
3463 1028 3644 1072 autem

2081 1128 2149 1169 ne
2174 1114 2302 1183 quid
2340 1112 2617 1168 laboribus
2646 1112 2780 1166 meis
2818 1111 2976 1175 desit,
3002 1120 3061 1164 ut
3088 1124 3249 1164 omne
3284 1110 3387 1163 hoc
3416 1108 3647 1177 quinde—

2080 1205 2185 1259 cim
2232 1204 2571 1259 voluminum
2621 1217 2852 1272 corpus,
2892 1202 3034 1270 quod
3084 1200 3303 1256 Grzecus
3343 1213 3523 1254 sermo
3574 1197 3644 1252 ad

2079 1296 2436 1365 quadraginta
2483 1293 2618 1359 fere,
2670 1305 2765 1348 aut
2802 1307 2868 1348 eo
2901 1291 3133 1362 amplius
3179 1290 3349 1346 millia
3388 1303 3641 1343 versuum

2077 1388 2351 1458 produxit,
2395 1386 2705 1442 abbreviem
2764 1395 2818 1441 et
2864 1385 2930 1438 ad
2961 1384 3160 1446 media,
3195 1384 3239 1437 si
3282 1382 3399 1436 ﬁeri
3445 1388 3641 1451 potest,

2078 1479 2248 1547 spatia
2280 1487 2567 1534 coarctem.
2594 1497 2613 1530 ι
2650 1476 2818 1547 Igitur
2844 1476 3022 1531 Ruﬁni
3062 1474 3442 1546 interpretatio
3468 1473 3642 1529 media

2078 1568 2299 1623 circiter
2337 1584 2463 1639 pars
2490 1578 2573 1624 est
2600 1567 2911 1639 Origeniani
2952 1568 3168 1637 operis;
3211 1567 3361 1635 atqui
3399 1567 3513 1621 haec
3553 1566 3642 1619 in-

2080 1660 2400 1729 terpretatio
2431 1661 2616 1715 decem
2649 1659 3025 1729 complectitur
3062 1657 3267 1723 libros;
3297 1656 3483 1726 viginti
3512 1669 3644 1725 ergo

2078 1763 2213 1820 opus
2247 1749 2630 1820 Origenianum
2663 1750 3144 1820 complectebatur.
3170 1748 3335 1819 Igitur
3361 1763 3462 1817 pro
3482 1748 3642 1817 quin-

2081 1838 2247 1891 decim
2279 1838 2562 1907 legendum
2593 1841 2733 1909 apud
2756 1838 3007 1894 Ruﬁnum
3032 1840 3234 1909 viginti.
3264 1838 3429 1893 Addit
3452 1839 3643 1893 deinde

410 1928 629 1993 Lucam,
659 1938 712 1985 et
735 1929 803 1985 39
841 1930 899 1984 in
934 1927 1192 1983 Joannem
1238 1934 1436 1983 nostra;
1478 1927 1672 1999 linguae
1714 1928 1976 1983 traderem
2010 1931 2053 1987 B
2079 1930 2307 1986 Ruﬁnus
2361 1931 2680 2000 interpolata
2727 1932 2895 1987 fuisse
2936 1933 3327 1987 commentaria
3370 1930 3641 2001 Origenis,

409 2021 570 2091 (lege
606 2021 676 2075 52
703 2022 759 2074 in
779 2019 1134 2091 Joannem),i
1174 2027 1364 2075 nonut
1405 2019 1597 2091 legisse
1631 2021 1842 2075 videtur
1890 2021 1974 2075 vir

411 2112 675 2178 eruditus,
726 2111 944 2181 triginta
1003 2122 1254 2182 quatuor.
1311 2110 1513 2167 Scribit
1556 2109 1816 2166 Eusebius
1848 2110 1969 2166 libr.

409 2216 461 2254 vt
493 2199 718 2266 Ηίθεοι-η
752 2216 874 2271 cap.
908 2201 1003 2266 24,
1030 2216 1097 2257 ex
1135 2202 1386 2257 universa
1424 2203 1527 2258 hac
1555 2203 1975 2258 commentario-

407 2307 530 2347 rum
561 2292 702 2347 mole
730 2292 862 2347 duos
886 2301 942 2347 et
976 2293 1163 2362 viginti
1211 2294 1473 2347 duntaxat
1507 2293 1675 2349 libros
1715 2308 1815 2348 suo
1857 2309 1972 2350 aevo

405 2384 705 2439 exstitisse.
736 2383 829 2439 His
861 2399 991 2441 vero
1018 2386 1351 2453 temporibus
1395 2387 1486 2440 vix
1531 2395 1820 2455 supersunt
1875 2401 1970 2442 no-

405 2489 552 2529 vem.
583 2473 710 2529 Duae
740 2483 1006 2545 praeterea
1046 2477 1102 2528 in
1124 2473 1388 2530 Joannem
1425 2476 1767 2546 reperiuntur
1800 2475 1973 2533 homi-

406 2567 494 2623 lire
538 2567 678 2622 inter
722 2582 815 2623 eas
874 2583 991 2638 quae
1037 2569 1093 2623 in
1145 2570 1373 2626 diversos
1424 2568 1827 2638 inscribuntur;
1875 2572 1969 2626 sed

404 2660 659 2731 quoniam
688 2661 756 2717 de
788 2662 1025 2731 ipsarum
1053 2673 1276 2719 auctore
1301 2678 1409 2719 non
1435 2673 1681 2729 constat,
1728 2664 1795 2719 de
1839 2665 1970 2734 ipsis

404 2753 544 2809 alias
563 2755 912 2823 quaestionem
952 2754 1285 2811 habebimus.
1321 2755 1397 2811 De
1436 2754 1875 2825 Expositionibus
1913 2757 1969 2810 in

404 2840 537 2895 Acta
568 2841 924 2911 apostolorum
963 2858 1130 2897 unum
1166 2844 1295 2897 illud
1330 2844 1474 2914 quod
1516 2845 1749 2899 scribam
1774 2844 1965 2913 habeo,

404 2931 611 3002 aliquot
638 2932 887 2989 homilias
918 2933 971 2989 in
1004 2933 1093 2988 illa
1142 2933 1310 2990 fuisse
1352 2936 1418 2990 ab
1453 2932 1684 3006 Origene
1720 2937 1972 2992 lucubra-

405 3032 488 3078 tas
520 3042 533 3077 :
565 3023 677 3097 (68)
703 3027 1137 3098 caputsiquidem
1172 3025 1479 3083 Philocalia:
1510 3030 1793 3099 septimum
1819 3032 1968 3086 clau-

403 3116 486 3173 dit
517 3118 771 3190 exiguum
806 3120 1162 3192 fragmentum
1200 3136 1231 3177 e
1260 3134 1452 3193 quarta
1483 3121 1701 3177 homilia
1738 3123 1791 3177 in
1825 3124 1967 3179 hunc

402 3210 621 3267 librum.

474 3300 606 3358 Vill.
633 3302 713 3357 Ad
742 3303 1052 3359 enodandas
1074 3302 1225 3359 Pauli
1253 3304 1510 3375 epistolas
1538 3306 1807 3379 ingentem
1839 3321 1964 3377 ope-

402 3407 520 3447 ram
566 3400 623 3449 et
678 3393 917 3449 laborem
943 3394 1205 3463 Origenes
1232 3397 1501 3453 contulit:
1536 3400 1803 3467 praecipue
1838 3414 1969 3455 vero

401 3482 547 3537 circa
591 3480 744 3535 Pauli
775 3482 1069 3551 Epistolam
1116 3486 1181 3539 ad
1211 3487 1485 3543 Romanos
1514 3504 1778 3544 summam
1813 3490 1964 3545 adhi-

401 3574 522 3628 huit
552 3572 921 3642 diligentiam;
976 3591 1104 3630 nam
1155 3592 1275 3646 quae
1318 3580 1370 3632 in
1410 3579 1598 3634 Latina
1646 3581 1881 3637 editione
1937 3597 1968 3636 a

401 3664 596 3719 Ruﬁno
634 3679 896 3721 conversa
943 3677 1194 3734 exstant,
1233 3670 1319 3723 vix
1362 3671 1591 3725 mediam
1622 3670 1971 3728 Commenta-

401 3757 605 3810 riorum
646 3766 933 3826 exaequant
972 3770 1199 3828 partem,
1255 3775 1391 3829 quos
1429 3762 1482 3815 in
1525 3776 1644 3816 eam
1687 3763 1968 3832 epistolam

400 3847 666 3904 ediderat.
702 3847 927 3903 Ruﬁnus
952 3850 1003 3903 in
1042 3849 1355 3919 praefatione
1380 3852 1445 3906 ad
1469 3850 1770 3907 Heraclium
1803 3854 1970 3908 inter-

400 3939 687 4008 pretationi
715 3955 823 3994 suae
844 3941 1061 4011 praeﬁxa
1083 3982 1098 4006 ,
1132 3959 1154 3995 ι
1190 3942 1430 4007 Suades,
1460 3943 1665 4013 inquit,
1695 3956 1751 3999 ut
1780 3956 1966 4000 nostra

400 4045 536 4086 voce
580 4031 883 4099 quindecim
934 4033 1052 4102 ejus
1103 4034 1391 4106 (Origenis)
1434 4036 1724 4101 volumina,
1773 4038 1969 4107 quibus

400 4119 695 4190 Epistolam
722 4120 872 4177 Pauli
901 4124 965 4177 ad
992 4123 1261 4181 Romanos
1295 4127 1551 4183 disseruit
1577 4129 1960 4198 explicemus.»

400 4211 477 4266 Ita
524 4213 771 4284 legerunt
825 4225 880 4271 et
926 4218 1212 4273 ediderunt
1248 4217 1503 4274 Merlinus
1534 4219 1669 4292 (69),
1712 4220 1967 4277 Erasmus

397 4310 454 4359 et
490 4303 867 4361 Genebrardus
914 4326 927 4361 :
980 4307 1103 4362 inde
1147 4306 1331 4363 Sixtus
1381 4308 1639 4367 Senensis
1686 4313 1967 4381 scripsisse

398 4386 686 4459 Origenem
717 4390 851 4445 dixit
880 4391 933 4445 in
962 4391 1255 4461 Epistolam
1286 4393 1353 4447 ad
1384 4392 1657 4452 Romanos
1680 4395 1967 4453 Commen-

400 4481 663 4534 tariorum
703 4480 872 4537 libros
911 4483 1243 4552 quindecim.
1294 4486 1363 4539 At
1399 4500 1494 4542 eos
1527 4488 1713 4558 viginti
1742 4505 1965 4545 numero

398 4570 566 4626 fuisse
611 4572 806 4626 asserit
834 4572 1191 4631 Cassiodorus
1222 4575 1345 4631 libr.
1383 4575 1462 4632 De
1516 4579 1745 4634 institul.
1794 4582 1959 4638 divin.

400 4657 764 4730 Scripturar.,
822 4661 898 4717 ita
958 4662 1181 4733 loquens
1227 4677 1244 4717 :

396 4866 681 4933 Joannem,
718 4867 929 4938 inquit,
972 4869 1112 4924 sicut
1146 4870 1458 4938 potuimus,
1507 4872 1856 4938 exposuimus
1900 4871 1968 4924 de

398 4939 607 4993 duobus
630 4938 955 5002 latronibus,
986 4940 1077 5007 qui
1113 4939 1331 4993 luerunt
1370 4940 1615 4994 cruciﬁxi
1658 4956 1780 4994 cum
1811 4940 1963 4995 Chri-

396 5019 503 5074 sto,
536 5007 626 5075 qui
669 5009 966 5062 secundum
998 5010 1305 5063 Matthaeum
1363 5010 1575 5079 quidem
1628 5021 1683 5064 et
1726 5009 1964 5064 Marcum

397 5079 903 5147 itnproperaverunt
934 5081 985 5132 ei
1026 5080 1186 5133 ambo
1209 5082 1260 5132 in
1294 5095 1490 5139 cruce.
1525 5080 1822 5134 secundum
1858 5079 1964 5133 Ln-

395 5163 515 5218 cam
548 5147 1018 5218 autetndicentem
1062 5150 1314 5218 quoniam
1348 5166 1488 5204 unus
1510 5150 1577 5204 de
1609 5149 1965 5218 pendentibus

398 5214 695 5272 latronibus
734 5214 1233 5286 blaspltemab'at....
1266 5214 1765 5287 Conveniens—ergo
1795 5228 1879 5271 est
1909 5227 1966 5271 ut

398 5287 451 5340 in
477 5286 666 5355 primis
698 5288 913 5354 quidem
960 5289 1119 5341 ambo
1168 5287 1405 5342 latrones
1451 5286 1815 5357 intelligantur
1856 5289 1962 5340 Do-

397 5356 602 5426 minum
633 5358 1033 5426 blasphemasse
1062 5396 1102 5411 ..
1139 5360 1248 5410 Aut
1296 5373 1364 5411 ne
1409 5358 1569 5417 forte.
1603 5360 1741 5412 sicut
1767 5366 1822 5411 et
1850 5357 1963 5412 illic

398 5425 1101 5497 diximus(commentariis
1127 5426 1336 5482 scilicet
1382 5429 1445 5481 in
1483 5426 1804 5497 Joannem),
1869 5428 1960 5497 alii

395 5505 523 5549 sunt
547 5494 603 5547 hi
629 5495 734 5549 duo
768 5495 1002 5550 latrones
1033 5512 1098 5549 ex
1125 5496 1322 5564 quibus
1367 5512 1506 5550 unus
1553 5494 1964 5564 blasphemabat

395 5580 540 5625 eum,
569 5573 625 5617 et
646 5565 733 5617 alii
755 5564 974 5619 fuerunt
998 5566 1070 5620 illi
1102 5566 1209 5619 duo
1237 5565 1479 5620 latrones
1505 5567 1595 5632 qui
1650 5567 1811 5620 ambo
1845 5566 1961 5619 bla-

395 5635 815 5704 sphemaverunt
843 5651 898 5688 ε)
930 5636 1037 5703 (sic
1057 5636 1200 5690 enim
1223 5634 1503 5701 legendum
1525 5634 1779 5702 estjuxta
1805 5636 1961 5704 mss.)

444 5719 522 5758 :ec
557 5711 737 5757 autem
767 5705 955 5760 nullibi
984 5707 1328 5775 reperiuntur
1354 5706 1407 5758 in
1452 5720 1644 5760 novem
1686 5705 1843 5759 tomis
1867 5707 1958 5773 qui

392 5777 689 5827 etiamnum
718 5784 960 5843 exstant
1016 5773 1071 5828 in
1108 5773 1394 5839 Joannem,
1455 5785 1618 5843 atque
1664 5789 1732 5828 ex
1778 5776 1959 5843 verbis

393 5845 553 5900 modo
573 5842 759 5900 citatis
786 5851 840 5901 et
863 5845 978 5900 loco
1003 5847 1093 5902 ubi
1129 5860 1191 5901 ea
1232 5844 1398 5901 citata
1427 5841 1573 5914 sunt,
1604 5846 1815 5902 videtur
1837 5841 1958 5899 Ori-

2073 2023 2206 2078 etin
2233 2023 2481 2078 omnibus
2506 2024 2618 2078 fere
2656 2024 2997 2080 bibliothecis
3026 2018 3262 2080 defuisse
3288 2026 3557 2093 aliquanta
3577 2040 3644 2077 ea:

2072 2114 2184 2184 ipso
2207 2130 2419 2180 corpore
2441 2114 2725 2169 volumina.
2748 2116 3039 2187 Epistolam
3060 2116 3126 2171 ad
3149 2116 3461 2171 Corinthios
3486 2116 3642 2183 prio-

2072 2221 2187 2263 rem
2237 2206 2507 2263 latissime
2551 2208 2965 2278 interpretatum
2994 2221 3117 2263 esse
3142 2208 3316 2277 ipsum
3354 2208 3428 2261 ait
3454 2207 3644 2263 Hiero:

2070 2312 2264 2369 nymus
2295 2298 2456 2367 epist.
2489 2296 2559 2354 52
2580 2338 2596 2364 ,
2632 2299 2698 2353 ad
2743 2298 3056 2355 Pammach.
3106 2298 3162 2354 Id
3194 2301 3543 2355 conﬁrmatur
3571 2315 3641 2354 ex

2070 2389 2241 2459 ipsius
2278 2388 2526 2460 Origenis
2566 2388 2785 2446 ltomilia
2814 2390 2881 2444 l7
2911 2391 2965 2445 in
2991 2389 3154 2457 Luc.,
3199 2391 3251 2444 in
3292 2406 3399 2460 qua
3428 2404 3489 2444 se
3523 2389 3638 2445 dis-

2071 2479 2312 2536 seruisse
2373 2482 2450 2535 ait
2505 2482 2559 2536 in
2624 2481 2786 2550 hujus
2821 2481 3073 2550 Epistulae
3120 2492 3354 2553 caputt,
3408 2495 3552 2536 vers.
3579 2480 3638 2536 2.

2069 2568 2368 2639 Epistolam
2400 2584 2615 2640 quoque
2640 2569 2707 2625 ad
2733 2567 2951 2626 Galatas
2975 2572 3386 2628 commentariis
3410 2612 3426 2638 ,
3464 2570 3642 2625 homi—

2068 2659 2180 2726 liis,
2223 2671 2277 2715 et
2327 2661 2550 2717 scholiis
2608 2662 2923 2733 explicavit.
2959 2662 3135 2718 Testis
3165 2663 3525 2734 Hieronymus
3582 2664 3637 2717 in

2067 2751 2335 2810 Prommio
2350 2754 2717 2813 Commentar.
2736 2758 2789 2810 in
2809 2756 2981 2825 Epist.
3004 2757 3072 2810 ad
3102 2753 3319 2810 Galatas
3338 2773 3356 2811 :
3378 2774 3399 2808 ι
3413 2754 3642 2826 Scripsit

2068 2845 2159 2901 ille
2200 2849 2283 2901 vir
2355 2847 2660 2919 (Origenes)
2704 2849 2756 2902 in
2800 2848 3087 2918 Epistolam
3127 2848 3279 2903 Pauli
3316 2849 3383 2903 ad
3416 2847 3638 2903 Galatas

2067 2934 2308 3003 quinque
2334 2935 2553 3005 propria
2582 2935 2874 3002 volumina,
2904 2944 2958 2991 et
2992 2936 3261 2991 decimum
3298 2937 3638 2992 Stromatum

2071 3040 2291 3080 suorum
2330 3027 2525 3082 librum
2563 3029 2886 3084 commatico
2920 3044 3084 3100 super
3110 3030 3492 3101 explanatione
3520 3030 3637 3100 ejus

2070 3129 2325 3171 sermone
2372 3116 2705 3186 complevit;
2764 3126 3043 3173 tractatus
3074 3133 3288 3189 quoque
3329 3118 3534 3183 varios,
3582 3129 3639 3173 et

2070 3218 2346 3278 excerpta,
2394 3224 2514 3279 quae
2546 3208 2632 3262 vel
2679 3208 2796 3264 sola
2843 3209 3053 3279 possint
3096 3208 3360 3275 suﬁicere,
3414 3223 3636 3277 compo-

2072 3301 2198 3357 suit.
2224 3319 2243 3354 ι
2290 3299 2417 3356 Hatc
2448 3302 2613 3355 verba
2649 3301 2846 3370 repetit
2877 3301 3106 3356 subinde
3133 3302 3291 3372 epist.
3316 3300 3406 3368 89,
3437 3302 3504 3356 ad
3525 3302 3636 3354 Au-

2070 3390 2376 3462 gustinum;
2404 3399 2513 3444 tum
2539 3389 2814 3460 subiungit
2841 3390 2999 3460 paulo
3028 3399 3187 3459 post:
3224 3408 3243 3442 ι
3272 3389 3423 3446 Hanc
3455 3398 3634 3444 autem

2068 3481 2520 3549 explanationem,
2562 3496 2725 3551 quam
2774 3482 2982 3550 primus
3018 3480 3278 3552 Origenes
3328 3482 3382 3537 in
3425 3482 3637 3537 decimo

2071 3572 2403 3627 Stromateon
2452 3572 2618 3639 libro,
2679 3572 2769 3628 ubi
2812 3572 3111 3642 Epistolam
3141 3572 3289 3628 Pauli
3324 3573 3390 3627 ad
3413 3571 3637 3629 Galatas

2070 3662 2474 3733 interpretatur,
2522 3673 2579 3720 et
2616 3665 2799 3720 caeteri
2845 3664 3102 3735 deinceps
3142 3665 3467 3734 interpretes
3512 3673 3640 3719 sunt

2069 3756 2264 3824 secuti,
2298 3774 2317 3808 ι
2342 3768 2452 3810 etc.
2510 3756 2679 3811 Docet
2720 3771 2817 3811 nos
2860 3757 3022 3811 etiam
3055 3755 3416 3827 Hieronymus
3466 3755 3637 3811 tribus

2069 3847 2437 3903 voluminibus
2464 3847 2762 3918 Epistulam
2802 3849 2870 3901 ad
2915 3848 3176 3918 Ephesios
3219 3848 3466 3904 eumdem
3515 3848 3640 3902 illu—

2067 3946 2292 4003 strasse,
2346 3940 2629 4011 ipsumque
2675 3954 2734 3994 se
2778 3938 2946 3993 fuisse
2984 3948 3264 4005 secutum;
3303 3940 3443 4007 quod
3477 3940 3637 3993 iterat

2068 4028 2192 4083 libr.
2222 4046 2237 4083 I
2269 4030 2491 4100 Apolog.
2515 4035 2721 4085 advers.
2752 4029 2953 4098 Ruﬁn.,
2989 4047 3108 4101 cap.
3135 4031 3169 4085 4
3192 4042 3245 4085 et
3266 4031 3322 4095 5,
3352 4030 3637 4101 Fragmen-

2069 4130 2181 4175 tum
2213 4135 2245 4176 e
2282 4121 2421 4175 libro
2476 4122 2636 4177 tertio
2669 4124 2721 4175 in
2754 4123 3047 4191 Epistolam
3079 4126 3150 4176 ad
3175 4122 3502 4177 Colossemes
3539 4121 3636 4174 ad-

2067 4210 2216 4265 ducit
2245 4210 2556 4279 Pampbilus
2588 4212 2643 4266 in
2686 4213 2963 4282 Apologia.
2997 4212 3051 4266 In
3088 4213 3320 4281 priorem
3366 4218 3434 4266 ad
3475 4211 3637 4267 Thes-

2066 4303 2415 4358 salonicenses
2440 4302 2732 4371 Epistolam
2759 4302 3056 4376 ὲξηγητικὰ
3085 4304 3316 4359 edidisse
3346 4303 3633 4375 Origenem

2068 4395 2322 4450 discimus
2376 4393 2444 4449 ab
2480 4394 2847 4466 Hierdnymo,
2910 4395 3063 4461 cujus
3120 4397 3236 4451 haec
3285 4397 3448 4450 verba
3508 4404 3636 4449 sunt

2067 4487 2226 4555 epist.
2254 4486 2389 4551 152,
2423 4487 2490 4541 ad
2526 4486 2849 4542 Minervium
2876 4496 2932 4542 et
2952 4487 3319 4543 Alexandrum
3349 4506 3362 4541 :
3400 4505 3419 4538 ‹
3442 4485 3634 4555 Orige-

2070 4591 2167 4631 nes
2198 4577 2251 4631 iu
2281 4577 2440 4630 tertio
2473 4576 2744 4632 volumine
2764 4576 3182 4648 ὲξηγηματικῶν
3210 4575 3459 4645 Epistolas
3482 4574 3636 4629 Pauli

1299 4683 1319 4717 ι
1350 4663 1535 4721 Sancti
1591 4666 1741 4722 Pauli
1792 4669 1962 4737 prima
1996 4679 2042 4734 ι)
2072 4668 2140 4723 ad
2171 4666 2679 4725 Thessalonicenses
2724 4670 2932 4740 primae,
2978 4678 3100 4740 post
3133 4668 3299 4724 multa
3330 4684 3450 4739 qua:
3483 4667 3643 4723 vario

2075 4884 2237 4938 genes
2263 4884 2366 4924 non
2400 4884 2496 4938 per
2526 4878 2893 4935 transennam,
2942 4869 3034 4924 sed
3071 4885 3136 4923 ex
3169 4868 3411 4939 professo
3444 4880 3494 4924 et
3533 4885 3632 4924 suo

2069 4940 2186 4995 loco
2228 4948 2491 4994 tractasse
2527 4940 2593 4992 de
2637 4941 2842 4993 duobus
2898 4938 3215 4995 latronibus.
3288 4938 3459 4993 Porro
3509 4955 3633 4994 cum

2073 5010 2390 5078 tricesimus,
2427 5009 2693 5062 secundus
2742 5018 2919 5063 tomus
2970 5010 3181 5064 desinat
3231 5011 3297 5061 ad
3336 5018 3496 5078 caput
3546 5011 3630 5072 l5.

2067 5093 2210 5133 vers.
2241 5080 2310 5133 53
2356 5077 2629 5148 Evangelii
2672 5077 2918 5149 Joannis,
2967 5088 3025 5132 ut
3054 5079 3163 5148 jam
3190 5077 3460 5145 diximus,
3506 5094 3634 5147 aga-
3688 5146 3691 5149 _

2067 5156 2156 5200 tur
2218 5164 2344 5201 vero
2410 5150 2475 5201 de
2518 5147 2837 5200 latronibus
2895 5150 2946 5201 in
2986 5147 3161 5216 capite
3206 5164 3320 5213 xIx,
3371 5163 3514 5205 vers.
3562 5149 3662 5213 18,

2064 5217 2299 5283 ejusdem
2332 5218 2628 5287 Evangelii,
2660 5217 2841 5287 plures
2874 5232 3034 5286 quam
3060 5217 3131 5271 52
3168 5226 3341 5271 tomos
3369 5218 3424 5271 in
3462 5218 3632 5271 Joan-

2064 5302 2179 5340 nem
2197 5284 2505 5341 elaborassé
2524 5284 2731 5339 videtur
2757 5284 3039 5354 Origenes,
3066 5302 3129 5340 ac
3150 5287 3371 5354 proinde
3397 5287 3628 5353 genuina

2063 5356 2273 5409 videtur
2302 5356 2609 5426 Hieronymi
2644 5356 2802 5410 lectio
2833 5371 2951 5423 qua:
2974 5357 3044 5410 ’59
3079 5366 3250 5410 tomos
3283 5356 3343 5408 in
3367 5355 3631 5409 Joannem

2063 5439 2180 5478 com
2189 5434 2468 5479 memorat.

2134 5494 2243 5564 (68)
2278 5496 2407 5564 Yide
2432 5493 2683 5548 editionis
2718 5503 2914 5547 nostra!
2946 5503 3076 5564 tom:
3098 5493 3190 5564 ιγ,
3218 5508 3339 5563 pag.
3360 5493 3484 5548 457.

2133 5562 2243 5634 (69)
2272 5562 2358 5616 Ita
2389 5563 2619 5634 legerunt
2648 5572 2693 5634 et
2718 5564 2991 5634 ediderunt
3016 5562 3301 5626 Met-linus,
3326 5574 3434 5620 etc.
3472 5564 3629 5634 Atta-

2060 5631 2183 5686 men
2225 5631 2591 5702 'manuSCripti
2645 5633 2750 5687 duo
2806 5633 3024 5686 codices
3067 5634 3133 5685 ad
3185 5646 3414 5700 quorum
3465 5631 3626 5702 ﬁdem

2061 5702 2239 5755 Ruﬁni
2270 5701 2586 5756 contextum
2620 5702 3018 5762 revocavimus,
3056 5716 3153 5770 pro
3182 5702 3498 5771 quindecim,
3550 5701 3630 5756 le-

2061 5782 2194 5842 gunt
2222 5772 2358 5828 alius
2384 5772 2558 5826 decem
2586 5810 2600 5837 ,
2633 5771 2772 5828 alius
2801 5771 3094 5826 duodecim.
