4152 6464
475 431 610 485 1ἓο7

475 547 836 618 prudentique
888 560 1139 602 sermone
1197 545 1474 612 disseruit,
1532 547 1648 602 hinc
1693 547 1879 602 intulit
1924 566 1938 602 :

471 637 672 704 quibus
702 637 829 690 nulli
861 635 1080 690 dubium
1109 635 1475 690 estAcacium
1503 637 1762 707 pleraque
1793 637 2041 694 libasse»

470 728 645 796 Atque
676 728 791 781 haec
821 726 1124 797 ὲξηγητικὰ
1153 726 1274 782 libr.
1301 743 1338 782 II
1372 739 1558 781 contra
1581 727 1722 783 Cels.
1754 729 2048 785 laudantur

473 833 623 871 num.
653 817 741 880 65,
784 833 837 886 p.
865 817 990 870 457.
1015 818 1292 884 Decerptis
1319 832 1350 872 e
1376 816 1513 872 libro
1540 817 1792 888 Origenis
1823 818 1878 872 in
1916 817 2048 887 Epi-

471 910 660 964 stolam
706 907 776 962 ad
839 908 1011 962 Titum
1069 909 1281 965 laciniis
1338 909 1686 980 locupletavit
1739 911 2046 981 Apologiam

469 1019 624 1056 suam
662 1003 997 1072 Pamphilus,
1031 1019 1235 1074 easque
1274 1005 1350 1059 ita
1385 1004 1826 1061 commendavit:
1865 1023 1886 1056 ί
1915 1005 2046 1072 Quae

469 1093 690 1159 quidam
724 1107 833 1146 non
871 1095 922 1146 in
953 1093 1170 1162 publico
1198 1093 1342 1148 dicta
1385 1103 1509 1148 sunt
1565 1095 1633 1148 ab
1661 1109 1748 1158 eo,
1789 1095 1839 1148 id
1867 1106 1951 1149 est
1991 1096 2043 1149 in

469 1181 745 1232 communi
773 1179 1030 1235 Ecclesiae
1050 1182 1347 1248 auditorio,
1382 1198 1450 1237 ne
1486 1183 1627 1238 forte
1668 1193 1883 1249 putetur
1921 1201 2045 1254 pro-

467 1278 590 1338 pter
615 1268 901 1324 audientes
934 1270 1286 1327 favorabilem
1321 1281 1537 1345 aptasse
1569 1289 1876 1329 sermonem
1903 1295 1918 1330 :
1947 1276 2043 1329 sed

468 1374 534 1412 ex
568 1359 672 1413 illis
705 1359 822 1415 haec
853 1359 1002 1415 libris
1033 1363 1388 1430 protulimus,
1418 1379 1556 1433 quos
1585 1365 1639 1418 in
1668 1377 1880 1420 secreto
1903 1365 2043 1434 apud

467 1448 819 1518 semetipsum
852 1449 1002 1504 nullo
1036 1450 1264 1506 arbitrio
1317 1452 1690 1508 intercedente
1727 1453 1984 1507 dictabat.
2016 1471 2036 1505 s

468 1538 586 1611 (70)
622 1541 862 1610 Denique
887 1541 938 1595 in
965 1541 1260 1612 Epistulam
1282 1543 1346 1596 ad
1372 1542 1630 1599 Hebrwos
1656 1543 2042 1598 commentaria

466 1640 521 1682 ct
558 1630 806 1684 homilias
833 1630 1034 1686 emisit.
1073 1630 1600 1687 Commentariorum
1639 1631 1954 1701 fragmentis
1987 1633 2042 1686 in

466 1719 723 1790 Apologia
761 1736 888 1775 usus
914 1730 997 1776 est
1023 1720 1357 1792 Pamphilus.
1395 1721 1526 1789 Quae
1550 1723 1594 1778 si
1630 1724 1750 1792 quis
1775 1738 1840 1777 ex
1867 1721 2042 1777 homi-

467 1811 556 1866 Iiis
586 1811 824 1881 profecta
857 1829 978 1868 esse
1005 1815 1166 1874 velit;
1199 1815 1336 1870 sciat
1365 1814 1476 1882 ille,
1516 1814 1657 1869 nulla
1701 1828 1766 1868 ex
1807 1815 2041 1869 homiliis

1739 419 1800 481 P.
1843 426 2159 482 DAMELIS
2194 428 2424 485 HUETII

3574 433 3708 489 1298

1981 550 2047 602 de
2074 553 2121 609 Α
2218 553 2406 613 ticum,
2435 551 2522 606 IV.
2551 563 2600 604 et
2631 551 2932 614 Numeros;
2962 552 3025 609 V.
3051 554 3105 606 in
3129 554 3313 617 Jostte,
3335 553 3573 618 Iudices,
3611 554 3710 608 Re-

2214 637 2322 690 ges,
2379 620 2463 678 Vl.
2497 621 2761 686 Psalmos,
2802 634 2852 677 et
2897 622 3222 688 Proverbia;
3276 623 3382 679 VII.
3430 623 3710 678 Canticum

2214 691 2561 755 canticorum,
2603 690 2714 745 VIII
2757 691 2974 750 Isaiam.
3011 691 3102 746 IX.
3143 691 3449 756 Jeremiam,
3477 691 3542 746 Χ.
3575 693 3708 745 Eze-

2215 761 2449 827 chielem,
2491 761 2580 814 XI.
2619 771 2669 816 et
2699 761 2922 825 Oscam;
2951 761 3065 817 XII.
3110 764 3162 816 in
3200 762 3529 823 Matt/ticum,
3572 761 3705 817 XIII.

2216 830 2431 892 Lucam,
2474 829 2611 884 XIV.
2639 830 2897 885 Joannem
2939 842 2986 884 et
3015 832 3143 885 Acta
3168 832 3518 898 apostolorum
3542 849 3560 895 ;
3589 831 3706 885 XV.

2214 912 2261 953 et
2306 901 2357 952 in
2399 901 2662 967 Epistolas
2701 903 2769 955 ad
2811 902 3095 969 Romanos,
3131 903 3481 967 Colossenses,
3532 900 3709 956 Titum

2214 981 2261 1022 et
2293 969 2560 1022 Hebraeos.

2214 981 2261 1024 et
2293 981 2337 1022 ﬂ
2347 981 2560 1024 εῡνιεοε.

2212 1059 2252 1114 I.
2267 1060 2342 1115 Ex
2366 1062 2628 1115 immenso
2645 1059 3089 1129 Origenianorum
3104 1061 3440 1134 ἐξηγητικῶν
3462 1077 3708 1126 numero,

2142 1167 2212 1208 ne
2255 1152 2437 1207 brevis
2480 1151 2595 1206 haec
2639 1151 2882 1220 quidem,
2923 1167 3082 1222 quam
3114 1155 3504 1222 recensuimus,
3539 1154 3709 1208 series

2143 1243 2210 1297 ab
2237 1241 2432 1312 injuria
2469 1225 2770 1310 temporum
2813 1239 2914 1295 fuit
2946 1241 3240 1307 immunis;
3271 1244 3502 1298 maxima
3537 1243 3707 1313 siqui-

2141 1335 2260 1388 dem
2289 1332 2644 1404 scriptionum
2694 1331 2906 1386 illarum
2956 1347 3082 1402 pars
3129 1334 3422 1398 intercidit,
3471 1334 3604 1390 adeo
3652 1343 3710 1390 ut

2142 1438 2425 1494 perpaucae
2466 1423 2757 1477 admodum
2806 1425 3089 1479 vetustatis
3118 1423 3534 1494 subterfugerint
3569 1425 3708 1480 invi-

2141 1514 2308 1580 diam,
2347 1522 2403 1568 et
2445 1513 2592 1569 velut
2639 1513 2833 1568 lacera:
2885 1529 2916 1570 e
2957 1514 3240 1585 naufragio
3284 1515 3475 1571 tabulae
3506 1515 3572 1570 ad
3610 1531 3711 1571 nos

2141 1606 2472 1660 transmissae
2495 1604 2620 1660 sint.
2670 1603 2904 1660 Laceras
2931 1605 3064 1670 dixi,
3094 1621 3215 1659 nam
3244 1605 3326 1660 vel
3351 1615 3628 1673 truncata,
3654 1616 3710 1660 et

2141 1710 2333 1767 magna
2369 1698 2450 1749 sui
2485 1680 2643 1763 parte
2686 1692 2949 1751 mutilatae
2977 1733 2992 1760 ,
3024 1703 3080 1748 et
3114 1693 3256 1748 male
3288 1691 3530 1748 multata
3558 1702 3706 1756 sunt,

2139 1785 2225 1840 vel
2266 1785 2536 1855 perversis
2582 1783 3118 1853 interpretationibus
3169 1782 3504 1838 deformata.
3557 1784 3710 1837 Atta-

468 1873 774 1956 testi-monia
831 1901 1164 1971 Pamphilum
1235 1905 1337 1958 hoc
1393 1873 1556 1971 opere
1600 1903 1891 1973 protulisse
1937 1903 2037 1956 :id
2071 1889 2114 1944 Β
2143 1890 2262 1929 me“
2310 1885 2370 1930 ut
2523 1874 2804 1973 auriﬁf’f’m
2839 1873 3069 1929 ⁰ω⁰ί¹¹ίδ
3111 1875 3345 1973 prmio?“
3393 1875 3506 1946 ipsa
3551 1875 3709 1930 SCObs

468 1993 585 2062 ipse
612 2000 889 2046 asseverat
923 2009 938 2044 :
974 2011 992 2044 ι
1018 1989 1345 2060 Incipientes
1369 1991 1533 2062 igitur
1563 1992 1778 2047 indiciis
1811 1994 2040 2060 scripto-

467 2098 589 2136 rum
620 2099 840 2138 suorum
865 2087 1154 2139 ostendere
1179 2085 1308 2154 quid
1346 2085 1412 2138 de
1439 2083 1666 2153 singulis
1695 2083 1945 2145 senserit,
1971 2096 2039 2139 ex

469 2173 555 2227 bis
575 2173 847 2243 praecipue
874 2172 1026 2228 libris
1053 2173 1361 2228 testimonia
1394 2174 1872 2244 congregabimus,
1905 2186 2041 2241 quos

468 2273 810 2320 accusatores
839 2264 954 2332 ejus
988 2279 1152 2334 quam
1187 2265 1421 2319 maxime
1459 2265 1844 2330 criminantur,
1875 2265 1926 2318 id
1959 2276 2041 2320 est

467 2371 602 2423 quos
626 2370 723 2426 per
751 2357 983 2425 spatium
1007 2368 1060 2410 et
1087 2357 1324 2426 quietem
1360 2356 1412 2410 in
1438 2365 1648 2411 secreto
1678 2355 2036 2424 conscripsit;

468 2446 568 2499 hos
601 2447 744 2500 enim
784 2455 1042 2500 asserunt
1075 2449 1309 2500 maxime
1357 2460 1390 2500 a
1438 2444 1821 2514 praedicatione
1871 2446 2042 2501 eccle-

467 2536 686 2591 siastica
718 2537 1042 2606 discrepare.
1070 2556 1090 2590 s
1141 2536 1397 2604 Quamvis
1442 2546 1622 2591 autem
1669 2538 1922 2594 homilias
1948 2539 2041 2592 ali-

469 2638 600 2696 quot
630 2642 727 2696 per
751 2628 940 2692 otium,
973 2637 1030 2681 ut
1056 2628 1187 2694 dixi,
1214 2626 1597 2695 lucubraverit,
1622 2629 1675 2683 in
1704 2640 1916 2684 secreto
1960 2629 2042 2684 lu-

468 2730 590 2771 men
628 2718 946 2787 conscriptae
989 2717 1094 2772 dici
1137 2731 1243 2770 non
1275 2727 1519 2786 possunt,
1559 2735 1679 2788 quae
1726 2720 1792 2772 ad
1826 2720 1877 2774 id
1915 2736 2046 2775 con-

467 2805 869 2871 scribebantur,
890 2815 949 2860 ut
973 2807 1167 2876 populo
1203 2807 1453 2862 universo
1481 2809 1730 2863 audiente
1751 2809 2043 2864 recitaren-

467 2907 577 2952 tur.
632 2897 892 2953 Homilias
939 2909 1116 2953 autem
1153 2901 1401 2969 Origenis
1429 2900 1483 2955 in
1514 2902 1660 2954 illam
1696 2903 1762 2956 ad
1793 2901 2042 2956 Hebraeos

469 2985 766 3058 Epistulam
798 2989 995 3059 allegat
1028 2989 1290 3045 Eusebius
1321 2991 1444 3047 libr.
1474 3007 1524 3045 vi
1563 2991 1705 3045 Hist.
1727 3033 1742 3056 ,
1797 3008 1915 3062 cap.
1947 2992 2038 3047 25.

543 3077 735 3134 Utrum
769 3080 1173 3150 Apo'calypseos
1222 3083 1477 3150 mysteria
1517 3085 1813 3155 scriptione
1859 3085 2036 3154 aliqua

466 3169 824 3227 Adamantius
854 3173 1151 3243 aperuerit,
1193 3174 1462 3230 incertum
1513 3185 1630 3241 est;
1670 3186 1884 3231 constat
1911 3177 2038 3231 illud

467 3263 649 3329 modo,
678 3273 858 3318 mente
904 3265 956 3318 id
998 3265 1303 3322 destinasse
1346 3268 1547 3336 ipsum,
1575 3283 1695 3322 cum
1727 3267 2036 3323 Matthaeum

467 3353 941 3422 interpretaretur,
988 3357 1041 3410 in
1087 3368 1305 3414 senecta
1347 3373 1540 3429 nempe
1569 3367 1764 3425 aetate;
1807 3369 2038 3415 tractatu

467 3446 686 3515 quippe.
709 3447 780 3502 50
803 3448 858 3500 in
881 3446 1109 3515 Matth,
1145 3465 1298 3503 num.
1329 3449 1398 3526 49
1429 3489 1444 3513 ,
1490 3463 1615 3518 pag.
1647 3447 1774 3514 867,
1801 3448 2037 3505 futurum

466 3538 771 3606 pollicetur,
821 3548 883 3592 ut
927 3540 993 3593 ad
1027 3539 1150 3594 libri
1198 3538 1356 3607 hujus
1387 3540 1767 3595 enodationem
1798 3541 2039 3596 animum

469 3628 757 3697 aliquando
793 3629 1044 3699 appellat.
1086 3629 1239 3696 Quod
1287 3631 1332 3684 si
1371 3645 1522 3698 spem
1567 3630 1755 3684 fefellit
1796 3642 2040 3696 eventus,

470 3720 755 3775 consilium
819 3730 991 3776 morte
1057 3731 1392 3790 peremptum
1452 3723 1794 3777 crediderim.
1858 3723 2048 3778 Tradit

469 3822 618 3866 certe
635 3811 966 3880 Epiphanius
995 3814 1128 3868 liter.
1150 3829 1303 3874 thv.
1335 3830 1453 3883 cap.
1475 3814 1530 3879 3,
1563 3823 1621 3870 ut
1649 3830 1807 3885 supra
1841 3817 2041 3872 dictum

470 3909 575 3963 est,
606 3901 938 3971 propositum
983 3901 1155 3959 fuisse
1181 3903 1399 3972 Origeni
1445 3903 1779 3975 Scripturam
1822 3907 2044 3961 univer-

468 4005 583 4045 sam
614 4007 894 4050 enarrare.

1066 4084 1310 4140 SEC'I'IO
1360 4085 1445 4142 111.

510 4189 580 4228 DE
629 4189 880 4231 ORIGENIS
930 4192 1248 4232 EXEGETICIS
1296 4193 1414 4242 θῦε
1464 4195 1790 4243 ευρεκευκτ,
1841 4197 2013 4246 DEQUE

673 4262 932 4300 ὶἘτυθτιὸ
965 4263 1188 4301 ιρευιιωι
1221 4265 1832 4307 INTERPRETATIONIBUS.

469 4331 512 4386 I.
549 4333 622 4390 De
663 4338 936 4407 exegeticis
967 4340 1021 4392 in
1049 4337 1312 4408 Genesim,
1361 4341 1422 4394 ll.
1466 4339 1740 4407 Exedunt,
1767 4341 1854 4397 III.
1894 4342 2045 4398 Levi-

2141 1976 2244 2033 est,
2277 1977 2330 2022 et
2355 1967 2593 2022 studiose
2617 1967 2944 2036 colliguntur
2973 1976 3254 2034 ramenta;
3288 1967 3360 2020 ita
3392 1981 3492 2021 nos
3519 1983 3709 2021 aureas

2142 2059 2321 2128 magni
2346 2057 2594 2128 Origenis
2626 2058 2906 2128 reliquias,
2941 2058 3117 2127 quoad
3152 2057 3270 2126 ejus
3302 2057 3416 2113 fieri
3434 2059 3648 2128 poterit,
3680 2074 3711 2112 e

2145 2150 2380 2206 tenebris
2410 2165 2474 2206 ac
2515 2150 2740 2220 pulvere
2765 2150 3118 2205 vindicemus.
3157 2150 3372 2204 Initium
3416 2151 3521 2206 erit
3549 2165 3577 2206 a
3607 2151 3712 2208 Gs-

2142 2245 2280 2299 nesi.
2330 2244 2481 2299 Hanc
2539 2242 2778 2297 diximus
2829 2242 3110 2312 superiore
3164 2243 3402 2299 sectione
3454 2243 3708 2298 tredecim

2141 2335 2667 2392 Commentariorum
2724 2335 2876 2389 libris
2933 2335 3103 2390 fuisse
3145 2334 3213 2389 ab
3242 2334 3470 2405 Origene
3501 2335 3713 2405 exposi-

2143 2436 2274 2480 tam.
2305 2424 2414 2496 (7I)
2447 2425 2522 2479 Ex
2547 2425 2631 2480 his
2665 2423 2963 2493 fragmenta
2992 2426 3097 2482 duo
3132 2426 3286 2481 libris
3316 2426 3427 2481 suis
3454 2425 3526 2482 De
3576 2443 3712 2496 pra:-

2141 2519 2420 2589 paratione
2468 2517 2764 2586 evangelica
2801 2516 3068 2572 Eusebius
3115 2517 3380 2574 inseruit:
3427 2519 3576 2587 prius
3614 2534 3712 2572 cx-

2143 2619 2252 2665 stat
2299 2610 2421 2667 libr.
2455 2624 2552 2674 vn,
2583 2624 2703 2679 cap.
2731 2608 2824 2684 20,
2874 2619 2929 2664 et
2981 2609 3174 2678 capitis
3219 2610 3414 2680 prioris
3440 2610 3714 2666 Geneseos

2142 2716 2360 2757 versum
2428 2701 2801 2756 duodecimum
2852 2701 3121 2770 explicat;
3189 2701 3709 2758 Commentariorum

2142 2801 2320 2845 autem
2357 2801 2563 2860 partem
2609 2806 2733 2847 esse
2792 2805 2858 2846 ex
2903 2792 3043 2862 stylo
3081 2793 3326 2863 arguitur
3371 2807 3386 2847 :
3440 2793 3712 2864 posterius

2144 2881 2380 2936 illustrat
2404 2881 2600 2950 capitis
2626 2881 2868 2950 ejusdem
2904 2897 3118 2936 versum
3146 2883 3413 2937 decimum
3436 2892 3714 2953 quartum,

2137 2973 2284 3042 jacet
2309 2984 2489 3027 autem
2517 2975 2570 3028 in
2596 2972 2736 3028 libro
2766 2985 2918 3029 sexto
2949 2976 3162 3031 Eusebii
3197 2991 3314 3043 cap.
3347 2977 3433 3031 II.
3471 2976 3580 3044 (72)
3610 2975 3712 3029 Ha-

2142 3064 2300 3119 betur
2337 3064 2504 3119 etiam
2539 3065 2592 3118 in
2624 3063 2937 3120 Philocalia:
2972 3068 3149 3136 capite
3170 3067 3243 3121 22
3281 3066 3566 3138 fragmenti
3613 3067 3712 3122 hn-

2140 3157 2230 3224 jus
2256 3172 2382 3226 pars
2412 3156 2590 3226 aliqua
2616 3197 2631 3219 ,
2661 3157 2803 3212 unde
2848 3159 3106 3214 discimus
3131 3175 3160 3214 e
3185 3160 3346 3214 tertio
3382 3170 3523 3214 tonio
3551 3158 3709 3214 Com-

2141 3249 2521 3303 mentariorum
2586 3247 2838 3319 Origenis
2919 3249 3294 3321 depromptum
3372 3251 3502 3306 illud
3569 3267 3708 3309 esse.

2139 3337 2299 3392 Aliud
2348 3349 2611 3409 praeterea
2653 3339 2923 3411 reperitur
2955 3336 3269 3396 Philocalia:
3327 3356 3448 3412 cap.
3480 3341 3570 3408 14,
3621 3343 3711 3396 ubi

2142 3446 2211 3486 ex
2244 3433 2431 3486 eodem
2487 3443 2631 3486 tomo
2686 3431 2912 3501 petitum
2953 3431 3005 3485 id
3058 3446 3179 3488 esse
3225 3433 3582 3502 significatur.
3622 3433 3711 3487 'Ex

2143 3521 2406 3576 horumce
2435 3521 2696 3576 librorum
2716 3522 3033 3592 prtefatione
3064 3522 3312 3593 exiguum
3333 3523 3710 3593 fragmentum,

2144 3623 2200 3668 et
2224 3614 2368 3667 aliud
2395 3629 2612 3683 quoque
2654 3628 2685 3668 e
2722 3614 2859 3669 libro
2887 3615 3062 3686 primo
3092 3615 3286 3668 recitat
3315 3613 3624 3684 Pamphilus
3659 3617 3711 3669 in

2147 3704 2509 3774 Apologetico.
2563 3703 3161 3774 ScripseratOrigenes
3203 3703 3545 3758 homiliarum
3599 3720 3714 3775 my-

2146 3797 2407 3852 sticarum
2450 3796 2506 3848 in
2529 3791 2773 3849 Genesim
2806 3795 2977 3849 libros
3019 3792 3197 3848 duos:
3239 3794 3450 3848 illarum
3504 3806 3712 3862 partem

2145 3900 2269 3940 esse
2307 3887 2694 3955 septemdecim
2723 3900 2816 3940 eas
2844 3901 2965 3955 qua:
2998 3894 3288 3954 supersunt
3319 3883 3615 3938 arbitratus
3631 3895 3717 3940 est

2147 3973 2334 4032 Sixtus
2366 3976 2642 4032 Senensis.
2683 3975 2797 4048 (73)
2827 3976 2963 4031 IIuic
2986 3991 3086 4046 ego
3111 3976 3420 4045 neutiquam
3463 3975 3713 4030 assentiri

2146 4085 2366 4140 possum
2403 4090 2420 4126 :
2454 4070 2687 4125 humilia:
2712 4071 2854 4125 enim
2887 4085 3020 4140 quas
3049 4070 3328 4133 habemus,
3373 4085 3440 4123 ex
3474 4079 3718 4140 tempore

2148 4161 2401 4215 videntur
2443 4161 2611 4216 fuisse
2649 4160 3034 4229 pronuntiata,
3074 4170 3127 4214 et
3163 4159 3230 4213 ab
3259 4159 3514 4214 actuariis
3546 4159 3598 4212 in
3630 4159 3718 4212 lit-

2148 4261 2292 4307 teras
2341 4253 2560 4318 relatae;
2615 4253 2859 4322 mysticae
2911 4267 3040 4308 vero
3092 4251 3347 4306 meditate
3398 4265 3495 4319 per
3545 4251 3714 4304 otium

2147 4343 2460 4409 elaboratae,
2511 4352 2568 4398 et
2609 4344 2676 4398 ab
2700 4340 2935 4413 Origene
2986 4343 3101 4414 ipso
3145 4341 3300 4398 editae
3347 4350 3491 4396 sunt.
3539 4338 3720 4395 Editio

542 4513 656 4584 (70)
685 4515 918 4592 Denique
961 4516 1337 4592 in_Epistolam
1363 4521 1432 4573 ad
1453 4520 1724 4592 Hebrwos,
1773 4531 1878 4576 etc.
1911 4519 2046 4575 Fra-
2077 4530 2125 4588 ι)
2151 4522 2424 4577 duximus.
2467 4522 2571 4579 Sed
2601 4532 2960 4592 praeterquam
3001 4523 3143 4592 quod
3195 4521 3330 4576 levis
3357 4529 3441 4574 est
3468 4534 3718 4592 nonnun-

471 4594 745 4660 gtnentum
762 4585 1006 4660 Origenis
1022 4587 1073 4640 in
1092 4587 1384 4652 Epistolam
1413 4593 1480 4660 ad
1499 4590 1876 4660 Philemonem,
1902 4595 2040 4660 quod

470 4655 747 4722 hucusque
787 4671 854 4709 ex
905 4656 1043 4730 libro
1088 4669 1284 4726 quarto
1314 4659 1453 4728 Περὶ
1481 4659 1684 4730 ἀρχῶν
1726 4655 2042 4729 decerptum

509 4736 755 4804 erperam
810 4726 1074 4779 creditum
1132 4737 1246 4804 est,
1303 4726 1734 4804 exliibet:_'etiam
1779 4726 2041 4804 Apologia

498 4793 741 4873 ’atnpliili
789 4808 856 4848 ex
891 4797 1385 4866 manuscripturum
1435 4799 1685 4854 codicum
1718 4793 2042 4855 auctoritate

472 4872 742 4918 restituta.

543 4932 654 5009 (7⁸)
697 4929 783 4985 Εαῖ
820 4935 902 4986 his
926 4933 1245 5009 fragmenta
1268 4938 1372 4990 duo
1401 4939 1550 4992 libris
1579 4941 1690 4992 suis
1719 4939 1794 4994 De
1835 4954 2042 5009 praepa-

471 5006 694 5073 ratione
709 5003 1313 5073 evangelica—Eusebius
1336 5009 1575 5062 inseruit.
1602 5003 1866 5063 Eusebius
1894 5003 2038 5063 Hist.

469 5073 656 5145 eccles.
685 5071 777 5126 lib.
826 5071 908 5138 ni,
949 5089 1069 5144 cap.
1100 5078 1152 5138 I,
1201 5077 1346 5130 aliud
1395 5077 1755 5145 fragmentum
1824 5079 2041 5134 exhibet

470 5142 613 5211 quod
644 5142 697 5195 in
735 5154 918 5196 nostra
969 5142 1208 5199 editione
1241 5142 1601 5201 omittendum
1639 5163 1762 5202 esse
1808 5164 1912 5202 non
1948 5151 2041 5202 du-

472 5213 671 5288 xiiints.
703 5211 967 5288 Prmterea
990 5216 1362 5288 Theodoretus
1395 5217 1451 5269 in
1491 5215 1732 5288 Genesim
1761 5229 1948 5288 quaest.
1968 5219 2040 5272 20

470 5297 534 5334 ex
561 5280 951 5355 Origene_citat
976 5287 1366 5355 expositionem
1394 5302 1582 5341 versus
1600 5287 1692 5348 26,
1721 5280 1840 5355 ca'p.
1882 5302 1899 5341 ι
1935 5288 2041 5343 Ge-

473 5366 721 5426 neseos_:
768 5350 1062 5410 Faciamus
1118 5357 1378 5426 hominem
1421 5357 1488 5409 ad
1521 5350 1806 5426 imaginem
1851 5368 1898 5410 et
1956 5359 2037 5411 si-

472 5419 822 5475 militudinem
859 5438 1120 5487 nostram;
1183 5435 1239 5478 et
1299 5419 1722 5482 Eustathius'in
1781 5428 2039 5482 disserta-

477 5491 725 5567 tipnepe
771 5497 1182 5566 engastrimytho
1234 5496 1496 5550 adversus
1523 5496 1814 5566 Origenem
1865 5498 2035 5551 Iocmn

479 5560 598 5623 ejus
621 5560 687 5612 de
720 5567 972 5634 paradiso
999 5560 1215 5619 exhibet
1254 5580 1412 5634 quem
1436 5567 1587 5620 valde
1614 5560 1902 5634 vituperat.
1938 5567 2038 5620 Ve-

473 5641 592 5678 rum
644 5645 709 5681 an
735 5632 994 5704 _duo_ha:c
1041 5632 1339 5702 fragmenta
1371 5643 1636 5688 tomorum
1669 5632 1791 5704 pars
1815 5636 2033 5700 fuerint,

474 5704 666 5777 neuter
703 5699 1045 5777 significavit.
1082 5699 1200 5777 Alia
1239 5705 1460 5777 insuper
1485 5706 1536 5757 in
1567 5699 1697 5777 mss.
1724 5699 2034 5760 Grmcorum

474 5765 689 5843 Patrum
728 5765 782 5819 in
827 5768 1068 5825 Genesim
1118 5773 1335 5827 Catenis
1362 5765 1622 5843 ‘Origenis
1679 5777 1893 5830 nomine
1926 5778 2035 5830 cir-

474 5834 864 5908 cumferuntur,
905 5855 1024 5910 quae
1068 5843 1288 5898 editioni
1337 5834 1548 5912 quoque
1584 5843 1870 5901 inserenda
1916 5860 2037 5901 esse

2190 4609 2310 4645 nam
2342 4591 2670 4648 Catenarnm
2701 4591 2857 4659 fides,
2891 4591 3158 4648 incertum
3185 4600 3442 4660 praeterea
3473 4601 3556 4644 est
3576 4591 3718 4644 unde

2190 4609 2310 4645 nam
2342 4606 2670 4648 uatenarnm
2701 4606 2857 4659 nues,
2891 4606 3158 4648 Incertum
3185 4606 3442 4660 praeterea
3473 4606 3556 4644 εει
3576 4606 3718 4644 unae

2146 4606 2487 4732 3rigeniana:
2535 4661 2802 4734 ejusmodi
2857 4663 3113 4734 symbolae
3154 4666 3206 4715 in
3240 4660 3720 4734 Genesinipetitae

2143 4729 2270 4791 sint,
2314 4748 2380 4785 an
2423 4752 2453 4790 e
2485 4729 2666 4798 tomis,
2698 4748 2763 4784 an
2811 4748 2841 4787 e
2875 4729 3116 4796 scltoliis,
3152 4747 3220 4786 an
3249 4746 3313 4784 ex
3356 4729 3614 4794 bomiliis,
3645 4746 3712 4782 an

2144 4802 2374 4871 denique
2399 4820 2463 4858 ex
2511 4803 2632 4857 aliis
2671 4803 2789 4868 ejus
2841 4805 2892 4854 in
2941 4804 3184 4856 diversos
3225 4801 3715 4871 Scripturmsacrae

2144 4870 2312 4926 libros
2341 4872 2779 4928 Commentariis.
2819 4872 2981 4926 Certe
3013 4888 3080 4925 ex
3127 4881 3204 4925 tot
3250 4870 3565 4938 fragmentis
3596 4884 3716 4935 quae

2143 4941 2359 4996 Catenae
2408 4944 2684 5003 exhibent,
2744 4943 2830 4995 vix
2887 4943 2992 4994 duo
3039 4951 3134 4994 aut
3193 4943 3293 4994 tria
3349 4940 3718 5007 comperimus

2141 5012 2206 5064 atl
2245 5014 2491 5067 homilias
2527 5014 2581 5065 in
2612 5009 2853 5065 Genesim
2890 5013 3182 5073 pertinere.

2214 5081 2323 5148 (72)
2352 5081 2588 5136 [labetur
2606 5085 2763 5134 etiam
2782 5082 2836 5132 in
2869 5080 3173 5134 Pliilacalite
3189 5093 3309 5148 cap.
3330 5076 3404 5132 ‘22
3435 5076 3716 5148 fragmenti

2141 5145 2314 5220 hujus
2345 5169 2468 5220 pars
2503 5153 2706 5219 aliqua.
2752 5151 2979 5204 Fallitur
3021 5145 3405 5220 Huetius’cumi
3437 5148 3512 5220 ait
3539 5145 3713 5220 hujus

2141 5214 2422 5289 fragmeiiti
2464 5214 2669 5290 partem
2707 5229 2912 5272 tantum
2950 5222 3183 5290 aliquam
3223 5219 3408 5290 haberi
3447 5214 3714 5290 in_Phito-

2140 5283 2293 5344 calice
2339 5283 2576 5361 cap."22_.
2610 5306 2730 5361 cum
2761 5291 2932 5361 longe
2975 5283 3239 5361 prolixius
3281 5289 3351 5361 s_it
3392 5285 3534 5361 istud
3605 5283 3714 5361 [φτ

2139 5354 2422 5427 ειιιθηιυηῐ
2451 5362 2501 5414 in
2528 5358 2826 5413 Philocalia
2847 5354 3053 5427 {quam
3098 5359 3238 5426 apud
3284 5356 3579 5427 Eusebium
3595 5354 3712 5427 ξιιὺί

2139 5424 2513 5484 desiderantur
2542 5445 2662 5498 quae
2695 5432 2746 5484 in
2775 5424 2959 5484 nostra
2995 5424 3235 5484 editione
3267 5440 3416 5481 num.
3439 5424 3526 5490 12,
3561 5424 3627 5478 15
3658 5434 3713 5477 et

2140 5498 2207 5551 M
2237 5502 2602 5566 reperiuntur.

2357 5568 2499 5650 H_uic
2541 5585 2633 5637 ego
2679 5569 2980 5635 neutiquam
3029 5566 3272 5648 assentiri
3306 5581 3518 5647 possunt
3549 5581 3568 5618 :
3600 5563 3714 5645 lio-

2233 5655 2298 5689 ιω
2323 5656 2458 5689 enim
2482 5655 2613 5689 auos
2642 5641 2912 5689 habemus.
2940 5649 3046 5689 etc.
3080 5637 3194 5689 Non
3223 5639 3470 5689 eamdem
3499 5635 3711 5688 mlieres

2138 5635 2309 5692 milite
2323 5642 2458 5692 enim
2482 5635 2613 5708 quas
2642 5641 2912 5700 habemus,
2940 5649 3046 5692 etc.
3080 5637 3194 5690 Non
3215 5637 3470 5708 equidem
3499 5635 3711 5708 inﬁcias

2136 5709 2293 5762 ierim
2345 5702 2616 5783 alias'per
2659 5711 2827 5761 otium
2876 5709 3135 5783 meditate
3159 5702 3488 5783 ﬁelaborasse
3523 5702 3714 5783 Origef

2137 5794 2284 5842 nem,
2321 5780 2456 5833 alias
2483 5775 2546 5832 ei:
2576 5789 2814 5844 tempore
2847 5777 3126 5830 recitasse.
3157 5775 3260 5830 Sed
3285 5777 3425 5829 unde
3458 5775 3710 5828 habuerit

2138 5847 2363 5906 Huctius
2397 5850 2654 5919 tnyslicas
2679 5843 2844 5904 fuisse
2882 5847 3137 5902 meditate
3181 5860 3280 5915 per
3313 5846 3486 5901 otium
3529 5843 3710 5898 elabo-
