4152 6406
357 437 503 491 121³9

1170 427 1744 486 ORIGENIANORUM
1782 426 1912 482 LIB.
1954 423 2044 490 Ill,
2083 425 2236 482 CAP.
2277 425 2342 493 ll,
2378 424 2572 481 SECT.
2613 424 2696 480 ΠΙ.

3478 425 3610 480 1210

356 552 567 609 Merlini
600 551 931 622 Hieronymo
970 550 1242 607 tribuebat
1295 568 1482 607 earum
1533 551 1927 621 interpretatio-
1953 548 2283 617 Asupplere
2333 548 2579 618 cupimus
2606 561 2668 602 ea
2708 560 2829 616 quae
2885 544 2951 600 ab
2997 544 3233 615 Origene
3292 546 3342 600 in
3389 548 3606 599 audito-

356 661 479 700 nem
514 659 637 714 quas
689 652 1014 713 supersunt;
1058 645 1199 699 hanc
1241 645 1433 700 Ruﬁno
1481 645 1663 701 deberi
1697 656 1933 715 agnove-

358 744 485 789 runt
519 734 778 789 Erasmus
815 743 870 788 et
896 733 1301 790 Genebrardus.
1352 734 1412 790 Id
1460 736 1722 806 probatur
1755 750 1821 790 ex
1854 735 1934 803 ip-

359 828 473 882 sius
503 825 731 895 Prologo
757 825 824 880 ad
856 823 1144 881 Ursacium
1174 844 1187 879 :
1221 845 1241 877 ‹
1264 825 1397 879 Nam
1428 835 1483 880 et
1503 826 1819 896 promisisse
1846 843 1933 881 me

360 918 607 982 memini,
636 926 695 971 ut
739 918 784 973 si
820 932 941 986 quae
972 917 1082 970 sint
1126 918 1431 971 Adamantii
1478 918 1624 971 senis
1664 918 1715 971 in
1759 918 1931 987 legem

362 1010 530 1081 Moysi
564 1010 707 1063 dicta
735 1009 1067 1079 colligerem,
1114 1017 1277 1078 atque
1328 1023 1391 1064 ea
1441 1007 1636 1063 Latino
1683 1024 1933 1065 sermone

363 1099 565 1154 nostris
586 1098 805 1168 legenda
831 1096 1214 1163 transferrem;
1247 1118 1266 1151 ι
1304 1109 1359 1154 et
1383 1098 1609 1153 deinde:
1636 1118 1655 1150 ι
1682 1100 1849 1170 Igitur
1877 1109 1934 1155 ut

364 1205 581 1261 possum
634 1205 753 1258 qua:
807 1190 1081 1258 injunxisti
1137 1190 1414 1260 explicare
1473 1191 1761 1245 contendo.
1812 1189 1930 1245 Jam

362 1282 508 1336 enim
540 1295 602 1336 ex
632 1281 882 1337 omnibus
907 1296 1029 1350 quae
1069 1281 1122 1335 in
1170 1280 1289 1350 lege
1316 1282 1517 1351 scripta
1548 1281 1744 1350 reperi,
1783 1282 1931 1348 solae,

364 1378 425 1426 ut
450 1380 597 1441 puto,
627 1372 682 1425 in
712 1370 1122 1426 Deuteronomio
1145 1370 1340 1427 desunt
1363 1370 1738 1425 oratiunculae.
1772 1391 1791 1423 ι
1839 1373 1928 1424 Αι-

365 1465 455 1533 qui
490 1463 683 1517 Latine
729 1464 971 1518 redditas
1006 1462 1270 1518 habemus
1320 1462 1568 1517 homilias
1608 1463 1663 1516 in
1702 1474 1936 1532 quatuor

363 1556 575 1626 priores
602 1555 770 1610 libros
801 1554 1189 1619 Pentateuchl;
1240 1556 1360 1623 quis
1395 1569 1527 1625 ergo
1572 1554 1823 1609 Ruﬁnum
1857 1557 1933 1609 in-

367 1657 658 1717 terpretem
706 1648 848 1702 ausit
912 1646 1176 1701 inﬁciari?
1218 1647 1415 1702 Probat
1457 1631 1638 1718 ipsum.
1677 1649 1779 1703 hoc
1815 1662 1934 1717 per-

363 1737 541 1793 oratio
558 1737 797 1807 subjecta
817 1737 1243 1807 interpretationi
1268 1738 1789 1794 Commentariorum
1818 1739 1939 1794 Ori-

365 1828 518 1898 genis
579 1830 635 1883 in
682 1827 975 1897 Epistotam
1039 1828 1109 1881 ad
1152 1826 1459 1894 Romanos,
1528 1844 1690 1899 qnam
1738 1828 1936 1885 Ruﬁno

2033 640 2116 695 rio
2166 640 2423 696 Ecclesiae
2483 654 2549 695 ex
2609 648 2871 709 tempore,
2926 654 3034 693 non
3103 649 3211 694 tam
3269 640 3607 710 explanatio-

2032 731 2137 795 nis,
2171 747 2333 801 qnam
2360 730 2730 787 :edillcationis
2788 732 3088 785 intentione
3138 742 3387 799 perorata
3434 743 3607 787 sunt:

2032 823 2171 877 sicut
2205 823 2256 875 in
2284 822 2541 887 homiliis,
2579 823 2691 878 sive
2720 822 2772 876 in
2816 820 3182 876 Oratiunculis
3209 823 3263 875 in
3293 816 3531 877 Genesis»
3555 833 3612 878 et

2030 912 2086 967 in
2121 912 2368 967 Exodum
2400 913 2646 979 fecimus,
2673 922 2726 968 et
2752 913 3024 983 praecipue
3072 914 3124 967 in
3166 913 3252 967 his
3292 929 3413 982 quae
3444 914 3497 967 in
3540 914 3607 968 li-

2033 1005 2191 1060 brum
2208 1005 2434 1061 Levitici
2464 1007 2531 1061 ab
2558 1006 2647 1061 illo
2664 1006 2880 1076 quidem
2906 1005 3189 1075 perorandi
3215 1005 3355 1075 ston
3374 1005 3603 1071 dictata,

2034 1112 2065 1151 a
2128 1098 2285 1153 nobis
2340 1112 2472 1153 vero
2522 1098 2847 1167 explanandi
2898 1098 3078 1167 specie
3137 1099 3397 1152 translata
3456 1108 3606 1154 sunt.

2034 1189 2205 1257 Quem
2265 1189 2505 1246 laborem
2569 1190 2900 1261 aditnplendi
2952 1206 3072 1260 quae
3128 1191 3352 1245 deerant
3406 1191 3609 1245 idcirco

2034 1280 2394 1348 suscepimus,
2426 1294 2496 1334 ne
2528 1280 2755 1349 pulsata:
2787 1281 3112 1349 quaestiones
3134 1289 3189 1333 et
3220 1281 3441 1348 relictae,
3465 1281 3607 1351 quod

2040 1370 2095 1425 in
2137 1369 2470 1425 homiliatico
2499 1369 2709 1424 dicendi
2746 1356 2946 1440 genere
2974 1368 3162 1422 ab-illo
3192 1384 3333 1437 saepe
3365 1369 3481 1423 ﬁeri
3521 1385 3609 1422 so-

2035 1462 2131 1526 let,
2165 1459 2357 1515 Latino
2387 1461 2573 1515 lectori
2602 1459 2879 1515 fastidium
2907 1469 3248 1530 generarent.
3279 1480 3298 1512 ι
3324 1460 3608 1529 Egregium

2036 1552 2244 1607 scilicet
2274 1554 2647 1621 interpretem,
2689 1553 2754 1607 de
2799 1565 2898 1606 suo
2944 1552 3203 1622 quidquid
3255 1552 3465 1607 libitum
3516 1562 3611 1605 est

2037 1645 2373 1714 largientem.
2422 1642 2534 1713 (74)
2585 1642 2696 1698 Hoc
2756 1641 2831 1697 illi
2881 1642 3138 1699 debemus
3188 1653 3410 1705 tamen.
3468 1642 3611 1710 quod

2039 1735 2281 1806 legitimo
2318 1749 2420 1789 suo
2454 1733 2664 1788 auctori
2705 1734 2966 1789 restitutae
2995 1745 3153 1800 sunt;
3190 1735 3480 1805 quaeinter
3505 1734 3615 1805 Cy-

2044 1828 2150 1882 rilli
2176 1827 2351 1895 Opera
2379 1826 2516 1881 falso
2546 1826 2987 1880 venditabantur.
3018 1824 3206 1896 Itaque
3229 1826 3610 1891 Bellarminus,

366 1920 742 1975 ascribendam
770 1936 890 1979 esse
920 1938 1019 1978 suo
1052 1922 1170 1977 loco
1199 1922 1515 1977 docebimus
1546 1938 1560 1975 :
1597 1923 1642 1977 is
1682 1922 1734 1976 in
1776 1937 1839 1976 ea
1879 1937 1939 1977 se
1971 1910 2015 1964 Β
2042 1918 2129 1985 qui
2158 1917 2253 1971 lib.
2286 1932 2339 1970 tv
2376 1916 2450 1970 De
2479 1914 2642 1970 Verbo
2667 1915 2783 1979 Dei,
2817 1930 2932 1985 cap.
2960 1916 3048 1980 ll,
3077 1925 3332 1971 essentne
3360 1915 3613 1985 Origenis

367 2010 616 2081 Origenis
668 2013 919 2070 homilias
968 2016 1023 2068 in
1058 2011 1334 2079 Genesim,
1372 2013 1616 2068 Exodum
1653 2024 1709 2069 et
1740 2012 1938 2068 Leviti-

367 2120 484 2158 cum
516 2103 706 2161 Latine
732 2106 1069 2161 convertisse
1098 2106 1313 2161 scribit.
1374 2105 1528 2160 Nulla
1567 2107 1749 2175 itaque
1780 2108 1939 2161 adhi-

367 2194 543 2251 benda
578 2206 662 2250 est
703 2196 836 2251 lides
888 2198 1111 2265 antiquo
1149 2197 1324 2251 codici
1360 2196 1701 2251 bibliothecae
1734 2195 1938 2267 Regize,

372 2290 426 2343 in
457 2304 564 2357 quo
601 2287 686 2342 illa
723 2289 835 2356 ipsa
875 2289 943 2344 de
972 2303 1079 2357 qua
1113 2289 1326 2358 agimus
1368 2288 1716 2343 homiliarum
1748 2289 1941 2358 Orige-

370 2378 457 2433 nis
489 2378 543 2431 in
570 2376 812 2433 Genesim
857 2379 1234 2447 interpretatio
1264 2377 1589 2449 Hieronymo
1630 2380 1939 2435 ascribitur.

370 2471 640 2529 Observet
667 2473 883 2527 interim
911 2472 1102 2537 lector,
1131 2482 1461 2542 postremam
1493 2474 1765 2528 homiliam
1800 2476 1942 2530 bona

372 2566 453 2620 sui
501 2575 654 2635 parte
686 2580 807 2621 esse
845 2566 1179 2630 mutilalam;
1215 2579 1339 2618 nam
1380 2580 1570 2622 omnes
1609 2569 1946 2637 patriarcha-

374 2673 492 2711 rum
531 2657 937 2712 benedictiones
979 2672 1080 2726 pro
1131 2659 1383 2715 instituto
1420 2675 1526 2714 non
1578 2662 1944 2731 persequitur,

373 2760 429 2803 et
450 2748 679 2804 solemni
705 2759 856 2803 caret
884 2750 1149 2818 clausula,
1183 2764 1343 2820 quam
1373 2751 1609 2806 homiliis
1628 2754 1743 2808 suis
1763 2754 1944 2808 omni-

374 2842 475 2898 bus
513 2842 777 2913 Origenes
807 2842 1087 2911 imponere
1120 2842 1424 2897 consuevit.

442 2935 506 2991 ll.
538 2935 1065 2990 Commentariorum
1104 2936 1160 2989 in
1183 2933 1430 2991 Exodum
1464 2937 1690 2994 lacinias
1739 2940 1949 3008 aliquot

374 3027 634 3082 vicesimo
676 3038 831 3083 sexto
863 3025 1172 3083 Pltilocalt'a!
1210 3029 1370 3099 capiti
1402 3028 1633 3085 Basilius
1664 3041 1718 3086 et
1745 3032 1947 3103 Grego-

374 3121 492 3175 rius
530 3120 895 3176 intexuerunt.
946 3119 1192 3176 Humilia;
1217 3136 1346 3176 vero
1382 3123 1642 3178 tredecim
1672 3125 1726 3179 in
1756 3125 1946 3180 Latina

375 3214 614 3269 editione
651 3216 1015 3270 continentur.
1053 3215 1258 3270 Nomen
1302 3215 1615 3285 interpretis
1655 3217 1946 3287 ascriptum

377 3320 484 3359 non
538 3315 642 3370 est,
697 3306 792 3360 sed
841 3321 906 3361 ex
956 3304 1185 3374 Prologo
1230 3304 1411 3359 Ruﬁni
1461 3305 1527 3359 ad
1560 3304 1868 3370 Ursacium,
1898 3316 1953 3361 et

374 3396 614 3467 ejusdem
642 3396 989 3465 peroratione
1029 3396 1096 3450 ad
1126 3396 1627 3464 interpretationem
1657 3396 1952 3453 Commen-

379 3486 643 3543 tariorum
679 3483 929 3553 Origenis
962 3487 1018 3539 in
1050 3484 1345 3555 Epistolam
1388 3488 1457 3539 ad
1495 3486 1779 3553 Romanos,
1832 3504 1955 3559 qua:

377 3591 503 3630 mox
537 3574 875 3627 laudavimus
902 3613 917 3637 ,
948 3572 1292 3626 manifestum
1323 3582 1407 3627 est
1445 3587 1551 3627 non
1583 3573 1746 3627 alium
1781 3574 1954 3630 inter-

376 3676 583 3737 pretem
610 3681 771 3734 quant
806 3664 1056 3718 Ruﬁnum
1099 3664 1269 3732 quaeri
1304 3665 1502 3719 debere
1542 3682 1555 3717 :
1606 3665 1657 3718 id
1701 3666 1842 3734 quod
1873 3666 1955 3721 vel

380 3776 445 3814 ex
471 3760 585 3829 ipsa
621 3759 744 3829 styli
781 3756 1137 3813 similitudine
1165 3756 1352 3810 statim
1396 3757 1793 3826 deprehendas.
1832 3758 1957 3812 Fal-

381 3851 511 3907 litur
552 3868 682 3921 ergo
712 3849 899 3906 Sinus
943 3847 1206 3905 Senensis
1246 3848 1577 3920 Hieronymo
1629 3851 1956 3920 interpreta-

383 3946 586 4000 tionem
621 3945 761 3998 hanc
790 3941 1055 3999 tribuens.

450 4034 538 4089 lll.
566 4036 645 4089 Ad
670 4031 1168 4101 interpretationem
1194 4030 1536 4085 homiliarum
1559 4028 1811 4099 Origenis
1832 4042 1956 4084 sex-

381 4128 556 4183 decim
586 4128 642 4179 in
670 4124 962 4180 Leviticum
993 4122 1189 4177 Ruﬁno
1220 4122 1407 4177 itidem
1434 4120 1870 4189 adjudicandam,
1903 4130 1957 4176 et

383 4217 719 4285 arguendum
772 4213 982 4270 Sixtum
1038 4211 1129 4284 qui
1178 4226 1299 4267 eam
1336 4210 1667 4282 Hieronymo
1712 4214 1956 4278 ascribit,

383 4310 569 4365 valere
599 4310 799 4363 debent
828 4308 1015 4362 eadem
1039 4313 1381 4376 argumenta.
1420 4302 1667 4370 Qualiter
1688 4314 1869 4359 autem
1901 4305 1955 4359 in

1978 3260 2018 3317 C

2044 2008 2269 2065 deﬁnire
2291 2023 2398 2062 non
2418 2024 2583 2062 ausus
2608 2007 2804 2073 fuerat,
2832 2008 3048 2062 easdem
3075 2007 3127 2062 in
3154 2008 3290 2062 libro
3322 2007 3397 2061 De
3433 2010 3611 2077 script.

2043 2104 2227 2157 eccles.
2262 2103 2468 2171 absque
2497 2100 2841 2155 hmsitatione
2882 2100 3010 2155 huic
3032 2101 3300 2157 attribuit.
3335 2101 3485 2156 Unde
3515 2118 3614 2157 ex-

2043 2191 2349 2260 plodendus
2371 2191 2735 2246 heterodoxus
2764 2191 3008 2260 quidam,
3039 2191 3130 2259 qui
3160 2206 3254 2246 eas
3297 2192 3476 2260 posuit
3515 2208 3616 2246 nu-

2044 2298 2140 2353 per
2184 2282 2325 2336 inter
2349 2297 2512 2351 opera
2541 2280 2792 2351 Origcnis
2815 2282 3175 2352 supposititia.
3208 2282 3472 2337 Caeterum
3502 2283 3616 2351 pri-

2044 2389 2190 2428 mum
2219 2370 2529 2428 Philocalia:
2566 2384 2727 2442 caput
2772 2375 3128 2443 fragmentum
3160 2373 3381 2429 exhibet
3408 2390 3473 2429 ex
3507 2375 3616 2431 llo-

2044 2465 2192 2521 milia
2223 2467 2456 2521 secunda
2481 2465 2537 2519 in
2562 2464 2871 2530 Leviticum,
2908 2482 3027 2536 quae
3052 2467 3270 2537 quidem
3296 2466 3364 2520 ab
3387 2465 3618 2520 Humilia

2044 2559 2280 2615 secunda
2330 2559 2635 2614 Ruﬁnianae
2683 2560 3021 2616 collectionis
3071 2560 3231 2629 plane
3259 2560 3473 2614 diversa
3513 2568 3617 2614 est.

2045 2652 2394 2708 Decurtatam
2426 2665 2489 2706 ea
2518 2652 2787 2721 particula
2825 2662 2880 2705 et
2911 2650 3209 2705 mutilatam
3237 2665 3265 2704 a
3295 2650 3494 2706 Ruﬁno
3520 2653 3621 2705 ho-

2046 2744 2253 2799 miliam
2284 2745 2424 2798 hanc
2460 2743 2665 2813 opinati
2703 2752 2831 2798 sunt
2856 2743 3112 2810 quidam;
3146 2743 3239 2799 sed
3275 2743 3444 2797 multo
3474 2745 3621 2797 veri-

2047 2836 2275 2891 similius
2312 2845 2396 2891 est
2420 2835 2602 2904 plures
2631 2834 2798 2890 fuisse
2848 2834 3190 2890 homiliarum
3239 2836 3462 2890 istarum
3516 2833 3625 2888 col-

2047 2929 2327 2992 lectiones,
2356 2937 2411 2981 et
2461 2927 2514 2981 in
2544 2943 2649 2980 una
2682 2927 2899 2996 quidem
2941 2927 3237 2981 secundum
3272 2927 3506 2981 tenuisse
3538 2925 3621 2980 lor-

2049 3033 2171 3073 cum
2216 3017 2489 3073 homiliam
2523 3018 2689 3083 illam,
2740 3016 2881 3070 unde
2918 3016 3118 3085 prodiit
3147 3014 3455 3069 Philocalia:
3509 3013 3623 3068 fra-

2050 3118 2349 3181 gmentum,
2367 3125 2487 3179 qua:
2510 3124 2541 3164 a
2566 3109 2855 3164 Ruﬁniana
2886 3109 3202 3163 collectione
3225 3107 3482 3161 abfuerit.
3512 3105 3622 3160 Ho-

2054 3201 2231 3257 rnilias
2268 3202 2481 3271 quidem
2524 3202 2579 3255 in
2619 3199 2905 3263 Numeros,
2954 3214 3074 3269 quae
3130 3207 3453 3267 supersunt,
3499 3211 3531 3250 a
3565 3211 3625 3251 se

2054 3293 2307 3349 Collectas
2344 3282 2399 3345 et
2425 3292 2667 3359 digestas
2690 3290 2918 3345 Ruﬁnus
2948 3292 3062 3359 ipse
3099 3290 3379 3359 praedicat,
3408 3299 3466 3343 ut
3500 3304 3623 3343 mox

2054 3387 2317 3440 dicemus.
2360 3383 2605 3439 Homilize
2648 3386 2701 3437 in
2739 3383 3026 3437 Jeremiam
3072 3382 3141 3436 ab
3170 3381 3498 3452 Hieronymo
3525 3379 3628 3434 Lac

2056 3478 2166 3533 tine
2196 3479 2438 3545 redditaz,
2465 3478 2569 3531 alio
2608 3476 2799 3530 ordine
2852 3475 2905 3527 in
2942 3474 3180 3528 editione
3214 3473 3430 3537 Latina,
3460 3486 3626 3541 quam

2057 3571 2109 3625 in
2138 3570 2414 3625 codicibus
2451 3568 2659 3624 Graecis
2697 3566 2975 3622 collocatae
3009 3574 3137 3621 sunt
3166 3583 3181 3621 :
3216 3565 3359 3635 quod
3410 3574 3464 3620 et
3499 3565 3629 3620 alibi

2056 3661 2259 3716 factum
2282 3661 2716 3716 observabimus.
2751 3661 2892 3716 Idem
2927 3660 3108 3728 itaque
3138 3658 3376 3712 homiliis
3405 3659 3461 3711 in
3490 3656 3635 3712 Levi-

2056 3754 2215 3807 ticum
2240 3753 2546 3822 contigisse,
2576 3762 2633 3808 et
2676 3767 2775 3822 pro
2802 3753 3157 3820 interpretum
3200 3750 3636 3804 studiosorumve

2056 3844 2210 3900 libitu
2239 3845 2407 3900 variis
2442 3845 2613 3899 modis
2643 3844 2810 3899 fuisse
2840 3844 3069 3899 selectas
3106 3848 3160 3896 et
3206 3840 3480 3895 ordinatas
3518 3840 3634 3895 exi-

2055 3936 2278 3989 stiinare
2306 3933 2545 4003 proclive
2573 3942 2679 3987 est.

2127 4025 2216 4081 ιν.
2246 4025 2325 4080 Ex
2373 4024 2601 4093 Prnlogu
2632 4037 2792 4092 quem
2829 4019 3060 4090 praeﬁxit
3090 4018 3320 4075 Ruﬁnus
3367 4021 3633 4087 interpre-

2061 4117 2249 4170 tationi
2289 4131 2421 4181 sum,
2453 4123 2575 4169 octo
2595 4123 2649 4166 et
2682 4113 2871 4183 viginti
2917 4110 3263 4166 homiliarum
3297 4107 3544 4179 Origenis
3576 4110 3638 4163 in

2063 4207 2352 4274 Numeros,
2386 4221 2507 4274 quae
2545 4205 2610 4258 ad
2641 4204 2781 4258 hanc
2824 4202 2966 4258 diem
3014 4210 3321 4269 supersunt,
3347 4211 3401 4256 et
3424 4214 3487 4254 ex
3519 4201 3641 4269 ipso

2058 4300 2223 4356 etiam
2253 4298 2394 4370 stylo
2449 4296 2762 4367 intelligitur
2810 4296 3160 4351 vehementer
3217 4308 3310 4349 eos
3356 4292 3489 4359 falli,
3517 4293 3645 4363 qui-

384 4401 807 4473 lnterpretandis
840 4399 1077 4454 homiliis
1111 4397 1240 4463 illis,
1284 4404 1338 4451 et
1372 4410 1493 4464 quae
1521 4395 1577 4449 in
1602 4392 1866 4460 Genetius,
1903 4406 1960 4450 et
2060 4408 2275 4464 cunque
2301 4392 2463 4447 alium
2492 4391 2843 4459 interpretem
2860 4388 3140 4458 assignant
3172 4402 3332 4457 quam
3360 4385 3635 4439 Ruﬁnum.

387 4510 507 4565 qua:
560 4495 615 4547 in
639 4491 884 4547 Exodum
929 4487 1125 4544 habita:
1157 4494 1284 4542 sunt
1329 4500 1389 4542 se
1433 4485 1659 4556 gesserit
1707 4483 1955 4551 Rufinus,

2065 4506 2085 4540 ι
2126 4488 2490 4554 Quacunque,
2539 4482 2734 4552 inquit,
2794 4481 2849 4536 in
2901 4479 3260 4536 Numerorum
3310 4478 3469 4546 libro,
3524 4479 3649 4532 sive

386 4587 502 4657 ipse
547 4583 787 4640 declarat
837 4582 889 4635 in
917 4578 1255 4649 peroratione
1284 4591 1409 4631 mox
1435 4575 1600 4629 citata
1630 4593 1645 4629 :
1710 4593 1730 4627 ι
1761 4574 1961 4631 Fateor
1992 4602 2037 4658 ι)
2065 4576 2399 4633 homiliatico
2450 4572 2612 4644 stylo,
2651 4572 2765 4627 sive
2797 4571 2959 4626 etiam
2995 4585 3060 4625 ex
3101 4571 3185 4626 his
3216 4584 3336 4639 quae
3372 4570 3638 4638 Excerpta

388 4690 642 4744 namque,
673 4671 886 4727 Heracli
917 4670 1086 4724 frater
1110 4667 1507 4733 amantissime,
1532 4667 1677 4736 quod
1700 4667 1824 4721 dum
1856 4668 1960 4722 tuis

392 4765 679 4824 desideriis
704 4762 1020 4819 satisfacere
1043 4761 1224 4831 cupio,
1252 4758 1454 4814 oblitus
1481 4773 1600 4814 sum
1634 4774 1770 4827 pene
1801 4774 1957 4813 man-

388 4860 501 4915 dati
536 4873 645 4928 quo
685 4855 1026 4926 prmcipitur:
1048 4851 1197 4907 Onus
1221 4868 1386 4921 supra
1416 4853 1549 4906 vires
1579 4861 1697 4904 tuas
1727 4866 1791 4904 ne
1817 4850 1959 4904 leva-

388 4952 529 5008 veris
554 4950 600 4981 ⁸ο
628 4966 642 5004 :
687 4946 934 5015 quamvis
976 4944 1131 5000 nobis
1168 4958 1268 4998 nec
1313 4944 1367 4996 in
1408 4942 1619 4996 caeteris
1647 4956 1766 5010 qua:
1795 4952 1844 4997 te
1877 4944 1957 4995 in-

392 5045 639 5109 sistente,
675 5042 783 5095 imo
813 5037 991 5109 potius
1022 5051 1247 5107 pensum
1274 5034 1451 5089 diurni
1484 5034 1661 5103 operis
1690 5035 1961 5105 exigente,

394 5136 451 5193 in
470 5134 722 5192 Latinum
745 5132 1029 5198 vertimus,
1069 5126 1304 5184 defuerit
1329 5124 1592 5196 plurimus
1632 5124 1804 5189 labor,
1836 5126 1964 5181 dum

465 5278 512 5311 '°
541 5276 708 5332 Eccli.
747 5291 867 5339 xm,
896 5271 952 5327 2.

397 5425 569 5479 ratas,
596 5422 652 5467 ct
678 5413 743 5466 ab
779 5410 1013 5479 Origene
1057 5405 1198 5479 ipso,
1244 5418 1352 5457 non
1383 5405 1452 5459 ab
1498 5400 1757 5479 actuariis
1783 5398 1975 5479 editas,

400 5488 454 5541 id
515 5471 647 5539 sane
704 5471 907 5535 dubito'
944 5488 1011 5532 a‘n
1080 5471 1400 5544 cujusquam
1448 5473 1649 5544 veteris
1699 5471 1979 5544 scriptoris

401 5540 727 5611 auctoritate
785 5550 1017 5619 probare
1078 5540 1367 5619 potuisset.
1427 5543 1587 5619 certe
1640 5540 1809 5619 major
1854 5555 1979 5608 pars

401 5612 801 5693 septemdecim
834 5612 1184 5693 homiliarum
1216 5615 1269 5668 in
1297 5612 1549 5693 Genesim
1582 5613 1825 5682 mysticis
1854 5625 1978 5693 seu:

404 5683 553 5750 sibus
585 5691 908 5748 enarrandis
952 5687 1305 5756 impenditur.
1348 5683 1488 5761 Quid
1528 5698 1658 5761 ergo
1706 5696 1800 5761 eas
1831 5688 1979 5733 vetat

404 5766 659 5835 mysticas
678 5764 794 5835 dici
844 5769 899 5815 et
946 5752 1152 5835 partem
1203 5753 1555 5825 mysticarum
1607 5752 1969 5835 homiliarum,

404 5820 1043 5906 quarumllicronyrnus
1073 5828 1205 5882 duos
1238 5820 1627 5906 commemorat
1640 5820 1864 5902 libros?

480 5904 593 5976 (74)
625 5902 737 5959 Hoc
757 5901 835 5957 illi
861 5890 1104 5956 debemus
1128 5906 1322 5962 tamen,
1349 5894 1483 5968 quod
1505 5892 1737 5963 legitimo
1761 5890 1967 5946 auctori

2068 4665 2432 4735 appellantur,
2467 4662 2669 4729 scripta
2712 4658 3035 4727 reperimus,
3080 4657 3195 4712 bazc
3240 4663 3560 4725 perurgente
3588 4663 3651 4705 te

2068 4757 2375 4830 (Ursacium
2415 4747 2727 4823 alloquitur)
2764 4750 3005 4805 Romana
3030 4756 3088 4802 ut
3121 4748 3394 4818 potuimus
3424 4758 3556 4799 voce
3574 4758 3645 4797 ex

2067 4848 2299 4903 diversis
2351 4847 2405 4900 in
2455 4860 2619 4899 unum
2670 4841 2914 4897 ordinem
2969 4841 3193 4897 collecta
3237 4836 3576 4908 digessimus.
3618 4851 3643 4886 ι

2068 4940 2180 4995 Has
2216 4951 2407 5006 nempe
2429 4952 2564 5007 quas
2594 4934 2858 4991 habemus
2891 4933 3141 4988 homilias
3158 4931 3511 4997 undecunque
3534 4924 3653 4979 col-7

2068 5031 2239 5086 lectas
2266 5043 2364 5099 pro
2391 5028 2617 5083 arbitrio
2651 5042 2750 5082 suo
2785 5027 2836 5080 in
2865 5025 3108 5080 ordinem
3135 5020 3417 5090 disposuit,
3442 5015 3554 5086 (75)
3573 5015 3648 5070 si-

2080 5123 2301 5191 mulque
2330 5120 2496 5177 etiam
2523 5119 2728 5176 scholia
2760 5119 2872 5189 ipsa
2903 5113 3247 5187 permiscuit;
3275 5111 3420 5182 quod
3452 5106 3657 5163 Ruﬁno

2078 5398 2338 5453 restituta:
2356 5405 2501 5457 sunt,
2530 5407 2648 5462 qua:
2677 5384 3045 5462 intgeryrilli,
3082 5392 3192 5462 etc.
3221 5375 3658 5462 IVid'e'AdmonliT

2074 5446 2563 5523 iiBnétﬁ’"nosuéni
2617 5462 2684 5515 ad
2738 5446 3040 5529 ὲξήγῆτικά
3096 5456 3154 5530 in
3209 5449 3514 5530 Leuitifum,
3552 5446 3655 5530 ‘ubi

2078 5516 2509 5607 aliis
2555 5516 3163 5607 ration_ut'n"tnomentis
3189 5519 3527 5607 olenditnus
3548 5516 3658 5607 lto-

2076 5587 2410 5663 ﬁiiiiié‘titas
2434 5618 2554 5659 esse
2586 5600 2879 5673 genuinum
2924 5592 3202 5687 Origenis,
3248 5606 3353 5644 non
3391 5602 3521 5641 vero
3547 5587 3655 5655 Cy-

2075 5678 2177 5733 rilli
2219 5678 2410 5731 fetum.
2650 5741 2661 5745 _
2854 5737 2865 5745 _
2923 5735 2956 5745 ,,
3029 5733 3041 5745 ,
3156 5678 3170 5687 ⁷
3317 5729 3331 5741 .

2148 5723 2560 5817 agis-intumus
2591 5741 2752 5794 etiam
2789 5735 2991 5816 scholia
3022 5733 3135 5815 ipsa
3159 5727 3487 5855 germiscuit.
3514 5723 3657 5778 Illud

2148 5828 2220 5855 pm
2252 5818 2301 5855 tn
2334 5829 2495 5855 nautea
2526 5821 2610 5855 ρςι
2642 5825 2739 5855 cur
2767 5810 2820 5855 in
2850 5804 3112 5855 eiusmodi
3197 5798 3378 5855 omtlts
3402 5794 3655 5855 quaedam

2077 5794 2509 5874 ror‘ie'ini'éa'iisl
2526 5794 2610 5866 est
2642 5825 2739 5864 cur
2767 5810 2820 5863 in
2850 5794 3378 5875 ejusmddihomilis
3402 5794 3655 5875 quaedam

2076 5871 2442 5957 exiiteinporc
2486 5871 2891 5954 pronuntiata,'
2937 5871 3195 5932 nonnulla
3235 5883 3365 5928 vero
3411 5882 3479 5923 ex
3535 5871 3659 5921 otio
