4152 6410
497 406 632 467 ιξιι

1740 413 1798 471 P.
1839 416 2156 477 DANIELIS
2187 420 2418 477 HUETII

3619 432 3758 488 ηιξ

492 525 790 595 interprete
822 524 1044 597 dignum
1073 536 1213 583 erat.
1247 526 1433 585 Inanis
1470 529 1656 600 itaque
1703 542 1791 588 est
1841 534 2074 592 Andreae
2101 542 2149 600 Α
2175 538 2474 595 Gratianus
2496 539 2784 597 advertere
2805 540 3015 599 debuit.
3047 540 3290 598 Homilie
3323 544 3598 603 vicesima
3622 549 3757 606 insi-

494 616 672 674 Riveti
724 619 1068 683 observatio,
1120 629 1396 677 auctorem
1450 623 1794 679 homiliarum
1848 628 2072 684 istarum

492 708 748 766 Latinum
780 725 904 765 esse
956 726 1025 766 ex
1072 726 1139 767 eo
1194 716 1492 785 arguentis,
1545 716 1687 784 quod
1744 716 1928 772 homil.
1981 719 2071 786 i2,

492 814 644 854 num.
679 801 735 865 2,
773 799 1075 855 diﬁ'erentia
1107 811 1321 857 notetur
1359 803 1499 859 inter
1529 805 1787 860 excudere
1832 816 1888 861 et
1932 810 2072 863 επὶ-

489 894 615 947 dere
646 907 666 945 :
691 909 810 962 qua:
844 894 1021 949 Ruﬁni
1073 895 1389 965 interpretis
1433 899 1818 955 muniﬁcentia:
1849 911 2073 971 accepta

490 984 772 1041 referenda
835 996 985 1041 sunt.
1030 986 1414 1044 Oratiunculas
1448 1005 1578 1046 vero
1626 992 1683 1046 in
1740 991 2074 1050 Deuterono—

490 1078 653 1130 mium
687 1080 981 1148 quominus
1026 1079 1219 1135 Latine
1249 1083 1585 1151 exposuerit,
1614 1086 2071 1153 quemadmodum

490 1170 675 1225 animo
705 1173 1095 1237 destinaverat,
1123 1188 1270 1228 mors
1296 1175 1685 1243 impedimento
1709 1178 1829 1232 fuit.

562 1261 630 1317 V.
663 1264 924 1319 Homilias
955 1265 1208 1333 Origenis
1229 1267 1283 1319 in
1325 1264 1492 1321 Josue
1520 1281 1617 1321 sex
1666 1276 1723 1323 et
1758 1269 1945 1338 viginti
1976 1269 2076 1325 La-

491 1354 603 1409 tina
631 1354 789 1409 nobis
817 1356 1040 1410 exhibet
1082 1356 1273 1411 editio.
1303 1355 1631 1427 Hieronymo
1668 1357 2075 1429 interpretatio-

490 1462 617 1502 nem
650 1448 841 1503 tribuit
870 1447 1059 1503 titulus
1104 1447 1319 1518 Prologi
1352 1464 1365 1500 :
1404 1449 1498 1503 sed
1530 1458 1639 1503 tam
1674 1450 2073 1522 interpretatio,

488 1555 653 1610 quam
708 1540 1145 1609 interpretationi
1214 1540 1468 1610 praeﬁxos
1520 1540 1787 1615 Prologus
1849 1559 2075 1615 prorsus

488 1631 746 1687 Ruﬁnum
780 1642 1063 1687 auctorem
1097 1631 1319 1687 habent.
1366 1632 1446 1689 Ac
1473 1634 1646 1705 stylus
1675 1636 1894 1704 quidem
1931 1636 2075 1706 stylo

487 1726 830 1796 superiorum
889 1724 1235 1780 homiliarum
1295 1741 1419 1782 cum
1470 1728 1739 1782 orationis
1792 1737 2071 1795 contextu,

492 1829 605 1873 tum
661 1820 960 1874 dictionum
997 1818 1210 1874 delectu
1250 1834 1512 1889 perquam
1568 1820 1767 1876 similis
1804 1830 1909 1877 est.
1959 1819 2072 1877 Nec

2177 632 2266 702 gni
2299 641 2455 701 parte
2482 640 2699 687 constat
2720 632 3000 689 duodecim
3030 632 3347 691 Philocalia
3372 647 3553 708 caput.
3601 640 3755 697 Hanc

2176 722 2221 776 si
2253 735 2374 777 cum
2402 721 2582 777 Ruﬁni
2608 723 3057 794 interpretatione
3082 726 3617 791 contuleris,verene
3639 732 3755 788 haec

2177 812 2230 866 in
2258 810 2471 867 laudata
2507 813 2670 868 toties
2719 816 3063 883 peroratione
3088 814 3463 874 Commentar.
3502 818 3756 891 Origenis

2174 904 2229 956 in
2247 900 2540 973 Epistolam
2557 905 2626 958 ad
2641 903 2926 971 Romanos,
2945 908 3010 963 de
3023 924 3082 963 se
3108 912 3481 979 praedicaverit
3501 914 3749 982 Ruﬁnus,

2177 995 2551 1062 deprehendes
2591 1014 2606 1051 :
2637 1014 2656 1047 ι
2691 994 2827 1051 Nam
2858 997 2947 1052 illa
2972 1014 3093 1069 qua:
3125 1002 3177 1055 in
3226 1000 3354 1059 Jesu
3390 1002 3557 1069 Nave,
3603 1015 3659 1061 et
3698 1008 3755 1062 in

2174 1084 2427 1142 iudicum
2484 1087 2702 1153 librum,
2736 1098 2791 1144 et
2846 1090 2898 1144 in
2949 1091 3288 1152 tricesimum
3336 1104 3579 1163 sextum,
3610 1100 3755 1155 etin

2177 1180 2510 1234 tricesimum
2537 1180 2850 1251 septimum,
2873 1190 2929 1236 et
2958 1182 3291 1238 tricesimum
3320 1194 3573 1242 octavum
3605 1190 3755 1257 psal-

2177 1283 2324 1321 mum
2360 1268 2702 1339 scripsimus,
2740 1270 3070 1340 simpliciter
3094 1274 3467 1343 expressimus
3493 1285 3554 1331 ut
3602 1278 3758 1336 inve-

2176 1359 2381 1425 nimus,
2409 1370 2464 1415 et
2510 1377 2617 1416 non
2675 1363 2845 1418 multo
2890 1378 3013 1418 cum
3058 1362 3245 1421 labore
3306 1369 3701 1427 transtulimus.
3729 1391 3752 1425 ι

2177 1446 2434 1505 Ruﬁnum
2466 1451 2689 1521 quidem
2751 1455 3220 1525 interpretationis
3267 1457 3429 1527 hujus
3475 1471 3756 1518 auctorem

2176 1542 2428 1613 agnoscit
2459 1542 2719 1601 Erasmus
2758 1546 2811 1601 in
2852 1546 3075 1603 Censur.
3109 1548 3200 1603 lib.
3241 1549 3486 1621 0rigen.,
3520 1562 3578 1607 at
3610 1551 3758 1609 Prae-

2176 1634 2434 1691 fationem
2463 1636 2750 1693 conﬁctam
2786 1653 2816 1692 a
2854 1638 3168 1709 bibliopolis
3194 1650 3250 1697 et
3278 1645 3610 1711 suppositam
3635 1646 3760 1701 exi-

2176 1726 2384 1792 stimat,
2415 1725 2623 1781 idcirco
2644 1728 2787 1797 quod
2823 1728 3147 1786 solmcismis
3163 1740 3221 1786 et
3246 1736 3516 1790 sermonis
3538 1736 3760 1807 ineptiis

2178 1826 2409 1884 scateat,
2434 1827 2489 1875 et
2521 1819 2665 1889 quod
2692 1819 2946 1877 homilias
2979 1822 3113 1878 istas
3138 1822 3192 1877 in
3218 1821 3385 1878 Iosue
3407 1835 3759 1898 extempora-

490 1912 849 1982 interpretem
894 1927 953 1967 se
996 1887 1303 1969 dissimulat
1342 1887 1456 1983 ipse
1502 1912 1731 1969 Ruﬁnus
1755 1914 1808 1968 in
1836 1913 2072 1969 Perora-
2102 1887 2147 1943 Β
2174 1914 2254 1965 les
2307 1924 2430 1966 esse
2485 1887 2773 1982 signiﬁcet.
2802 1928 2927 1967 cum
2974 1913 3179 1969 scribat
3213 1923 3392 1971 tamen
3429 1887 3758 1976 Athanasius

488 2004 636 2057 tione
672 2017 783 2057 suae
822 2002 1293 2071 interpretationis
1318 2003 1851 2059 Commentariorum
1878 2004 2073 2074 Orige-

486 2095 575 2149 nis
590 2094 645 2147 in
666 2092 961 2163 Epistolam
990 2094 1059 2147 ad
1081 2093 1369 2151 Romanos.
1395 2095 1658 2168 Prologus
1680 2112 1899 2168 quoque
1918 2098 2072 2154 Ruﬁ-

488 2188 684 2243 nianas
734 2204 945 2245 merces
973 2190 1104 2246 olet.
1154 2189 1266 2244 Cur
1316 2188 1652 2261 Hieronymo
1698 2190 1935 2244 tributus
1978 2192 2070 2257 sit,

484 2292 668 2335 causa:
699 2280 751 2335 id
786 2279 953 2337 fuisse
980 2293 1130 2351 puto.
1160 2280 1468 2352 Scripserat
1507 2280 1559 2335 in
1591 2279 1822 2350 Prologo
1846 2281 2074 2338 Galeato

486 2367 857 2440 Hieronymus
904 2387 920 2423 :
964 2389 982 2422 ι
1022 2370 1078 2425 ln
1110 2370 1311 2442 templo
1363 2370 1457 2426 Dei
1489 2370 1649 2426 oﬁ'ert
1697 2374 2072 2444 unusquisque

486 2459 629 2529 quod
666 2469 875 2530 potest;
915 2461 1005 2516 alii
1032 2476 1249 2525 aurum,
1282 2470 1564 2530 argentum
1602 2470 1658 2517 et
1708 2460 1915 2532 lapides
1945 2477 2069 2532 pre-

487 2551 657 2607 tiosos
688 2567 701 2603 :
737 2552 832 2606 alii
880 2552 1105 2623 hyssum
1150 2560 1207 2607 et
1236 2566 1560 2622 purpuram,
1590 2563 1645 2606 et
1682 2565 1905 2607 coccum
1938 2549 2069 2607 olfe-

485 2652 635 2708 runt,
666 2657 723 2699 et
777 2644 1189 2715 hyacinthum:
1242 2643 1525 2699 nobiscum
1573 2644 1711 2701 bene
1768 2646 1972 2716 agitur,
2022 2648 2069 2701 si

484 2736 844 2792 obtulerimus
896 2736 1065 2807 pelles
1116 2745 1173 2792 et
1228 2750 1516 2805 caprarum
1551 2736 1711 2807 pilos.
1761 2756 1781 2790 ι
1837 2736 1960 2793 Haec
2013 2737 2068 2793 in

484 2826 721 2898 Prologo
745 2843 843 2884 suo
879 2827 1154 2899 expressit
1201 2826 1454 2892 Ruﬁnus,
1505 2836 1561 2882 et
1615 2827 1884 2883 dilatavit.
1925 2828 2068 2884 Idem

482 2919 865 2978 Chromatium
900 2920 1393 2991 alloquitur,quem
1418 2919 1834 2976 Praefationibus
1865 2922 1981 2977 suis
2013 2922 2070 2975 in

486 3012 903 3082 Paralipomena
933 3023 988 3069 et
1014 3013 1071 3066 in
1102 3012 1321 3067 Tobiam
1356 3012 1716 3084 Hieronymus
1758 3014 2065 3084 compellat.

484 3104 597 3161 Hos
638 3106 716 3161 illi
758 3106 946 3162 titulos
987 3105 1214 3176 largitur
1272 3105 1544 3162 Ruﬁnus:
1582 3124 1602 3159 ι
1641 3105 1685 3162 0
1732 3106 1806 3161 mi
1851 3121 2068 3177 semper

484 3200 818 3255 venerabilis
848 3209 1009 3271 pater
1036 3199 1350 3265 Cltromati;
1384 3217 1403 3252 ι
1437 3199 1571 3255 istos
1618 3198 1983 3271 Hieronymus
2013 3201 2064 3254 in
2093 3232 2135 3290 ρ

481 3290 714 3363 Prologo
735 3292 856 3347 libri
890 3307 933 3347 ιι
960 3290 1275 3347 Comment.
1313 3292 1369 3345 in
1403 3289 1657 3346 Habacuc
1684 3308 1703 3347 :
1731 3308 1750 3343 ι
1783 3291 1851 3346 Mi
1891 3291 2069 3347 Chro-

481 3386 788 3455 mati,papa
818 3384 1195 3441 venerabilis.»
1216 3384 1329 3456 (16)
1354 3384 1436 3439 Ex
1468 3384 1553 3438 his
1581 3393 1740 3439 natus
1759 3398 1937 3439 error.
1960 3383 2067 3439 Nec

484 3476 541 3531 id
575 3490 704 3531 casu
738 3486 941 3543 tamen,
976 3476 1071 3532 sed
1122 3476 1329 3531 dolosis
1370 3474 1553 3529 Ruﬁni
1600 3475 1813 3530 artibus
1861 3473 2065 3529 factum

484 3568 744 3637 coniicio,
781 3568 873 3636 qui
922 3582 1046 3623 eum
1081 3581 1141 3622 se
1185 3564 1516 3637 Origenismi
1562 3566 1725 3637 vulgo
1754 3577 2064 3638 suspectum

480 3675 627 3723 esse,
656 3668 1057 3730 proptereaque
1116 3660 1298 3713 minus
1324 3656 1625 3712 vendibiles
1670 3674 1881 3716 merces
1931 3676 2066 3719 suas

483 3748 833 3819 intelligeret,
888 3748 1069 3804 fucum
1127 3748 1366 3803 incautis
1414 3746 1712 3804 lectoribus
1757 3748 1940 3806 facere
1969 3766 2065 3807 vo-

479 3843 650 3898 luisse
688 3841 984 3897 verisimile
1024 3850 1142 3908 est;
1196 3839 1510 3911 Hieronymi
1550 3851 1730 3896 autem
1761 3844 2062 3901 adversarii

480 3936 564 3989 sui
600 3948 799 3990 nomen
833 3933 1191 4003 praescripsit,
1218 3946 1327 4001 quo
1356 3945 1483 3986 eum
1513 3944 1732 4002 quoque
1774 3932 1829 3987 in
1875 3933 2065 4006 Orige-

478 4028 640 4083 nismi
675 4027 1040 4097 suspicionem
1073 4034 1317 4090 vocaret,
1353 4040 1383 4078 a
1411 4039 1519 4093 quo
1547 4036 1653 4079 tam
1688 4040 1833 4097 saepe
1854 4028 2063 4084 doctri-

479 4134 565 4173 na:
616 4119 779 4188 hujus
829 4118 1007 4173 fuerat
1050 4117 1394 4173 criminatus.
1454 4118 1567 4189 (77)
1618 4117 1793 4173 Simili
1844 4119 2064 4176 vafritie

479 4212 741 4267 adversus
766 4226 889 4266 eum
922 4225 1050 4265 usus
1077 4219 1160 4265 est
1190 4213 1244 4264 in
1272 4213 1623 4281 peroratione
1654 4212 2063 4281 interpretatio-

478 4305 566 4359 nis
590 4303 1118 4358 Commentariorum
1147 4301 1395 4375 Origenis
1427 4304 1484 4357 in
1508 4301 1808 4373 Epistolam
1841 4304 1911 4356 ad
1953 4303 2059 4357 Ro-

476 4404 769 4458 manos,ut
797 4410 896 4450 suo
924 4394 1046 4449 loco
1092 4407 1123 4446 a
1184 4393 1341 4448 nobis
1387 4393 1621 4449 dicetur.
1658 4392 1839 4447 Ruﬁni
1877 4402 2061 4448 autem

478 4502 586 4543 non
630 4488 807 4541 minus
858 4486 1148 4541 familiaris
1197 4486 1366 4540 fuisse
1426 4485 1641 4542 videtur
1689 4484 2061 4547 Chromatius.

2174 2000 2648 2072 diligentissimum
2683 2002 2973 2073 Origenem
3002 2003 3189 2061 fuisse.
3211 2005 3407 2062 Futilia
3435 2022 3567 2064 sane
3598 2024 3759 2081 argu-

2173 2101 2377 2148 menta.
2431 2092 2598 2161 Quasi
2654 2109 2761 2149 non
2804 2099 3109 2152 orationem
3152 2111 3306 2153 suam
3360 2099 3760 2169 stribliginibus

2172 2198 2387 2255 quoque
2436 2185 2811 2257 inquinaverit
2848 2187 3107 2252 Ruﬁnus;
3157 2191 3312 2259 quasi
3362 2207 3468 2247 non
3503 2192 3760 2249 homilias

2171 2284 2228 2331 et
2257 2291 2323 2332 ex
2346 2285 2585 2348 tempore
2609 2280 3039 2349 pronuntiaverit
3058 2280 3344 2352 Origenes,
3369 2292 3425 2338 et
3457 2297 3553 2351 per
3573 2284 3747 2338 otium

2173 2366 2565 2439 lucubraverit,
2600 2380 2660 2425 ut
2692 2370 2836 2427 infra
2878 2372 3399 2431 demonstrabimus.
3457 2375 3584 2432 Haec
3617 2375 3758 2431 Era-

2173 2461 2277 2517 smi
2312 2476 2544 2517 censura
2579 2465 2932 2533 quantumvis
2976 2464 3180 2535 inepta,
3227 2466 3547 2537 ineptiorem
3590 2468 3756 2523 etiam

2172 2554 2333 2610 istam
2362 2570 2394 2609 a
2431 2553 2987 2626 Hagdeburgensibus
3021 2558 3291 2629 expressit
3321 2557 3478 2613 Cent.
3530 2560 3587 2625 ὅ,
3624 2573 3753 2629 cap.

2173 2646 2262 2711 10,
2301 2665 2321 2699 ι
2363 2646 2420 2701 In
2456 2647 2654 2701 librum
2683 2646 2812 2703 Jesu
2858 2647 3005 2703 Nave
3051 2651 3288 2707 homilim
3309 2651 3381 2707 26
3423 2662 3744 2722 supersunt,

2172 2754 2294 2809 qua:
2316 2754 2422 2795 non
2453 2753 2573 2795 esse
2592 2740 2845 2812 Origenis
2878 2740 3140 2799 Erasmus
3163 2744 3395 2815 judicat,
3420 2760 3487 2800 ex
3535 2744 3755 2802 soloeci-

2171 2832 2305 2888 smis
2353 2833 2679 2899 dictionum,
2729 2844 2783 2888 et
2829 2834 3161 2890 locutionum
3218 2839 3652 2909 improprietate,
3703 2847 3759 2895 et

2173 2924 2446 2978 sermonis
2479 2924 2733 2994 ineptiis;
2765 2925 2893 2980 item
2927 2941 2992 2981 ex
3028 2927 3256 2997 singulis
3292 2929 3598 3001 allegoriis;
3641 2940 3755 2986 tum

2169 3016 2315 3085 quod
2360 3014 2726 3088 Hieronymus
2782 3018 2835 3072 in
2886 3017 3140 3089 Catalogo
3178 3021 3494 3089 scriptorum
3548 3022 3750 3077 nullam

2170 3106 2335 3176 hujus
2368 3108 2551 3177 operis
2604 3108 2938 3164 mentionem
2992 3109 3178 3166 faciat.
3207 3130 3226 3165 ι
3262 3110 3415 3178 Quod
3447 3112 3515 3168 de
3548 3112 3754 3168 Prafa-

2173 3196 2321 3253 tione
2374 3197 2515 3252 dixit
2563 3197 2841 3261 Erasmus.
2876 3199 2945 3255 de
2992 3201 3233 3258 homiliis
3266 3202 3471 3258 dictum
3498 3202 3753 3259 arbitrati

2176 3296 2304 3343 sunt
2354 3287 2869 3361 Hagdeburgenses.
2906 3289 2965 3346 1d
3001 3291 3160 3363 longe
3214 3294 3369 3349 abest
3415 3296 3485 3349 ab
3539 3294 3754 3351 Erasmi

2175 3382 2440 3437 scntentia
2474 3401 2489 3438 :
2532 3398 2657 3438 nam
2694 3382 2797 3439 hoc
2852 3394 3176 3454 argumento
3215 3386 3615 3456 supposititiam
3650 3402 3756 3457 pu-

2175 3480 2256 3526 tat
2287 3472 2689 3538 Prtefationem,
2728 3489 2834 3528 non
2874 3474 3019 3544 quod
3062 3475 3319 3532 homilias
3357 3478 3491 3533 istas
3525 3476 3751 3549 Origeni

2174 3562 2312 3619 falso
2339 3562 2455 3632 ipsa
2504 3561 2764 3627 ascribat,
2793 3563 2888 3618 sed
2932 3563 3075 3631 quod
3109 3579 3175 3621 ex
3222 3575 3465 3636 tempore
3519 3567 3590 3622 ab
3634 3570 3754 3637 ipso

2176 3656 2433 3710 recitatus
2461 3654 2628 3711 fuisse
2667 3655 2876 3710 doceat.
2918 3655 3054 3711 Tum
3083 3658 3234 3713 addit
3268 3675 3330 3711 ιι
3375 3658 3471 3713 liis
3498 3660 3751 3729 adjiciam

2172 3748 2316 3817 quod
2339 3758 2396 3801 ut
2426 3748 2791 3819 Hieronymus
2818 3748 2869 3802 in
2902 3748 3157 3820 Catalogo
3189 3754 3506 3819 scriptorum
3546 3753 3751 3809 nullam

2172 3838 2333 3907 hujus
2361 3839 2546 3909 operis
2575 3839 2707 3895 facit
2754 3840 3109 3907 mentionem,
3143 3842 3219 3897 ita
3253 3842 3485 3900 Ruﬁnus
3515 3845 3571 3900 in
3621 3861 3750 3919 per-

2173 3932 2423 3988 oratione
2444 3947 2608 4002 quam
2662 3932 2824 4003 paulo
2848 3941 2976 3987 ante
3006 3934 3318 4001 citavimus,
3362 3938 3650 4007 proﬁtetur
3692 3956 3752 3997 se

2172 4024 2330 4094 hujus
2357 4025 2501 4090 libri,
2529 4034 2585 4080 et
2615 4026 2894 4095 sequentis
2915 4025 3166 4083 iudicum
3194 4028 3573 4099 interpretem.
3604 4052 3625 4085 ι
3654 4034 3748 4089 Ait

2171 4116 2435 4171 Erasmus
2467 4130 2631 4187 opera
2687 4131 2785 4172 sua
2844 4128 3220 4174 recensentem
3269 4119 3653 4194 Hieronymum
3695 4125 3749 4177 in

2172 4208 2429 4279 Catalogo
2482 4208 2799 4277 scriptorum
2841 4209 3041 4263 nullam
3090 4211 3553 4282 interpretationis
3588 4214 3752 4283 hujus

2170 4300 2366 4356 fecisse
2416 4298 2781 4363 mentionem;
2836 4298 3094 4355 Ruﬁnum
3124 4315 3257 4357 vero
3290 4302 3347 4357 in
3399 4306 3750 4372 peroratione

2168 4391 2411 4463 subjecta
2438 4390 2861 4446 Commentariis
2893 4387 3146 4461 Origenis
3199 4394 3260 4448 in
3322 4394 3620 4463 Epistulam
3679 4397 3750 4451 ad

2173 4482 2441 4539 Romanos
2473 4497 2532 4539 se
2578 4482 2699 4554 ejus
2730 4492 3009 4539 auctorem
3050 4499 3172 4541 esse
3220 4486 3549 4555 professum.
3571 4490 3753 4559 Atque

478 4594 642 4649 quam
699 4577 1041 4649 Hieronymi,
1078 4588 1264 4649 utpote
1294 4579 1582 4649 episcopus
1624 4575 1908 4646 Aquileiae,
1941 4590 2063 4645 qua:
2095 4601 2139 4656 ι)
2168 4578 2245 4630 ait
2276 4577 2327 4630 id
2361 4576 2602 4646 quidem,
2644 4584 2705 4630 ut
2739 4574 3022 4643 Ruﬁnum,
3054 4591 3161 4632 non
3209 4576 3625 4649 Hieronymum,
3668 4581 3754 4635 in-

477 4672 658 4727 Ruﬁni
690 4672 865 4742 patria
894 4672 1014 4727 fuit.
1042 4671 1333 4727 Gratianus
1358 4685 1517 4726 causa
1544 4671 1636 4736 23,
1666 4678 1859 4739 quaest.
1888 4668 1944 4731 l,
1990 4682 2059 4722 ex

476 4760 697 4817 homilia
742 4760 811 4815 l5
852 4761 1100 4829 Origenis
1151 4760 1207 4814 in
1240 4760 1405 4815 Iosue
1452 4760 1632 4814 locum
1681 4757 1859 4825 affert,
1892 4771 2054 4828 quem

474 4852 739 4923 Gregorio
782 4853 1029 4907 ascribit.
1085 4850 1289 4922 Nempe
1342 4853 1522 4907 locum
1562 4854 1707 4907 hunc
1747 4852 1853 4907 sibi
1895 4867 2057 4907 usur-

474 4955 703 5017 paverat
753 4943 1071 5015 Gregorius,
1128 4959 1291 5016 quem
1341 4944 1562 5001 aliunde
1611 4952 1893 5015 arreptum
1937 4957 2061 4999 esse

476 5125 686 5201 scripta
725 5135 780 5181 et
810 5123 984 5179 fusius
1002 5132 1346 5201 pertractata
1371 5122 1683 5178 videantur.
1723 5122 1861 5201 Hinc
1885 5124 2051 5201 etiam

479 5194 700 5260 accidit,
731 5207 789 5250 ut
837 5196 1085 5250 neutrius
1120 5197 1301 5267 Operis
1332 5204 1544 5265 tempus
1594 5204 1745 5248 certo
1778 5194 1891 5262 jam
1922 5194 2054 5249 assi-

514 5268 625 5321 nari
659 5276 839 5321 oueat.

475 5282 625 5335 gnari
659 5282 839 5337 queat.

548 5338 660 5407 (76)
695 5336 777 5391 E1:
824 5339 905 5391 his
960 5348 1115 5390 natus
1154 5352 1326 5390 error.
1356 5332 1477 5407 Nec
1504 5335 1558 5388 id
1581 5345 1932 5407 cumtamen,
1966 5333 2058 5407 sed

475 5404 675 5461 dolosis
733 5407 905 5477 Ruﬁni
956 5409 1179 5470 artibus,
1204 5418 1309 5460 etc.
1356 5404 1499 5477 Levii
1521 5406 1823 5477 admodum
1866 5406 2059 5477 ﬁtnda-

475 5488 660 5532 tnento
684 5475 873 5532 nititur
904 5478 1077 5533 Huetii
1103 5480 1439 5545 conjectura.
1469 5476 1612 5543 Quid
1647 5475 1830 5530 enim?
1868 5475 1944 5529 Ex
1989 5488 2056 5527 eo

517 5549 620 5620 uod
674 5546 1035 5620 Hieronymus
1074 5546 1288 5620 Prolog.
1342 5547 1445 5620 lib.
1494 5564 1531 5602 ιι
1588 5545 1963 5620 Commentar.
1998 5546 2055 5597 in

517 5564 620 5602 nou
676 5564 1035 5620 Hieronymus
1074 5564 1288 5617 rrotog.
1342 5564 1437 5603 nn.
1494 5564 1531 5602 ιι
1596 5564 1963 5602 uommemar.
1998 5564 2055 5597 ιη

476 5564 757 5687 ἳΐαὺαειιο,
804 5623 870 5673 ad
905 5618 1280 5677 Chromatium
1344 5617 1627 5686 scripSerit
1660 5631 1677 5670 :
1714 5635 1749 5687 (A
1776 5616 1841 5669 Mi
1887 5617 2057 5687 Chro-

477 5689 638 5751 mati,
667 5685 802 5759 papa
832 5689 1178 5751 venerabilis,
1206 5707 1223 5740 ι
1256 5685 1483 5759 Rufinus
1511 5688 1687 5759 eidem
1714 5685 2050 5759 Chromatiu,

476 5759 633 5829 cujus
669 5754 775 5813 non
811 5760 991 5813 minus
1026 5759 1311 5829 familiaris
1334 5757 1503 5813 fuisse
1527 5758 1821 5829 videtur;‘
1850 5754 2052 5829 Huetio

478 5824 597 5895 ipso
617 5828 816 5891 judice,
846 5843 1007 5893 quam
1056 5827 1438 5898 Hieronymus,
1494 5828 1699 5894 absque
1727 5824 1943 5898 vafritie
1968 5824 2051 5877 di-

481 5894 604 5953 cere
636 5914 739 5953 non
776 5898 947 5967 potuit
984 5912 997 5946 z
1040 5914 1057 5947 ι
1094 5894 1139 5951 0
1194 5894 1277 5951 mi
1305 5909 1516 5968 semper
1548 5895 1869 5952 venerabilis
1897 5902 2051 5967 pater

2170 4667 2579 4737 terpretationis
2608 4665 2772 4737 hujus
2822 4679 3104 4723 auctorem
3136 4683 3260 4724 esse
3290 4672 3516 4739 probet;
3554 4686 3659 4726 non
3691 4680 3755 4727 ut

2166 4755 2305 4813 falso
2330 4757 2584 4812 homilias
2612 4758 2757 4827 ipsas
2804 4756 3137 4812 Adamantio
3163 4757 3363 4812 ascribi
3391 4757 3750 4822 demonstret,

2165 4850 2310 4921 quod
2337 4859 2668 4919 putaverunt
2698 4847 3209 4917 Hagdeburgenses.
3257 4848 3350 4904 Sic
3379 4848 3595 4904 demum
3619 4863 3753 4905 con-

2169 4939 2340 4998 cludit
2376 4958 2393 4995 :
2424 4959 2443 4993 s
2478 4940 2604 4996 Haec
2632 4939 2878 5011 pluribus
2907 4940 3185 4997 inculcare
3205 4941 3381 4996 visunt
3400 4950 3507 5004 est,
3532 4942 3604 4997 ob
3632 4955 3751 4996 mon

2156 5120 2479 5175 Chromati?
2516 5138 2536 5172 ι
2572 5119 2649 5173 Ex
2695 5132 2760 5174 eo
2805 5118 2950 5186 quod
2995 5116 3364 5189 Hieronymus
3423 5118 3476 5172 in
3517 5118 3751 5185 Prologo

2158 5190 2384 5247 Galeam
2414 5191 2657 5246 dixerit:
2698 5209 2717 5241 ‹
2752 5190 2806 5243 In
2846 5189 3045 5257 templo
3082 5191 3170 5259 Dei
3192 5188 3352 5244 effert
3370 5191 3750 5259 unusquisque

2159 5262 2302 5385 good
2338 5270 2533 5327 potest,
2562 5281 2580 5313 ι
2619 5271 2753 5327 etc.,
2787 5258 3101 5342 Ruﬁnusin
3131 5258 3365 5329 Prologo
3391 5274 3491 5313 suo
3536 5258 3749 5341 absque

2202 5333 2369 5385 olosis
2402 5332 2609 5385 artibus
2635 5332 2886 5385 eumdem
2916 5330 3216 5385 Scriptura;
3244 5338 3557 5384 contextum
3579 5331 3749 5383 divero

2196 5333 2383 5413 .olosis_
2402 5332 2609 5413 artibus
2635 5332 2886 5385 eumdem
2916 5331 3749 5413 ScripturaecontextumIdivero

2164 5403 2240 5456 sis
2274 5402 2453 5456 verbis
2502 5404 2568 5455 ad
2623 5416 2753 5456 usus
2802 5415 2931 5455 suos
2960 5398 3373 5456 accommbdare
3412 5409 3469 5453 et
3515 5398 3747 5454 dilatare

2164 5487 2272 5551 non
2310 5473 2521 5540 potuit?
2553 5471 2749 5527 Credat
2785 5471 3014 5551 _.lu<_lams
3058 5470 3268 5551 Apella.
3308 5469 3555 5551 Deinde,"
3580 5468 3744 5551 si_ex

2164 5542 2253 5627 his
2282 5539 2442 5627 natus
2476 5557 2652 5623 error,
2690 5543 2834 5596 unde
2867 5542 3166 5627 factumest
3196 5551 3254 5627 ut
3275 5542 3463 5627 plures
3488 5539 3609 5627 aliae
3633 5539 3747 5593 Ru-

2162 5613 2254 5666 ﬁni
2298 5615 2806 5680 interpretationes,
2847 5613 2937 5666 ubi
2963 5620 3142 5665 tamen
3174 5611 3307 5664 nihil
3343 5611 3609 5680 ejusmodi
3648 5622 3743 5663 re-

2778 5682 2964 5737 itidem
3007 5684 3060 5737 in
3093 5681 3421 5750 quibusdam
3453 5680 3742 5736 codicibus

2159 5752 2362 5808 fuerint
2392 5752 2703 5808 attributus?

2159 5891 2293 5952 Vide
2328 5891 2448 5966 quae
2471 5892 2609 5952 infra
2634 5894 3037 5985 observavimus
3063 5908 3215 5950 nam.
3246 5891 3329 5949 ιε.
