4152 6402
537 411 679 467 1215

1804 406 1859 461 Ρ.
1904 406 2220 462 DANIELIS
2260 407 2492 464 HCETH

3654 426 3793 483 1216

539 522 866 581 Psalterium
893 524 1180 594 scripsisse
1220 524 1387 578 tradit
1434 524 1792 596 Hieronymus
1826 523 1901 578 De
1932 528 2114 591 script.
2148 530 2193 587 Α
2224 541 2405 581 suum.
2452 548 2472 583 ι
2510 528 2565 583 ln
2592 530 2816 584 bomilia
2853 547 2986 587 vero
3020 534 3201 601 priore
3223 535 3292 590 ab
3317 534 3644 609 Hieronymo
3688 542 3794 596 La-

538 617 751 681 eccles.,
787 634 912 687 cap.
944 617 1035 672 36.
1063 617 1325 672 Eumdem
1353 626 1532 670 autem
1568 616 1954 687 Hieronymum
1988 617 2114 671 alibi

542 709 891 778 probavimus
926 710 1062 764 falso
1102 711 1299 765 ibidem
1327 709 1576 765 docuisse
1602 710 1890 779 Origencm
1914 711 1964 763 in
1996 709 2119 778 Ilip-

541 800 707 869 polyti
739 801 1141 854 aemulationem
1187 801 1252 854 ad
1312 802 1759 869 interpretandas
1804 800 2118 869 Scripturas

538 906 660 944 sese
690 892 1017 945 accinxisse.
1046 891 1216 960 Igitur
1249 893 1331 947 vel
1363 892 1601 961 Catalogi
1626 893 2001 957 conciunator,
2033 893 2117 947 vel

537 984 627 1049 qui
655 984 895 1037 codicem
937 985 1109 1053 ipsum
1141 985 1527 1050 descripserat,
1564 982 1857 1052 Origenem
1906 986 2119 1052 putavit

540 1074 596 1127 in
630 1074 950 1142 explicando
985 1075 1251 1129 Psalterio
1300 1075 1567 1145 llippolyti
1616 1076 1943 1130 imitatorem
1969 1085 2024 1129 et
2054 1076 2118 1129 li-

537 1163 667 1217 lium
710 1165 897 1219 fuisse.
933 1166 1195 1220 Scribunt
1239 1178 1498 1235 praeterea
1538 1165 1715 1221 Josias
1755 1167 2020 1222 Simlerus
2063 1176 2119 1223 et

535 1256 818 1311 Conradus
847 1257 1056 1312 Frisius
1090 1260 1141 1312 in
1175 1257 1411 1326 Epitome
1457 1257 1793 1311 Bibliotheca
1838 1256 2119 1312 Cameria-

538 1366 645 1415 ηε,
706 1351 758 1402 in
809 1348 1066 1417 Origene,
1126 1350 1352 1418 aliique,
1416 1347 1806 1419 Origenianam
1863 1348 2117 1405 Psalterii

535 1442 933 1511 expositionem
1002 1442 1056 1496 in
1120 1442 1365 1497 Caesarea
1422 1440 1714 1495 Viennensi
1790 1442 2117 1499 bibliotheca

537 1533 830 1589 asservari.

607 1622 779 1679 Porro
832 1639 863 1679 e
914 1624 1074 1680 tomis
1144 1622 1198 1676 in
1265 1622 1530 1691 psalmum
1578 1622 1812 1690 primum
1859 1622 2119 1680 habemus

537 1727 727 1785 partes
777 1715 988 1784 aliquas
1030 1715 1169 1785 apud
1209 1712 1567 1781 Epiphaniam
1601 1713 1733 1767 liter.
1774 1712 1866 1777 61,
1900 1728 2021 1783 cap.
2059 1715 2115 1779 6,

536 1818 591 1863 et
626 1806 938 1862 Philocaliw
982 1823 1103 1877 cap.
1148 1807 1186 1861 2
1205 1817 1260 1861 et
1286 1807 1339 1869 5.
1365 1814 1422 1861 et
1444 1806 1582 1874 apud
1608 1805 1900 1861 Eusebium
1944 1807 2038 1862 lib.
2064 1823 2117 1863 vt

2223 618 2335 671 tine
2392 619 2602 671 reddita
2648 638 2661 674 :
2716 638 2734 670 ι
2774 620 2865 674 Hae
2915 621 3113 690 quippe
3155 625 3206 675 in
3267 622 3369 676 hoc
3408 624 3565 689 libro,
3616 626 3795 696 inquit

2217 725 2368 764 num.
2399 710 2453 774 1,
2485 709 2662 766 fabula
2694 714 2899 780 pariter
2922 723 2976 766 et
3002 715 3371 782 epithalamio,
3403 726 3528 771 sunt
3549 734 3794 787 personas

2216 810 2283 850 ex
2332 812 2438 866 quo
2480 807 2536 852 et
2577 800 2807 866 gentiles
2850 802 2949 854 sibi
2984 803 3386 870 epithalamium
3431 808 3791 875 vindicarunt,

2215 896 2270 941 et
2306 887 2465 941 istius
2492 890 2710 958 generis
2733 906 2953 944 carnem
2985 904 3323 963 assumptum
3367 906 3470 951 est.
3516 898 3792 968 Epithala-

2218 978 2385 1031 mium
2438 979 2707 1048 siquidem
2755 980 3041 1035 Canticum
3082 986 3439 1043 canticorum.
3484 1007 3503 1041 ι
3553 989 3791 1045 Primum

2216 1069 2423 1123 Cantici
2453 1086 2666 1124 versum
2692 1087 2964 1141 exponens
2988 1074 3043 1127 in
3076 1075 3414 1149 ψευδωνύμῳ
3438 1078 3656 1135 hontilia
3674 1100 3795 1151 qua:

2217 1160 2503 1231 Prologum
2532 1164 2735 1232 excipit
2767 1180 2823 1233 p.
2857 1163 2947 1228 ⁸58,
2990 1168 3183 1220 scribit
3237 1168 3297 1220 τὸ
3330 1171 3659 1240 ἡγεμονικόν
3704 1190 3798 1228 va-

2219 1255 2317 1309 riis
2343 1256 2655 1310 nominibus
2682 1257 2735 1310 in
2756 1257 3039 1326 Scriptura
3067 1272 3254 1313 sancta
3280 1263 3511 1331 signari,
3534 1267 3615 1318 vel
3641 1282 3796 1321 voca-

2218 1348 2347 1402 bulo
2374 1348 2578 1414 cordis,
2626 1349 2711 1403 vel
2760 1351 2999 1419 pectoris
3028 1366 3090 1406 ac
3122 1351 3299 1417 sinus,
3346 1356 3392 1409 si
3442 1358 3507 1411 de
3557 1358 3796 1413 discum-

2219 1440 2475 1495 bentibus
2507 1440 2559 1495 in
2592 1442 2846 1498 convivio
2878 1453 3109 1514 agatur;
3148 1446 3292 1498 Vell".
3337 1463 3457 1502 cum
3506 1465 3665 1520 super
3696 1468 3795 1520 pe-

2216 1540 2336 1586 ctus
2365 1528 2491 1587 Jesu
2525 1534 2841 1589 recubuisse
2886 1534 3086 1589 dicitur
3132 1534 3393 1602 Joannes,
3429 1538 3632 1595 Christi
3666 1544 3797 1611 ἠγε-

2221 1621 2444 1691 μονικὸν
2475 1637 2597 1677 esse
2626 1623 3031 1695 intelligendum
3061 1644 3075 1679 :
3130 1626 3182 1679 in
3234 1626 3473 1683 Levitico
3521 1631 3660 1686 idem
3694 1648 3794 1687 ex-

2217 1713 2381 1783 primi
2405 1728 2503 1782 per
2533 1717 2909 1784 pectusculum
2930 1726 2986 1772 et
3012 1733 3247 1786 armum,
3291 1722 3383 1789 qui
3418 1725 3796 1781 sacerdotibus

2219 1814 2553 1873 separatur;
2605 1807 2660 1861 in
2711 1808 2938 1864 Cantica
2983 1825 3113 1866 vero
3154 1827 3254 1880 per
3298 1813 3484 1867 ubera.
3537 1814 3673 1869 Tum
3723 1818 3795 1871 ita

538 1898 775 1965 Ηίθεοι,
820 1914 943 1967 cap.
969 1896 1058 1958 25,
1086 1905 1142 1951 et
1170 1895 1363 1951 iterum
1392 1894 1529 1963 apud
1548 1892 1908 1962 Epiphanium
1948 1894 1999 1947 in
2024 1908 2121 1949 ea-
2152 1886 2195 1940 Β
2224 1896 2535 1951 concludit:
2578 1916 2598 1949 ‹
2626 1898 2731 1953 Cor
2757 1910 2927 1967 tuum,
2966 1917 2999 1957 ο
3030 1905 3247 1971 Sponse
3288 1920 3458 1966 meus,
3495 1906 3547 1960 id
3577 1916 3659 1961 est
3701 1908 3797 1962 do-

538 1985 660 2039 dem
714 1985 847 2041 haar.
888 1999 1008 2053 cap.
1054 1984 1120 2040 l0
1165 1992 1221 2038 et
1263 1982 1403 2051 apud
1456 1980 1796 2049 Pamphilum
1825 1983 1877 2037 in
1912 1983 2111 2047 Apolo-

534 2078 723 2147 getico,
751 2076 837 2129 ubi
875 2084 1087 2128 sextam
1118 2074 1376 2127 adversus
1425 2073 1717 2142 Origenem
1771 2072 2112 2128 criminatio-

537 2185 662 2225 nem
709 2168 927 2223 refellit.
969 2166 1203 2220 Rursum
1257 2165 1471 2234 insigne
1516 2174 1857 2232 segmentum
1899 2178 1929 2217 e
1965 2175 2113 2219 tomo

536 2264 596 2317 in
627 2260 900 2315 Psalmum
928 2268 1174 2327 quartum
1212 2255 1432 2311 exhibet
1476 2254 1768 2309 Philocalia
1815 2256 1993 2323 capite
2017 2254 2111 2321 25,

536 2368 593 2411 et
616 2356 760 2409 aliud
789 2368 820 2408 e
846 2349 1264 2407 Commentariis
1292 2352 1345 2404 in
1371 2350 1646 2403 Psalmum
1677 2361 1881 2402 sextum
1910 2349 2114 2415 Apolo-

534 2449 736 2516 getictts
791 2443 1085 2513 Pamphili,
1138 2443 1427 2512 septimam
1508 2441 1799 2495 confutans
1850 2441 2114 2495 adversus

534 2542 825 2609 Origenem
880 2536 1363 2601 criminationem;
1407 2542 1465 2589 et
1525 2533 1671 2587 aliud
1729 2533 1927 2587 iterum
1968 2532 2111 2587 idem

533 2633 927 2702 Apologeticus,
992 2638 1199 2684 sextam
1259 2628 1697 2683 criminationem
1754 2636 2033 2689 tractans,
2082 2640 2115 2680 e

533 2723 956 2783 Commentariis
990 2723 1045 2775 in
1088 2718 1366 2774 Psalmum
1409 2720 1670 2773 decimum
1723 2720 2013 2787 quintum;
2061 2728 2116 2773 et

532 2818 677 2874 aliud
702 2818 876 2871 denuo
902 2814 1120 2879 ibidem,
1150 2827 1179 2866 e
1204 2811 1620 2865 Commentariis
1642 2812 1695 2864 in
1725 2809 1994 2864 Psalmum
2020 2811 2113 2864 de-

532 2914 731 2966 cimum
766 2918 1007 2963 octavum
1035 2924 1053 2971 ;
1077 2917 1131 2960 et
1165 2919 1381 2960 rursum
1417 2903 1564 2956 aliud
1596 2900 1896 2956 Philocalia
1938 2902 2116 2969 capite

532 3004 733 3074 primo,
781 3016 813 3055 e
863 2997 1281 3054 Commentariis
1324 2996 1382 3049 in
1430 2992 1701 3047 Psalmum
1745 2993 2114 3062 quinquagesi-

531 3112 696 3151 mum.
733 3093 805 3147 At
840 3092 1109 3147 Eusebius
1141 3090 1266 3144 libr.
1310 3104 1361 3141 vt
1422 3086 1660 3150 [Ιὶδιον.ν
1684 3101 1808 3156 cap.
1844 3086 1936 3148 38,
1986 3100 2114 3154 υτον

532 3190 639 3245 fert
659 3186 973 3256 particulam
1012 3199 1081 3239 cx
1121 3181 1346 3238 llomilia
1382 3181 1451 3235 ad
1483 3180 1739 3249 psalmum
1766 3194 1975 3233 Lxxxtt.
2024 3176 2117 3233 Ha:

2221 1996 2398 2055 gmata
2426 2003 2547 2057 qua:
2580 1990 2718 2044 intra
2751 2001 2803 2046 to
2829 2002 2977 2058 sunt,
3028 1995 3110 2049 vel
3151 1995 3413 2052 doctrina:
3456 1998 3661 2067 gratia,
3706 2014 3797 2051 su-

2220 2089 2375 2147 perat
2403 2094 2567 2136 omne
2595 2083 2801 2151 vinum,
2834 2087 2979 2154 quod
3011 2102 3107 2141 cor
3138 2089 3373 2143 hominis
3404 2088 3682 2143 laetificare
3708 2104 3796 2143 so-

2220 2170 2313 2225 let.
2347 2169 2498 2226 Sicut
2529 2174 2672 2228 enim
2710 2175 2763 2230 in
2806 2177 2891 2232 his
2915 2177 2984 2233 de
3011 2181 3208 2249 quibus
3235 2181 3399 2236 dicit:
3452 2181 3593 2247 Quia
3625 2181 3796 2236 Deum

2220 2264 2560 2331 videbunt“,
2607 2282 2702 2321 cor
2751 2281 3125 2340 competenter
3163 2274 3367 2328 dictum
3414 2289 3534 2328 esse
3560 2275 3795 2341 videtur,

2220 2362 2274 2406 et
2301 2354 2443 2409 inter
2470 2355 2874 2414 discumbentes
2900 2362 3055 2417 sinus
3091 2378 3156 2417 ac
3202 2374 3391 2433 pectus
3438 2364 3658 2434 ponitur
3698 2381 3797 2432 pro

2222 2445 2410 2500 habitu
2450 2447 2567 2502 sine
2614 2448 2778 2504 dubio
2813 2450 3295 2522 discumbentium,
3341 2456 3623 2528 formaque
3662 2474 3795 2512 con-

2221 2538 2349 2591 vivii
2385 2556 2401 2592 :
2458 2547 2514 2593 et
2554 2555 2744 2595 rursus
2788 2551 2846 2597 ut
2885 2543 3026 2612 apud
3072 2547 3385 2600 sacerdotes
3420 2548 3795 2616 pectusculum

2222 2638 2277 2684 et
2311 2630 2593 2685 brachium
2625 2632 2871 2703 mysticis
2891 2635 3205 2705 designatur
3227 2636 3455 2706 eloquiis
3478 2656 3494 2703 ;
3521 2638 3593 2691 ita
3626 2636 3793 2691 etiam

2223 2720 2467 2777 arbitror
2496 2723 2547 2776 in
2575 2726 2832 2792 praesenti
2865 2726 3006 2793 loco,
3041 2729 3130 2783 ubi
3160 2729 3457 2784 amantium
3498 2729 3712 2784 habitus
3740 2738 3796 2784 et

2223 2814 2491 2884 colloquia
2520 2816 2929 2880 describuntur.
2960 2820 3271 2890 gratissime
3312 2823 3415 2878 hoc
3444 2823 3619 2892 ipsum
3646 2823 3796 2891 prin-

2224 2905 2399 2973 cipale
2435 2907 2615 2961 cordis
2653 2908 2709 2962 in
2759 2911 3021 2965 uberibus
3056 2912 3401 2983 appellatum.
3455 2930 3473 2967 ι
3534 2914 3672 2969 Ecce
3702 2916 3797 2971 tibi

2226 3012 2315 3051 res
2350 2998 2568 3053 easdem
2597 2999 2650 3054 in
2685 3000 2907 3055 homilia
2948 3003 3131 3071 priore
3186 3004 3255 3058 ab
3304 3004 3636 3076 Hieronymo
3663 3022 3798 3061 con-

2226 3102 2385 3143 versa
2440 3104 2595 3143 num.
2646 3092 2699 3155 5,
2760 3106 2925 3160 super
2975 3095 3225 3149 eumdem
3276 3094 3487 3152 Cantici
3540 3113 3795 3152 versum:

2232 3195 2251 3228 ι
2288 3177 2538 3244 Congrue
2570 3194 2751 3235 sermo
2800 3182 3017 3236 divinus
3058 3200 3220 3239 unam
3281 3188 3635 3257 eamdemque
3684 3203 3798 3243 rem

532 3255 758 3331 omnino
791 3275 1033 3344 reliquias
1082 3287 1113 3327 e
1152 3281 1230 3326 tot
1259 3269 1499 3326 homiliis
1532 3281 1587 3323 et
1621 3270 1780 3322 tomis
1812 3279 2113 3335 temporum
2143 3255 2186 3314 Ο
2220 3282 2319 3337 pro
2348 3267 2589 3322 locorum
2621 3272 2885 3338 qualitate
2916 3274 3149 3329 diversis
3183 3278 3464 3331 vocabulis
3492 3255 3797 3349 nuncupat.

534 3369 745 3435 injuria:
769 3368 1047 3422 subductae
1074 3372 1219 3418 sunt.
1245 3360 1776 3417 Commentariorum
1800 3360 1855 3413 in
1886 3359 2117 3413 Prover-

535 3462 622 3513 bia
664 3460 965 3527 fragmenta
992 3457 1100 3512 duo
1125 3457 1179 3510 in
1220 3454 1556 3523 Apolagetica
1584 3468 1683 3507 suo
1706 3451 2023 3521 Pamphilus
2050 3451 2118 3504 ab

536 3548 763 3604 interitu
796 3545 1114 3599 vindicavit.
1144 3543 1302 3597 Aliud
1324 3558 1544 3612 quoque
1579 3542 1632 3595 in
1666 3552 1857 3596 catena
1890 3539 2122 3594 Mazari-

538 3641 702 3695 niana
732 3639 789 3691 in
820 3637 1020 3689 Lucam
1062 3643 1270 3700 exstat,
1304 3635 1397 3687 sed
1442 3642 1759 3687 catenarum
1814 3630 2119 3700 fragmenta

538 3745 827 3787 recensere
863 3730 1017 3783 nobis
1043 3728 1129 3783 hic
1163 3728 1493 3797 propositum
1527 3740 1631 3778 non
1665 3734 1769 3780 est.

610 3821 723 3877 VII.
759 3820 801 3875 E
834 3835 1005 3889 parvo
1053 3828 1199 3873 tomo
1254 3818 1311 3871 in
1357 3815 1657 3879 Canticum,
1711 3831 1870 3883 quem
1908 3811 2121 3882 juvenis

538 3914 834 3983 scripserat
863 3908 1152 3980 Origenes,
1184 3907 1506 3978 particulam
1532 3906 1823 3975 quamdam
1857 3903 2120 3958 habemus

539 4005 855 4063 Philocalitz
900 4003 1083 4073 capite
1141 4001 1394 4069 septimo.
1443 3998 1484 4052 E
1524 3998 1765 4052 secundo
1808 4011 1941 4050 vero
1974 4007 2121 4050 tomo

538 4095 1063 4154 Commentariorum
1095 4108 1232 4163 quos
1263 4093 1448 4146 decem
1474 4090 1837 4145 voluminibus
1864 4087 2123 4158 grandior

540 4198 671 4243 natu
702 4186 948 4256 digessit,
980 4184 1128 4238 aliud
1154 4191 1495 4251 segmentum
1531 4182 1832 4249 reperimus
1860 4179 2122 4233 vicesimo

539 4290 698 4335 sexto
752 4279 933 4347 capite
984 4274 1322 4337 Philocaliaz,
1367 4287 1489 4343 quae
1534 4272 1589 4326 in
1644 4286 1708 4326 eo
1756 4270 1920 4323 finem
1965 4268 2117 4324 facit.

538 4372 869 4427 Eorumdem
908 4385 1036 4424 vero
1062 4366 1395 4422 voluminum
1431 4366 1619 4420 decem
1647 4362 1960 4433 Prologum,
1997 4377 2121 4416 cum

541 4464 888 4534 sequentium
920 4472 1189 4517 tomorum
1224 4458 1384 4513 initio
1418 4456 1612 4511 Latina
1644 4455 1897 4523 Origenis
1925 4467 2123 4522 reprae-

2220 3359 2448 3425 Quando
2503 3360 2678 3413 hostia
2711 3360 2939 3417 olfertur
2968 3365 3020 3418 in
3052 3365 3190 3435 lege.
3221 3376 3276 3421 et
3308 3368 3419 3421 vult
3464 3370 3797 3426 intellectum

2220 3451 2530 3512 ostendere,
2548 3454 2923 3521 pectusculum
2948 3457 3309 3524 separationis
3333 3458 3549 3515 alfalur.
3574 3461 3799 3529 Quando

2221 3557 2352 3596 vero
2396 3544 2671 3598 recumbit
2705 3544 2905 3616 aliquis
2949 3562 3071 3602 cum
3104 3546 3256 3613 Jesu,
3305 3560 3361 3604 et
3400 3566 3657 3606 sensuum
3683 3552 3802 3621 ejus

2222 3638 2606 3693 communione
2632 3639 2953 3706 perfruitur,
2986 3656 3092 3695 non
3122 3642 3493 3710 pectusculum
3526 3654 3585 3698 ut
3611 3660 3797 3715 supra,

2224 3726 2319 3783 sed
2350 3738 2541 3796 pectus
2570 3729 2889 3799 alloquitur.
2930 3730 3101 3788 Porro
3146 3748 3271 3787 cum
3315 3733 3524 3804 Sponsa
3552 3736 3797 3805 loquitur

2222 3819 2291 3875 ad
2319 3818 2613 3889 Sponsum,
2643 3821 2769 3891 quia
2819 3822 3057 3890 nuptiale
3091 3838 3311 3878 carmen
3355 3826 3651 3892 inducitur,
3691 3843 3798 3883 non

2223 3912 2621 3981 pectusculum,
2669 3923 2727 3965 ut
2767 3912 2819 3965 in
2872 3912 3183 3979 sacrificio;
3234 3931 3341 3969 non
3387 3927 3602 3985 pectus,
3643 3928 3701 3972 ut
3746 3920 3800 3973 in

2223 4000 2429 4057 Joanne
2460 4004 2749 4073 discipulo,
2778 4004 2872 4057 sed
2907 4003 3073 4059 ubera
3112 4007 3374 4071 nominat,
3407 4007 3594 4064 dicens
3620 4028 3633 4063 :
3660 4011 3802 4074 Quia

2224 4094 2357 4148 bona
2379 4096 2539 4149 ubera
2566 4107 2658 4149 tua
2685 4111 2838 4161 super
2856 4097 3028 4149 uinum
3046 4097 3111 4151 ".
3148 4096 3500 4153 Communica
3519 4109 3578 4153 ut
3592 4099 3801 4169 Sponsa

2224 4202 2349 4242 cum
2374 4188 2627 4242 sensibus
2674 4185 2891 4255 Sponsi,
2922 4198 2977 4242 et
3005 4190 3147 4244 scias
3182 4192 3308 4254 quia
3344 4191 3614 4245 inebriant
3642 4200 3804 4261 atque

2224 4275 2503 4331 laztillcant
2534 4278 2837 4332 istiusmodi
2876 4279 3211 4345 cogitatus.)
3258 4279 3391 4346 Quis
3439 4295 3542 4334 non
3594 4290 3806 4335 utrum-

2224 4384 2329 4437 que
2367 4368 2545 4423 locum
2576 4369 2626 4423 id
2652 4368 2847 4423 eadem
2880 4369 3077 4423 incude
3108 4369 3395 4424 formatum
3425 4371 3620 4425 dicat?
3662 4370 3804 4425 Mer-

2226 4462 2369 4518 liuus
2403 4462 2620 4517 demum
2646 4463 2700 4516 in
2729 4464 2909 4533 aliquo
2941 4464 3161 4533 quidem
3211 4463 3400 4517 codice
3443 4478 3636 4517 nomen
3678 4462 3800 4517 Ilie-

542 4565 723 4613 sentat
752 4556 945 4619 editio,
994 4568 1024 4606 a
1074 4550 1271 4605 Ruﬁno
1305 4550 1749 4619 interpretatum,
1802 4547 1896 4601 θεά
1942 4546 2121 4600 defor-
2152 4591 2195 4647 ο
2230 4556 2447 4625 rouymi
2476 4554 2629 4624 operi
2678 4554 2805 4610 huic
2845 4557 3144 4625 ascriptum
3200 4570 3322 4610 sese
3352 4556 3621 4624 reperisse
3650 4556 3803 4619 die“,

540 4660 770 4712 malum,
798 4658 854 4702 et
886 4662 984 4717 pro
1016 4643 1251 4699 homiliis
1282 4655 1569 4711 perperam
1603 4638 1958 4692 venditatum.
2008 4636 2121 4691 Cur

542 4744 616 4799 ita
646 4744 878 4797 sentiam
911 4752 1107 4793 causas
1133 4733 1354 4789 aﬂeram
1390 4733 1652 4787 adversus
1684 4728 1993 4793 nonnullos,
2024 4728 2117 4796 qui

543 4837 610 4890 de
631 4832 814 4901 operis
842 4830 1001 4898 hujus
1030 4837 1256 4882 auctore
1291 4825 1426 4880 falsa
1475 4832 1783 4879 senserunt.
1824 4821 1953 4891 Ejus
1997 4821 2119 4890 qui-

544 4929 664 4984 dem
694 4928 933 4994 scriptor
955 4938 1077 4979 esse
1106 4920 1371 4989 Origenes
1400 4932 1464 4971 ex
1498 4916 1638 4988 stylo
1667 4914 2120 4982 deprehenditur,

543 5031 603 5077 et
639 5036 707 5075 ex
745 5016 1056 5087 allegoricis
1087 5022 1143 5069 et
1178 5010 1528 5081 tropologicis
1572 5004 2028 5075 expositionibus,
2067 5005 2122 5058 in

543 5130 681 5185 quas
715 5113 784 5169 ab
827 5108 1108 5165 historicis
1152 5105 1414 5159 excurrit.
1461 5101 1518 5156 ld
1567 5100 1802 5169 probant
1855 5107 2119 5167 praeterea

544 5205 829 5263 sententiae
877 5217 1067 5257 earum
1112 5196 1423 5254 consimiles
1463 5202 1519 5249 et
1561 5205 1857 5265 germanae,
1896 5204 2021 5261 quae
2064 5190 2119 5242 in

543 5297 755 5352 duabus
793 5294 1031 5349 homiliis
1090 5292 1156 5345 ab
1206 5289 1538 5361 Hieronymo
1598 5286 1877 5339 conversis
1929 5296 2122 5337 occur-

546 5399 713 5442 runt:
746 5405 763 5437 ι
808 5383 1250 5455 Epithalamium,
1286 5382 1469 5449 inquit.
1499 5379 1551 5432 in
1601 5376 1816 5447 Prologi
1851 5376 2029 5440 initio,
2059 5375 2123 5429 li-

545 5478 718 5534 bellus
744 5478 852 5543 hic,
881 5477 933 5531 id
957 5485 1041 5530 est
1079 5473 1318 5543 nuptiale
1349 5487 1590 5537 carmen,
1632 5470 1895 5525 dramatis
1918 5468 1972 5523 in
2003 5483 2121 5521 Ino-

549 5573 679 5625 dum
719 5569 850 5623 mihi
894 5569 1109 5622 videtur
1147 5582 1178 5620 a
1220 5565 1510 5620 Salomone
1553 5562 1915 5631 conscriptus,
1961 5575 2124 5630 quem

548 5661 751 5717 cecinit
788 5661 961 5716 instar
1003 5659 1261 5715 nubentis
1316 5672 1531 5727 sponsa:
1587 5666 1643 5712 et
1690 5670 1819 5727 erga
1866 5666 2123 5725 sponsum

619 5840 664 5872 ”
692 5838 883 5895 Matth.
915 5854 970 5906 v,
1001 5839 1054 5894 8.
1131 5837 1175 5870 "
1223 5836 1513 5907 Canticat,
1559 5834 1613 5888 7.

2227 4648 2321 4705 sed
2362 4646 2415 4699 in
2444 4645 2697 4700 omnibus
2731 4655 2913 4701 tamen
2942 4647 3175 4701 vetustis
3215 4656 3271 4700 et
3309 4647 3552 4714 probatis
3582 4645 3807 4699 volumi-

2229 4734 2390 4791 nibus
2424 4735 2715 4805 Origenem
2742 4745 3024 4790 auctorem
3052 4735 3258 4804 signari
3292 4734 3514 4789 fatetur.
3547 4734 3808 4788 Dubitan-

2228 4828 2355 4881 dum
2395 4828 2580 4895 itaque
2608 4842 2715 4882 non
2748 4838 2856 4892 est,
2881 4827 3010 4895 quin
3058 4826 3346 4897 Origenem
3400 4841 3538 4894 opus
3571 4826 3714 4880 istud
3740 4826 3809 4879 de

2230 4934 2338 4989 quo
2364 4921 2598 4989 agimus,
2624 4930 2901 4974 auctorem
2931 4920 3149 4976 habeat.

2301 5010 2461 5066 Nunc
2494 5025 2626 5066 vero
2657 5010 2991 5080 probandum
3023 5020 3107 5065 est
3144 5024 3427 5079 perperam
3464 5011 3633 5067 fuisse
3674 5013 3807 5067 illud

2232 5102 2288 5157 in
2323 5103 2577 5158 homilias
2627 5102 3001 5166 distributum,
3045 5111 3101 5156 et
3132 5112 3339 5171 partem
3382 5118 3505 5157 esse
3538 5114 3807 5157 tomorum

2231 5198 2413 5251 decem
2448 5208 2583 5262 quos
2607 5201 2663 5247 in
2710 5191 2987 5249 Canticum
3018 5194 3303 5261 scripsisse
3336 5204 3686 5249 memoratur.
3708 5197 3813 5249 Ar-

2232 5298 2491 5357 gumento
2538 5287 2769 5356 primum
2823 5288 2996 5357 stylus
3042 5298 3147 5353 est,
3198 5302 3358 5357 quem
3389 5287 3553 5341 alium
3584 5302 3704 5342 esse
3751 5288 3807 5341 in

2233 5379 2420 5443 tomis,
2456 5378 2625 5432 alium
2670 5379 2723 5433 in
2761 5379 3000 5434 homiliis
3037 5380 3219 5433 sciunt
3250 5380 3340 5448 qui
3367 5380 3419 5433 in
3450 5378 3701 5449 Origenis
3732 5379 3812 5432 le-

2235 5473 2414 5526 ctione
2465 5471 2670 5525 versati
2710 5481 2854 5526 sunt.
2907 5470 3092 5541 Stylus
3139 5472 3482 5526 homileticus
3519 5470 3811 5525 familiaris

2231 5574 2337 5625 est,
2383 5562 2638 5631 simplex,
2685 5564 2985 5633 papularis,
3042 5562 3223 5617 brevis
3265 5578 3281 5627 ;
3335 5562 3477 5616 alter
3530 5560 3807 5623 sublimis,

2237 5650 2491 5721 diﬂusus,
2525 5654 2797 5723 curiosus,
2843 5654 3116 5709 eruditus.
3156 5651 3305 5708 Talis
3353 5662 3531 5708 autem
3585 5650 3813 5721 scriptio
