4152 6406
372 399 503 456 lii?

1178 396 1751 455 ORIGENIANORUM
1792 396 1919 453 LIB.
1962 398 2051 464 ill,
2091 396 2245 453 CAP.
2287 396 2354 464 ll,
2394 395 2587 453 SECT.
2630 396 2718 452 Ill.

3467 399 3606 455 1218

362 510 416 564 in
442 509 746 573 Canticum,
806 510 872 563 de
922 523 1029 578 qua
1074 524 1162 563 res
1200 519 1305 563 est.
1356 510 1621 577 Quorsum
1668 520 1925 579 praeterea
1956 513 2003 569 Α
2030 509 2198 563 ﬁnum
2223 523 2341 564 esse
2374 509 2694 575 referenda;
2746 508 3062 578 neutiquam
3095 523 3223 581 ergo
3250 511 3502 569 dubitare
3532 514 3606 567 li-

362 601 623 669 Prologus
650 599 775 653 ille?
793 597 1066 667 'Prologos
1092 599 1251 652 tomis
1277 614 1665 668 nunquamnon
1702 599 1929 669 praeﬁgit

361 696 658 763 Origenes;
688 708 961 761 nunquam
988 692 1244 746 bomiliis.
1270 693 1553 747 Postremo
1579 692 1804 747 solemni
1830 693 1931 748 hac

361 785 603 841 clausula
635 782 883 853 Origenis
924 784 1162 837 ltomilia:
1194 784 1308 839 fere
1333 784 1617 839 terminari
1645 785 1840 851 solent,
1875 793 1933 839 ttt

360 878 449 930 vix
491 891 651 928 unam
685 874 979 927 alteramve
1014 875 1083 928 ah
1108 876 1208 930 hoc
1240 890 1389 929 more
1419 875 1817 943 discrepantem
1846 892 1932 930 re-

362 964 564 1030 perias,
601 963 658 1015 ὲν
691 963 913 1034 Χριστῷ
962 964 1160 1034 Ἰησοῦ,
1213 958 1257 1031 ᾧ
1290 966 1437 1018 ἐστιν
1488 967 1520 1035 ἡ
1564 965 1709 1032 δόξα,
1747 966 1841 1019 καὶ
1871 964 1932 1017 τὸ

364 1053 565 1123 κράτος
598 1056 677 1117 εἰς
699 1055 899 1117 αἰῶνας
927 1054 1035 1107 τῶν
1074 1055 1285 1109 αἰώνων
1315 1073 1328 1086 ·
1362 1058 1668 1127 cujusmodi
1716 1057 1849 1112 nihil
1878 1058 1930 1110 in

361 1143 735 1216 ψευδωνύμοις
762 1147 868 1201 illis
898 1148 1147 1218 Origenis
1170 1148 1407 1203 homiliis
1429 1151 1685 1203 occurrit.
1716 1149 1933 1202 Minime

361 1250 492 1305 ergo
537 1236 772 1292 homiliae
818 1248 964 1304 sunt,
1012 1239 1108 1293 sed
1157 1240 1306 1294 tomi.
1361 1239 1572 1309 Optime
1614 1241 1933 1295 Vincentius

366 1325 764 1381 Bellovacensis
795 1326 1008 1396 Speculi
1037 1329 1343 1382 doctrinalis
1376 1330 1473 1384 lib.
1506 1345 1661 1394 xvm,
1696 1346 1814 1400 cap.
1840 1331 1930 1396 45,

363 1416 808 1487 Origenianarum
861 1421 1218 1491 scriptionum
1281 1437 1563 1476 numerum
1618 1432 1930 1489 contexens,

361 1510 610 1565 emisisse
632 1512 744 1565 Ada
756 1513 1013 1565 mantium
1033 1512 1107 1565 ait
1135 1512 1189 1565 in
1220 1511 1493 1566 Canticum
1514 1514 1761 1568 homilias
1779 1515 1932 1574 duas;

364 1600 417 1654 in
443 1602 766 1671 principium
819 1617 947 1656 vero
995 1602 1115 1656 libri
1162 1602 1405 1669 ejusdem
1444 1603 1611 1659 libros
1650 1614 1781 1659 tres.
1823 1603 1932 1659 Nec

364 1694 568 1761 patitur
604 1695 783 1764 Operis
812 1695 1118 1765 granditas,
1151 1705 1208 1748 ut
1242 1706 1448 1765 partem
1478 1712 1597 1750 eam
1628 1711 1747 1751 esse
1776 1708 1931 1767 pute-

364 1801 482 1841 mus
513 1788 663 1855 parvi
696 1788 847 1852 tomi,
899 1804 1059 1858 quem
1100 1790 1318 1858 juvenis
1346 1790 1398 1843 in
1432 1789 1712 1844 Canticum
1746 1789 1930 1843 elabo-

362 1879 544 1932 ravit:
582 1894 703 1932 cum
744 1879 1044 1947 praesertim
1092 1879 1455 1950 fragmentum
1510 1880 1638 1934 illud
1686 1896 1716 1935 e
1766 1894 1931 1950 parvo
1963 1866 2007 1924 Β

362 1980 527 2037 tomo,
559 1970 702 2039 quod
732 1968 1046 2024 Philucalirc
1072 1974 1253 2041 capite
1279 1972 1511 2040 septimo
1541 1972 1852 2035 adducitur,
1875 1972 1928 2025 in

363 2060 447 2115 his
475 2071 710 2130 quatuor
757 2061 996 2116 homiliis
1038 2062 1119 2116 vel
1154 2063 1377 2132 Prologo
1412 2078 1675 2131 nusquam
1716 2072 1927 2117 exstet:

360 2152 565 2206 atillud
599 2152 829 2206 alterum
872 2154 1015 2223 quod
1048 2156 1226 2223 capite
1253 2155 1510 2207 vicesimo
1550 2162 1705 2209 sexto
1741 2151 1933 2207 Philo-

360 2245 510 2298 calia:
538 2260 603 2298 ex
633 2246 873 2299 secundo
911 2262 940 2300 e
982 2246 1166 2300 decem
1220 2248 1379 2301 tomis
1419 2247 1790 2315 depromptum
1827 2255 1931 2311 est,

362 2335 416 2389 in
462 2336 681 2389 homilia
734 2336 970 2391 secunda
1017 2350 1083 2390 ex
1147 2336 1253 2392 illis
1308 2348 1545 2406 quatuor
1604 2338 1929 2406 reperiatur.

361 2424 699 2494 Quapropter
726 2426 1024 2480 verisimile
1046 2436 1133 2481 est
1164 2438 1272 2482 tres
1304 2429 1553 2482 homilias
1586 2430 1793 2498 priores
1843 2429 1924 2497 ip-

360 2531 450 2570 sos
469 2531 589 2571 esse
613 2518 819 2585 priores
848 2526 1021 2571 tomos
1051 2528 1165 2574 tres
1190 2536 1204 2584 ;
1227 2527 1553 2588 postremam
1575 2534 1721 2583 vero,
1751 2521 1930 2588 quarti

362 2615 598 2675 partem;
632 2608 775 2675 quod
800 2617 855 2661 et
883 2624 947 2661 ex
976 2624 1165 2663 eorum
1199 2609 1510 2679 prolixitate
1556 2610 1827 2664 aestimare
1869 2609 1934 2663 li-

361 2708 469 2754 cet.
496 2698 737 2768 Denique
778 2700 829 2752 in
868 2712 932 2754 eo
983 2714 1146 2767 opere
1189 2700 1373 2754 laudat
1418 2700 1679 2769 Origenes
1703 2699 1932 2768 Exposi-

361 2790 534 2845 tiones
561 2806 687 2844 suas
729 2791 783 2843 in
817 2789 1081 2855 Exortum,
1113 2790 1167 2844 in
1201 2790 1512 2855 Leviticum,
1550 2790 1605 2844 in
1648 2789 1930 2853 Numeros,

361 2889 414 2934 et
438 2882 493 2933 in
530 2878 717 2945 Iosue,
752 2896 890 2949 quas
918 2880 1197 2948 probabile
1224 2895 1330 2934 non
1364 2879 1587 2949 estjam
1621 2888 1733 2933 tum
1766 2879 1934 2934 fuisse

361 2973 691 3034 elaboratas,
735 2987 856 3026 cum
883 2986 1106 3038 parvum
1138 2982 1337 3024 tomum
1362 2970 1414 3023 iu
1443 2969 1723 3024 Canticum
1770 2970 1933 3025 moli-

362 3073 531 3128 retur,
608 3072 791 3131 utpote
839 3079 1002 3133 quem
1037 3063 1212 3116 adhuc
1252 3060 1466 3129 juvenis
1501 3062 1841 3131 composuit;
1883 3073 1936 3117 at

362 3155 629 3207 maturior
653 3163 813 3208 aetate
839 3154 904 3207 ad
927 3154 1113 3208 decem
1167 3162 1340 3209 tomos
1387 3154 1794 3210 concinnandos
1834 3170 1930 3210 ac-

358 3247 542 3301 cessit.
571 3246 745 3316 Objici
774 3256 956 3315 potest
984 3246 1247 3317 scriptum
1283 3262 1403 3302 esse
1428 3246 1495 3302 ab
1527 3246 1859 3318 Hieronymo
1880 3248 1932 3301 in
1963 3218 2006 3276 C

358 3338 587 3403 Prologo
645 3341 1105 3408 interpretationis
1166 3340 1509 3395 homiliarum
1586 3341 1816 3395 duarum
1880 3340 1937 3394 in

358 3428 659 3496 Canticum,
708 3430 1003 3500 Origenem
1057 3431 1109 3485 in
1145 3430 1330 3485 decem
1381 3433 1540 3485 tomis
1579 3431 1936 3502 Septuaginta

358 3522 708 3589 lnterpretes,
739 3522 1016 3591 Aquilam,
1036 3521 1450 3593 Symmachum,
1481 3522 1933 3592 Theodotionem,

356 3620 414 3665 ct
456 3612 700 3680 quintam
760 3612 1053 3666 editionem
1115 3613 1395 3681 magniﬁce
1447 3624 1742 3683 aperteque
1776 3615 1939 3670 disse-

359 3704 572 3769 ruisse;
604 3706 748 3774 quod
781 3720 903 3758 cum
952 3704 1006 3756 in
1046 3702 1420 3773 ψευδωνύμοις
1466 3719 1600 3772 quas
1636 3715 1935 3760 tractamus

360 3794 597 3850 bomiliis
624 3812 731 3849 non
764 3806 1041 3864 appareat,
1079 3798 1208 3851 hinc
1246 3796 1505 3863 consequi
1557 3810 1695 3864 opus
1736 3811 1856 3850 esse
1900 3813 1930 3851 a

357 3889 544 3943 decem
578 3890 739 3943 tomis
762 3891 1058 3946 diversum.
1100 3888 1296 3945 Verum
1323 3890 1602 3945 sciendum
1651 3900 1737 3945 est
1782 3890 1936 3946 Ruﬁ-

360 3998 488 4036 ttutn
540 3981 855 4052 scriptionis
907 3978 1068 4052 hujus
1109 3996 1232 4037 esse
1298 3981 1672 4049 interpretem,
1712 3992 1770 4037 ut
1810 3999 1935 4038 mox

358 4073 664 4137 ostendam,
704 4073 789 4127 cui
820 4088 944 4128 cum
976 4073 1221 4127 solemne
1267 4072 1340 4126 sit
1372 4081 1687 4140 pervertere
1731 4075 1934 4140 omnia,

357 4176 412 4219 et
444 4168 510 4218 ad
550 4165 762 4219 libitum
790 4179 1111 4233 recoquere,
1134 4166 1269 4220 adeo
1301 4172 1362 4217 ut
1403 4173 1578 4218 tomos
1602 4163 1853 4235 Origenis
1878 4168 1931 4221 in

359 4253 652 4324 Epistolam
699 4255 764 4308 ad
802 4253 1078 4309 Romanos
1139 4255 1206 4308 ad
1242 4253 1471 4307 mediam
1519 4266 1729 4323 partem
1776 4271 1937 4310 coar-

358 4346 608 4411 ctaverit,
638 4345 762 4414 quis
792 4345 952 4397 ullam
991 4346 1060 4399 ab
1087 4360 1153 4398 eo
1182 4344 1337 4399 fidem
1364 4346 1686 4414 exspectet?

429 4438 690 4507 Superest
720 4446 775 4491 ut
796 4436 1051 4491 Ruﬁnum
1082 4438 1429 4507 interpretem
1456 4453 1577 4493 esse
1598 4440 1935 4495 demonstre-

358 4544 503 4583 mus.
542 4527 904 4598 Hieronymns
955 4529 1007 4581 itt
1059 4527 1295 4598 Prologo
1324 4528 1667 4583 homiliarum
1704 4531 1931 4585 duarum

358 4622 608 4690 Origenis
635 4620 689 4672 in
717 4619 1016 4683 Canticum,
1050 4620 1115 4675 de
1145 4620 1332 4675 decem
1366 4621 1729 4678 voluminibus
1772 4622 1932 4677 Com-

358 4712 747 4766 mentariorum
780 4727 965 4783 agens,
1001 4726 1188 4767 eorum
1237 4713 1735 4783 interpretationem
1781 4718 1857 4770 ait
1901 4733 1929 4771 a

357 4819 417 4859 se
459 4804 626 4859 fuisse
669 4806 1125 4873 praetermissam,
1181 4805 1325 4874 quod
1380 4821 1468 4859 res
1509 4815 1656 4861 esset
1700 4807 1933 4877 ingentis

357 4897 478 4959 otii,
500 4896 698 4950 laboris
740 4904 796 4950 et
828 4907 1163 4964 sumptuum.
1195 4898 1252 4949 In
1276 4898 1413 4951 libro
1456 4913 1669 4967 quoque
1696 4898 1773 4954 De
1798 4901 1932 4954 scri-

356 4988 594 5055 ptoribus
621 4986 829 5053 eccles.,
860 5003 983 5057 cap.
1015 4988 1141 5053 155,
1176 4990 1315 5044 inter
1342 4990 1513 5046 libros
1544 4989 1791 5062 Origenis
1818 5009 1846 5044 a
1874 5007 1934 5046 se

356 5095 670 5144 conversos,
702 5080 903 5133 nullam
933 5081 1092 5150 hujus
1122 5083 1457 5138 mentionem
1507 5083 1656 5138 fecit.
1709 5082 1933 5139 Minime

358 5174 522 5241 igitur
559 5173 886 5243 Hieronymo
913 5175 1236 5230 ascribenda
1268 5187 1350 5230 est
1384 5177 1498 5231 haec
1529 5177 1929 5246 interpretatio.

356 5266 670 5322 Gennadius
702 5276 881 5320 autem
938 5267 991 5321 in
1040 5266 1298 5338 Catalogo
1342 5270 1573 5322 virorum
1614 5268 1929 5333 illustrium,

355 5374 478 5429 cap.
525 5360 611 5423 18,
661 5358 972 5429 signiﬁcare
1032 5359 1246 5413 videtur
1295 5374 1636 5428 quaecunque
1681 5357 1931 5429 Origenis

357 5466 520 5523 Opera
554 5451 939 5521 Hieronymum
967 5452 1318 5521 interpretem
1341 5466 1447 5506 non
1476 5452 1703 5515 habent,
1730 5451 1797 5506 ad
1825 5449 1933 5504 Ru-

2030 609 2115 653 cet
2139 600 2269 669 quin
2302 600 2683 669 interpretatio
2704 614 2765 654 ea
2797 598 2992 653 Rufino
3016 600 3278 653 debeatur
3306 618 3319 653 :
3346 617 3466 659 nam
3498 618 3603 657 an-

2033 691 2237 761 tiquam
2266 706 2412 757 esse,
2454 700 2508 747 et
2547 695 2804 762 aequalem
2845 691 3278 762 Hieronymiana:
3322 694 3519 757 aetatis,
3553 702 3610 748 et

2030 783 2311 840 Gennadio
2339 786 2703 854 antiquiorem
2739 784 2911 857 stylus
2957 786 3094 839 satis
3139 786 3361 856 arguit;
3393 789 3507 855 qui,
3546 798 3609 843 ut

2033 878 2137 931 alia
2162 878 2342 932 omnia
2368 878 2838 947 praetermitterem
2881 886 3223 946 argumenta,
3269 878 3417 932 solus
3458 878 3612 933 Ruﬁ-

2034 985 2160 1022 num
2193 970 2542 1040 interpretem
2571 970 2791 1024 indicat.
2822 968 3056 1024 Maxime
3095 984 3225 1023 vero
3259 970 3499 1023 indicant
3522 985 3612 1025 se-

2034 1061 2186 1116 lectae
2210 1061 2478 1129 quaedam,
2520 1069 2575 1115 et
2628 1076 2821 1129 magna
2863 1076 2928 1115 ex
2976 1068 3132 1127 parte
3160 1060 3405 1115 barbara:
3447 1077 3610 1116 voces

2033 1152 2230 1207 Ruﬁno
2268 1152 2663 1216 usitatissimze,
2692 1152 2997 1221 cujusmodi
3044 1152 3147 1206 illa:
3176 1162 3323 1213 sunt,
3369 1170 3388 1203 ι
3418 1155 3611 1207 attitu-

2034 1242 2170 1307 lare,
2226 1252 2630 1311 competenter,
2688 1245 2974 1313 complecti
3019 1263 3037 1296 ι
3106 1245 3157 1299 in
3201 1246 3600 1314 significatione

2033 1338 2269 1407 passiva,
2323 1355 2342 1387 ι
2372 1351 2610 1403 cassare,
2672 1346 2945 1402 creatura,
2979 1356 2999 1389 ι
3058 1353 3154 1407 pro
3194 1339 3425 1401 creatio,
3462 1357 3481 1387 ι
3519 1339 3603 1392 in-

2034 1428 2331 1498 corruptio,
2363 1429 2748 1494 numerositas,
2796 1429 3177 1491 observantiae,
3226 1430 3607 1495 observanter,

2034 1521 2403 1591 participium,
2457 1540 2476 1572 ι
2539 1537 2639 1589 pro
2689 1537 2754 1575 eo
2789 1522 2931 1591 quod
2987 1530 3091 1589 est,
3152 1522 3323 1591 partis
3367 1523 3608 1591 adeptio,

2039 1630 2061 1665 s
2101 1613 2450 1683 pretiositas,
2502 1613 2927 1678 rationabiliter,
2985 1614 3246 1677 refutare,
3286 1632 3305 1664 ι
3361 1629 3457 1681 pro
3510 1614 3608 1668 ab-

2034 1722 2224 1773 nuere,
2261 1724 2280 1758 ι
2313 1707 2670 1775 sequestrari,
2705 1706 3104 1777 signiﬁcantite.
3152 1725 3171 1758 ι
3210 1705 3361 1771 Quod
3409 1707 3452 1760 si
3489 1707 3612 1774 quis

2035 1808 2272 1867 opponat
2308 1798 2853 1869 interpretationibus
2900 1799 3014 1853 suis
3057 1798 3318 1866 Prologos
3348 1798 3609 1853 Ruﬁnum

2033 1890 2309 1961 praeﬁgere
2342 1891 2541 1957 solere,
2574 1900 2631 1944 ut
2660 1892 2824 1945 tradit
2867 1890 3181 1946 Gennadius
3231 1889 3485 1958 Cataloga
3534 1891 3611 1943 υἱ·-

2032 1998 2210 2035 rorum
2239 1982 2554 2047 illustrium,
2580 1997 2702 2051 cap.
2736 1982 2823 2042 18,
2854 1981 2981 2035 huic
3023 1992 3202 2035 autem
3248 1981 3387 2035 libro
3416 1980 3608 2035 Prolo-

2031 2089 2158 2144 gum
2192 2075 2260 2127 ab
2288 2075 2580 2143 interprete
2610 2074 2914 2143 appositum
2952 2088 3055 2127 non
3107 2073 3309 2135 fuisse;
3352 2072 3489 2126 sciat
3522 2071 3613 2125 ille

2032 2165 2230 2220 multos
2267 2180 2296 2218 e
2328 2164 2504 2218 Ruﬁni
2538 2165 2775 2235 prologis
2815 2166 3162 2219 intercidisse
3194 2181 3209 2229 ;
3254 2163 3401 2217 velut
3440 2163 3611 2227 illum,

2032 2269 2192 2322 quem
2219 2255 2377 2308 toties
2402 2253 2766 2320 laudavimus,
2803 2254 3057 2308 Numeris
3088 2254 3392 2321 pra’ﬁxum,
3430 2262 3484 2305 et
3510 2253 3612 2307 Ur-

2032 2345 2181 2399 sacio
2213 2344 2554 2412 inscriptum,
2591 2360 2748 2414 quem
2781 2344 2966 2399 Latina
3017 2344 3131 2416 (78)
3163 2344 3412 2413 Origenis
3435 2345 3602 2399 editio

2033 2437 2345 2505 neutiquam
2382 2446 2758 2507 repraesentat.

2106 2524 2236 2591 Qua:
2267 2542 2389 2581 cum
2422 2527 2494 2580 ita
2536 2527 2672 2589 sint,
2710 2526 2777 2580 de
2810 2524 2977 2580 nihilo
3006 2539 3125 2580 esse
3165 2532 3334 2594 patet,
3376 2526 3519 2592 quod
3553 2524 3607 2577 in

2034 2617 2267 2671 vetustis
2324 2616 2651 2685 quibusdam
2699 2615 2979 2670 codicibus
3039 2631 3234 2671 nomen
3288 2614 3604 2684 Hieronymi

2034 2706 2402 2761 lucubrationi
2432 2707 2558 2761 huic
2593 2705 2695 2760 fuit
2724 2714 3104 2775 przenotatum,
3132 2715 3189 2759 ut
3214 2704 3466 2759 observat
3490 2702 3613 2757 Six-

2038 2806 2160 2860 tus;
2196 2798 2451 2867 quodque
2482 2813 2546 2851 ex
2594 2799 2695 2853 hoc
2726 2812 2889 2865 Opere
2943 2797 3254 2851 testimonia
3307 2795 3606 2849 attulerunt

2036 2890 2297 2961 Magister
2323 2890 2751 2955 Sententiarum,
2789 2898 2843 2943 et
2874 2888 2932 2944 S.
2959 2888 3217 2954 Thomas,
3250 2892 3352 2945 sub
3385 2892 3608 2947 nomine

2038 2983 2338 3038 Ambrosii.
2372 2982 2730 3053 Castigandus
2780 2994 2996 3050 quoque
3049 2979 3309 3035 Erasmus
3337 2981 3404 3045 “,
3442 2984 3533 3051 qui
3560 2993 3616 3036 et

2039 3075 2154 3143 ipse
2177 3073 2364 3136 sentit,
2409 3080 2463 3126 et
2513 3072 2652 3124 idem
2703 3082 2762 3123 ut
2806 3069 3076 3124 sentirent
3117 3068 3612 3139 Magdeburgenses

2040 3164 2286 3236 perfecit,
2316 3164 2418 3218 hoc
2444 3176 2581 3232 opus
2608 3174 2731 3216 esse
2767 3158 3018 3213 Hominis
3063 3157 3260 3225 Latini,
3284 3160 3500 3228 pulchre
3526 3164 3619 3216 do-

2040 3257 2129 3321 cti,
2174 3272 2236 3309 ac
2287 3255 2410 3308 bene
2441 3254 2675 3306 diserti:
2718 3261 3002 3321 pr0pterea
3052 3252 3195 3319 quod
3248 3250 3304 3304 in
3354 3250 3611 3323 Prologo,

2041 3362 2097 3417 p.
2150 3345 2243 3409 2'7,
2296 3343 2515 3399 Graecos
2553 3342 2758 3405 laudat,
2802 3339 2952 3393 velut
3000 3339 3222 3406 alienos,
3266 3340 3350 3394 his
3394 3343 3614 3396 verbis:

2044 3454 2064 3488 ι
2099 3434 2233 3489 Cum
2269 3434 2408 3503 apud
2438 3432 2681 3495 Graecos,
2726 3431 2818 3499 qui
2865 3429 3064 3483 eruditi
3119 3442 3181 3484 ac
3226 3432 3499 3499 sapientes
3528 3432 3612 3484 vi-

2038 3526 2259 3581 dentur.
2304 3543 2325 3577 s
2371 3523 2428 3577 Id
2470 3525 2645 3593 ipsum
2698 3523 2905 3591 liquere
2932 3522 3010 3575 ait
3047 3538 3113 3575 ex
3158 3523 3613 3592 interpretatione

2042 3635 2064 3669 s
2098 3618 2347 3682 amoris,
2398 3615 2720 3678 charitatis,
2778 3613 3084 3668 dilectionis
3146 3624 3200 3668 et
3245 3616 3534 3683 cupidinis.
3590 3633 3613 3669 ι

2038 3707 2264 3761 Demum
2321 3707 2634 3775 suspicatur
2684 3705 2803 3774 ejus
2839 3720 2982 3768 esse.
3026 3705 3184 3773 cujus
3227 3715 3450 3759 exstant
3487 3705 3611 3761 litiri

2036 3797 2115 3852 De
2166 3798 2437 3852 vocatione
2480 3798 2735 3875 gentium,
2772 3806 2827 3851 et
2872 3796 3265 3852 Commentarii
3316 3798 3370 3852 in
3404 3798 3615 3867 aliquot

2035 3892 2295 3961 psalmos.
2337 3889 2467 3955 Quae
2499 3905 2661 3959 quam
2688 3887 2881 3943 frivola
2914 3889 3047 3953 sint,
3076 3899 3384 3958 promptum
3415 3900 3500 3944 est
3526 3906 3617 3945 os-

2037 3985 2276 4037 tendere.
2337 3981 2598 4036 Etlmicos
2658 3994 2848 4035 onmes
2893 3995 2923 4033 a
2977 3980 3120 4035 Luca
3166 3981 3219 4032 in
3266 3980 3439 4044 Actis,
3482 3989 3539 4034 et
3583 3994 3614 4033 a

2035 4073 2203 4127 Paulo
2246 4071 2514 4142 Ἕλληνας
2570 4072 2832 4139 appellari
2883 4080 3069 4124 notum
3115 4080 3239 4124 est:
3280 4071 3406 4125 hinc
3441 4070 3614 4126 Judaei

2034 4176 2384 4234 opponuntur
2412 4167 2526 4230 τοῖς
2556 4164 2818 4234 Ἕλλησι,
2858 4163 2909 4216 id
2952 4171 3039 4216 est
3067 4161 3301 4217 ethnicis
3344 4177 3441 4216 seu
3481 4178 3616 4232 gen-

2039 4258 2247 4311 tilibus.
2271 4256 2457 4324 Itaque
2486 4271 2514 4310 a
2545 4255 2796 4309 Patribus
2822 4252 3111 4324 Ἕλληνες,
3147 4263 3401 4322 tanquam
3449 4252 3615 4308 alieni

2036 4349 2353 4416 laudantur,
2407 4358 2463 4402 et
2510 4349 2578 4402 ab
2620 4348 2735 4418 ipso
2777 4346 2944 4402 etiam
2991 4343 3223 4414 Origene
3276 4354 3406 4399 tom.
3449 4361 3518 4399 xv
3559 4346 3617 4398 in

2036 4440 2255 4503 Matth“
2288 4456 2435 4495 num.
2467 4440 2555 4505 i5,
2573 4440 2663 4495 ubi
2700 4439 2814 4493 ait:
2852 4438 2980 4491 Ἐὰν
3004 4438 3061 4491 δέ
3086 4454 3170 4500 τις
3196 4438 3264 4507 τῇ
3299 4435 3617 4509 ἀνθρωπίνῃ

1963 4565 2009 4621 D
2037 4532 2238 4605 ἐνορῶν
2276 4531 2530 4604 ἀσθενείᾳ
2559 4533 2870 4621 καταφρονῇ
2899 4531 2996 4621 μὲν
3025 4532 3123 4601 τῆς
3150 4529 3368 4621 λέξεως,
3395 4529 3613 4621 τράπηῖ-

2036 4639 2127 4676 ται
2160 4622 2215 4674 δὲ
2240 4621 2327 4674 ἐπ’
2360 4620 2712 4691 ἀλληγορίας,
2741 4619 3191 4690 δυσωπηθήσεται
3219 4618 3281 4671 ἐκ
3312 4635 3473 4671 τινων
3518 4617 3615 4671 καὶ

2049 4712 2374 4785 Ἑλληνικῶν
2416 4714 2684 4783 ἱστοριων,
2727 4713 2784 4764 ὲν
2822 4708 2903 4775 οἷς
2938 4711 3025 4764 διὰ
3063 4710 3162 4782 τὴν
3202 4710 3332 4781 παρ’
3386 4709 3614 4779 Ἕλλησι

2039 4806 2230 4875 σοφίαν
2268 4804 2603 4877 ἱστοροῦνται
2620 4822 2765 4868 τινες
2794 4803 2855 4857 τὸ
2881 4802 3116 4857 ἐνταῦθα
3137 4803 3215 4873 τῷ
3242 4802 3479 4873 πλουσίῳ
3509 4801 3614 4854 ὑπὸ

2035 4899 2130 4954 τοῦ
2164 4900 2417 4972 Σωτῆρος
2451 4899 2737 4971 εἰρημένον
2780 4897 3160 4969 πεποιηκέναι.
3214 4898 3481 4951 (ἐπίοι-πω
3528 4894 3614 4949 vel

2039 5005 2103 5045 ex
2156 4990 2257 5044 hoc
2303 4990 2440 5056 loco,
2480 4992 2621 5045 unde
2663 4989 3073 5058 supposititiutn
3120 5002 3241 5041 esse
3290 4986 3423 5040 illud
3471 5001 3610 5056 opus

2038 5079 2258 5148 conjicit
2287 5080 2567 5144 Erasmus,
2598 5080 2689 5133 ubi
2731 5094 2837 5133 non
2872 5078 3120 5133 obscuris
3144 5078 3324 5132 verbis
3370 5075 3615 5132 Platonis

2038 5172 2297 5226 laudatur
2330 5172 2700 5241 Symposium,
2726 5170 2780 5224 in
2813 5184 2920 5238 quo
2948 5170 3012 5223 de
3040 5170 3242 5223 amoris
3273 5180 3468 5222 natura
3500 5168 3613 5221 dis-

2038 5263 2263 5327 seritur,
2299 5263 2614 5332 conjectura
2654 5277 2760 5316 non
2789 5260 2923 5316 levis
2946 5261 3063 5329 capi
3096 5268 3295 5329 potest,
3322 5270 3609 5314 auctorem

2036 5356 2219 5424 Operis
2254 5353 2416 5424 hujus
2464 5368 2587 5408 esse
2638 5351 2956 5422 Origenem,
2984 5352 3071 5407 cui
3105 5352 3340 5406 Platonis
3373 5351 3613 5420 disputa-

2040 5446 2215 5501 tiones
2248 5460 2376 5501 suos
2404 5444 2459 5499 in
2494 5460 2623 5500 usus
2641 5455 2961 5500 convertere
2974 5442 3217 5499 solemne
3242 5452 3347 5498 est.
3373 5439 3524 5507 Quod
3544 5437 3614 5495 ad

434 5634 481 5666 ⁸⁸
505 5635 712 5690 Erasm.
742 5635 795 5688 in
835 5633 1052 5689 Censur.
1083 5634 1173 5688 lib.
1208 5632 1354 5703 Orig.
1390 5624 1862 5705 Magdeburgens.,
1895 5643 2109 5690 centur.
2134 5636 2188 5700 3,
2220 5648 2342 5701 cap.
2368 5632 2455 5687 10.

426 5754 963 5829 (78)_Quem__l_._atina
1010 5756 1254 5827 Origenis
1297 5755 1459 5810 editio
1506 5761 1809 5829 neutiquam
1868 5768 2227 5829 νερηωεηιαι.
2281 5756 2435 5813 Hunc
2490 5763 2941 5828 rcprasentamus
2992 5754 3044 5811 in
3094 5753 3348 5811 editionis
3407 5760 3615 5810 nostra}

540 5826 600 5891 ll,
635 5843 686 5895 p.
719 5823 845 5879 275.
