  <div class='ocr_page' id='page_1' title='image "/cluster/home/n/w/nwhite01/storage/ocr_20150623/17:no.7/coo.31924054872977/621.png"; bbox 0 0 4152 6448; ppageno 0'>
   <div class='ocr_carea' id='block_1_1' title="bbox 528 388 663 444">
    <p class='ocr_par' dir='ltr' id='par_1_1' title="bbox 528 388 663 444">
     <span class='ocr_line' id='line_1_1' title="bbox 528 388 663 444; baseline 0.007 -1"><span class='ocrx_word' id='word_1_1' title='bbox 528 388 663 444; x_wconf 70' lang='grc'><strong>1219</strong></span> 
     </span>
    </p>
   </div>
   <div class='ocr_carea' id='block_1_2' title="bbox 1792 381 2485 440">
    <p class='ocr_par' dir='ltr' id='par_1_2' title="bbox 1792 381 2485 440">
     <span class='ocr_line' id='line_1_2' title="bbox 1792 381 2485 440; baseline -0.006 0"><span class='ocrx_word' id='word_1_2' title='bbox 1792 385 1853 440; x_wconf 78' lang='grc' dir='ltr'><strong>Ρ.</strong></span> <span class='ocrx_word' id='word_1_3' title='bbox 1898 382 2213 439; x_wconf 70' lang='grc' dir='ltr'><strong>ΒΑΜΕΜΞ</strong></span> <span class='ocrx_word' id='word_1_4' title='bbox 2250 381 2485 439; x_wconf 74' lang='lat' dir='ltr'><strong>HUETII</strong></span> 
     </span>
    </p>
   </div>
   <div class='ocr_carea' id='block_1_3' title="bbox 3656 382 3794 437">
    <p class='ocr_par' dir='ltr' id='par_1_3' title="bbox 3656 382 3794 437">
     <span class='ocr_line' id='line_1_3' title="bbox 3656 382 3794 437; baseline -0.014 0"><span class='ocrx_word' id='word_1_5' title='bbox 3656 383 3678 437; x_wconf 76' lang='grc'>1</span> <span class='ocrx_word' id='word_1_6' title='bbox 3690 382 3794 437; x_wconf 71' lang='lat'><strong>29.0</strong></span> 
     </span>
    </p>
   </div>
   <div class='ocr_carea' id='block_1_4' title="bbox 526 500 3795 573">
    <p class='ocr_par' dir='ltr' id='par_1_4' title="bbox 526 500 3795 573">
     <span class='ocr_line' id='line_1_4' title="bbox 526 500 3795 573; baseline -0.002 -13"><span class='ocrx_word' id='word_1_7' title='bbox 526 523 719 563; x_wconf 84' lang='lat' dir='ltr'><strong>vocum</strong></span> <span class='ocrx_word' id='word_1_8' title='bbox 754 507 991 571; x_wconf 86' lang='lat' dir='ltr'><strong>illarum,</strong></span> <span class='ocrx_word' id='word_1_9' title='bbox 1024 526 1048 559; x_wconf 68' lang='lat'><strong><em>4</em></strong></span> <span class='ocrx_word' id='word_1_10' title='bbox 1076 504 1303 570; x_wconf 85' lang='lat' dir='ltr'><strong>amoris,</strong></span> <span class='ocrx_word' id='word_1_11' title='bbox 1326 503 1616 560; x_wconf 79' lang='lat' dir='ltr'><strong>charitatis</strong></span> <span class='ocrx_word' id='word_1_12' title='bbox 1636 544 1653 571; x_wconf 94' lang='lat'><strong>,</strong></span> <span class='ocrx_word' id='word_1_13' title='bbox 1693 505 2001 561; x_wconf 76' lang='lat' dir='ltr'><strong>dilectionis</strong></span> <span class='ocrx_word' id='word_1_14' title='bbox 2052 514 2106 558; x_wconf 91' lang='lat' dir='ltr'><strong>et</strong></span> <span class='ocrx_word' id='word_1_15' title='bbox 2134 510 2181 567; x_wconf 76' lang='grc' dir='ltr'><strong>Α</strong></span> <span class='ocrx_word' id='word_1_16' title='bbox 2210 505 2442 559; x_wconf 90' lang='lat' dir='ltr'><strong>ctionem</strong></span> <span class='ocrx_word' id='word_1_17' title='bbox 2473 505 2732 573; x_wconf 46' lang='lat' dir='ltr'><strong>sextae)“</strong></span> <span class='ocrx_word' id='word_1_18' title='bbox 2749 504 3057 568; x_wconf 75' lang='lat' dir='ltr'><strong>leremiam,</strong></span> <span class='ocrx_word' id='word_1_19' title='bbox 3083 506 3151 560; x_wconf 89' lang='lat' dir='ltr'><strong>ab</strong></span> <span class='ocrx_word' id='word_1_20' title='bbox 3170 504 3258 560; x_wconf 81' lang='lat' dir='ltr'><strong>liis</strong></span> <span class='ocrx_word' id='word_1_21' title='bbox 3288 503 3475 559; x_wconf 79' lang='lat' dir='ltr'><strong>verbis</strong></span> <span class='ocrx_word' id='word_1_22' title='bbox 3501 520 3515 558; x_wconf 89' lang='lat'><strong>:</strong></span> <span class='ocrx_word' id='word_1_23' title='bbox 3543 500 3795 557; x_wconf 78' lang='lat' dir='ltr'><strong>Conversi</strong></span> 
     </span>
    </p>
   </div>
   <div class='ocr_carea' id='block_1_5' title="bbox 527 596 2101 670">
    <p class='ocr_par' dir='ltr' id='par_1_5' title="bbox 527 596 2101 670">
     <span class='ocr_line' id='line_1_5' title="bbox 527 596 2101 670; baseline -0.005 -13"><span class='ocrx_word' id='word_1_24' title='bbox 527 600 798 670; x_wconf 85' lang='lat' dir='ltr'><strong>cupidinis</strong></span> <span class='ocrx_word' id='word_1_25' title='bbox 828 618 848 652; x_wconf 73' lang='grc' dir='ltr'><strong>ι</strong></span> <span class='ocrx_word' id='word_1_26' title='bbox 900 600 1113 663; x_wconf 88' lang='lat' dir='ltr'><strong>attinet,</strong></span> <span class='ocrx_word' id='word_1_27' title='bbox 1161 599 1276 653; x_wconf 64' lang='lat' dir='ltr'><strong>haec</strong></span> <span class='ocrx_word' id='word_1_28' title='bbox 1331 606 1495 668; x_wconf 87' lang='lat' dir='ltr'><strong>atque</strong></span> <span class='ocrx_word' id='word_1_29' title='bbox 1544 596 1648 651; x_wconf 90' lang='lat' dir='ltr'><strong>alia</strong></span> <span class='ocrx_word' id='word_1_30' title='bbox 1692 596 1809 665; x_wconf 85' lang='lat' dir='ltr'><strong>ejus</strong></span> <span class='ocrx_word' id='word_1_31' title='bbox 1859 597 2101 666; x_wconf 83' lang='lat' dir='ltr'><strong>generis,</strong></span> 
     </span>
    </p>
   </div>
   <div class='ocr_carea' id='block_1_6' title="bbox 527 686 2105 760">
    <p class='ocr_par' dir='ltr' id='par_1_6' title="bbox 527 686 2105 760">
     <span class='ocr_line' id='line_1_6' title="bbox 527 686 2105 760; baseline -0.002 -18"><span class='ocrx_word' id='word_1_32' title='bbox 527 706 649 760; x_wconf 76' lang='lat' dir='ltr'><strong>qua:</strong></span> <span class='ocrx_word' id='word_1_33' title='bbox 685 690 989 759; x_wconf 78' lang='lat' dir='ltr'><strong>Romanum</strong></span> <span class='ocrx_word' id='word_1_34' title='bbox 1018 689 1337 757; x_wconf 73' lang='lat' dir='ltr'><strong>scriptorem</strong></span> <span class='ocrx_word' id='word_1_35' title='bbox 1372 687 1612 755; x_wconf 89' lang='lat' dir='ltr'><strong>sapiunt,</strong></span> <span class='ocrx_word' id='word_1_36' title='bbox 1647 687 1830 741; x_wconf 81' lang='lat' dir='ltr'><strong>Rufini</strong></span> <span class='ocrx_word' id='word_1_37' title='bbox 1865 686 2105 755; x_wconf 60' lang='lat' dir='ltr'><strong>perfidia!</strong></span> 
     </span>
    </p>
   </div>
   <div class='ocr_carea' id='block_1_7' title="bbox 528 778 2107 849">
    <p class='ocr_par' dir='ltr' id='par_1_7' title="bbox 528 778 2107 849">
     <span class='ocr_line' id='line_1_7' title="bbox 528 778 2107 849; baseline -0.004 -13"><span class='ocrx_word' id='word_1_38' title='bbox 528 784 829 837; x_wconf 88' lang='lat' dir='ltr'><strong>debuerunt</strong></span> <span class='ocrx_word' id='word_1_39' title='bbox 882 780 1105 835; x_wconf 84' lang='lat' dir='ltr'><strong>ascribi.</strong></span> <span class='ocrx_word' id='word_1_40' title='bbox 1149 778 1320 844; x_wconf 84' lang='lat' dir='ltr'><strong>Quale</strong></span> <span class='ocrx_word' id='word_1_41' title='bbox 1367 780 1499 833; x_wconf 89' lang='lat' dir='ltr'><strong>illud</strong></span> <span class='ocrx_word' id='word_1_42' title='bbox 1547 789 1632 833; x_wconf 92' lang='lat' dir='ltr'><strong>est</strong></span> <span class='ocrx_word' id='word_1_43' title='bbox 1676 778 1820 849; x_wconf 88' lang='lat' dir='ltr'><strong>quod</strong></span> <span class='ocrx_word' id='word_1_44' title='bbox 1850 778 2107 833; x_wconf 90' lang='lat' dir='ltr'><strong>observat</strong></span> 
     </span>
    </p>
   </div>
   <div class='ocr_carea' id='block_1_8' title="bbox 527 868 2106 937">
    <p class='ocr_par' dir='ltr' id='par_1_8' title="bbox 527 868 2106 937">
     <span class='ocr_line' id='line_1_8' title="bbox 527 868 2106 937; baseline -0.004 -9"><span class='ocrx_word' id='word_1_45' title='bbox 527 873 798 929; x_wconf 81' lang='lat' dir='ltr'><strong>Robertus</strong></span> <span class='ocrx_word' id='word_1_46' title='bbox 825 871 1000 927; x_wconf 87' lang='lat' dir='ltr'><strong>Cocus</strong></span> <span class='ocrx_word' id='word_1_47' title='bbox 1027 872 1253 937; x_wconf 76' lang='lat' dir='ltr'><strong>Anglus,</strong></span> <span class='ocrx_word' id='word_1_48' title='bbox 1288 870 1495 925; x_wconf 79' lang='lat' dir='ltr'><strong>dixisse</strong></span> <span class='ocrx_word' id='word_1_49' title='bbox 1514 881 1796 925; x_wconf 79' lang='lat' dir='ltr'><strong>auctorem</strong></span> <span class='ocrx_word' id='word_1_50' title='bbox 1821 868 2106 925; x_wconf 84' lang='lat' dir='ltr'><strong>Commen-</strong></span> 
     </span>
    </p>
   </div>
   <div class='ocr_carea' id='block_1_9' title="bbox 531 959 2103 1033">
    <p class='ocr_par' dir='ltr' id='par_1_9' title="bbox 531 959 2103 1033">
     <span class='ocr_line' id='line_1_9' title="bbox 531 959 2103 1033; baseline -0.002 -18"><span class='ocrx_word' id='word_1_51' title='bbox 531 964 653 1018; x_wconf 91' lang='lat' dir='ltr'><strong>tarii</strong></span> <span class='ocrx_word' id='word_1_52' title='bbox 699 962 880 1032; x_wconf 82' lang='lat' dir='ltr'><strong>hujus,</strong></span> <span class='ocrx_word' id='word_1_53' title='bbox 935 964 1032 1018; x_wconf 88' lang='lat' dir='ltr'><strong>lib.</strong></span> <span class='ocrx_word' id='word_1_54' title='bbox 1079 977 1163 1028; x_wconf 85' lang='grc' dir='ltr'>ιιι,</span> <span class='ocrx_word' id='word_1_55' title='bbox 1204 980 1258 1033; x_wconf 93' lang='lat' dir='ltr'><strong>p.</strong></span> <span class='ocrx_word' id='word_1_56' title='bbox 1309 963 1424 1017; x_wconf 86' lang='lat'><strong>76:</strong></span> <span class='ocrx_word' id='word_1_57' title='bbox 1469 981 1489 1015; x_wconf 74' lang='grc' dir='ltr'><strong>ι</strong></span> <span class='ocrx_word' id='word_1_58' title='bbox 1543 962 1777 1018; x_wconf 80' lang='lat' dir='ltr'><strong>Verbum</strong></span> <span class='ocrx_word' id='word_1_59' title='bbox 1824 960 1918 1015; x_wconf 92' lang='lat' dir='ltr'><strong>Dei</strong></span> <span class='ocrx_word' id='word_1_60' title='bbox 1964 959 2103 1029; x_wconf 89' lang='lat' dir='ltr'><strong>apud</strong></span> 
     </span>
    </p>
   </div>
   <div class='ocr_carea' id='block_1_10' title="bbox 524 1052 2110 1125">
    <p class='ocr_par' dir='ltr' id='par_1_10' title="bbox 524 1052 2110 1125">
     <span class='ocr_line' id='line_1_10' title="bbox 524 1052 2110 1125; baseline -0.004 -14"><span class='ocrx_word' id='word_1_61' title='bbox 524 1057 747 1112; x_wconf 73' lang='lat' dir='ltr'><strong>Graecos</strong></span> <span class='ocrx_word' id='word_1_62' title='bbox 773 1054 1072 1111; x_wconf 89' lang='lat' dir='ltr'><strong>masculino</strong></span> <span class='ocrx_word' id='word_1_63' title='bbox 1105 1070 1307 1125; x_wconf 92' lang='lat' dir='ltr'><strong>genere</strong></span> <span class='ocrx_word' id='word_1_64' title='bbox 1352 1052 1608 1124; x_wconf 87' lang='lat' dir='ltr'><strong>proferri,</strong></span> <span class='ocrx_word' id='word_1_65' title='bbox 1658 1053 1799 1123; x_wconf 89' lang='lat' dir='ltr'><strong>apud</strong></span> <span class='ocrx_word' id='word_1_66' title='bbox 1827 1067 1928 1107; x_wconf 91' lang='lat' dir='ltr'><strong>nos</strong></span> <span class='ocrx_word' id='word_1_67' title='bbox 1972 1067 2110 1105; x_wconf 89' lang='lat' dir='ltr'><strong>neu-</strong></span> 
     </span>
    </p>
   </div>
   <div class='ocr_carea' id='block_1_11' title="bbox 530 1145 2109 1218">
    <p class='ocr_par' dir='ltr' id='par_1_11' title="bbox 530 1145 2109 1218">
     <span class='ocr_line' id='line_1_11' title="bbox 530 1145 2109 1218; baseline -0.002 -16"><span class='ocrx_word' id='word_1_68' title='bbox 530 1163 614 1204; x_wconf 91' lang='lat' dir='ltr'><strong>tro</strong></span> <span class='ocrx_word' id='word_1_69' title='bbox 640 1164 879 1218; x_wconf 77' lang='lat' dir='ltr'><strong>genere:</strong></span> <span class='ocrx_word' id='word_1_70' title='bbox 911 1166 932 1201; x_wconf 68' lang='grc' dir='ltr'>δ</span> <span class='ocrx_word' id='word_1_71' title='bbox 969 1158 1025 1204; x_wconf 92' lang='lat' dir='ltr'><strong>et</strong></span> <span class='ocrx_word' id='word_1_72' title='bbox 1069 1147 1248 1218; x_wconf 83' lang='lat' dir='ltr'><strong>qualia</strong></span> <span class='ocrx_word' id='word_1_73' title='bbox 1278 1159 1406 1204; x_wconf 89' lang='lat' dir='ltr'><strong>sunt</strong></span> <span class='ocrx_word' id='word_1_74' title='bbox 1451 1163 1515 1201; x_wconf 89' lang='lat' dir='ltr'><strong>ea</strong></span> <span class='ocrx_word' id='word_1_75' title='bbox 1562 1147 1683 1202; x_wconf 88' lang='lat' dir='ltr'><strong>loca</strong></span> <span class='ocrx_word' id='word_1_76' title='bbox 1723 1145 1904 1214; x_wconf 90' lang='lat' dir='ltr'><strong>operis</strong></span> <span class='ocrx_word' id='word_1_77' title='bbox 1952 1145 2109 1199; x_wconf 87' lang='lat' dir='ltr'><strong>istius</strong></span> 
     </span>
    </p>
   </div>
   <div class='ocr_carea' id='block_1_12' title="bbox 531 1232 2107 1311">
    <p class='ocr_par' dir='ltr' id='par_1_12' title="bbox 531 1232 2107 1311">
     <span class='ocr_line' id='line_1_12' title="bbox 531 1232 2107 1311; baseline -0.005 -14"><span class='ocrx_word' id='word_1_78' title='bbox 531 1244 599 1297; x_wconf 88' lang='lat' dir='ltr'><strong>de</strong></span> <span class='ocrx_word' id='word_1_79' title='bbox 633 1241 833 1311; x_wconf 87' lang='lat' dir='ltr'><strong>quibus</strong></span> <span class='ocrx_word' id='word_1_80' title='bbox 861 1242 935 1295; x_wconf 85' lang='lat' dir='ltr'><strong>ait</strong></span> <span class='ocrx_word' id='word_1_81' title='bbox 966 1239 1152 1294; x_wconf 88' lang='lat' dir='ltr'><strong>Brnno</strong></span> <span class='ocrx_word' id='word_1_82' title='bbox 1181 1239 1578 1293; x_wconf 82' lang='lat' dir='ltr'><strong>Amerbacbius</strong></span> <span class='ocrx_word' id='word_1_83' title='bbox 1618 1235 1842 1291; x_wconf 76' lang='lat' dir='ltr'><strong>Przefat.</strong></span> <span class='ocrx_word' id='word_1_84' title='bbox 1883 1236 1937 1289; x_wconf 92' lang='lat' dir='ltr'><strong>in</strong></span> <span class='ocrx_word' id='word_1_85' title='bbox 1979 1232 2107 1289; x_wconf 83' lang='lat' dir='ltr'><strong>Hic-</strong></span> 
     </span>
    </p>
   </div>
   <div class='ocr_carea' id='block_1_13' title="bbox 530 1323 2106 1399">
    <p class='ocr_par' dir='ltr' id='par_1_13' title="bbox 530 1323 2106 1399">
     <span class='ocr_line' id='line_1_13' title="bbox 530 1323 2106 1399; baseline -0.001 -18"><span class='ocrx_word' id='word_1_86' title='bbox 530 1329 739 1399; x_wconf 84' lang='lat' dir='ltr'><strong>ronymi</strong></span> <span class='ocrx_word' id='word_1_87' title='bbox 770 1338 901 1382; x_wconf 89' lang='lat' dir='ltr'><strong>tom.</strong></span> <span class='ocrx_word' id='word_1_88' title='bbox 936 1327 1066 1382; x_wconf 84' lang='lat' dir='ltr'><strong>VII:</strong></span> <span class='ocrx_word' id='word_1_89' title='bbox 1101 1344 1119 1377; x_wconf 78' lang='grc' dir='ltr'><strong>ι</strong></span> <span class='ocrx_word' id='word_1_90' title='bbox 1153 1326 1315 1381; x_wconf 83' lang='lat' dir='ltr'><strong>Multa</strong></span> <span class='ocrx_word' id='word_1_91' title='bbox 1351 1337 1475 1381; x_wconf 84' lang='lat' dir='ltr'><strong>sunt</strong></span> <span class='ocrx_word' id='word_1_92' title='bbox 1502 1341 1623 1395; x_wconf 78' lang='lat' dir='ltr'><strong>qua:</strong></span> <span class='ocrx_word' id='word_1_93' title='bbox 1650 1325 1830 1380; x_wconf 85' lang='lat' dir='ltr'><strong>Latini</strong></span> <span class='ocrx_word' id='word_1_94' title='bbox 1862 1323 2106 1380; x_wconf 85' lang='lat' dir='ltr'><strong>hominis</strong></span> 
     </span>
    </p>
   </div>
   <div class='ocr_carea' id='block_1_14' title="bbox 524 1414 2104 1486">
    <p class='ocr_par' dir='ltr' id='par_1_14' title="bbox 524 1414 2104 1486">
     <span class='ocr_line' id='line_1_14' title="bbox 524 1414 2104 1486; baseline -0.004 -11"><span class='ocrx_word' id='word_1_95' title='bbox 524 1435 670 1484; x_wconf 86' lang='lat' dir='ltr'><strong>esse,</strong></span> <span class='ocrx_word' id='word_1_96' title='bbox 700 1434 806 1474; x_wconf 91' lang='lat' dir='ltr'><strong>non</strong></span> <span class='ocrx_word' id='word_1_97' title='bbox 833 1418 1028 1483; x_wconf 69' lang='lat' dir='ltr'><strong>Graeci,</strong></span> <span class='ocrx_word' id='word_1_98' title='bbox 1056 1419 1431 1486; x_wconf 85' lang='lat' dir='ltr'><strong>comprobent.</strong></span> <span class='ocrx_word' id='word_1_99' title='bbox 1470 1436 1489 1468; x_wconf 73' lang='grc' dir='ltr'><strong>ι</strong></span> <span class='ocrx_word' id='word_1_100' title='bbox 1535 1415 1774 1483; x_wconf 87' lang='lat' dir='ltr'><strong>Quorum</strong></span> <span class='ocrx_word' id='word_1_101' title='bbox 1814 1414 2104 1484; x_wconf 87' lang='lat' dir='ltr'><strong>judicium,</strong></span> 
     </span>
    </p>
   </div>
   <div class='ocr_carea' id='block_1_15' title="bbox 531 1505 2110 1575">
    <p class='ocr_par' dir='ltr' id='par_1_15' title="bbox 531 1505 2110 1575">
     <span class='ocr_line' id='line_1_15' title="bbox 531 1505 2110 1575; baseline -0.001 -12"><span class='ocrx_word' id='word_1_102' title='bbox 531 1521 590 1565; x_wconf 92' lang='lat' dir='ltr'><strong>ut</strong></span> <span class='ocrx_word' id='word_1_103' title='bbox 631 1522 685 1565; x_wconf 88' lang='lat' dir='ltr'><strong>et</strong></span> <span class='ocrx_word' id='word_1_104' title='bbox 727 1510 857 1564; x_wconf 90' lang='lat' dir='ltr'><strong>illud</strong></span> <span class='ocrx_word' id='word_1_105' title='bbox 896 1509 1146 1565; x_wconf 83' lang='lat' dir='ltr'><strong>Gulielmi</strong></span> <span class='ocrx_word' id='word_1_106' title='bbox 1195 1508 1441 1564; x_wconf 83' lang='lat' dir='ltr'><strong>Perkinsi</strong></span> <span class='ocrx_word' id='word_1_107' title='bbox 1484 1507 1555 1571; x_wconf 87' lang='lat'><strong>&quot;,</strong></span> <span class='ocrx_word' id='word_1_108' title='bbox 1592 1509 1735 1562; x_wconf 93' lang='lat' dir='ltr'><strong>inter</strong></span> <span class='ocrx_word' id='word_1_109' title='bbox 1787 1505 2008 1575; x_wconf 83' lang='lat' dir='ltr'><strong>rejicula</strong></span> <span class='ocrx_word' id='word_1_110' title='bbox 2054 1515 2110 1561; x_wconf 92' lang='lat' dir='ltr'><strong>et</strong></span> 
     </span>
    </p>
   </div>
   <div class='ocr_carea' id='block_1_16' title="bbox 529 1595 2107 1673">
    <p class='ocr_par' dir='ltr' id='par_1_16' title="bbox 529 1595 2107 1673">
     <span class='ocr_line' id='line_1_16' title="bbox 529 1595 2107 1673; baseline -0.003 -18"><span class='ocrx_word' id='word_1_111' title='bbox 529 1602 714 1671; x_wconf 87' lang='lat' dir='ltr'><strong>spuria</strong></span> <span class='ocrx_word' id='word_1_112' title='bbox 758 1602 861 1656; x_wconf 85' lang='lat' dir='ltr'><strong>hoc</strong></span> <span class='ocrx_word' id='word_1_113' title='bbox 895 1616 1031 1673; x_wconf 89' lang='lat' dir='ltr'><strong>opus</strong></span> <span class='ocrx_word' id='word_1_114' title='bbox 1091 1601 1453 1667; x_wconf 89' lang='lat' dir='ltr'><strong>recensentis,</strong></span> <span class='ocrx_word' id='word_1_115' title='bbox 1510 1602 1707 1655; x_wconf 89' lang='lat' dir='ltr'><strong>merito</strong></span> <span class='ocrx_word' id='word_1_116' title='bbox 1754 1597 1908 1653; x_wconf 82' lang='lat' dir='ltr'><strong>ﬂocci</strong></span> <span class='ocrx_word' id='word_1_117' title='bbox 1969 1595 2107 1652; x_wconf 88' lang='lat' dir='ltr'><strong>faci-</strong></span> 
     </span>
    </p>
   </div>
   <div class='ocr_carea' id='block_1_17' title="bbox 528 1706 671 1745">
    <p class='ocr_par' dir='ltr' id='par_1_17' title="bbox 528 1706 671 1745">
     <span class='ocr_line' id='line_1_17' title="bbox 528 1706 671 1745; baseline 0.007 -1"><span class='ocrx_word' id='word_1_118' title='bbox 528 1706 671 1745; x_wconf 89' lang='lat' dir='ltr'><strong>mus.</strong></span> 
     </span>
    </p>
   </div>
   <div class='ocr_carea' id='block_1_18' title="bbox 601 1777 2107 1853">
    <p class='ocr_par' dir='ltr' id='par_1_18' title="bbox 601 1777 2107 1853">
     <span class='ocr_line' id='line_1_18' title="bbox 601 1777 2107 1853; baseline -0.005 -14"><span class='ocrx_word' id='word_1_119' title='bbox 601 1785 803 1839; x_wconf 65' lang='lat' dir='ltr'><strong>Praeter</strong></span> <span class='ocrx_word' id='word_1_120' title='bbox 831 1783 982 1853; x_wconf 90' lang='lat' dir='ltr'><strong>parvi</strong></span> <span class='ocrx_word' id='word_1_121' title='bbox 1030 1783 1159 1837; x_wconf 83' lang='lat' dir='ltr'><strong>torni</strong></span> <span class='ocrx_word' id='word_1_122' title='bbox 1199 1782 1587 1853; x_wconf 77' lang='lat' dir='ltr'><strong>fragmentum,</strong></span> <span class='ocrx_word' id='word_1_123' title='bbox 1616 1788 1671 1835; x_wconf 91' lang='lat' dir='ltr'><strong>et</strong></span> <span class='ocrx_word' id='word_1_124' title='bbox 1703 1778 1915 1849; x_wconf 87' lang='lat' dir='ltr'><strong>amplas</strong></span> <span class='ocrx_word' id='word_1_125' title='bbox 1938 1792 1969 1832; x_wconf 93' lang='lat' dir='ltr'><strong>e</strong></span> <span class='ocrx_word' id='word_1_126' title='bbox 2003 1777 2107 1832; x_wconf 91' lang='lat' dir='ltr'><strong>de-</strong></span> 
     </span>
    </p>
   </div>
   <div class='ocr_carea' id='block_1_19' title="bbox 496 1857 2183 1947">
    <p class='ocr_par' dir='ltr' id='par_1_19' title="bbox 496 1857 2183 1947">
     <span class='ocr_line' id='line_1_19' title="bbox 496 1857 2183 1947; baseline -0.005 -14"><span class='ocrx_word' id='word_1_127' title='bbox 496 1860 647 1933; x_wconf 33' lang='lat' dir='ltr'><strong>&#39;cem</strong></span> <span class='ocrx_word' id='word_1_128' title='bbox 682 1879 841 1933; x_wconf 90' lang='lat' dir='ltr'><strong>tomis</strong></span> <span class='ocrx_word' id='word_1_129' title='bbox 869 1877 1120 1943; x_wconf 86' lang='lat' dir='ltr'><strong>lacinias,</strong></span> <span class='ocrx_word' id='word_1_130' title='bbox 1172 1877 1291 1931; x_wconf 68' lang='lat' dir='ltr'><strong>dua:</strong></span> <span class='ocrx_word' id='word_1_131' title='bbox 1336 1889 1555 1947; x_wconf 91' lang='lat' dir='ltr'><strong>quoque</strong></span> <span class='ocrx_word' id='word_1_132' title='bbox 1583 1882 1880 1941; x_wconf 84' lang='lat' dir='ltr'><strong>supersunt</strong></span> <span class='ocrx_word' id='word_1_133' title='bbox 1928 1872 2108 1926; x_wconf 88' lang='lat' dir='ltr'><strong>homi-</strong></span> <span class='ocrx_word' id='word_1_134' title='bbox 2138 1857 2183 1912; x_wconf 83' lang='grc' dir='ltr'>Β</span> 
     </span>
    </p>
   </div>
   <div class='ocr_carea' id='block_1_20' title="bbox 531 1962 2110 2040">
    <p class='ocr_par' dir='ltr' id='par_1_20' title="bbox 531 1962 2110 2040">
     <span class='ocr_line' id='line_1_20' title="bbox 531 1962 2110 2040; baseline -0.007 -15"><span class='ocrx_word' id='word_1_135' title='bbox 531 1971 616 2025; x_wconf 76' lang='lat' dir='ltr'><strong>liae</strong></span> <span class='ocrx_word' id='word_1_136' title='bbox 648 1972 716 2025; x_wconf 91' lang='lat' dir='ltr'><strong>ab</strong></span> <span class='ocrx_word' id='word_1_137' title='bbox 742 1970 1071 2040; x_wconf 83' lang='lat' dir='ltr'><strong>Hieronymo</strong></span> <span class='ocrx_word' id='word_1_138' title='bbox 1110 1967 1307 2023; x_wconf 88' lang='lat' dir='ltr'><strong>Latino</strong></span> <span class='ocrx_word' id='word_1_139' title='bbox 1355 1981 1610 2022; x_wconf 87' lang='lat' dir='ltr'><strong>sermone</strong></span> <span class='ocrx_word' id='word_1_140' title='bbox 1653 1964 1937 2033; x_wconf 68' lang='lat' dir='ltr'><strong>explicatae</strong></span> <span class='ocrx_word' id='word_1_141' title='bbox 1984 1981 2003 2014; x_wconf 73' lang='grc' dir='ltr'><strong>ι</strong></span> <span class='ocrx_word' id='word_1_142' title='bbox 2047 1962 2110 2015; x_wconf 85' lang='lat' dir='ltr'><strong>fi-</strong></span> 
     </span>
    </p>
   </div>
   <div class='ocr_carea' id='block_1_21' title="bbox 529 2052 2110 2131">
    <p class='ocr_par' dir='ltr' id='par_1_21' title="bbox 529 2052 2110 2131">
     <span class='ocr_line' id='line_1_21' title="bbox 529 2052 2110 2131; baseline -0.008 -12"><span class='ocrx_word' id='word_1_143' title='bbox 529 2064 721 2119; x_wconf 90' lang='lat' dir='ltr'><strong>deliter</strong></span> <span class='ocrx_word' id='word_1_144' title='bbox 752 2062 942 2131; x_wconf 87' lang='lat' dir='ltr'><strong>magis,</strong></span> <span class='ocrx_word' id='word_1_145' title='bbox 976 2075 1140 2129; x_wconf 89' lang='lat' dir='ltr'><strong>quam</strong></span> <span class='ocrx_word' id='word_1_146' title='bbox 1162 2069 1377 2123; x_wconf 90' lang='lat' dir='ltr'><strong>ornate,</strong></span> <span class='ocrx_word' id='word_1_147' title='bbox 1408 2075 1428 2109; x_wconf 76' lang='grc' dir='ltr'><strong>ι</strong></span> <span class='ocrx_word' id='word_1_148' title='bbox 1470 2066 1529 2110; x_wconf 90' lang='lat' dir='ltr'><strong>ut</strong></span> <span class='ocrx_word' id='word_1_149' title='bbox 1553 2057 1666 2125; x_wconf 91' lang='lat' dir='ltr'><strong>ipse</strong></span> <span class='ocrx_word' id='word_1_150' title='bbox 1690 2056 1767 2109; x_wconf 86' lang='lat' dir='ltr'><strong>ait</strong></span> <span class='ocrx_word' id='word_1_151' title='bbox 1795 2055 1848 2108; x_wconf 94' lang='lat' dir='ltr'><strong>in</strong></span> <span class='ocrx_word' id='word_1_152' title='bbox 1876 2052 2110 2122; x_wconf 88' lang='lat' dir='ltr'><strong>Prologo</strong></span> 
     </span>
    </p>
   </div>
   <div class='ocr_carea' id='block_1_22' title="bbox 527 2145 2113 2219">
    <p class='ocr_par' dir='ltr' id='par_1_22' title="bbox 527 2145 2113 2219">
     <span class='ocr_line' id='line_1_22' title="bbox 527 2145 2113 2219; baseline -0.007 -8"><span class='ocrx_word' id='word_1_153' title='bbox 527 2157 598 2211; x_wconf 88' lang='lat' dir='ltr'><strong>ad</strong></span> <span class='ocrx_word' id='word_1_154' title='bbox 643 2155 954 2209; x_wconf 86' lang='lat' dir='ltr'><strong>Damasum.</strong></span> <span class='ocrx_word' id='word_1_155' title='bbox 1005 2151 1296 2206; x_wconf 83' lang='lat' dir='ltr'><strong>Homiliam</strong></span> <span class='ocrx_word' id='word_1_156' title='bbox 1346 2150 1587 2219; x_wconf 88' lang='lat' dir='ltr'><strong>priorem</strong></span> <span class='ocrx_word' id='word_1_157' title='bbox 1633 2149 1687 2201; x_wconf 90' lang='lat' dir='ltr'><strong>in</strong></span> <span class='ocrx_word' id='word_1_158' title='bbox 1748 2155 1931 2217; x_wconf 87' lang='lat' dir='ltr'><strong>partes</strong></span> <span class='ocrx_word' id='word_1_159' title='bbox 1974 2145 2113 2200; x_wconf 89' lang='lat' dir='ltr'><strong>duas</strong></span> 
     </span>
    </p>
   </div>
   <div class='ocr_carea' id='block_1_23' title="bbox 526 2237 2113 2320">
    <p class='ocr_par' dir='ltr' id='par_1_23' title="bbox 526 2237 2113 2320">
     <span class='ocr_line' id='line_1_23' title="bbox 526 2237 2113 2320; baseline -0.009 -15"><span class='ocrx_word' id='word_1_160' title='bbox 526 2264 812 2320; x_wconf 89' lang='lat' dir='ltr'><strong>perperam</strong></span> <span class='ocrx_word' id='word_1_161' title='bbox 842 2246 1099 2301; x_wconf 79' lang='lat' dir='ltr'><strong>Merlinus</strong></span> <span class='ocrx_word' id='word_1_162' title='bbox 1133 2244 1437 2307; x_wconf 86' lang='lat' dir='ltr'><strong>dissecuit;</strong></span> <span class='ocrx_word' id='word_1_163' title='bbox 1474 2241 1706 2312; x_wconf 91' lang='lat' dir='ltr'><strong>primam</strong></span> <span class='ocrx_word' id='word_1_164' title='bbox 1750 2250 1962 2307; x_wconf 85' lang='lat' dir='ltr'><strong>partem</strong></span> <span class='ocrx_word' id='word_1_165' title='bbox 2002 2237 2113 2307; x_wconf 86' lang='lat' dir='ltr'><strong>epi-</strong></span> 
     </span>
    </p>
   </div>
   <div class='ocr_carea' id='block_1_24' title="bbox 529 2330 2115 2411">
    <p class='ocr_par' dir='ltr' id='par_1_24' title="bbox 529 2330 2115 2411">
     <span class='ocr_line' id='line_1_24' title="bbox 529 2330 2115 2411; baseline -0.009 -14"><span class='ocrx_word' id='word_1_166' title='bbox 529 2342 681 2397; x_wconf 69' lang='lat' dir='ltr'><strong>stolae</strong></span> <span class='ocrx_word' id='word_1_167' title='bbox 713 2356 811 2411; x_wconf 93' lang='lat' dir='ltr'><strong>pro</strong></span> <span class='ocrx_word' id='word_1_168' title='bbox 844 2337 1167 2394; x_wconf 72' lang='lat' dir='ltr'><strong>Pravfatione</strong></span> <span class='ocrx_word' id='word_1_169' title='bbox 1206 2334 1519 2389; x_wconf 89' lang='lat' dir='ltr'><strong>venditans.</strong></span> <span class='ocrx_word' id='word_1_170' title='bbox 1562 2332 1817 2386; x_wconf 86' lang='lat' dir='ltr'><strong>Errorem</strong></span> <span class='ocrx_word' id='word_1_171' title='bbox 1861 2330 2115 2385; x_wconf 89' lang='lat' dir='ltr'><strong>viderunt</strong></span> 
     </span>
    </p>
   </div>
   <div class='ocr_carea' id='block_1_25' title="bbox 529 2422 2115 2490">
    <p class='ocr_par' dir='ltr' id='par_1_25' title="bbox 529 2422 2115 2490">
     <span class='ocr_line' id='line_1_25' title="bbox 529 2422 2115 2490; baseline -0.008 -3"><span class='ocrx_word' id='word_1_172' title='bbox 529 2433 788 2487; x_wconf 83' lang='lat' dir='ltr'><strong>Erasmus</strong></span> <span class='ocrx_word' id='word_1_173' title='bbox 838 2440 893 2485; x_wconf 91' lang='lat' dir='ltr'><strong>et</strong></span> <span class='ocrx_word' id='word_1_174' title='bbox 938 2427 1352 2490; x_wconf 87' lang='lat' dir='ltr'><strong>Genebrardus,</strong></span> <span class='ocrx_word' id='word_1_175' title='bbox 1406 2433 1461 2479; x_wconf 92' lang='lat' dir='ltr'><strong>et</strong></span> <span class='ocrx_word' id='word_1_176' title='bbox 1504 2425 1559 2479; x_wconf 92' lang='lat' dir='ltr'><strong>in</strong></span> <span class='ocrx_word' id='word_1_177' title='bbox 1631 2424 1744 2478; x_wconf 80' lang='lat' dir='ltr'><strong>suis</strong></span> <span class='ocrx_word' id='word_1_178' title='bbox 1782 2422 2115 2477; x_wconf 88' lang='lat' dir='ltr'><strong>editionibus</strong></span> 
     </span>
    </p>
   </div>
   <div class='ocr_carea' id='block_1_26' title="bbox 528 2514 1985 2591">
    <p class='ocr_par' dir='ltr' id='par_1_26' title="bbox 528 2514 1985 2591">
     <span class='ocr_line' id='line_1_26' title="bbox 528 2514 1985 2591; baseline -0.01 -10"><span class='ocrx_word' id='word_1_179' title='bbox 528 2532 923 2586; x_wconf 75' lang='lat' dir='ltr'><strong>correxerunt;</strong></span> <span class='ocrx_word' id='word_1_180' title='bbox 956 2533 1108 2591; x_wconf 90' lang='lat' dir='ltr'><strong>parte</strong></span> <span class='ocrx_word' id='word_1_181' title='bbox 1135 2528 1361 2589; x_wconf 82' lang='lat' dir='ltr'><strong>utraque</strong></span> <span class='ocrx_word' id='word_1_182' title='bbox 1396 2518 1447 2572; x_wconf 93' lang='lat' dir='ltr'><strong>in</strong></span> <span class='ocrx_word' id='word_1_183' title='bbox 1482 2532 1646 2571; x_wconf 90' lang='lat' dir='ltr'><strong>unum</strong></span> <span class='ocrx_word' id='word_1_184' title='bbox 1676 2514 1985 2585; x_wconf 85' lang='lat' dir='ltr'><strong>conjuncta.</strong></span> 
     </span>
    </p>
   </div>
   <div class='ocr_carea' id='block_1_27' title="bbox 606 2604 2113 2683">
    <p class='ocr_par' dir='ltr' id='par_1_27' title="bbox 606 2604 2113 2683">
     <span class='ocr_line' id='line_1_27' title="bbox 606 2604 2113 2683; baseline -0.008 -13"><span class='ocrx_word' id='word_1_185' title='bbox 606 2615 736 2670; x_wconf 89' lang='lat' dir='ltr'><strong>Vlll.</strong></span> <span class='ocrx_word' id='word_1_186' title='bbox 770 2614 1066 2683; x_wconf 90' lang='lat' dir='ltr'><strong>Superiore</strong></span> <span class='ocrx_word' id='word_1_187' title='bbox 1119 2612 1362 2666; x_wconf 90' lang='lat' dir='ltr'><strong>sectione</strong></span> <span class='ocrx_word' id='word_1_188' title='bbox 1404 2608 1644 2662; x_wconf 83' lang='lat' dir='ltr'><strong>diximus</strong></span> <span class='ocrx_word' id='word_1_189' title='bbox 1686 2606 1974 2672; x_wconf 89' lang='lat' dir='ltr'><strong>Origenem</strong></span> <span class='ocrx_word' id='word_1_190' title='bbox 2015 2604 2113 2659; x_wconf 84' lang='lat' dir='ltr'><strong>tri-</strong></span> 
     </span>
    </p>
   </div>
   <div class='ocr_carea' id='block_1_28' title="bbox 532 2696 2117 2777">
    <p class='ocr_par' dir='ltr' id='par_1_28' title="bbox 532 2696 2117 2777">
     <span class='ocr_line' id='line_1_28' title="bbox 532 2696 2117 2777; baseline -0.006 -17"><span class='ocrx_word' id='word_1_191' title='bbox 532 2709 681 2777; x_wconf 91' lang='lat' dir='ltr'><strong>ginta</strong></span> <span class='ocrx_word' id='word_1_192' title='bbox 745 2703 1134 2767; x_wconf 77' lang='lat' dir='ltr'><strong>voluminibus,</strong></span> <span class='ocrx_word' id='word_1_193' title='bbox 1202 2709 1259 2756; x_wconf 87' lang='lat' dir='ltr'><strong>et</strong></span> <span class='ocrx_word' id='word_1_194' title='bbox 1320 2698 1512 2771; x_wconf 79' lang='lat' dir='ltr'><strong>viginti</strong></span> <span class='ocrx_word' id='word_1_195' title='bbox 1571 2698 1814 2768; x_wconf 82' lang='lat' dir='ltr'><strong>quinque</strong></span> <span class='ocrx_word' id='word_1_196' title='bbox 1875 2696 2117 2752; x_wconf 86' lang='lat' dir='ltr'><strong>homiliis</strong></span> 
     </span>
    </p>
   </div>
   <div class='ocr_carea' id='block_1_29' title="bbox 531 2790 2112 2866">
    <p class='ocr_par' dir='ltr' id='par_1_29' title="bbox 531 2790 2112 2866">
     <span class='ocr_line' id='line_1_29' title="bbox 531 2790 2112 2866; baseline -0.008 -11"><span class='ocrx_word' id='word_1_197' title='bbox 531 2799 726 2855; x_wconf 89' lang='lat' dir='ltr'><strong>Isaiam</strong></span> <span class='ocrx_word' id='word_1_198' title='bbox 754 2795 1077 2866; x_wconf 85' lang='lat' dir='ltr'><strong>explicasse.</strong></span> <span class='ocrx_word' id='word_1_199' title='bbox 1120 2793 1163 2848; x_wconf 88' lang='lat' dir='ltr'><strong>E</strong></span> <span class='ocrx_word' id='word_1_200' title='bbox 1191 2794 1330 2849; x_wconf 88' lang='lat' dir='ltr'><strong>libro</strong></span> <span class='ocrx_word' id='word_1_201' title='bbox 1360 2793 1535 2863; x_wconf 89' lang='lat' dir='ltr'><strong>primo</strong></span> <span class='ocrx_word' id='word_1_202' title='bbox 1586 2790 2112 2847; x_wconf 84' lang='lat' dir='ltr'><strong>Commentariorum</strong></span> 
     </span>
    </p>
   </div>
   <div class='ocr_carea' id='block_1_30' title="bbox 531 2882 2116 2961">
    <p class='ocr_par' dir='ltr' id='par_1_30' title="bbox 531 2882 2116 2961">
     <span class='ocr_line' id='line_1_30' title="bbox 531 2882 2116 2961; baseline -0.007 -17"><span class='ocrx_word' id='word_1_203' title='bbox 531 2891 895 2961; x_wconf 74' lang='lat' dir='ltr'><strong>fragmentum</strong></span> <span class='ocrx_word' id='word_1_204' title='bbox 947 2886 1107 2942; x_wconf 86' lang='lat' dir='ltr'><strong>all&#39;ert</strong></span> <span class='ocrx_word' id='word_1_205' title='bbox 1152 2885 1465 2953; x_wconf 84' lang='lat' dir='ltr'><strong>Pamphilus</strong></span> <span class='ocrx_word' id='word_1_206' title='bbox 1509 2884 1563 2938; x_wconf 91' lang='lat' dir='ltr'><strong>in</strong></span> <span class='ocrx_word' id='word_1_207' title='bbox 1609 2882 1952 2952; x_wconf 83' lang='lat' dir='ltr'><strong>Apologetico</strong></span> <span class='ocrx_word' id='word_1_208' title='bbox 1980 2886 2014 2946; x_wconf 81' lang='grc'><strong>;;</strong></span> <span class='ocrx_word' id='word_1_209' title='bbox 2060 2888 2116 2936; x_wconf 90' lang='lat' dir='ltr'><strong>et</strong></span> 
     </span>
    </p>
   </div>
   <div class='ocr_carea' id='block_1_31' title="bbox 531 2972 2117 3050">
    <p class='ocr_par' dir='ltr' id='par_1_31' title="bbox 531 2972 2117 3050">
     <span class='ocr_line' id='line_1_31' title="bbox 531 2972 2117 3050; baseline -0.007 -13"><span class='ocrx_word' id='word_1_210' title='bbox 531 2982 677 3037; x_wconf 87' lang='lat' dir='ltr'><strong>aliud</strong></span> <span class='ocrx_word' id='word_1_211' title='bbox 710 2979 870 3050; x_wconf 88' lang='lat' dir='ltr'><strong>paulo</strong></span> <span class='ocrx_word' id='word_1_212' title='bbox 895 2989 1070 3049; x_wconf 90' lang='lat' dir='ltr'><strong>poste</strong></span> <span class='ocrx_word' id='word_1_213' title='bbox 1094 2977 1231 3032; x_wconf 90' lang='lat' dir='ltr'><strong>libro</strong></span> <span class='ocrx_word' id='word_1_214' title='bbox 1264 2976 1521 3032; x_wconf 84' lang='lat' dir='ltr'><strong>vicesimo</strong></span> <span class='ocrx_word' id='word_1_215' title='bbox 1555 2983 1773 3028; x_wconf 89' lang='lat' dir='ltr'><strong>octavo.</strong></span> <span class='ocrx_word' id='word_1_216' title='bbox 1826 2973 1905 3027; x_wconf 87' lang='lat' dir='ltr'><strong>Ex</strong></span> <span class='ocrx_word' id='word_1_217' title='bbox 1936 2972 2117 3026; x_wconf 85' lang='lat' dir='ltr'><strong>homi-</strong></span> 
     </span>
    </p>
   </div>
   <div class='ocr_carea' id='block_1_32' title="bbox 531 3063 2111 3140">
    <p class='ocr_par' dir='ltr' id='par_1_32' title="bbox 531 3063 2111 3140">
     <span class='ocr_line' id='line_1_32' title="bbox 531 3063 2111 3140; baseline -0.005 -14"><span class='ocrx_word' id='word_1_218' title='bbox 531 3072 620 3128; x_wconf 86' lang='lat' dir='ltr'><strong>liis</strong></span> <span class='ocrx_word' id='word_1_219' title='bbox 666 3079 958 3140; x_wconf 88' lang='lat' dir='ltr'><strong>supersunt</strong></span> <span class='ocrx_word' id='word_1_220' title='bbox 998 3069 1228 3124; x_wconf 91' lang='lat' dir='ltr'><strong>omnino</strong></span> <span class='ocrx_word' id='word_1_221' title='bbox 1270 3083 1464 3122; x_wconf 88' lang='lat' dir='ltr'><strong>novem</strong></span> <span class='ocrx_word' id='word_1_222' title='bbox 1514 3067 1567 3121; x_wconf 92' lang='lat' dir='ltr'><strong>in</strong></span> <span class='ocrx_word' id='word_1_223' title='bbox 1604 3066 1844 3121; x_wconf 87' lang='lat' dir='ltr'><strong>editione</strong></span> <span class='ocrx_word' id='word_1_224' title='bbox 1895 3063 2111 3118; x_wconf 87' lang='lat' dir='ltr'><strong>Latina.</strong></span> 
     </span>
    </p>
   </div>
   <div class='ocr_carea' id='block_1_33' title="bbox 531 3155 2110 3233">
    <p class='ocr_par' dir='ltr' id='par_1_33' title="bbox 531 3155 2110 3233">
     <span class='ocr_line' id='line_1_33' title="bbox 531 3155 2110 3233; baseline -0.007 -14"><span class='ocrx_word' id='word_1_225' title='bbox 531 3163 850 3233; x_wconf 87' lang='lat' dir='ltr'><strong>lnterpretis</strong></span> <span class='ocrx_word' id='word_1_226' title='bbox 880 3177 1076 3217; x_wconf 89' lang='lat' dir='ltr'><strong>nomen</strong></span> <span class='ocrx_word' id='word_1_227' title='bbox 1122 3177 1225 3216; x_wconf 93' lang='lat' dir='ltr'><strong>non</strong></span> <span class='ocrx_word' id='word_1_228' title='bbox 1277 3158 1592 3222; x_wconf 82' lang='lat' dir='ltr'><strong>aseribitur,</strong></span> <span class='ocrx_word' id='word_1_229' title='bbox 1630 3171 1791 3226; x_wconf 91' lang='lat' dir='ltr'><strong>quem</strong></span> <span class='ocrx_word' id='word_1_230' title='bbox 1841 3155 2110 3227; x_wconf 89' lang='lat' dir='ltr'><strong>Hierony-</strong></span> 
     </span>
    </p>
   </div>
   <div class='ocr_carea' id='block_1_34' title="bbox 532 3248 2115 3322">
    <p class='ocr_par' dir='ltr' id='par_1_34' title="bbox 532 3248 2115 3322">
     <span class='ocr_line' id='line_1_34' title="bbox 532 3248 2115 3322; baseline -0.004 -14"><span class='ocrx_word' id='word_1_231' title='bbox 532 3271 680 3309; x_wconf 86' lang='lat' dir='ltr'><strong>mum</strong></span> <span class='ocrx_word' id='word_1_232' title='bbox 711 3268 833 3310; x_wconf 90' lang='lat' dir='ltr'><strong>esse</strong></span> <span class='ocrx_word' id='word_1_233' title='bbox 880 3267 1099 3310; x_wconf 78' lang='lat' dir='ltr'><strong>censeo.</strong></span> <span class='ocrx_word' id='word_1_234' title='bbox 1129 3253 1368 3322; x_wconf 90' lang='lat' dir='ltr'><strong>ldipsum</strong></span> <span class='ocrx_word' id='word_1_235' title='bbox 1397 3260 1583 3306; x_wconf 88' lang='lat' dir='ltr'><strong>censet</strong></span> <span class='ocrx_word' id='word_1_236' title='bbox 1619 3249 1900 3311; x_wconf 83' lang='lat' dir='ltr'><strong>Erasmus,</strong></span> <span class='ocrx_word' id='word_1_237' title='bbox 1928 3248 2115 3316; x_wconf 88' lang='lat' dir='ltr'><strong>aitque</strong></span> 
     </span>
    </p>
   </div>
   <div class='ocr_carea' id='block_1_35' title="bbox 534 3340 2111 3417">
    <p class='ocr_par' dir='ltr' id='par_1_35' title="bbox 534 3340 2111 3417">
     <span class='ocr_line' id='line_1_35' title="bbox 534 3340 2111 3417; baseline -0.008 -14"><span class='ocrx_word' id='word_1_238' title='bbox 534 3347 921 3417; x_wconf 85' lang='lat' dir='ltr'><strong>Hieronymum</strong></span> <span class='ocrx_word' id='word_1_239' title='bbox 972 3347 1025 3400; x_wconf 94' lang='lat' dir='ltr'><strong>in</strong></span> <span class='ocrx_word' id='word_1_240' title='bbox 1086 3344 1347 3413; x_wconf 77' lang='lat' dir='ltr'><strong>Cataloga</strong></span> <span class='ocrx_word' id='word_1_241' title='bbox 1416 3343 1734 3411; x_wconf 75' lang='lat' dir='ltr'><strong>scriptorum</strong></span> <span class='ocrx_word' id='word_1_242' title='bbox 1792 3340 2111 3395; x_wconf 81' lang='lat' dir='ltr'><strong>ecclesiasti-</strong></span> 
     </span>
    </p>
   </div>
   <div class='ocr_carea' id='block_1_36' title="bbox 532 3432 2118 3505">
    <p class='ocr_par' dir='ltr' id='par_1_36' title="bbox 532 3432 2118 3505">
     <span class='ocr_line' id='line_1_36' title="bbox 532 3432 2118 3505; baseline -0.006 -11"><span class='ocrx_word' id='word_1_243' title='bbox 532 3456 716 3494; x_wconf 84' lang='lat' dir='ltr'><strong>carum</strong></span> <span class='ocrx_word' id='word_1_244' title='bbox 749 3438 907 3493; x_wconf 79' lang='lat' dir='ltr'><strong>fateri</strong></span> <span class='ocrx_word' id='word_1_245' title='bbox 935 3453 995 3493; x_wconf 94' lang='lat' dir='ltr'><strong>se</strong></span> <span class='ocrx_word' id='word_1_246' title='bbox 1019 3437 1126 3491; x_wconf 91' lang='lat' dir='ltr'><strong>hoc</strong></span> <span class='ocrx_word' id='word_1_247' title='bbox 1154 3436 1520 3505; x_wconf 81' lang='lat' dir='ltr'><strong>fragmentum</strong></span> <span class='ocrx_word' id='word_1_248' title='bbox 1562 3433 1790 3489; x_wconf 82' lang='lat' dir='ltr'><strong>vertisse</strong></span> <span class='ocrx_word' id='word_1_249' title='bbox 1838 3447 1903 3486; x_wconf 88' lang='lat' dir='ltr'><strong>ex</strong></span> <span class='ocrx_word' id='word_1_250' title='bbox 1960 3432 2118 3486; x_wconf 86' lang='lat' dir='ltr'><strong>Com-</strong></span> 
     </span>
    </p>
   </div>
   <div class='ocr_carea' id='block_1_37' title="bbox 535 3523 2114 3599">
    <p class='ocr_par' dir='ltr' id='par_1_37' title="bbox 535 3523 2114 3599">
     <span class='ocr_line' id='line_1_37' title="bbox 535 3523 2114 3599; baseline -0.006 -12"><span class='ocrx_word' id='word_1_251' title='bbox 535 3532 823 3587; x_wconf 86' lang='lat' dir='ltr'><strong>mentariis</strong></span> <span class='ocrx_word' id='word_1_252' title='bbox 849 3529 1105 3599; x_wconf 86' lang='lat' dir='ltr'><strong>Origenis</strong></span> <span class='ocrx_word' id='word_1_253' title='bbox 1134 3529 1189 3582; x_wconf 83' lang='lat' dir='ltr'><strong>in</strong></span> <span class='ocrx_word' id='word_1_254' title='bbox 1217 3526 1443 3581; x_wconf 79' lang='lat' dir='ltr'><strong>Isaiam.</strong></span> <span class='ocrx_word' id='word_1_255' title='bbox 1480 3526 1741 3595; x_wconf 84' lang='lat' dir='ltr'><strong>Equidem</strong></span> <span class='ocrx_word' id='word_1_256' title='bbox 1768 3524 1822 3579; x_wconf 91' lang='lat' dir='ltr'><strong>id</strong></span> <span class='ocrx_word' id='word_1_257' title='bbox 1851 3523 2026 3579; x_wconf 91' lang='lat' dir='ltr'><strong>solum</strong></span> <span class='ocrx_word' id='word_1_258' title='bbox 2062 3524 2114 3577; x_wconf 73' lang='lat' dir='ltr'><strong>in</strong></span> 
     </span>
    </p>
   </div>
   <div class='ocr_carea' id='block_1_38' title="bbox 533 3616 2117 3691">
    <p class='ocr_par' dir='ltr' id='par_1_38' title="bbox 533 3616 2117 3691">
     <span class='ocr_line' id='line_1_38' title="bbox 533 3616 2117 3691; baseline -0.007 -11"><span class='ocrx_word' id='word_1_259' title='bbox 533 3641 601 3681; x_wconf 91' lang='lat' dir='ltr'><strong>eo</strong></span> <span class='ocrx_word' id='word_1_260' title='bbox 639 3622 919 3691; x_wconf 86' lang='lat' dir='ltr'><strong>Catalogo,</strong></span> <span class='ocrx_word' id='word_1_261' title='bbox 953 3635 1075 3689; x_wconf 88' lang='lat' dir='ltr'><strong>cap.</strong></span> <span class='ocrx_word' id='word_1_262' title='bbox 1108 3618 1236 3682; x_wconf 76' lang='grc'><strong>155,</strong></span> <span class='ocrx_word' id='word_1_263' title='bbox 1282 3618 1519 3688; x_wconf 90' lang='lat' dir='ltr'><strong>reperio,</strong></span> <span class='ocrx_word' id='word_1_264' title='bbox 1568 3617 1660 3672; x_wconf 91' lang='lat' dir='ltr'><strong>ubi</strong></span> <span class='ocrx_word' id='word_1_265' title='bbox 1692 3616 1760 3671; x_wconf 92' lang='lat' dir='ltr'><strong>de</strong></span> <span class='ocrx_word' id='word_1_266' title='bbox 1787 3618 1967 3685; x_wconf 84' lang='lat' dir='ltr'><strong>seipso</strong></span> <span class='ocrx_word' id='word_1_267' title='bbox 2005 3616 2117 3685; x_wconf 87' lang='lat' dir='ltr'><strong>agit</strong></span> 
     </span>
    </p>
   </div>
   <div class='ocr_carea' id='block_1_39' title="bbox 535 3707 2119 3784">
    <p class='ocr_par' dir='ltr' id='par_1_39' title="bbox 535 3707 2119 3784">
     <span class='ocr_line' id='line_1_39' title="bbox 535 3707 2119 3784; baseline -0.006 -15"><span class='ocrx_word' id='word_1_268' title='bbox 535 3715 939 3784; x_wconf 83' lang='lat' dir='ltr'><strong>Hieronymus:</strong></span> <span class='ocrx_word' id='word_1_269' title='bbox 994 3728 1016 3764; x_wconf 70' lang='grc' dir='ltr'><strong>ι</strong></span> <span class='ocrx_word' id='word_1_270' title='bbox 1058 3711 1113 3765; x_wconf 89' lang='lat' dir='ltr'><strong>lu</strong></span> <span class='ocrx_word' id='word_1_271' title='bbox 1138 3708 1431 3765; x_wconf 79' lang='lat' dir='ltr'><strong>Jereniiam</strong></span> <span class='ocrx_word' id='word_1_272' title='bbox 1457 3718 1512 3763; x_wconf 93' lang='lat' dir='ltr'><strong>et</strong></span> <span class='ocrx_word' id='word_1_273' title='bbox 1546 3709 1597 3762; x_wconf 93' lang='lat' dir='ltr'><strong>in</strong></span> <span class='ocrx_word' id='word_1_274' title='bbox 1630 3707 1973 3763; x_wconf 80' lang='lat' dir='ltr'><strong>Ezechielem</strong></span> <span class='ocrx_word' id='word_1_275' title='bbox 2022 3708 2119 3760; x_wconf 78' lang='lat' dir='ltr'><strong>lio-</strong></span> 
     </span>
    </p>
   </div>
   <div class='ocr_carea' id='block_1_40' title="bbox 536 3796 2119 3873">
    <p class='ocr_par' dir='ltr' id='par_1_40' title="bbox 536 3796 2119 3873">
     <span class='ocr_line' id='line_1_40' title="bbox 536 3796 2119 3873; baseline -0.007 -11"><span class='ocrx_word' id='word_1_276' title='bbox 536 3807 717 3862; x_wconf 87' lang='lat' dir='ltr'><strong>milias</strong></span> <span class='ocrx_word' id='word_1_277' title='bbox 750 3803 1007 3873; x_wconf 86' lang='lat' dir='ltr'><strong>Origenis</strong></span> <span class='ocrx_word' id='word_1_278' title='bbox 1031 3800 1222 3872; x_wconf 88' lang='lat' dir='ltr'><strong>viginti</strong></span> <span class='ocrx_word' id='word_1_279' title='bbox 1249 3809 1394 3865; x_wconf 91' lang='lat' dir='ltr'><strong>octo,</strong></span> <span class='ocrx_word' id='word_1_280' title='bbox 1435 3813 1571 3868; x_wconf 88' lang='lat' dir='ltr'><strong>quas</strong></span> <span class='ocrx_word' id='word_1_281' title='bbox 1598 3798 1665 3853; x_wconf 89' lang='lat' dir='ltr'><strong>de</strong></span> <span class='ocrx_word' id='word_1_282' title='bbox 1700 3797 1893 3854; x_wconf 56' lang='lat' dir='ltr'><strong>Graeco</strong></span> <span class='ocrx_word' id='word_1_283' title='bbox 1919 3799 1972 3850; x_wconf 92' lang='lat' dir='ltr'><strong>in</strong></span> <span class='ocrx_word' id='word_1_284' title='bbox 2012 3796 2119 3851; x_wconf 84' lang='lat' dir='ltr'><strong>La-</strong></span> 
     </span>
    </p>
   </div>
   <div class='ocr_carea' id='block_1_41' title="bbox 537 3883 2119 3963">
    <p class='ocr_par' dir='ltr' id='par_1_41' title="bbox 537 3883 2119 3963">
     <span class='ocr_line' id='line_1_41' title="bbox 537 3883 2119 3963; baseline -0.006 -10"><span class='ocrx_word' id='word_1_285' title='bbox 537 3902 708 3953; x_wconf 89' lang='lat' dir='ltr'><strong>tinum</strong></span> <span class='ocrx_word' id='word_1_286' title='bbox 740 3896 900 3960; x_wconf 84' lang='lat' dir='ltr'><strong>verti,</strong></span> <span class='ocrx_word' id='word_1_287' title='bbox 929 3895 996 3950; x_wconf 90' lang='lat' dir='ltr'><strong>de</strong></span> <span class='ocrx_word' id='word_1_288' title='bbox 1019 3893 1310 3963; x_wconf 87' lang='lat' dir='ltr'><strong>Seraphim</strong></span> <span class='ocrx_word' id='word_1_289' title='bbox 1337 3904 1394 3947; x_wconf 91' lang='lat' dir='ltr'><strong>et</strong></span> <span class='ocrx_word' id='word_1_290' title='bbox 1421 3883 1662 3947; x_wconf 83' lang='lat' dir='ltr'><strong>Osanna.</strong></span> <span class='ocrx_word' id='word_1_291' title='bbox 1694 3908 1714 3943; x_wconf 74' lang='grc' dir='ltr'><strong>ι</strong></span> <span class='ocrx_word' id='word_1_292' title='bbox 1753 3890 1916 3960; x_wconf 88' lang='lat' dir='ltr'><strong>Atqui</strong></span> <span class='ocrx_word' id='word_1_293' title='bbox 1949 3890 2119 3944; x_wconf 87' lang='lat' dir='ltr'><strong>homi-</strong></span> 
     </span>
    </p>
   </div>
   <div class='ocr_carea' id='block_1_42' title="bbox 534 3984 2118 4059">
    <p class='ocr_par' dir='ltr' id='par_1_42' title="bbox 534 3984 2118 4059">
     <span class='ocr_line' id='line_1_42' title="bbox 534 3984 2118 4059; baseline -0.004 -14"><span class='ocrx_word' id='word_1_294' title='bbox 534 3991 728 4045; x_wconf 85' lang='lat' dir='ltr'><strong>liarum</strong></span> <span class='ocrx_word' id='word_1_295' title='bbox 768 4003 890 4059; x_wconf 68' lang='lat' dir='ltr'><strong>quae</strong></span> <span class='ocrx_word' id='word_1_296' title='bbox 921 3996 1160 4050; x_wconf 89' lang='lat' dir='ltr'><strong>exstant,</strong></span> <span class='ocrx_word' id='word_1_297' title='bbox 1192 3986 1344 4056; x_wconf 89' lang='lat' dir='ltr'><strong>prior</strong></span> <span class='ocrx_word' id='word_1_298' title='bbox 1365 3986 1478 4056; x_wconf 83' lang='lat' dir='ltr'><strong>agit</strong></span> <span class='ocrx_word' id='word_1_299' title='bbox 1508 3986 1576 4040; x_wconf 92' lang='lat' dir='ltr'><strong>de</strong></span> <span class='ocrx_word' id='word_1_300' title='bbox 1613 3984 1944 4055; x_wconf 89' lang='lat' dir='ltr'><strong>seraphimis</strong></span> <span class='ocrx_word' id='word_1_301' title='bbox 1968 3994 2118 4038; x_wconf 89' lang='lat' dir='ltr'><strong>stan-</strong></span> 
     </span>
    </p>
   </div>
   <div class='ocr_carea' id='block_1_43' title="bbox 536 4076 2120 4153">
    <p class='ocr_par' dir='ltr' id='par_1_43' title="bbox 536 4076 2120 4153">
     <span class='ocr_line' id='line_1_43' title="bbox 536 4076 2120 4153; baseline -0.005 -14"><span class='ocrx_word' id='word_1_302' title='bbox 536 4087 679 4139; x_wconf 84' lang='lat' dir='ltr'><strong>tibus</strong></span> <span class='ocrx_word' id='word_1_303' title='bbox 712 4097 874 4153; x_wconf 90' lang='lat' dir='ltr'><strong>super</strong></span> <span class='ocrx_word' id='word_1_304' title='bbox 909 4081 1105 4137; x_wconf 87' lang='lat' dir='ltr'><strong>solium</strong></span> <span class='ocrx_word' id='word_1_305' title='bbox 1138 4078 1352 4134; x_wconf 88' lang='lat' dir='ltr'><strong>Domini</strong></span> <span class='ocrx_word' id='word_1_306' title='bbox 1386 4078 1540 4133; x_wconf 71' lang='lat' dir='ltr'><strong>Isaia:</strong></span> <span class='ocrx_word' id='word_1_307' title='bbox 1567 4093 1646 4142; x_wconf 84' lang='lat' dir='ltr'><strong>vt,</strong></span> <span class='ocrx_word' id='word_1_308' title='bbox 1680 4076 1738 4140; x_wconf 76' lang='grc'><strong>2,</strong></span> <span class='ocrx_word' id='word_1_309' title='bbox 1770 4076 1865 4131; x_wconf 86' lang='lat' dir='ltr'><strong>sed</strong></span> <span class='ocrx_word' id='word_1_310' title='bbox 1893 4076 2012 4131; x_wconf 90' lang='lat' dir='ltr'><strong>leve</strong></span> <span class='ocrx_word' id='word_1_311' title='bbox 2034 4084 2120 4131; x_wconf 87' lang='lat' dir='ltr'><strong>est</strong></span> 
     </span>
    </p>
   </div>
   <div class='ocr_carea' id='block_1_44' title="bbox 535 4169 2117 4245">
    <p class='ocr_par' dir='ltr' id='par_1_44' title="bbox 535 4169 2117 4245">
     <span class='ocr_line' id='line_1_44' title="bbox 535 4169 2117 4245; baseline -0.005 -13"><span class='ocrx_word' id='word_1_312' title='bbox 535 4178 642 4233; x_wconf 79' lang='lat' dir='ltr'><strong>ltoc</strong></span> <span class='ocrx_word' id='word_1_313' title='bbox 667 4184 1071 4245; x_wconf 86' lang='lat' dir='ltr'><strong>argumentum,</strong></span> <span class='ocrx_word' id='word_1_314' title='bbox 1106 4172 1174 4227; x_wconf 91' lang='lat' dir='ltr'><strong>ad</strong></span> <span class='ocrx_word' id='word_1_315' title='bbox 1210 4172 1549 4241; x_wconf 90' lang='lat' dir='ltr'><strong>probandum</strong></span> <span class='ocrx_word' id='word_1_316' title='bbox 1600 4171 1735 4226; x_wconf 91' lang='lat' dir='ltr'><strong>istas</strong></span> <span class='ocrx_word' id='word_1_317' title='bbox 1780 4186 1977 4226; x_wconf 90' lang='lat' dir='ltr'><strong>novem</strong></span> <span class='ocrx_word' id='word_1_318' title='bbox 2013 4169 2117 4225; x_wconf 84' lang='lat' dir='ltr'><strong>lto-</strong></span> 
     </span>
    </p>
   </div>
   <div class='ocr_carea' id='block_1_45' title="bbox 536 4261 2117 4338">
    <p class='ocr_par' dir='ltr' id='par_1_45' title="bbox 536 4261 2117 4338">
     <span class='ocr_line' id='line_1_45' title="bbox 536 4261 2117 4338; baseline -0.004 -14"><span class='ocrx_word' id='word_1_319' title='bbox 536 4270 714 4324; x_wconf 90' lang='lat' dir='ltr'><strong>milias</strong></span> <span class='ocrx_word' id='word_1_320' title='bbox 752 4267 1142 4338; x_wconf 77' lang='lat' dir='ltr'><strong>Hieronymum</strong></span> <span class='ocrx_word' id='word_1_321' title='bbox 1189 4265 1548 4319; x_wconf 89' lang='lat' dir='ltr'><strong>convertisse.</strong></span> <span class='ocrx_word' id='word_1_322' title='bbox 1595 4261 1958 4319; x_wconf 88' lang='lat' dir='ltr'><strong>Verisimilior</strong></span> <span class='ocrx_word' id='word_1_323' title='bbox 1984 4263 2117 4317; x_wconf 91' lang='lat' dir='ltr'><strong>mihi</strong></span> 
     </span>
    </p>
   </div>
   <div class='ocr_carea' id='block_1_46' title="bbox 534 4353 2119 4431">
    <p class='ocr_par' dir='ltr' id='par_1_46' title="bbox 534 4353 2119 4431">
     <span class='ocr_line' id='line_1_46' title="bbox 534 4353 2119 4431; baseline -0.008 -12"><span class='ocrx_word' id='word_1_324' title='bbox 534 4362 846 4431; x_wconf 87' lang='lat' dir='ltr'><strong>conjectura</strong></span> <span class='ocrx_word' id='word_1_325' title='bbox 875 4360 1092 4429; x_wconf 90' lang='lat' dir='ltr'><strong>capitur</strong></span> <span class='ocrx_word' id='word_1_326' title='bbox 1121 4372 1189 4413; x_wconf 74' lang='lat' dir='ltr'><strong>ex</strong></span> <span class='ocrx_word' id='word_1_327' title='bbox 1224 4356 1381 4426; x_wconf 74' lang='lat' dir='ltr'><strong>stylo</strong></span> <span class='ocrx_word' id='word_1_328' title='bbox 1409 4365 1463 4409; x_wconf 92' lang='lat' dir='ltr'><strong>et</strong></span> <span class='ocrx_word' id='word_1_329' title='bbox 1487 4370 1555 4410; x_wconf 88' lang='lat' dir='ltr'><strong>ex</strong></span> <span class='ocrx_word' id='word_1_330' title='bbox 1591 4353 1803 4409; x_wconf 86' lang='lat' dir='ltr'><strong>delectu</strong></span> <span class='ocrx_word' id='word_1_331' title='bbox 1858 4368 2119 4423; x_wconf 88' lang='lat' dir='ltr'><strong>quarum-</strong></span> 
     </span>
    </p>
   </div>
   <div class='ocr_carea' id='block_1_47' title="bbox 535 4446 2119 4521">
    <p class='ocr_par' dir='ltr' id='par_1_47' title="bbox 535 4446 2119 4521">
     <span class='ocr_line' id='line_1_47' title="bbox 535 4446 2119 4521; baseline -0.005 -11"><span class='ocrx_word' id='word_1_332' title='bbox 535 4457 660 4511; x_wconf 86' lang='lat' dir='ltr'><strong>dam</strong></span> <span class='ocrx_word' id='word_1_333' title='bbox 691 4454 1015 4516; x_wconf 88' lang='lat' dir='ltr'><strong>dictionum,</strong></span> <span class='ocrx_word' id='word_1_334' title='bbox 1062 4466 1201 4521; x_wconf 90' lang='lat' dir='ltr'><strong>quas</strong></span> <span class='ocrx_word' id='word_1_335' title='bbox 1236 4447 1579 4517; x_wconf 84' lang='lat' dir='ltr'><strong>frequentius</strong></span> <span class='ocrx_word' id='word_1_336' title='bbox 1616 4446 1719 4502; x_wconf 88' lang='lat' dir='ltr'><strong>sibi</strong></span> <span class='ocrx_word' id='word_1_337' title='bbox 1752 4446 2119 4517; x_wconf 82' lang='lat' dir='ltr'><strong>Hieronymus</strong></span> 
     </span>
    </p>
   </div>
   <div class='ocr_carea' id='block_1_48' title="bbox 2205 595 3795 667">
    <p class='ocr_par' dir='ltr' id='par_1_48' title="bbox 2205 595 3795 667">
     <span class='ocr_line' id='line_1_48' title="bbox 2205 595 3795 667; baseline 0 -18"><span class='ocrx_word' id='word_1_338' title='bbox 2205 606 2327 650; x_wconf 79' lang='lat' dir='ltr'><strong>sunt</strong></span> <span class='ocrx_word' id='word_1_339' title='bbox 2353 598 2424 649; x_wconf 85' lang='lat' dir='ltr'><strong>ad</strong></span> <span class='ocrx_word' id='word_1_340' title='bbox 2458 597 2757 663; x_wconf 77' lang='lat' dir='ltr'><strong>iniquitates</strong></span> <span class='ocrx_word' id='word_1_341' title='bbox 2789 607 2999 667; x_wconf 82' lang='lat' dir='ltr'><strong>patrum</strong></span> <span class='ocrx_word' id='word_1_342' title='bbox 3030 598 3269 664; x_wconf 83' lang='lat' dir='ltr'><strong>priorum</strong></span> <span class='ocrx_word' id='word_1_343' title='bbox 3293 596 3360 651; x_wconf 78' lang='grc'><strong>⁸⁸.</strong></span> <span class='ocrx_word' id='word_1_344' title='bbox 3400 595 3614 651; x_wconf 68' lang='lat' dir='ltr'><strong>Iamdiu</strong></span> <span class='ocrx_word' id='word_1_345' title='bbox 3667 609 3795 649; x_wconf 83' lang='lat' dir='ltr'><strong>vero</strong></span> 
     </span>
    </p>
   </div>
   <div class='ocr_carea' id='block_1_49' title="bbox 2209 686 3792 759">
    <p class='ocr_par' dir='ltr' id='par_1_49' title="bbox 2209 686 3792 759">
     <span class='ocr_line' id='line_1_49' title="bbox 2209 686 3792 759; baseline 0.001 -19"><span class='ocrx_word' id='word_1_346' title='bbox 2209 688 2261 741; x_wconf 92' lang='lat' dir='ltr'><strong>in</strong></span> <span class='ocrx_word' id='word_1_347' title='bbox 2292 688 2375 741; x_wconf 88' lang='lat' dir='ltr'><strong>bis</strong></span> <span class='ocrx_word' id='word_1_348' title='bbox 2406 688 2646 743; x_wconf 89' lang='lat' dir='ltr'><strong>bomiliis</strong></span> <span class='ocrx_word' id='word_1_349' title='bbox 2675 703 2833 743; x_wconf 91' lang='lat' dir='ltr'><strong>error</strong></span> <span class='ocrx_word' id='word_1_350' title='bbox 2860 688 2966 743; x_wconf 90' lang='lat' dir='ltr'><strong>iste</strong></span> <span class='ocrx_word' id='word_1_351' title='bbox 2992 689 3251 743; x_wconf 83' lang='lat' dir='ltr'><strong>inolevit:</strong></span> <span class='ocrx_word' id='word_1_352' title='bbox 3282 688 3498 742; x_wconf 89' lang='lat' dir='ltr'><strong>codices</strong></span> <span class='ocrx_word' id='word_1_353' title='bbox 3522 686 3792 759; x_wconf 88' lang='lat' dir='ltr'><strong>siquidem</strong></span> 
     </span>
    </p>
   </div>
   <div class='ocr_carea' id='block_1_50' title="bbox 2209 778 3797 852">
    <p class='ocr_par' dir='ltr' id='par_1_50' title="bbox 2209 778 3797 852">
     <span class='ocr_line' id='line_1_50' title="bbox 2209 778 3797 852; baseline -0.001 -18"><span class='ocrx_word' id='word_1_354' title='bbox 2209 797 2371 834; x_wconf 91' lang='lat' dir='ltr'><strong>manu</strong></span> <span class='ocrx_word' id='word_1_355' title='bbox 2403 782 2611 836; x_wconf 88' lang='lat' dir='ltr'><strong>exarati</strong></span> <span class='ocrx_word' id='word_1_356' title='bbox 2651 780 2990 836; x_wconf 62' lang='lat' dir='ltr'><strong>bibliothecae</strong></span> <span class='ocrx_word' id='word_1_357' title='bbox 3015 780 3197 852; x_wconf 68' lang='lat' dir='ltr'><strong>Regia:</strong></span> <span class='ocrx_word' id='word_1_358' title='bbox 3226 780 3417 835; x_wconf 91' lang='lat' dir='ltr'><strong>eadem</strong></span> <span class='ocrx_word' id='word_1_359' title='bbox 3448 778 3797 834; x_wconf 88' lang='lat' dir='ltr'><strong>deformitate</strong></span> 
     </span>
    </p>
   </div>
   <div class='ocr_carea' id='block_1_51' title="bbox 2207 872 3787 944">
    <p class='ocr_par' dir='ltr' id='par_1_51' title="bbox 2207 872 3787 944">
     <span class='ocr_line' id='line_1_51' title="bbox 2207 872 3787 944; baseline 0.001 -22"><span class='ocrx_word' id='word_1_360' title='bbox 2207 872 2379 925; x_wconf 87' lang='lat' dir='ltr'><strong>vitiati</strong></span> <span class='ocrx_word' id='word_1_361' title='bbox 2411 883 2553 927; x_wconf 92' lang='lat' dir='ltr'><strong>sunt.</strong></span> <span class='ocrx_word' id='word_1_362' title='bbox 2591 872 2795 942; x_wconf 86' lang='lat' dir='ltr'><strong>Nempe</strong></span> <span class='ocrx_word' id='word_1_363' title='bbox 2826 873 2985 928; x_wconf 89' lang='lat' dir='ltr'><strong>facile</strong></span> <span class='ocrx_word' id='word_1_364' title='bbox 3032 874 3260 944; x_wconf 81' lang='lat' dir='ltr'><strong>contigit</strong></span> <span class='ocrx_word' id='word_1_365' title='bbox 3288 883 3347 926; x_wconf 92' lang='lat' dir='ltr'><strong>ut</strong></span> <span class='ocrx_word' id='word_1_366' title='bbox 3379 872 3643 926; x_wconf 83' lang='lat' dir='ltr'><strong>librarius</strong></span> <span class='ocrx_word' id='word_1_367' title='bbox 3678 873 3787 925; x_wconf 82' lang='lat' dir='ltr'><strong>im-</strong></span> 
     </span>
    </p>
   </div>
   <div class='ocr_carea' id='block_1_52' title="bbox 2206 964 3796 1035">
    <p class='ocr_par' dir='ltr' id='par_1_52' title="bbox 2206 964 3796 1035">
     <span class='ocr_line' id='line_1_52' title="bbox 2206 964 3796 1035; baseline 0.001 -18"><span class='ocrx_word' id='word_1_368' title='bbox 2206 968 2447 1034; x_wconf 81' lang='lat' dir='ltr'><strong>prudens</strong></span> <span class='ocrx_word' id='word_1_369' title='bbox 2475 966 2541 1019; x_wconf 89' lang='lat' dir='ltr'><strong>ad</strong></span> <span class='ocrx_word' id='word_1_370' title='bbox 2570 966 2986 1020; x_wconf 88' lang='lat' dir='ltr'><strong>describendam</strong></span> <span class='ocrx_word' id='word_1_371' title='bbox 3034 975 3366 1035; x_wconf 84' lang='lat' dir='ltr'><strong>postremam</strong></span> <span class='ocrx_word' id='word_1_372' title='bbox 3419 975 3632 1035; x_wconf 90' lang='lat' dir='ltr'><strong>partem</strong></span> <span class='ocrx_word' id='word_1_373' title='bbox 3691 964 3796 1019; x_wconf 87' lang='lat' dir='ltr'><strong>ho-</strong></span> 
     </span>
    </p>
   </div>
   <div class='ocr_carea' id='block_1_53' title="bbox 2209 1056 3798 1130">
    <p class='ocr_par' dir='ltr' id='par_1_53' title="bbox 2209 1056 3798 1130">
     <span class='ocr_line' id='line_1_53' title="bbox 2209 1056 3798 1130; baseline -0.001 -18"><span class='ocrx_word' id='word_1_374' title='bbox 2209 1058 2371 1113; x_wconf 73' lang='lat' dir='ltr'><strong>milim</strong></span> <span class='ocrx_word' id='word_1_375' title='bbox 2398 1057 2649 1130; x_wconf 85' lang='lat' dir='ltr'><strong>Origenis</strong></span> <span class='ocrx_word' id='word_1_376' title='bbox 2673 1061 2727 1112; x_wconf 87' lang='lat' dir='ltr'><strong>in</strong></span> <span class='ocrx_word' id='word_1_377' title='bbox 2751 1056 2957 1111; x_wconf 88' lang='lat' dir='ltr'><strong>Isaiam</strong></span> <span class='ocrx_word' id='word_1_378' title='bbox 2989 1074 3165 1125; x_wconf 60' lang='lat' dir='ltr'><strong>nonas,</strong></span> <span class='ocrx_word' id='word_1_379' title='bbox 3200 1059 3266 1113; x_wconf 90' lang='lat' dir='ltr'><strong>ab</strong></span> <span class='ocrx_word' id='word_1_380' title='bbox 3292 1058 3627 1127; x_wconf 89' lang='lat' dir='ltr'><strong>Hieronymo</strong></span> <span class='ocrx_word' id='word_1_381' title='bbox 3661 1071 3798 1112; x_wconf 88' lang='lat' dir='ltr'><strong>con-</strong></span> 
     </span>
    </p>
   </div>
   <div class='ocr_carea' id='block_1_54' title="bbox 2208 1151 3797 1220">
    <p class='ocr_par' dir='ltr' id='par_1_54' title="bbox 2208 1151 3797 1220">
     <span class='ocr_line' id='line_1_54' title="bbox 2208 1151 3797 1220; baseline -0.001 -16"><span class='ocrx_word' id='word_1_382' title='bbox 2208 1166 2380 1205; x_wconf 72' lang='lat' dir='ltr'><strong>versae</strong></span> <span class='ocrx_word' id='word_1_383' title='bbox 2405 1152 2694 1213; x_wconf 85' lang='lat' dir='ltr'><strong>accedens.</strong></span> <span class='ocrx_word' id='word_1_384' title='bbox 2745 1165 2875 1206; x_wconf 83' lang='lat' dir='ltr'><strong>casu</strong></span> <span class='ocrx_word' id='word_1_385' title='bbox 2908 1151 3163 1204; x_wconf 91' lang='lat' dir='ltr'><strong>inciderit</strong></span> <span class='ocrx_word' id='word_1_386' title='bbox 3199 1152 3251 1205; x_wconf 90' lang='lat' dir='ltr'><strong>in</strong></span> <span class='ocrx_word' id='word_1_387' title='bbox 3300 1160 3631 1220; x_wconf 89' lang='lat' dir='ltr'><strong>postremam</strong></span> <span class='ocrx_word' id='word_1_388' title='bbox 3670 1164 3797 1217; x_wconf 88' lang='lat' dir='ltr'><strong>par-</strong></span> 
     </span>
    </p>
   </div>
   <div class='ocr_carea' id='block_1_55' title="bbox 2212 1241 3799 1314">
    <p class='ocr_par' dir='ltr' id='par_1_55' title="bbox 2212 1241 3799 1314">
     <span class='ocr_line' id='line_1_55' title="bbox 2212 1241 3799 1314; baseline -0.001 -16"><span class='ocrx_word' id='word_1_389' title='bbox 2212 1254 2318 1299; x_wconf 91' lang='lat' dir='ltr'><strong>tem</strong></span> <span class='ocrx_word' id='word_1_390' title='bbox 2348 1244 2584 1299; x_wconf 74' lang='lat' dir='ltr'><strong>homilize</strong></span> <span class='ocrx_word' id='word_1_391' title='bbox 2622 1243 2873 1314; x_wconf 89' lang='lat' dir='ltr'><strong>Origenis</strong></span> <span class='ocrx_word' id='word_1_392' title='bbox 2900 1244 2954 1298; x_wconf 89' lang='lat' dir='ltr'><strong>in</strong></span> <span class='ocrx_word' id='word_1_393' title='bbox 2974 1242 3263 1298; x_wconf 85' lang='lat' dir='ltr'><strong>Jeremiam</strong></span> <span class='ocrx_word' id='word_1_394' title='bbox 3295 1258 3472 1309; x_wconf 64' lang='lat' dir='ltr'><strong>none,</strong></span> <span class='ocrx_word' id='word_1_395' title='bbox 3501 1241 3571 1297; x_wconf 91' lang='lat' dir='ltr'><strong>ab</strong></span> <span class='ocrx_word' id='word_1_396' title='bbox 3605 1241 3799 1298; x_wconf 89' lang='lat' dir='ltr'><strong>Hiero-</strong></span> 
     </span>
    </p>
   </div>
   <div class='ocr_carea' id='block_1_56' title="bbox 2210 1334 3797 1406">
    <p class='ocr_par' dir='ltr' id='par_1_56' title="bbox 2210 1334 3797 1406">
     <span class='ocr_line' id='line_1_56' title="bbox 2210 1334 3797 1406; baseline -0.003 -16"><span class='ocrx_word' id='word_1_397' title='bbox 2210 1351 2375 1406; x_wconf 85' lang='lat' dir='ltr'><strong>nymo</strong></span> <span class='ocrx_word' id='word_1_398' title='bbox 2409 1336 2595 1390; x_wconf 87' lang='lat' dir='ltr'><strong>itidem</strong></span> <span class='ocrx_word' id='word_1_399' title='bbox 2624 1349 2920 1389; x_wconf 67' lang='lat' dir='ltr'><strong>conversae.</strong></span> <span class='ocrx_word' id='word_1_400' title='bbox 2954 1335 3111 1390; x_wconf 91' lang='lat' dir='ltr'><strong>Unde</strong></span> <span class='ocrx_word' id='word_1_401' title='bbox 3137 1350 3241 1388; x_wconf 93' lang='lat' dir='ltr'><strong>non</strong></span> <span class='ocrx_word' id='word_1_402' title='bbox 3276 1334 3439 1388; x_wconf 90' lang='lat' dir='ltr'><strong>inane</strong></span> <span class='ocrx_word' id='word_1_403' title='bbox 3461 1348 3678 1403; x_wconf 92' lang='lat' dir='ltr'><strong>quoque</strong></span> <span class='ocrx_word' id='word_1_404' title='bbox 3704 1348 3797 1387; x_wconf 91' lang='lat' dir='ltr'><strong>su-</strong></span> 
     </span>
    </p>
   </div>
   <div class='ocr_carea' id='block_1_57' title="bbox 2212 1422 3796 1496">
    <p class='ocr_par' dir='ltr' id='par_1_57' title="bbox 2212 1422 3796 1496">
     <span class='ocr_line' id='line_1_57' title="bbox 2212 1422 3796 1496; baseline -0.002 -16"><span class='ocrx_word' id='word_1_405' title='bbox 2212 1428 2376 1480; x_wconf 87' lang='lat' dir='ltr'><strong>mitur</strong></span> <span class='ocrx_word' id='word_1_406' title='bbox 2405 1435 2786 1496; x_wconf 89' lang='lat' dir='ltr'><strong>argumentum</strong></span> <span class='ocrx_word' id='word_1_407' title='bbox 2827 1425 3177 1479; x_wconf 90' lang='lat' dir='ltr'><strong>bomiliarum</strong></span> <span class='ocrx_word' id='word_1_408' title='bbox 3221 1425 3277 1477; x_wconf 86' lang='lat' dir='ltr'><strong>in</strong></span> <span class='ocrx_word' id='word_1_409' title='bbox 3324 1422 3524 1477; x_wconf 81' lang='lat' dir='ltr'><strong>Isaiam</strong></span> <span class='ocrx_word' id='word_1_410' title='bbox 3566 1439 3671 1477; x_wconf 89' lang='lat' dir='ltr'><strong>non</strong></span> <span class='ocrx_word' id='word_1_411' title='bbox 3703 1438 3796 1477; x_wconf 89' lang='lat' dir='ltr'><strong>se-</strong></span> 
     </span>
    </p>
   </div>
   <div class='ocr_carea' id='block_1_58' title="bbox 2211 1513 3795 1589">
    <p class='ocr_par' dir='ltr' id='par_1_58' title="bbox 2211 1513 3795 1589">
     <span class='ocr_line' id='line_1_58' title="bbox 2211 1513 3795 1589; baseline -0.005 -14"><span class='ocrx_word' id='word_1_412' title='bbox 2211 1536 2308 1575; x_wconf 89' lang='lat' dir='ltr'><strong>cus</strong></span> <span class='ocrx_word' id='word_1_413' title='bbox 2335 1519 2694 1589; x_wconf 86' lang='lat' dir='ltr'><strong>interpretem</strong></span> <span class='ocrx_word' id='word_1_414' title='bbox 2729 1533 2850 1574; x_wconf 86' lang='lat' dir='ltr'><strong>esse</strong></span> <span class='ocrx_word' id='word_1_415' title='bbox 2887 1516 3299 1589; x_wconf 83' lang='lat' dir='ltr'><strong>Hieronymum,</strong></span> <span class='ocrx_word' id='word_1_416' title='bbox 3346 1530 3411 1569; x_wconf 90' lang='lat' dir='ltr'><strong>ac</strong></span> <span class='ocrx_word' id='word_1_417' title='bbox 3446 1513 3795 1569; x_wconf 88' lang='lat' dir='ltr'><strong>homiliarum</strong></span> 
     </span>
    </p>
   </div>
   <div class='ocr_carea' id='block_1_59' title="bbox 2210 1606 3798 1670">
    <p class='ocr_par' dir='ltr' id='par_1_59' title="bbox 2210 1606 3798 1670">
     <span class='ocr_line' id='line_1_59' title="bbox 2210 1606 3798 1670; baseline -0.004 -5"><span class='ocrx_word' id='word_1_418' title='bbox 2210 1615 2265 1665; x_wconf 84' lang='lat' dir='ltr'><strong>in</strong></span> <span class='ocrx_word' id='word_1_419' title='bbox 2311 1610 2621 1666; x_wconf 74' lang='lat' dir='ltr'><strong>Jersmiam.</strong></span> <span class='ocrx_word' id='word_1_420' title='bbox 2676 1609 2927 1665; x_wconf 86' lang='lat' dir='ltr'><strong>Profecto</strong></span> <span class='ocrx_word' id='word_1_421' title='bbox 2976 1625 3156 1664; x_wconf 64' lang='lat' dir='ltr'><strong>causae</strong></span> <span class='ocrx_word' id='word_1_422' title='bbox 3188 1608 3291 1662; x_wconf 90' lang='lat' dir='ltr'><strong>fuit</strong></span> <span class='ocrx_word' id='word_1_423' title='bbox 3344 1606 3434 1663; x_wconf 89' lang='lat' dir='ltr'><strong>hic</strong></span> <span class='ocrx_word' id='word_1_424' title='bbox 3480 1621 3656 1670; x_wconf 84' lang='lat' dir='ltr'><strong>error,</strong></span> <span class='ocrx_word' id='word_1_425' title='bbox 3698 1619 3798 1659; x_wconf 91' lang='lat' dir='ltr'><strong>cur</strong></span> 
     </span>
    </p>
   </div>
   <div class='ocr_carea' id='block_1_60' title="bbox 2212 1695 3795 1775">
    <p class='ocr_par' dir='ltr' id='par_1_60' title="bbox 2212 1695 3795 1775">
     <span class='ocr_line' id='line_1_60' title="bbox 2212 1695 3795 1775; baseline -0.004 -18"><span class='ocrx_word' id='word_1_426' title='bbox 2212 1712 2488 1772; x_wconf 88' lang='lat' dir='ltr'><strong>postrema</strong></span> <span class='ocrx_word' id='word_1_427' title='bbox 2539 1718 2668 1775; x_wconf 88' lang='lat' dir='ltr'><strong>pars</strong></span> <span class='ocrx_word' id='word_1_428' title='bbox 2715 1701 2953 1757; x_wconf 69' lang='lat' dir='ltr'><strong>bomilias</strong></span> <span class='ocrx_word' id='word_1_429' title='bbox 2999 1701 3055 1755; x_wconf 86' lang='lat' dir='ltr'><strong>in</strong></span> <span class='ocrx_word' id='word_1_430' title='bbox 3105 1699 3311 1754; x_wconf 85' lang='lat' dir='ltr'><strong>Isaiam</strong></span> <span class='ocrx_word' id='word_1_431' title='bbox 3366 1712 3524 1753; x_wconf 64' lang='lat' dir='ltr'><strong>nona</strong></span> <span class='ocrx_word' id='word_1_432' title='bbox 3567 1695 3795 1752; x_wconf 89' lang='lat' dir='ltr'><strong>interci-</strong></span> 
     </span>
    </p>
   </div>
   <div class='ocr_carea' id='block_1_61' title="bbox 2214 1796 2375 1849">
    <p class='ocr_par' dir='ltr' id='par_1_61' title="bbox 2214 1796 2375 1849">
     <span class='ocr_line' id='line_1_61' title="bbox 2214 1796 2375 1849; baseline -0.012 0"><span class='ocrx_word' id='word_1_433' title='bbox 2214 1796 2375 1849; x_wconf 89' lang='lat' dir='ltr'><strong>derit.</strong></span> 
     </span>
    </p>
   </div>
   <div class='ocr_carea' id='block_1_62' title="bbox 2286 1878 3795 1953">
    <p class='ocr_par' dir='ltr' id='par_1_62' title="bbox 2286 1878 3795 1953">
     <span class='ocr_line' id='line_1_62' title="bbox 2286 1878 3795 1953; baseline -0.005 -14"><span class='ocrx_word' id='word_1_434' title='bbox 2286 1884 2375 1939; x_wconf 85' lang='lat' dir='ltr'><strong>IX.</strong></span> <span class='ocrx_word' id='word_1_435' title='bbox 2406 1884 2825 1940; x_wconf 83' lang='lat' dir='ltr'><strong>Observavimus</strong></span> <span class='ocrx_word' id='word_1_436' title='bbox 2850 1897 3015 1953; x_wconf 87' lang='lat' dir='ltr'><strong>supra</strong></span> <span class='ocrx_word' id='word_1_437' title='bbox 3045 1881 3286 1951; x_wconf 90' lang='lat' dir='ltr'><strong>quinque</strong></span> <span class='ocrx_word' id='word_1_438' title='bbox 3332 1887 3387 1934; x_wconf 93' lang='lat' dir='ltr'><strong>et</strong></span> <span class='ocrx_word' id='word_1_439' title='bbox 3437 1878 3795 1950; x_wconf 82' lang='lat' dir='ltr'><strong>quadraginta</strong></span> 
     </span>
    </p>
   </div>
   <div class='ocr_carea' id='block_1_63' title="bbox 2213 1970 3796 2044">
    <p class='ocr_par' dir='ltr' id='par_1_63' title="bbox 2213 1970 3796 2044">
     <span class='ocr_line' id='line_1_63' title="bbox 2213 1970 3796 2044; baseline -0.005 -13"><span class='ocrx_word' id='word_1_440' title='bbox 2213 1979 2269 2032; x_wconf 87' lang='lat' dir='ltr'><strong>in</strong></span> <span class='ocrx_word' id='word_1_441' title='bbox 2297 1976 2581 2031; x_wconf 75' lang='lat' dir='ltr'><strong>Jeremiam</strong></span> <span class='ocrx_word' id='word_1_442' title='bbox 2618 1976 2871 2031; x_wconf 86' lang='lat' dir='ltr'><strong>bomilias</strong></span> <span class='ocrx_word' id='word_1_443' title='bbox 2918 1975 3212 2044; x_wconf 90' lang='lat' dir='ltr'><strong>Origenem</strong></span> <span class='ocrx_word' id='word_1_444' title='bbox 3265 1973 3538 2027; x_wconf 88' lang='lat' dir='ltr'><strong>elimasse.</strong></span> <span class='ocrx_word' id='word_1_445' title='bbox 3589 1970 3666 2025; x_wconf 86' lang='lat' dir='ltr'><strong>Ex</strong></span> <span class='ocrx_word' id='word_1_446' title='bbox 3710 1972 3796 2024; x_wconf 92' lang='lat' dir='ltr'><strong>in-</strong></span> 
     </span>
    </p>
   </div>
   <div class='ocr_carea' id='block_1_64' title="bbox 2214 2061 3798 2141">
    <p class='ocr_par' dir='ltr' id='par_1_64' title="bbox 2214 2061 3798 2141">
     <span class='ocr_line' id='line_1_64' title="bbox 2214 2061 3798 2141; baseline -0.006 -17"><span class='ocrx_word' id='word_1_447' title='bbox 2214 2072 2360 2141; x_wconf 89' lang='lat' dir='ltr'><strong>genti</strong></span> <span class='ocrx_word' id='word_1_448' title='bbox 2404 2070 2505 2125; x_wconf 90' lang='lat' dir='ltr'><strong>hac</strong></span> <span class='ocrx_word' id='word_1_449' title='bbox 2541 2069 2889 2124; x_wconf 87' lang='lat' dir='ltr'><strong>homiliarum</strong></span> <span class='ocrx_word' id='word_1_450' title='bbox 2941 2079 3091 2122; x_wconf 88' lang='lat' dir='ltr'><strong>strue</strong></span> <span class='ocrx_word' id='word_1_451' title='bbox 3141 2063 3555 2137; x_wconf 86' lang='lat' dir='ltr'><strong>quatuordecim</strong></span> <span class='ocrx_word' id='word_1_452' title='bbox 3604 2061 3798 2115; x_wconf 82' lang='lat' dir='ltr'><strong>Latine</strong></span> 
     </span>
    </p>
   </div>
   <div class='ocr_carea' id='block_1_65' title="bbox 2215 2155 3799 2233">
    <p class='ocr_par' dir='ltr' id='par_1_65' title="bbox 2215 2155 3799 2233">
     <span class='ocr_line' id='line_1_65' title="bbox 2215 2155 3799 2233; baseline -0.008 -16"><span class='ocrx_word' id='word_1_453' title='bbox 2215 2163 2415 2217; x_wconf 88' lang='lat' dir='ltr'><strong>refudit</strong></span> <span class='ocrx_word' id='word_1_454' title='bbox 2444 2162 2831 2233; x_wconf 86' lang='lat' dir='ltr'><strong>Hieronymus,</strong></span> <span class='ocrx_word' id='word_1_455' title='bbox 2861 2168 2922 2215; x_wconf 90' lang='lat' dir='ltr'><strong>ut</strong></span> <span class='ocrx_word' id='word_1_456' title='bbox 2949 2159 3063 2229; x_wconf 90' lang='lat' dir='ltr'><strong>ipse</strong></span> <span class='ocrx_word' id='word_1_457' title='bbox 3098 2159 3169 2214; x_wconf 91' lang='lat' dir='ltr'><strong>de</strong></span> <span class='ocrx_word' id='word_1_458' title='bbox 3201 2173 3260 2213; x_wconf 87' lang='lat' dir='ltr'><strong>se</strong></span> <span class='ocrx_word' id='word_1_459' title='bbox 3308 2164 3541 2211; x_wconf 87' lang='lat' dir='ltr'><strong>testatur</strong></span> <span class='ocrx_word' id='word_1_460' title='bbox 3571 2155 3623 2209; x_wconf 92' lang='lat' dir='ltr'><strong>in</strong></span> <span class='ocrx_word' id='word_1_461' title='bbox 3659 2168 3799 2223; x_wconf 65' lang='lat' dir='ltr'><strong>prae-</strong></span> 
     </span>
    </p>
   </div>
   <div class='ocr_carea' id='block_1_66' title="bbox 2216 2244 3796 2322">
    <p class='ocr_par' dir='ltr' id='par_1_66' title="bbox 2216 2244 3796 2322">
     <span class='ocr_line' id='line_1_66' title="bbox 2216 2244 3796 2322; baseline -0.006 -15"><span class='ocrx_word' id='word_1_462' title='bbox 2216 2254 2417 2309; x_wconf 91' lang='lat' dir='ltr'><strong>fatione</strong></span> <span class='ocrx_word' id='word_1_463' title='bbox 2446 2253 2790 2308; x_wconf 88' lang='lat' dir='ltr'><strong>homiliarum</strong></span> <span class='ocrx_word' id='word_1_464' title='bbox 2815 2251 3064 2322; x_wconf 89' lang='lat' dir='ltr'><strong>Origenis</strong></span> <span class='ocrx_word' id='word_1_465' title='bbox 3093 2251 3149 2302; x_wconf 84' lang='lat' dir='ltr'><strong>in</strong></span> <span class='ocrx_word' id='word_1_466' title='bbox 3185 2248 3537 2312; x_wconf 73' lang='lat' dir='ltr'><strong>Ezecltielem,</strong></span> <span class='ocrx_word' id='word_1_467' title='bbox 3561 2256 3620 2301; x_wconf 86' lang='lat' dir='ltr'><strong>et</strong></span> <span class='ocrx_word' id='word_1_468' title='bbox 3650 2246 3702 2300; x_wconf 93' lang='lat' dir='ltr'><strong>in</strong></span> <span class='ocrx_word' id='word_1_469' title='bbox 3728 2244 3796 2299; x_wconf 94' lang='lat' dir='ltr'><strong>li-</strong></span> 
     </span>
    </p>
   </div>
   <div class='ocr_carea' id='block_1_67' title="bbox 2215 2336 3799 2413">
    <p class='ocr_par' dir='ltr' id='par_1_67' title="bbox 2215 2336 3799 2413">
     <span class='ocr_line' id='line_1_67' title="bbox 2215 2336 3799 2413; baseline -0.004 -16"><span class='ocrx_word' id='word_1_470' title='bbox 2215 2346 2313 2398; x_wconf 89' lang='lat' dir='ltr'><strong>bro</strong></span> <span class='ocrx_word' id='word_1_471' title='bbox 2337 2342 2413 2397; x_wconf 83' lang='lat' dir='ltr'><strong>De</strong></span> <span class='ocrx_word' id='word_1_472' title='bbox 2441 2344 2619 2413; x_wconf 79' lang='lat' dir='ltr'><strong>script.</strong></span> <span class='ocrx_word' id='word_1_473' title='bbox 2652 2343 2859 2409; x_wconf 80' lang='lat' dir='ltr'><strong>eccles.,</strong></span> <span class='ocrx_word' id='word_1_474' title='bbox 2891 2358 3011 2411; x_wconf 90' lang='lat' dir='ltr'><strong>cap.</strong></span> <span class='ocrx_word' id='word_1_475' title='bbox 3043 2340 3166 2395; x_wconf 76' lang='lat' dir='ltr'><strong>l35.</strong></span> <span class='ocrx_word' id='word_1_476' title='bbox 3202 2339 3585 2394; x_wconf 77' lang='lat' dir='ltr'><strong>Novemdecim</strong></span> <span class='ocrx_word' id='word_1_477' title='bbox 3610 2336 3799 2393; x_wconf 59' lang='lat' dir='ltr'><strong>Graece</strong></span> 
     </span>
    </p>
   </div>
   <div class='ocr_carea' id='block_1_68' title="bbox 2215 2431 3798 2495">
    <p class='ocr_par' dir='ltr' id='par_1_68' title="bbox 2215 2431 3798 2495">
     <span class='ocr_line' id='line_1_68' title="bbox 2215 2431 3798 2495; baseline -0.003 -6"><span class='ocrx_word' id='word_1_478' title='bbox 2215 2437 2383 2489; x_wconf 89' lang='lat' dir='ltr'><strong>edidit</strong></span> <span class='ocrx_word' id='word_1_479' title='bbox 2407 2435 2689 2490; x_wconf 86' lang='lat' dir='ltr'><strong>Balthasar</strong></span> <span class='ocrx_word' id='word_1_480' title='bbox 2711 2433 3049 2490; x_wconf 89' lang='lat' dir='ltr'><strong>Corderiuse</strong></span> <span class='ocrx_word' id='word_1_481' title='bbox 3074 2434 3403 2489; x_wconf 85' lang='lat' dir='ltr'><strong>Scorialensi</strong></span> <span class='ocrx_word' id='word_1_482' title='bbox 3445 2431 3798 2495; x_wconf 83' lang='lat' dir='ltr'><strong>bibliotheca,</strong></span> 
     </span>
    </p>
   </div>
   <div class='ocr_carea' id='block_1_69' title="bbox 2217 2520 3800 2596">
    <p class='ocr_par' dir='ltr' id='par_1_69' title="bbox 2217 2520 3800 2596">
     <span class='ocr_line' id='line_1_69' title="bbox 2217 2520 3800 2596; baseline -0.004 -13"><span class='ocrx_word' id='word_1_483' title='bbox 2217 2542 2481 2594; x_wconf 90' lang='lat' dir='ltr'><strong>suamque</strong></span> <span class='ocrx_word' id='word_1_484' title='bbox 2529 2527 3040 2596; x_wconf 85' lang='lat' dir='ltr'><strong>interpretationem</strong></span> <span class='ocrx_word' id='word_1_485' title='bbox 3097 2524 3370 2595; x_wconf 85' lang='lat' dir='ltr'><strong>adjunxit.</strong></span> <span class='ocrx_word' id='word_1_486' title='bbox 3418 2520 3612 2595; x_wconf 85' lang='lat' dir='ltr'><strong>Cyrilli</strong></span> <span class='ocrx_word' id='word_1_487' title='bbox 3668 2536 3800 2576; x_wconf 87' lang='lat' dir='ltr'><strong>vero</strong></span> 
     </span>
    </p>
   </div>
   <div class='ocr_carea' id='block_1_70' title="bbox 2214 2614 3801 2691">
    <p class='ocr_par' dir='ltr' id='par_1_70' title="bbox 2214 2614 3801 2691">
     <span class='ocr_line' id='line_1_70' title="bbox 2214 2614 3801 2691; baseline -0.006 -17"><span class='ocrx_word' id='word_1_488' title='bbox 2214 2619 2449 2691; x_wconf 72' lang='lat' dir='ltr'><strong>prmllxit</strong></span> <span class='ocrx_word' id='word_1_489' title='bbox 2487 2632 2704 2685; x_wconf 90' lang='lat' dir='ltr'><strong>nomen,</strong></span> <span class='ocrx_word' id='word_1_490' title='bbox 2760 2617 3022 2687; x_wconf 87' lang='lat' dir='ltr'><strong>deceptus</strong></span> <span class='ocrx_word' id='word_1_491' title='bbox 3073 2616 3141 2671; x_wconf 89' lang='lat' dir='ltr'><strong>ab</strong></span> <span class='ocrx_word' id='word_1_492' title='bbox 3180 2619 3403 2685; x_wconf 88' lang='lat' dir='ltr'><strong>antiquo</strong></span> <span class='ocrx_word' id='word_1_493' title='bbox 3441 2614 3652 2679; x_wconf 89' lang='lat' dir='ltr'><strong>codice,</strong></span> <span class='ocrx_word' id='word_1_494' title='bbox 3703 2628 3801 2683; x_wconf 89' lang='lat' dir='ltr'><strong>op-</strong></span> 
     </span>
    </p>
   </div>
   <div class='ocr_carea' id='block_1_71' title="bbox 2220 2707 3793 2781">
    <p class='ocr_par' dir='ltr' id='par_1_71' title="bbox 2220 2707 3793 2781">
     <span class='ocr_line' id='line_1_71' title="bbox 2220 2707 3793 2781; baseline -0.003 -17"><span class='ocrx_word' id='word_1_495' title='bbox 2220 2713 2363 2767; x_wconf 63' lang='lat' dir='ltr'><strong>timae</strong></span> <span class='ocrx_word' id='word_1_496' title='bbox 2400 2710 2730 2781; x_wconf 65' lang='lat' dir='ltr'><strong>caateroquin</strong></span> <span class='ocrx_word' id='word_1_497' title='bbox 2777 2719 2938 2764; x_wconf 68' lang='lat' dir='ltr'><strong>notae.</strong></span> <span class='ocrx_word' id='word_1_498' title='bbox 2982 2707 3103 2764; x_wconf 70' lang='lat' dir='ltr'><strong>Ista:</strong></span> <span class='ocrx_word' id='word_1_499' title='bbox 3162 2710 3442 2763; x_wconf 86' lang='lat' dir='ltr'><strong>nominum</strong></span> <span class='ocrx_word' id='word_1_500' title='bbox 3487 2715 3793 2761; x_wconf 87' lang='lat' dir='ltr'><strong>commuta-</strong></span> 
     </span>
    </p>
   </div>
   <div class='ocr_carea' id='block_1_72' title="bbox 2219 2798 3799 2871">
    <p class='ocr_par' dir='ltr' id='par_1_72' title="bbox 2219 2798 3799 2871">
     <span class='ocr_line' id='line_1_72' title="bbox 2219 2798 3799 2871; baseline -0.006 -13"><span class='ocrx_word' id='word_1_501' title='bbox 2219 2806 2394 2860; x_wconf 90' lang='lat' dir='ltr'><strong>tiones</strong></span> <span class='ocrx_word' id='word_1_502' title='bbox 2427 2820 2491 2859; x_wconf 85' lang='lat' dir='ltr'><strong>ex</strong></span> <span class='ocrx_word' id='word_1_503' title='bbox 2523 2818 2589 2858; x_wconf 90' lang='lat' dir='ltr'><strong>eo</strong></span> <span class='ocrx_word' id='word_1_504' title='bbox 2627 2803 2888 2859; x_wconf 86' lang='lat' dir='ltr'><strong>oriuntur</strong></span> <span class='ocrx_word' id='word_1_505' title='bbox 2925 2816 3187 2871; x_wconf 68' lang='lat' dir='ltr'><strong>per-stupe,</strong></span> <span class='ocrx_word' id='word_1_506' title='bbox 3216 2800 3359 2869; x_wconf 90' lang='lat' dir='ltr'><strong>quod</strong></span> <span class='ocrx_word' id='word_1_507' title='bbox 3392 2799 3445 2853; x_wconf 92' lang='lat' dir='ltr'><strong>in</strong></span> <span class='ocrx_word' id='word_1_508' title='bbox 3477 2798 3618 2853; x_wconf 88' lang='lat' dir='ltr'><strong>idem</strong></span> <span class='ocrx_word' id='word_1_509' title='bbox 3650 2810 3799 2850; x_wconf 83' lang='lat' dir='ltr'><strong>com—</strong></span> 
     </span>
    </p>
   </div>
   <div class='ocr_carea' id='block_1_73' title="bbox 2216 2888 3797 2968">
    <p class='ocr_par' dir='ltr' id='par_1_73' title="bbox 2216 2888 3797 2968">
     <span class='ocr_line' id='line_1_73' title="bbox 2216 2888 3797 2968; baseline -0.007 -16"><span class='ocrx_word' id='word_1_510' title='bbox 2216 2908 2373 2968; x_wconf 89' lang='lat' dir='ltr'><strong>pacta</strong></span> <span class='ocrx_word' id='word_1_511' title='bbox 2424 2897 2673 2953; x_wconf 83' lang='lat' dir='ltr'><strong>volumen</strong></span> <span class='ocrx_word' id='word_1_512' title='bbox 2739 2896 2973 2966; x_wconf 90' lang='lat' dir='ltr'><strong>plurima</strong></span> <span class='ocrx_word' id='word_1_513' title='bbox 3032 2895 3308 2947; x_wconf 89' lang='lat' dir='ltr'><strong>variorum</strong></span> <span class='ocrx_word' id='word_1_514' title='bbox 3360 2906 3552 2962; x_wconf 85' lang='lat' dir='ltr'><strong>opera,</strong></span> <span class='ocrx_word' id='word_1_515' title='bbox 3598 2888 3797 2958; x_wconf 75' lang='lat' dir='ltr'><strong>partim</strong></span> 
     </span>
    </p>
   </div>
   <div class='ocr_carea' id='block_1_74' title="bbox 2216 2980 3800 3059">
    <p class='ocr_par' dir='ltr' id='par_1_74' title="bbox 2216 2980 3800 3059">
     <span class='ocr_line' id='line_1_74' title="bbox 2216 2980 3800 3059; baseline -0.005 -16"><span class='ocrx_word' id='word_1_516' title='bbox 2216 3000 2499 3046; x_wconf 88' lang='lat' dir='ltr'><strong>auctorum</strong></span> <span class='ocrx_word' id='word_1_517' title='bbox 2550 3004 2769 3045; x_wconf 88' lang='lat' dir='ltr'><strong>suorum</strong></span> <span class='ocrx_word' id='word_1_518' title='bbox 2805 2989 3067 3059; x_wconf 90' lang='lat' dir='ltr'><strong>inscripta</strong></span> <span class='ocrx_word' id='word_1_519' title='bbox 3119 2984 3457 3051; x_wconf 90' lang='lat' dir='ltr'><strong>nominibus,</strong></span> <span class='ocrx_word' id='word_1_520' title='bbox 3482 2982 3679 3054; x_wconf 89' lang='lat' dir='ltr'><strong>partim</strong></span> <span class='ocrx_word' id='word_1_521' title='bbox 3705 2980 3800 3036; x_wconf 84' lang='lat' dir='ltr'><strong>de-</strong></span> 
     </span>
    </p>
   </div>
   <div class='ocr_carea' id='block_1_75' title="bbox 2216 3074 3799 3147">
    <p class='ocr_par' dir='ltr' id='par_1_75' title="bbox 2216 3074 3799 3147">
     <span class='ocr_line' id='line_1_75' title="bbox 2216 3074 3799 3147; baseline -0.004 -12"><span class='ocrx_word' id='word_1_522' title='bbox 2216 3081 2427 3147; x_wconf 75' lang='lat' dir='ltr'><strong>atituta,</strong></span> <span class='ocrx_word' id='word_1_523' title='bbox 2462 3080 2715 3135; x_wconf 92' lang='lat' dir='ltr'><strong>librarios</strong></span> <span class='ocrx_word' id='word_1_524' title='bbox 2760 3078 2921 3135; x_wconf 91' lang='lat' dir='ltr'><strong>facile</strong></span> <span class='ocrx_word' id='word_1_525' title='bbox 2972 3079 3188 3145; x_wconf 88' lang='lat' dir='ltr'><strong>fallant,</strong></span> <span class='ocrx_word' id='word_1_526' title='bbox 3235 3089 3513 3133; x_wconf 87' lang='lat' dir='ltr'><strong>carentem</strong></span> <span class='ocrx_word' id='word_1_527' title='bbox 3559 3074 3799 3129; x_wconf 86' lang='lat' dir='ltr'><strong>auctoris</strong></span> 
     </span>
    </p>
   </div>
   <div class='ocr_carea' id='block_1_76' title="bbox 2218 3171 3801 3241">
    <p class='ocr_par' dir='ltr' id='par_1_76' title="bbox 2218 3171 3801 3241">
     <span class='ocr_line' id='line_1_76' title="bbox 2218 3171 3801 3241; baseline -0.003 -13"><span class='ocrx_word' id='word_1_528' title='bbox 2218 3173 2299 3228; x_wconf 90' lang='lat' dir='ltr'><strong>sui</strong></span> <span class='ocrx_word' id='word_1_529' title='bbox 2335 3174 2553 3227; x_wconf 91' lang='lat' dir='ltr'><strong>nomine</strong></span> <span class='ocrx_word' id='word_1_530' title='bbox 2593 3172 2945 3241; x_wconf 89' lang='lat' dir='ltr'><strong>scriptionem</strong></span> <span class='ocrx_word' id='word_1_531' title='bbox 2978 3173 3045 3226; x_wconf 89' lang='lat' dir='ltr'><strong>ad</strong></span> <span class='ocrx_word' id='word_1_532' title='bbox 3081 3171 3328 3226; x_wconf 91' lang='lat' dir='ltr'><strong>eumdem</strong></span> <span class='ocrx_word' id='word_1_533' title='bbox 3376 3171 3653 3241; x_wconf 88' lang='lat' dir='ltr'><strong>pertinere</strong></span> <span class='ocrx_word' id='word_1_534' title='bbox 3684 3184 3801 3223; x_wconf 86' lang='lat' dir='ltr'><strong>cre-</strong></span> 
     </span>
    </p>
   </div>
   <div class='ocr_carea' id='block_1_77' title="bbox 2218 3263 3799 3334">
    <p class='ocr_par' dir='ltr' id='par_1_77' title="bbox 2218 3263 3799 3334">
     <span class='ocr_line' id='line_1_77' title="bbox 2218 3263 3799 3334; baseline -0.001 -15"><span class='ocrx_word' id='word_1_535' title='bbox 2218 3266 2407 3320; x_wconf 84' lang='lat' dir='ltr'><strong>dentes</strong></span> <span class='ocrx_word' id='word_1_536' title='bbox 2438 3274 2739 3331; x_wconf 87' lang='lat' dir='ltr'><strong>auctorem,</strong></span> <span class='ocrx_word' id='word_1_537' title='bbox 2767 3263 2922 3334; x_wconf 87' lang='lat' dir='ltr'><strong>cujus</strong></span> <span class='ocrx_word' id='word_1_538' title='bbox 2957 3280 3152 3319; x_wconf 90' lang='lat' dir='ltr'><strong>nomen</strong></span> <span class='ocrx_word' id='word_1_539' title='bbox 3182 3279 3291 3334; x_wconf 77' lang='lat' dir='ltr'><strong>prae</strong></span> <span class='ocrx_word' id='word_1_540' title='bbox 3321 3279 3381 3319; x_wconf 92' lang='lat' dir='ltr'><strong>se</strong></span> <span class='ocrx_word' id='word_1_541' title='bbox 3417 3264 3524 3318; x_wconf 83' lang='lat' dir='ltr'><strong>fert</strong></span> <span class='ocrx_word' id='word_1_542' title='bbox 3570 3263 3799 3330; x_wconf 90' lang='lat' dir='ltr'><strong>scriptio</strong></span> 
     </span>
    </p>
   </div>
   <div class='ocr_carea' id='block_1_78' title="bbox 2217 3352 3799 3425">
    <p class='ocr_par' dir='ltr' id='par_1_78' title="bbox 2217 3352 3799 3425">
     <span class='ocr_line' id='line_1_78' title="bbox 2217 3352 3799 3425; baseline -0.001 -17"><span class='ocrx_word' id='word_1_543' title='bbox 2217 3358 2463 3425; x_wconf 88' lang='lat' dir='ltr'><strong>proxime</strong></span> <span class='ocrx_word' id='word_1_544' title='bbox 2509 3357 2863 3411; x_wconf 86' lang='lat' dir='ltr'><strong>antecedens.</strong></span> <span class='ocrx_word' id='word_1_545' title='bbox 2913 3354 3030 3411; x_wconf 85' lang='lat' dir='ltr'><strong>Non</strong></span> <span class='ocrx_word' id='word_1_546' title='bbox 3083 3355 3167 3410; x_wconf 90' lang='lat' dir='ltr'><strong>bis</strong></span> <span class='ocrx_word' id='word_1_547' title='bbox 3205 3370 3336 3409; x_wconf 93' lang='lat' dir='ltr'><strong>vero</strong></span> <span class='ocrx_word' id='word_1_548' title='bbox 3381 3357 3669 3419; x_wconf 88' lang='lat' dir='ltr'><strong>duntaxat,</strong></span> <span class='ocrx_word' id='word_1_549' title='bbox 3702 3352 3799 3408; x_wconf 91' lang='lat' dir='ltr'><strong>sed</strong></span> 
     </span>
    </p>
   </div>
   <div class='ocr_carea' id='block_1_79' title="bbox 2223 3446 3797 3517">
    <p class='ocr_par' dir='ltr' id='par_1_79' title="bbox 2223 3446 3797 3517">
     <span class='ocr_line' id='line_1_79' title="bbox 2223 3446 3797 3517; baseline -0.003 -15"><span class='ocrx_word' id='word_1_550' title='bbox 2223 3449 2275 3502; x_wconf 93' lang='lat' dir='ltr'><strong>in</strong></span> <span class='ocrx_word' id='word_1_551' title='bbox 2337 3448 2459 3501; x_wconf 90' lang='lat' dir='ltr'><strong>aliis</strong></span> <span class='ocrx_word' id='word_1_552' title='bbox 2506 3449 2671 3502; x_wconf 90' lang='lat' dir='ltr'><strong>etiam</strong></span> <span class='ocrx_word' id='word_1_553' title='bbox 2735 3448 3221 3514; x_wconf 86' lang='lat' dir='ltr'><strong>lucubrationibus,</strong></span> <span class='ocrx_word' id='word_1_554' title='bbox 3283 3446 3537 3517; x_wconf 89' lang='lat' dir='ltr'><strong>Origenis</strong></span> <span class='ocrx_word' id='word_1_555' title='bbox 3599 3460 3797 3501; x_wconf 87' lang='lat' dir='ltr'><strong>nomen</strong></span> 
     </span>
    </p>
   </div>
   <div class='ocr_carea' id='block_1_80' title="bbox 2218 3537 3793 3612">
    <p class='ocr_par' dir='ltr' id='par_1_80' title="bbox 2218 3537 3793 3612">
     <span class='ocr_line' id='line_1_80' title="bbox 2218 3537 3793 3612; baseline -0.001 -19"><span class='ocrx_word' id='word_1_556' title='bbox 2218 3554 2339 3593; x_wconf 92' lang='lat' dir='ltr'><strong>cum</strong></span> <span class='ocrx_word' id='word_1_557' title='bbox 2373 3538 2562 3611; x_wconf 85' lang='lat' dir='ltr'><strong>Cyrilli</strong></span> <span class='ocrx_word' id='word_1_558' title='bbox 2611 3541 2831 3595; x_wconf 91' lang='lat' dir='ltr'><strong>nomine</strong></span> <span class='ocrx_word' id='word_1_559' title='bbox 2884 3543 3203 3612; x_wconf 87' lang='lat' dir='ltr'><strong>permistum</strong></span> <span class='ocrx_word' id='word_1_560' title='bbox 3240 3555 3305 3594; x_wconf 91' lang='lat' dir='ltr'><strong>ac</strong></span> <span class='ocrx_word' id='word_1_561' title='bbox 3360 3537 3649 3595; x_wconf 80' lang='lat' dir='ltr'><strong>confusura</strong></span> <span class='ocrx_word' id='word_1_562' title='bbox 3681 3546 3793 3593; x_wconf 88' lang='lat' dir='ltr'><strong>est.</strong></span> 
     </span>
    </p>
   </div>
   <div class='ocr_carea' id='block_1_81' title="bbox 2220 3629 3801 3701">
    <p class='ocr_par' dir='ltr' id='par_1_81' title="bbox 2220 3629 3801 3701">
     <span class='ocr_line' id='line_1_81' title="bbox 2220 3629 3801 3701; baseline 0 -18"><span class='ocrx_word' id='word_1_563' title='bbox 2220 3629 2505 3685; x_wconf 79' lang='lat' dir='ltr'><strong>Sexdecim</strong></span> <span class='ocrx_word' id='word_1_564' title='bbox 2552 3629 2803 3701; x_wconf 88' lang='lat' dir='ltr'><strong>Origenis</strong></span> <span class='ocrx_word' id='word_1_565' title='bbox 2844 3631 3098 3687; x_wconf 83' lang='lat' dir='ltr'><strong>bomilias</strong></span> <span class='ocrx_word' id='word_1_566' title='bbox 3139 3632 3192 3684; x_wconf 87' lang='lat' dir='ltr'><strong>in</strong></span> <span class='ocrx_word' id='word_1_567' title='bbox 3236 3629 3530 3685; x_wconf 80' lang='lat' dir='ltr'><strong>Leviticum</strong></span> <span class='ocrx_word' id='word_1_568' title='bbox 3572 3638 3801 3685; x_wconf 60' lang='lat' dir='ltr'><strong>vetusta:</strong></span> 
     </span>
    </p>
   </div>
   <div class='ocr_carea' id='block_1_82' title="bbox 2218 3719 3803 3795">
    <p class='ocr_par' dir='ltr' id='par_1_82' title="bbox 2218 3719 3803 3795">
     <span class='ocr_line' id='line_1_82' title="bbox 2218 3719 3803 3795; baseline -0.001 -20"><span class='ocrx_word' id='word_1_569' title='bbox 2218 3720 2403 3790; x_wconf 78' lang='lat' dir='ltr'><strong>Cyrilli</strong></span> <span class='ocrx_word' id='word_1_570' title='bbox 2443 3722 2645 3777; x_wconf 85' lang='lat' dir='ltr'><strong>habent</strong></span> <span class='ocrx_word' id='word_1_571' title='bbox 2668 3722 2959 3788; x_wconf 89' lang='lat' dir='ltr'><strong>editiones,</strong></span> <span class='ocrx_word' id='word_1_572' title='bbox 2987 3734 3041 3777; x_wconf 89' lang='lat' dir='ltr'><strong>et</strong></span> <span class='ocrx_word' id='word_1_573' title='bbox 3069 3722 3271 3795; x_wconf 85' lang='lat' dir='ltr'><strong>Cyrillo</strong></span> <span class='ocrx_word' id='word_1_574' title='bbox 3301 3721 3607 3777; x_wconf 90' lang='lat' dir='ltr'><strong>ascribunt.</strong></span> <span class='ocrx_word' id='word_1_575' title='bbox 3640 3719 3803 3776; x_wconf 83' lang='lat' dir='ltr'><strong>Com-</strong></span> 
     </span>
    </p>
   </div>
   <div class='ocr_carea' id='block_1_83' title="bbox 2219 3814 3799 3884">
    <p class='ocr_par' dir='ltr' id='par_1_83' title="bbox 2219 3814 3799 3884">
     <span class='ocr_line' id='line_1_83' title="bbox 2219 3814 3799 3884; baseline 0.002 -19"><span class='ocrx_word' id='word_1_576' title='bbox 2219 3816 2545 3868; x_wconf 86' lang='lat' dir='ltr'><strong>mentarium</strong></span> <span class='ocrx_word' id='word_1_577' title='bbox 2592 3814 2880 3884; x_wconf 88' lang='lat' dir='ltr'><strong>quemdam</strong></span> <span class='ocrx_word' id='word_1_578' title='bbox 2938 3816 2995 3869; x_wconf 88' lang='lat' dir='ltr'><strong>in</strong></span> <span class='ocrx_word' id='word_1_579' title='bbox 3052 3814 3296 3869; x_wconf 76' lang='lat' dir='ltr'><strong>Marcum</strong></span> <span class='ocrx_word' id='word_1_580' title='bbox 3341 3814 3454 3883; x_wconf 83' lang='lat'><strong>(79)</strong></span> <span class='ocrx_word' id='word_1_581' title='bbox 3497 3829 3660 3884; x_wconf 90' lang='lat' dir='ltr'><strong>quem</strong></span> <span class='ocrx_word' id='word_1_582' title='bbox 3694 3814 3799 3868; x_wconf 87' lang='lat' dir='ltr'><strong>ali-</strong></span> 
     </span>
    </p>
   </div>
   <div class='ocr_carea' id='block_1_84' title="bbox 2218 3906 3797 3978">
    <p class='ocr_par' dir='ltr' id='par_1_84' title="bbox 2218 3906 3797 3978">
     <span class='ocr_line' id='line_1_84' title="bbox 2218 3906 3797 3978; baseline 0.001 -19"><span class='ocrx_word' id='word_1_583' title='bbox 2218 3908 2435 3975; x_wconf 91' lang='lat' dir='ltr'><strong>quando</strong></span> <span class='ocrx_word' id='word_1_584' title='bbox 2464 3923 2589 3962; x_wconf 91' lang='lat' dir='ltr'><strong>cum</strong></span> <span class='ocrx_word' id='word_1_585' title='bbox 2618 3909 2726 3963; x_wconf 91' lang='lat' dir='ltr'><strong>Deo</strong></span> <span class='ocrx_word' id='word_1_586' title='bbox 2756 3907 2959 3977; x_wconf 91' lang='lat' dir='ltr'><strong>publici</strong></span> <span class='ocrx_word' id='word_1_587' title='bbox 2983 3906 3126 3976; x_wconf 89' lang='lat' dir='ltr'><strong>juris</strong></span> <span class='ocrx_word' id='word_1_588' title='bbox 3152 3907 3423 3963; x_wconf 74' lang='lat' dir='ltr'><strong>iaciemus</strong></span> <span class='ocrx_word' id='word_1_589' title='bbox 3453 3906 3669 3978; x_wconf 89' lang='lat' dir='ltr'><strong>Origeni</strong></span> <span class='ocrx_word' id='word_1_590' title='bbox 3702 3922 3797 3961; x_wconf 83' lang='lat' dir='ltr'><strong>co-</strong></span> 
     </span>
    </p>
   </div>
   <div class='ocr_carea' id='block_1_85' title="bbox 2218 3998 3803 4072">
    <p class='ocr_par' dir='ltr' id='par_1_85' title="bbox 2218 3998 3803 4072">
     <span class='ocr_line' id='line_1_85' title="bbox 2218 3998 3803 4072; baseline 0.001 -19"><span class='ocrx_word' id='word_1_591' title='bbox 2218 3998 2367 4053; x_wconf 88' lang='lat' dir='ltr'><strong>dices</strong></span> <span class='ocrx_word' id='word_1_592' title='bbox 2404 3999 2648 4068; x_wconf 87' lang='lat' dir='ltr'><strong>quidam,</strong></span> <span class='ocrx_word' id='word_1_593' title='bbox 2674 3999 2877 4072; x_wconf 88' lang='lat' dir='ltr'><strong>Cyrillo</strong></span> <span class='ocrx_word' id='word_1_594' title='bbox 2905 3999 3170 4065; x_wconf 92' lang='lat' dir='ltr'><strong>nonnulli,</strong></span> <span class='ocrx_word' id='word_1_595' title='bbox 3199 4000 3404 4056; x_wconf 80' lang='lat' dir='ltr'><strong>Victori</strong></span> <span class='ocrx_word' id='word_1_596' title='bbox 3459 4000 3803 4054; x_wconf 85' lang='lat' dir='ltr'><strong>Antiocheno</strong></span> 
     </span>
    </p>
   </div>
   <div class='ocr_carea' id='block_1_86' title="bbox 2219 4089 3797 4162">
    <p class='ocr_par' dir='ltr' id='par_1_86' title="bbox 2219 4089 3797 4162">
     <span class='ocr_line' id='line_1_86' title="bbox 2219 4089 3797 4162; baseline 0.001 -18"><span class='ocrx_word' id='word_1_597' title='bbox 2219 4089 2307 4144; x_wconf 90' lang='lat' dir='ltr'><strong>alii</strong></span> <span class='ocrx_word' id='word_1_598' title='bbox 2341 4091 2605 4145; x_wconf 91' lang='lat' dir='ltr'><strong>tribuunt.</strong></span> <span class='ocrx_word' id='word_1_599' title='bbox 2639 4090 3027 4148; x_wconf 85' lang='lat' dir='ltr'><strong>Novemdecim</strong></span> <span class='ocrx_word' id='word_1_600' title='bbox 3068 4094 3253 4162; x_wconf 86' lang='lat' dir='ltr'><strong>itaque</strong></span> <span class='ocrx_word' id='word_1_601' title='bbox 3286 4092 3539 4147; x_wconf 89' lang='lat' dir='ltr'><strong>bomilias</strong></span> <span class='ocrx_word' id='word_1_602' title='bbox 3588 4090 3797 4161; x_wconf 86' lang='lat' dir='ltr'><strong>Cyrillo</strong></span> 
     </span>
    </p>
   </div>
   <div class='ocr_carea' id='block_1_87' title="bbox 2218 4182 3801 4254">
    <p class='ocr_par' dir='ltr' id='par_1_87' title="bbox 2218 4182 3801 4254">
     <span class='ocr_line' id='line_1_87' title="bbox 2218 4182 3801 4254; baseline 0.001 -18"><span class='ocrx_word' id='word_1_603' title='bbox 2218 4196 2505 4251; x_wconf 87' lang='lat' dir='ltr'><strong>perperam</strong></span> <span class='ocrx_word' id='word_1_604' title='bbox 2538 4185 2806 4254; x_wconf 91' lang='lat' dir='ltr'><strong>ascriptas</strong></span> <span class='ocrx_word' id='word_1_605' title='bbox 2837 4186 3163 4240; x_wconf 82' lang='lat' dir='ltr'><strong>Adamantio</strong></span> <span class='ocrx_word' id='word_1_606' title='bbox 3191 4182 3801 4252; x_wconf 88' lang='lat' dir='ltr'><strong>restituendasjudica-</strong></span> 
     </span>
    </p>
   </div>
   <div class='ocr_carea' id='block_1_88' title="bbox 2220 4269 3780 4343">
    <p class='ocr_par' dir='ltr' id='par_1_88' title="bbox 2220 4269 3780 4343">
     <span class='ocr_line' id='line_1_88' title="bbox 2220 4269 3780 4343; baseline -0.001 -18"><span class='ocrx_word' id='word_1_607' title='bbox 2220 4286 2341 4325; x_wconf 90' lang='lat' dir='ltr'><strong>mus</strong></span> <span class='ocrx_word' id='word_1_608' title='bbox 2370 4272 2474 4325; x_wconf 89' lang='lat' dir='ltr'><strong>hoc</strong></span> <span class='ocrx_word' id='word_1_609' title='bbox 2504 4283 2851 4341; x_wconf 86' lang='lat' dir='ltr'><strong>argumento,</strong></span> <span class='ocrx_word' id='word_1_610' title='bbox 2882 4276 3025 4343; x_wconf 91' lang='lat' dir='ltr'><strong>quod</strong></span> <span class='ocrx_word' id='word_1_611' title='bbox 3054 4274 3195 4328; x_wconf 90' lang='lat' dir='ltr'><strong>inter</strong></span> <span class='ocrx_word' id='word_1_612' title='bbox 3225 4272 3641 4343; x_wconf 87' lang='lat' dir='ltr'><strong>quatuordecim</strong></span> <span class='ocrx_word' id='word_1_613' title='bbox 3682 4269 3780 4326; x_wconf 87' lang='lat' dir='ltr'><strong>Ori</strong></span> 
     </span>
    </p>
   </div>
   <div class='ocr_carea' id='block_1_89' title="bbox 2219 4358 3801 4432">
    <p class='ocr_par' dir='ltr' id='par_1_89' title="bbox 2219 4358 3801 4432">
     <span class='ocr_line' id='line_1_89' title="bbox 2219 4358 3801 4432; baseline -0.003 -17"><span class='ocrx_word' id='word_1_614' title='bbox 2219 4361 2379 4432; x_wconf 86' lang='lat' dir='ltr'><strong>genis</strong></span> <span class='ocrx_word' id='word_1_615' title='bbox 2408 4361 2659 4417; x_wconf 88' lang='lat' dir='ltr'><strong>bomilias</strong></span> <span class='ocrx_word' id='word_1_616' title='bbox 2703 4363 2771 4418; x_wconf 91' lang='lat' dir='ltr'><strong>ab</strong></span> <span class='ocrx_word' id='word_1_617' title='bbox 2827 4361 3160 4432; x_wconf 89' lang='lat' dir='ltr'><strong>Hieronymo</strong></span> <span class='ocrx_word' id='word_1_618' title='bbox 3188 4375 3479 4415; x_wconf 84' lang='lat' dir='ltr'><strong>conversas</strong></span> <span class='ocrx_word' id='word_1_619' title='bbox 3513 4358 3801 4413; x_wconf 82' lang='lat' dir='ltr'><strong>duodecim</strong></span> 
     </span>
    </p>
   </div>
   <div class='ocr_carea' id='block_1_90' title="bbox 2220 4449 3804 4524">
    <p class='ocr_par' dir='ltr' id='par_1_90' title="bbox 2220 4449 3804 4524">
     <span class='ocr_line' id='line_1_90' title="bbox 2220 4449 3804 4524; baseline -0.001 -20"><span class='ocrx_word' id='word_1_620' title='bbox 2220 4467 2287 4505; x_wconf 89' lang='lat' dir='ltr'><strong>ex</strong></span> <span class='ocrx_word' id='word_1_621' title='bbox 2329 4452 2395 4507; x_wconf 90' lang='lat' dir='ltr'><strong>iis</strong></span> <span class='ocrx_word' id='word_1_622' title='bbox 2425 4453 2791 4522; x_wconf 84' lang='lat' dir='ltr'><strong>reperiantur,</strong></span> <span class='ocrx_word' id='word_1_623' title='bbox 2817 4469 2955 4524; x_wconf 90' lang='lat' dir='ltr'><strong>quas</strong></span> <span class='ocrx_word' id='word_1_624' title='bbox 2980 4453 3171 4508; x_wconf 83' lang='lat' dir='ltr'><strong>Graece</strong></span> <span class='ocrx_word' id='word_1_625' title='bbox 3207 4450 3506 4508; x_wconf 81' lang='lat' dir='ltr'><strong>Corderius</strong></span> <span class='ocrx_word' id='word_1_626' title='bbox 3558 4449 3804 4520; x_wconf 87' lang='lat' dir='ltr'><strong>publica-</strong></span> 
     </span>
    </p>
   </div>
   <div class='ocr_carea' id='block_1_91' title="bbox 534 4539 3803 4613">
    <p class='ocr_par' dir='ltr' id='par_1_91' title="bbox 534 4539 3803 4613">
     <span class='ocr_line' id='line_1_91' title="bbox 534 4539 3803 4613; baseline -0.003 -11"><span class='ocrx_word' id='word_1_627' title='bbox 534 4550 807 4604; x_wconf 89' lang='lat' dir='ltr'><strong>asciscere</strong></span> <span class='ocrx_word' id='word_1_628' title='bbox 844 4555 1013 4610; x_wconf 91' lang='lat' dir='ltr'><strong>amat,</strong></span> <span class='ocrx_word' id='word_1_629' title='bbox 1056 4543 1202 4613; x_wconf 85' lang='lat' dir='ltr'><strong>quod</strong></span> <span class='ocrx_word' id='word_1_630' title='bbox 1247 4542 1512 4612; x_wconf 85' lang='lat' dir='ltr'><strong>Optimum</strong></span> <span class='ocrx_word' id='word_1_631' title='bbox 1554 4548 1640 4595; x_wconf 88' lang='lat' dir='ltr'><strong>est</strong></span> <span class='ocrx_word' id='word_1_632' title='bbox 1681 4539 2119 4594; x_wconf 87' lang='lat' dir='ltr'><strong>interuoscendis</strong></span> <span class='ocrx_word' id='word_1_633' title='bbox 2149 4553 2195 4609; x_wconf 82' lang='grc' dir='ltr'>ι)</span> <span class='ocrx_word' id='word_1_634' title='bbox 2226 4544 2318 4598; x_wconf 87' lang='lat' dir='ltr'><strong>vit.</strong></span> <span class='ocrx_word' id='word_1_635' title='bbox 2354 4546 2581 4599; x_wconf 82' lang='lat' dir='ltr'><strong>Accedit</strong></span> <span class='ocrx_word' id='word_1_636' title='bbox 2619 4542 2864 4600; x_wconf 88' lang='lat' dir='ltr'><strong>Vaticani</strong></span> <span class='ocrx_word' id='word_1_637' title='bbox 2898 4545 3102 4600; x_wconf 88' lang='lat' dir='ltr'><strong>codicis</strong></span> <span class='ocrx_word' id='word_1_638' title='bbox 3126 4544 3453 4608; x_wconf 89' lang='lat' dir='ltr'><strong>auctoritas,</strong></span> <span class='ocrx_word' id='word_1_639' title='bbox 3507 4542 3609 4597; x_wconf 88' lang='lat' dir='ltr'><strong>has</strong></span> <span class='ocrx_word' id='word_1_640' title='bbox 3655 4542 3803 4608; x_wconf 88' lang='lat' dir='ltr'><strong>ipsas</strong></span> 
     </span>
    </p>
   </div>
   <div class='ocr_carea' id='block_1_92' title="bbox 535 4631 2112 4709">
    <p class='ocr_par' dir='ltr' id='par_1_92' title="bbox 535 4631 2112 4709">
     <span class='ocr_line' id='line_1_92' title="bbox 535 4631 2112 4709; baseline -0.005 -14"><span class='ocrx_word' id='word_1_641' title='bbox 535 4639 897 4709; x_wconf 88' lang='lat' dir='ltr'><strong>scriptoribus</strong></span> <span class='ocrx_word' id='word_1_642' title='bbox 960 4644 1364 4705; x_wconf 86' lang='lat' dir='ltr'><strong>argumentum.</strong></span> <span class='ocrx_word' id='word_1_643' title='bbox 1431 4632 1708 4687; x_wconf 88' lang='lat' dir='ltr'><strong>Dictiones</strong></span> <span class='ocrx_word' id='word_1_644' title='bbox 1768 4631 1874 4685; x_wconf 58' lang='lat' dir='ltr'><strong>illa;</strong></span> <span class='ocrx_word' id='word_1_645' title='bbox 1933 4641 2112 4687; x_wconf 90' lang='lat' dir='ltr'><strong>sunt:</strong></span> 
     </span>
    </p>
   </div>
   <div class='ocr_carea' id='block_1_93' title="bbox 542 4723 2109 4795">
    <p class='ocr_par' dir='ltr' id='par_1_93' title="bbox 542 4723 2109 4795">
     <span class='ocr_line' id='line_1_93' title="bbox 542 4723 2109 4795; baseline -0.005 -12"><span class='ocrx_word' id='word_1_646' title='bbox 542 4751 562 4783; x_wconf 77' lang='grc' dir='ltr'><strong>ι</strong></span> <span class='ocrx_word' id='word_1_647' title='bbox 594 4735 913 4795; x_wconf 89' lang='lat' dir='ltr'><strong>absconsus,</strong></span> <span class='ocrx_word' id='word_1_648' title='bbox 961 4728 1288 4793; x_wconf 85' lang='lat' dir='ltr'><strong>dominicus,</strong></span> <span class='ocrx_word' id='word_1_649' title='bbox 1313 4726 1731 4794; x_wconf 88' lang='lat' dir='ltr'><strong>nuncupativus,</strong></span> <span class='ocrx_word' id='word_1_650' title='bbox 1781 4723 2109 4794; x_wconf 81' lang='lat' dir='ltr'><strong>principales</strong></span> 
     </span>
    </p>
   </div>
   <div class='ocr_carea' id='block_1_94' title="bbox 535 4815 2115 4894">
    <p class='ocr_par' dir='ltr' id='par_1_94' title="bbox 535 4815 2115 4894">
     <span class='ocr_line' id='line_1_94' title="bbox 535 4815 2115 4894; baseline -0.006 -16"><span class='ocrx_word' id='word_1_651' title='bbox 535 4838 635 4894; x_wconf 88' lang='lat' dir='ltr'><strong>pro</strong></span> <span class='ocrx_word' id='word_1_652' title='bbox 665 4836 731 4877; x_wconf 89' lang='lat' dir='ltr'><strong>eo</strong></span> <span class='ocrx_word' id='word_1_653' title='bbox 764 4821 907 4891; x_wconf 87' lang='lat' dir='ltr'><strong>quod</strong></span> <span class='ocrx_word' id='word_1_654' title='bbox 942 4830 1028 4875; x_wconf 89' lang='lat' dir='ltr'><strong>est</strong></span> <span class='ocrx_word' id='word_1_655' title='bbox 1073 4818 1136 4872; x_wconf 81' lang='grc' dir='ltr'><strong>τὸ</strong></span> <span class='ocrx_word' id='word_1_656' title='bbox 1180 4817 1530 4889; x_wconf 77' lang='grc' dir='ltr'><strong>ἡγεμονικόν,</strong></span> <span class='ocrx_word' id='word_1_657' title='bbox 1581 4817 1877 4887; x_wconf 87' lang='lat' dir='ltr'><strong>principari</strong></span> <span class='ocrx_word' id='word_1_658' title='bbox 1928 4815 2115 4883; x_wconf 88' lang='lat' dir='ltr'><strong>alicui,</strong></span> 
     </span>
    </p>
   </div>
   <div class='ocr_carea' id='block_1_95' title="bbox 534 4910 2113 4988">
    <p class='ocr_par' dir='ltr' id='par_1_95' title="bbox 534 4910 2113 4988">
     <span class='ocr_line' id='line_1_95' title="bbox 534 4910 2113 4988; baseline -0.006 -16"><span class='ocrx_word' id='word_1_659' title='bbox 534 4916 873 4988; x_wconf 88' lang='lat' dir='ltr'><strong>principalis,</strong></span> <span class='ocrx_word' id='word_1_660' title='bbox 920 4913 1235 4984; x_wconf 87' lang='lat' dir='ltr'><strong>prophetes,</strong></span> <span class='ocrx_word' id='word_1_661' title='bbox 1288 4912 1650 4981; x_wconf 90' lang='lat' dir='ltr'><strong>repromitto,</strong></span> <span class='ocrx_word' id='word_1_662' title='bbox 1727 4910 2113 4979; x_wconf 85' lang='lat' dir='ltr'><strong>repromissio,</strong></span> 
     </span>
    </p>
   </div>
   <div class='ocr_carea' id='block_1_96' title="bbox 535 5002 2120 5080">
    <p class='ocr_par' dir='ltr' id='par_1_96' title="bbox 535 5002 2120 5080">
     <span class='ocr_line' id='line_1_96' title="bbox 535 5002 2120 5080; baseline -0.007 -15"><span class='ocrx_word' id='word_1_663' title='bbox 535 5009 949 5080; x_wconf 80' lang='lat' dir='ltr'><strong>speculatorias,</strong></span> <span class='ocrx_word' id='word_1_664' title='bbox 984 5004 1392 5076; x_wconf 88' lang='lat' dir='ltr'><strong>turpiloquium,</strong></span> <span class='ocrx_word' id='word_1_665' title='bbox 1423 5002 1686 5067; x_wconf 88' lang='lat' dir='ltr'><strong>Zabulus,</strong></span> <span class='ocrx_word' id='word_1_666' title='bbox 1711 5012 1907 5058; x_wconf 90' lang='lat' dir='ltr'><strong>cuncta</strong></span> <span class='ocrx_word' id='word_1_667' title='bbox 1940 5003 2120 5056; x_wconf 62' lang='lat' dir='ltr'><strong>Evan.</strong></span> 
     </span>
    </p>
   </div>
   <div class='ocr_carea' id='block_1_97' title="bbox 536 5094 2118 5171">
    <p class='ocr_par' dir='ltr' id='par_1_97' title="bbox 536 5094 2118 5171">
     <span class='ocr_line' id='line_1_97' title="bbox 536 5094 2118 5171; baseline -0.003 -15"><span class='ocrx_word' id='word_1_668' title='bbox 536 5103 824 5171; x_wconf 81' lang='lat' dir='ltr'><strong>geliorum,</strong></span> <span class='ocrx_word' id='word_1_669' title='bbox 856 5119 876 5155; x_wconf 72' lang='grc' dir='ltr'><strong>ι</strong></span> <span class='ocrx_word' id='word_1_670' title='bbox 921 5099 1139 5170; x_wconf 85' lang='lat' dir='ltr'><strong>aliaque</strong></span> <span class='ocrx_word' id='word_1_671' title='bbox 1174 5096 1468 5166; x_wconf 84' lang='lat' dir='ltr'><strong>ejusmodi.</strong></span> <span class='ocrx_word' id='word_1_672' title='bbox 1499 5094 1659 5150; x_wconf 77' lang='lat' dir='ltr'><strong>Notet</strong></span> <span class='ocrx_word' id='word_1_673' title='bbox 1690 5095 1920 5165; x_wconf 89' lang='lat' dir='ltr'><strong>diligens</strong></span> <span class='ocrx_word' id='word_1_674' title='bbox 1945 5096 2118 5151; x_wconf 88' lang='lat' dir='ltr'><strong>lector</strong></span> 
     </span>
    </p>
   </div>
   <div class='ocr_carea' id='block_1_98' title="bbox 538 5186 2115 5248">
    <p class='ocr_par' dir='ltr' id='par_1_98' title="bbox 538 5186 2115 5248">
     <span class='ocr_line' id='line_1_98' title="bbox 538 5186 2115 5248; baseline -0.003 -1"><span class='ocrx_word' id='word_1_675' title='bbox 538 5193 815 5248; x_wconf 88' lang='lat' dir='ltr'><strong>bomiliam</strong></span> <span class='ocrx_word' id='word_1_676' title='bbox 856 5206 1053 5246; x_wconf 89' lang='lat' dir='ltr'><strong>nonam</strong></span> <span class='ocrx_word' id='word_1_677' title='bbox 1085 5188 1331 5245; x_wconf 86' lang='lat' dir='ltr'><strong>mutilam</strong></span> <span class='ocrx_word' id='word_1_678' title='bbox 1358 5202 1478 5243; x_wconf 83' lang='lat' dir='ltr'><strong>esse</strong></span> <span class='ocrx_word' id='word_1_679' title='bbox 1512 5186 1565 5240; x_wconf 89' lang='lat' dir='ltr'><strong>in</strong></span> <span class='ocrx_word' id='word_1_680' title='bbox 1596 5186 1923 5242; x_wconf 89' lang='lat' dir='ltr'><strong>editionibus</strong></span> <span class='ocrx_word' id='word_1_681' title='bbox 1967 5186 2115 5242; x_wconf 76' lang='lat' dir='ltr'><strong>Mer-</strong></span> 
     </span>
    </p>
   </div>
   <div class='ocr_carea' id='block_1_99' title="bbox 539 5280 2121 5352">
    <p class='ocr_par' dir='ltr' id='par_1_99' title="bbox 539 5280 2121 5352">
     <span class='ocr_line' id='line_1_99' title="bbox 539 5280 2121 5352; baseline -0.004 -12"><span class='ocrx_word' id='word_1_682' title='bbox 539 5288 656 5352; x_wconf 89' lang='lat' dir='ltr'><strong>liui,</strong></span> <span class='ocrx_word' id='word_1_683' title='bbox 689 5285 901 5342; x_wconf 78' lang='lat' dir='ltr'><strong>Erasini</strong></span> <span class='ocrx_word' id='word_1_684' title='bbox 946 5294 1003 5340; x_wconf 91' lang='lat' dir='ltr'><strong>et</strong></span> <span class='ocrx_word' id='word_1_685' title='bbox 1028 5280 1387 5347; x_wconf 85' lang='lat' dir='ltr'><strong>Genebrardi,</strong></span> <span class='ocrx_word' id='word_1_686' title='bbox 1411 5290 1466 5337; x_wconf 92' lang='lat' dir='ltr'><strong>et</strong></span> <span class='ocrx_word' id='word_1_687' title='bbox 1489 5289 1763 5349; x_wconf 89' lang='lat' dir='ltr'><strong>postrema</strong></span> <span class='ocrx_word' id='word_1_688' title='bbox 1789 5290 1944 5350; x_wconf 92' lang='lat' dir='ltr'><strong>parte</strong></span> <span class='ocrx_word' id='word_1_689' title='bbox 1970 5288 2121 5335; x_wconf 60' lang='lat' dir='ltr'><strong>trun.</strong></span> 
     </span>
    </p>
   </div>
   <div class='ocr_carea' id='block_1_100' title="bbox 538 5373 2117 5448">
    <p class='ocr_par' dir='ltr' id='par_1_100' title="bbox 538 5373 2117 5448">
     <span class='ocr_line' id='line_1_100' title="bbox 538 5373 2117 5448; baseline -0.003 -16"><span class='ocrx_word' id='word_1_690' title='bbox 538 5390 737 5445; x_wconf 89' lang='lat' dir='ltr'><strong>catam,</strong></span> <span class='ocrx_word' id='word_1_691' title='bbox 784 5378 946 5448; x_wconf 85' lang='lat' dir='ltr'><strong>eique</strong></span> <span class='ocrx_word' id='word_1_692' title='bbox 994 5374 1305 5446; x_wconf 68' lang='lat' dir='ltr'><strong>supplenda:</strong></span> <span class='ocrx_word' id='word_1_693' title='bbox 1353 5374 1653 5429; x_wconf 88' lang='lat' dir='ltr'><strong>detractam</strong></span> <span class='ocrx_word' id='word_1_694' title='bbox 1702 5373 1871 5429; x_wconf 85' lang='lat' dir='ltr'><strong>fuisse</strong></span> <span class='ocrx_word' id='word_1_695' title='bbox 1901 5382 2117 5443; x_wconf 87' lang='lat' dir='ltr'><strong>partem</strong></span> 
     </span>
    </p>
   </div>
   <div class='ocr_carea' id='block_1_101' title="bbox 540 5461 2116 5537">
    <p class='ocr_par' dir='ltr' id='par_1_101' title="bbox 540 5461 2116 5537">
     <span class='ocr_line' id='line_1_101' title="bbox 540 5461 2116 5537; baseline -0.002 -15"><span class='ocrx_word' id='word_1_696' title='bbox 540 5476 871 5537; x_wconf 85' lang='lat' dir='ltr'><strong>postremam</strong></span> <span class='ocrx_word' id='word_1_697' title='bbox 919 5465 1160 5522; x_wconf 68' lang='lat' dir='ltr'><strong>homilia</strong></span> <span class='ocrx_word' id='word_1_698' title='bbox 1194 5478 1352 5520; x_wconf 73' lang='lat' dir='ltr'><strong>nona:</strong></span> <span class='ocrx_word' id='word_1_699' title='bbox 1379 5462 1554 5533; x_wconf 89' lang='lat' dir='ltr'><strong>(juxta</strong></span> <span class='ocrx_word' id='word_1_700' title='bbox 1590 5461 1909 5534; x_wconf 87' lang='lat' dir='ltr'><strong>Hieronymi</strong></span> <span class='ocrx_word' id='word_1_701' title='bbox 1946 5464 2116 5519; x_wconf 87' lang='lat' dir='ltr'><strong>colle-</strong></span> 
     </span>
    </p>
   </div>
   <div class='ocr_carea' id='block_1_102' title="bbox 2223 4631 3804 4699">
    <p class='ocr_par' dir='ltr' id='par_1_102' title="bbox 2223 4631 3804 4699">
     <span class='ocr_line' id='line_1_102' title="bbox 2223 4631 3804 4699; baseline -0.002 -11"><span class='ocrx_word' id='word_1_702' title='bbox 2223 4637 2594 4690; x_wconf 85' lang='lat' dir='ltr'><strong>novemdecim</strong></span> <span class='ocrx_word' id='word_1_703' title='bbox 2628 4637 2683 4690; x_wconf 72' lang='lat' dir='ltr'><strong>in</strong></span> <span class='ocrx_word' id='word_1_704' title='bbox 2714 4635 3003 4691; x_wconf 82' lang='lat' dir='ltr'><strong>Jeremiam</strong></span> <span class='ocrx_word' id='word_1_705' title='bbox 3034 4636 3286 4691; x_wconf 88' lang='lat' dir='ltr'><strong>bomilias</strong></span> <span class='ocrx_word' id='word_1_706' title='bbox 3317 4636 3544 4699; x_wconf 87' lang='lat' dir='ltr'><strong>habens,</strong></span> <span class='ocrx_word' id='word_1_707' title='bbox 3581 4642 3635 4688; x_wconf 87' lang='lat' dir='ltr'><strong>et</strong></span> <span class='ocrx_word' id='word_1_708' title='bbox 3678 4631 3804 4687; x_wconf 87' lang='lat' dir='ltr'><strong>Ori-</strong></span> 
     </span>
    </p>
   </div>
   <div class='ocr_carea' id='block_1_103' title="bbox 2222 4724 3804 4799">
    <p class='ocr_par' dir='ltr' id='par_1_103' title="bbox 2222 4724 3804 4799">
     <span class='ocr_line' id='line_1_103' title="bbox 2222 4724 3804 4799; baseline -0.002 -18"><span class='ocrx_word' id='word_1_709' title='bbox 2222 4728 2343 4797; x_wconf 87' lang='lat' dir='ltr'><strong>geni</strong></span> <span class='ocrx_word' id='word_1_710' title='bbox 2374 4729 2687 4799; x_wconf 84' lang='lat' dir='ltr'><strong>assignans.</strong></span> <span class='ocrx_word' id='word_1_711' title='bbox 2723 4729 2943 4799; x_wconf 87' lang='lat' dir='ltr'><strong>Septem</strong></span> <span class='ocrx_word' id='word_1_712' title='bbox 2972 4745 3039 4783; x_wconf 87' lang='lat' dir='ltr'><strong>ex</strong></span> <span class='ocrx_word' id='word_1_713' title='bbox 3069 4728 3173 4783; x_wconf 91' lang='lat' dir='ltr'><strong>illis</strong></span> <span class='ocrx_word' id='word_1_714' title='bbox 3197 4727 3378 4783; x_wconf 89' lang='lat' dir='ltr'><strong>emisit</strong></span> <span class='ocrx_word' id='word_1_715' title='bbox 3403 4727 3457 4781; x_wconf 94' lang='lat' dir='ltr'><strong>in</strong></span> <span class='ocrx_word' id='word_1_716' title='bbox 3500 4726 3677 4780; x_wconf 92' lang='lat' dir='ltr'><strong>lucem</strong></span> <span class='ocrx_word' id='word_1_717' title='bbox 3708 4724 3804 4779; x_wconf 79' lang='lat' dir='ltr'><strong>Mi-</strong></span> 
     </span>
    </p>
   </div>
   <div class='ocr_carea' id='block_1_104' title="bbox 2223 4816 3804 4879">
    <p class='ocr_par' dir='ltr' id='par_1_104' title="bbox 2223 4816 3804 4879">
     <span class='ocr_line' id='line_1_104' title="bbox 2223 4816 3804 4879; baseline -0.001 -8"><span class='ocrx_word' id='word_1_718' title='bbox 2223 4817 2379 4872; x_wconf 86' lang='lat' dir='ltr'><strong>chael</strong></span> <span class='ocrx_word' id='word_1_719' title='bbox 2423 4818 2723 4876; x_wconf 85' lang='lat' dir='ltr'><strong>Ghislerius</strong></span> <span class='ocrx_word' id='word_1_720' title='bbox 2771 4821 2825 4875; x_wconf 93' lang='lat' dir='ltr'><strong>in</strong></span> <span class='ocrx_word' id='word_1_721' title='bbox 2880 4829 3071 4875; x_wconf 87' lang='lat' dir='ltr'><strong>catena</strong></span> <span class='ocrx_word' id='word_1_722' title='bbox 3109 4833 3205 4873; x_wconf 88' lang='lat' dir='ltr'><strong>sua</strong></span> <span class='ocrx_word' id='word_1_723' title='bbox 3246 4819 3302 4870; x_wconf 83' lang='lat' dir='ltr'><strong>in</strong></span> <span class='ocrx_word' id='word_1_724' title='bbox 3343 4816 3673 4879; x_wconf 75' lang='lat' dir='ltr'><strong>Ieremiam;</strong></span> <span class='ocrx_word' id='word_1_725' title='bbox 3709 4829 3804 4869; x_wconf 85' lang='lat' dir='ltr'><strong>eas</strong></span> 
     </span>
    </p>
   </div>
   <div class='ocr_carea' id='block_1_105' title="bbox 2224 4907 3801 4982">
    <p class='ocr_par' dir='ltr' id='par_1_105' title="bbox 2224 4907 3801 4982">
     <span class='ocr_line' id='line_1_105' title="bbox 2224 4907 3801 4982; baseline -0.002 -20"><span class='ocrx_word' id='word_1_726' title='bbox 2224 4910 2476 4965; x_wconf 84' lang='lat' dir='ltr'><strong>nimirum</strong></span> <span class='ocrx_word' id='word_1_727' title='bbox 2502 4926 2623 4981; x_wconf 66' lang='lat' dir='ltr'><strong>quae</strong></span> <span class='ocrx_word' id='word_1_728' title='bbox 2655 4915 2705 4965; x_wconf 92' lang='lat' dir='ltr'><strong>in</strong></span> <span class='ocrx_word' id='word_1_729' title='bbox 2739 4910 3179 4982; x_wconf 83' lang='lat' dir='ltr'><strong>Hieronymianis</strong></span> <span class='ocrx_word' id='word_1_730' title='bbox 3228 4909 3477 4965; x_wconf 86' lang='lat' dir='ltr'><strong>deerant.</strong></span> <span class='ocrx_word' id='word_1_731' title='bbox 3541 4907 3801 4961; x_wconf 81' lang='lat' dir='ltr'><strong>Euindem</strong></span> 
     </span>
    </p>
   </div>
   <div class='ocr_carea' id='block_1_106' title="bbox 2224 5001 3801 5074">
    <p class='ocr_par' dir='ltr' id='par_1_106' title="bbox 2224 5001 3801 5074">
     <span class='ocr_line' id='line_1_106' title="bbox 2224 5001 3801 5074; baseline -0.004 -18"><span class='ocrx_word' id='word_1_732' title='bbox 2224 5001 2369 5057; x_wconf 89' lang='lat' dir='ltr'><strong>inter</strong></span> <span class='ocrx_word' id='word_1_733' title='bbox 2391 5002 2512 5056; x_wconf 88' lang='lat' dir='ltr'><strong>illas</strong></span> <span class='ocrx_word' id='word_1_734' title='bbox 2537 5002 2782 5058; x_wconf 90' lang='lat' dir='ltr'><strong>ordinem</strong></span> <span class='ocrx_word' id='word_1_735' title='bbox 2810 5004 2965 5074; x_wconf 91' lang='lat' dir='ltr'><strong>ponit</strong></span> <span class='ocrx_word' id='word_1_736' title='bbox 2987 5003 3156 5058; x_wconf 85' lang='lat' dir='ltr'><strong>codex</strong></span> <span class='ocrx_word' id='word_1_737' title='bbox 3184 5011 3433 5071; x_wconf 90' lang='lat' dir='ltr'><strong>uterque,</strong></span> <span class='ocrx_word' id='word_1_738' title='bbox 3467 5009 3632 5069; x_wconf 88' lang='lat' dir='ltr'><strong>atque</strong></span> <span class='ocrx_word' id='word_1_739' title='bbox 3676 5012 3801 5053; x_wconf 89' lang='lat' dir='ltr'><strong>eum</strong></span> 
     </span>
    </p>
   </div>
   <div class='ocr_carea' id='block_1_107' title="bbox 2223 5093 3807 5163">
    <p class='ocr_par' dir='ltr' id='par_1_107' title="bbox 2223 5093 3807 5163">
     <span class='ocr_line' id='line_1_107' title="bbox 2223 5093 3807 5163; baseline -0.003 -16"><span class='ocrx_word' id='word_1_740' title='bbox 2223 5094 2551 5163; x_wconf 82' lang='lat' dir='ltr'><strong>legitimum,</strong></span> <span class='ocrx_word' id='word_1_741' title='bbox 2596 5103 2653 5150; x_wconf 89' lang='lat' dir='ltr'><strong>et</strong></span> <span class='ocrx_word' id='word_1_742' title='bbox 2695 5093 2948 5150; x_wconf 72' lang='lat' dir='ltr'><strong>Jeremia:</strong></span> <span class='ocrx_word' id='word_1_743' title='bbox 2984 5094 3117 5149; x_wconf 88' lang='lat' dir='ltr'><strong>locis</strong></span> <span class='ocrx_word' id='word_1_744' title='bbox 3163 5107 3301 5163; x_wconf 86' lang='lat' dir='ltr'><strong>quos</strong></span> <span class='ocrx_word' id='word_1_745' title='bbox 3337 5098 3622 5157; x_wconf 87' lang='lat' dir='ltr'><strong>enarrant,</strong></span> <span class='ocrx_word' id='word_1_746' title='bbox 3677 5105 3807 5144; x_wconf 90' lang='lat' dir='ltr'><strong>cou-</strong></span> 
     </span>
    </p>
   </div>
   <div class='ocr_carea' id='block_1_108' title="bbox 2222 5180 3805 5256">
    <p class='ocr_par' dir='ltr' id='par_1_108' title="bbox 2222 5180 3805 5256">
     <span class='ocr_line' id='line_1_108' title="bbox 2222 5180 3805 5256; baseline -0.004 -15"><span class='ocrx_word' id='word_1_747' title='bbox 2222 5195 2565 5241; x_wconf 89' lang='lat' dir='ltr'><strong>sentaneum.</strong></span> <span class='ocrx_word' id='word_1_748' title='bbox 2585 5184 2719 5239; x_wconf 83' lang='lat' dir='ltr'><strong>Nam</strong></span> <span class='ocrx_word' id='word_1_749' title='bbox 2746 5200 2907 5255; x_wconf 88' lang='lat' dir='ltr'><strong>quem</strong></span> <span class='ocrx_word' id='word_1_750' title='bbox 2930 5187 3104 5241; x_wconf 90' lang='lat' dir='ltr'><strong>tenuit</strong></span> <span class='ocrx_word' id='word_1_751' title='bbox 3128 5184 3513 5256; x_wconf 90' lang='lat' dir='ltr'><strong>Hieronymus,</strong></span> <span class='ocrx_word' id='word_1_752' title='bbox 3535 5180 3805 5236; x_wconf 90' lang='lat' dir='ltr'><strong>confusus</strong></span> 
     </span>
    </p>
   </div>
   <div class='ocr_carea' id='block_1_109' title="bbox 2223 5275 3806 5347">
    <p class='ocr_par' dir='ltr' id='par_1_109' title="bbox 2223 5275 3806 5347">
     <span class='ocr_line' id='line_1_109' title="bbox 2223 5275 3806 5347; baseline -0.004 -15"><span class='ocrx_word' id='word_1_753' title='bbox 2223 5278 2313 5332; x_wconf 91' lang='lat' dir='ltr'><strong>ille</strong></span> <span class='ocrx_word' id='word_1_754' title='bbox 2354 5286 2457 5342; x_wconf 89' lang='lat' dir='ltr'><strong>est,</strong></span> <span class='ocrx_word' id='word_1_755' title='bbox 2497 5277 2581 5331; x_wconf 83' lang='lat' dir='ltr'><strong>vel</strong></span> <span class='ocrx_word' id='word_1_756' title='bbox 2627 5279 2745 5347; x_wconf 90' lang='lat' dir='ltr'><strong>ipso</strong></span> <span class='ocrx_word' id='word_1_757' title='bbox 2800 5276 3010 5332; x_wconf 87' lang='lat' dir='ltr'><strong>fatente</strong></span> <span class='ocrx_word' id='word_1_758' title='bbox 3049 5294 3064 5332; x_wconf 90' lang='lat'><strong>:</strong></span> <span class='ocrx_word' id='word_1_759' title='bbox 3119 5294 3138 5329; x_wconf 81' lang='grc' dir='ltr'><strong>ι</strong></span> <span class='ocrx_word' id='word_1_760' title='bbox 3179 5275 3392 5346; x_wconf 85' lang='lat' dir='ltr'><strong>Itaque,</strong></span> <span class='ocrx_word' id='word_1_761' title='bbox 3436 5275 3632 5345; x_wconf 90' lang='lat' dir='ltr'><strong>inquit,</strong></span> <span class='ocrx_word' id='word_1_762' title='bbox 3680 5280 3806 5342; x_wconf 91' lang='lat' dir='ltr'><strong>post</strong></span> 
     </span>
    </p>
   </div>
   <div class='ocr_carea' id='block_1_110' title="bbox 2224 5366 3807 5438">
    <p class='ocr_par' dir='ltr' id='par_1_110' title="bbox 2224 5366 3807 5438">
     <span class='ocr_line' id='line_1_110' title="bbox 2224 5366 3807 5438; baseline -0.003 -16"><span class='ocrx_word' id='word_1_763' title='bbox 2224 5370 2630 5438; x_wconf 88' lang='lat' dir='ltr'><strong>quatuordecim</strong></span> <span class='ocrx_word' id='word_1_764' title='bbox 2658 5370 2909 5424; x_wconf 84' lang='lat' dir='ltr'><strong>bomilias</strong></span> <span class='ocrx_word' id='word_1_765' title='bbox 2946 5373 3005 5423; x_wconf 70' lang='lat' dir='ltr'><strong>in</strong></span> <span class='ocrx_word' id='word_1_766' title='bbox 3038 5368 3346 5433; x_wconf 71' lang='lat' dir='ltr'><strong>Jersmiam,</strong></span> <span class='ocrx_word' id='word_1_767' title='bbox 3398 5380 3537 5436; x_wconf 90' lang='lat' dir='ltr'><strong>quas</strong></span> <span class='ocrx_word' id='word_1_768' title='bbox 3582 5366 3807 5435; x_wconf 84' lang='lat' dir='ltr'><strong>jampri-</strong></span> 
     </span>
    </p>
   </div>
   <div class='ocr_carea' id='block_1_111' title="bbox 2225 5455 3809 5533">
    <p class='ocr_par' dir='ltr' id='par_1_111' title="bbox 2225 5455 3809 5533">
     <span class='ocr_line' id='line_1_111' title="bbox 2225 5455 3809 5533; baseline -0.004 -15"><span class='ocrx_word' id='word_1_769' title='bbox 2225 5462 2347 5518; x_wconf 89' lang='lat' dir='ltr'><strong>dem</strong></span> <span class='ocrx_word' id='word_1_770' title='bbox 2375 5460 2603 5517; x_wconf 89' lang='lat' dir='ltr'><strong>confuso</strong></span> <span class='ocrx_word' id='word_1_771' title='bbox 2632 5462 2824 5518; x_wconf 88' lang='lat' dir='ltr'><strong>ordine</strong></span> <span class='ocrx_word' id='word_1_772' title='bbox 2854 5462 3245 5533; x_wconf 88' lang='lat' dir='ltr'><strong>interpretatus</strong></span> <span class='ocrx_word' id='word_1_773' title='bbox 3276 5474 3416 5516; x_wconf 88' lang='lat' dir='ltr'><strong>sum.</strong></span> <span class='ocrx_word' id='word_1_774' title='bbox 3453 5478 3473 5512; x_wconf 75' lang='grc' dir='ltr'><strong>ι</strong></span> <span class='ocrx_word' id='word_1_775' title='bbox 3506 5455 3664 5515; x_wconf 83' lang='lat' dir='ltr'><strong>Unde</strong></span> <span class='ocrx_word' id='word_1_776' title='bbox 3691 5472 3809 5511; x_wconf 86' lang='lat' dir='ltr'><strong>ma-</strong></span> 
     </span>
    </p>
   </div>
   <div class='ocr_carea' id='block_1_112' title="bbox 612 5620 3065 5693">
    <p class='ocr_par' dir='ltr' id='par_1_112' title="bbox 612 5620 3065 5693">
     <span class='ocr_line' id='line_1_112' title="bbox 612 5620 3065 5693; baseline -0.003 -9"><span class='ocrx_word' id='word_1_777' title='bbox 612 5630 658 5663; x_wconf 85' lang='lat'><strong><em>&quot;</em></strong></span> <span class='ocrx_word' id='word_1_778' title='bbox 689 5627 928 5685; x_wconf 79' lang='lat' dir='ltr'><strong>Perkins.</strong></span> <span class='ocrx_word' id='word_1_779' title='bbox 966 5628 1019 5683; x_wconf 91' lang='lat' dir='ltr'><strong>in</strong></span> <span class='ocrx_word' id='word_1_780' title='bbox 1050 5623 1322 5681; x_wconf 75' lang='lat' dir='ltr'><strong>Problem.</strong></span> <span class='ocrx_word' id='word_1_781' title='bbox 1359 5625 1423 5681; x_wconf 74' lang='lat' dir='ltr'><strong>de</strong></span> <span class='ocrx_word' id='word_1_782' title='bbox 1451 5624 1696 5679; x_wconf 74' lang='lat' dir='ltr'><strong>mentito</strong></span> <span class='ocrx_word' id='word_1_783' title='bbox 1719 5623 1847 5692; x_wconf 67' lang='lat' dir='ltr'><strong>ﬁdei</strong></span> <span class='ocrx_word' id='word_1_784' title='bbox 1876 5622 2048 5693; x_wconf 52' lang='lat' dir='ltr'><strong>.Ront.</strong></span> <span class='ocrx_word' id='word_1_785' title='bbox 2080 5620 2485 5678; x_wconf 74' lang='lat' dir='ltr'><strong>Catholieismo.</strong></span> <span class='ocrx_word' id='word_1_786' title='bbox 2562 5622 2608 5655; x_wconf 83' lang='lat'>“</span> <span class='ocrx_word' id='word_1_787' title='bbox 2637 5622 2840 5681; x_wconf 77' lang='lat' dir='ltr'><strong>Jerem.</strong></span> <span class='ocrx_word' id='word_1_788' title='bbox 2868 5639 2947 5691; x_wconf 76' lang='grc' dir='ltr'>ιι,</span> <span class='ocrx_word' id='word_1_789' title='bbox 2978 5623 3065 5679; x_wconf 72' lang='grc'><strong>10.</strong></span> 
     </span>
    </p>
   </div>
   <div class='ocr_carea' id='block_1_113' title="bbox 611 5753 3799 5841">
    <p class='ocr_par' dir='ltr' id='par_1_113' title="bbox 611 5753 3799 5841">
     <span class='ocr_line' id='line_1_113' title="bbox 611 5753 3799 5841; baseline -0.004 -18"><span class='ocrx_word' id='word_1_790' title='bbox 611 5768 724 5841; x_wconf 82' lang='lat'><strong>(79)</strong></span> <span class='ocrx_word' id='word_1_791' title='bbox 753 5768 919 5836; x_wconf 79' lang='lat' dir='ltr'><strong>Quem</strong></span> <span class='ocrx_word' id='word_1_792' title='bbox 982 5766 1272 5836; x_wconf 71' lang='lat' dir='ltr'><strong>aliquando</strong></span> <span class='ocrx_word' id='word_1_793' title='bbox 1328 5781 1446 5821; x_wconf 77' lang='lat' dir='ltr'><strong>cum</strong></span> <span class='ocrx_word' id='word_1_794' title='bbox 1493 5763 1600 5820; x_wconf 87' lang='lat' dir='ltr'><strong>Deo</strong></span> <span class='ocrx_word' id='word_1_795' title='bbox 1657 5760 1849 5831; x_wconf 81' lang='lat' dir='ltr'><strong>publici</strong></span> <span class='ocrx_word' id='word_1_796' title='bbox 1882 5758 2027 5829; x_wconf 80' lang='lat' dir='ltr'><strong>juris</strong></span> <span class='ocrx_word' id='word_1_797' title='bbox 2080 5756 2356 5828; x_wconf 77' lang='lat' dir='ltr'><strong>faciemus.</strong></span> <span class='ocrx_word' id='word_1_798' title='bbox 2400 5757 2681 5832; x_wconf 83' lang='lat' dir='ltr'><strong>Nunquam</strong></span> <span class='ocrx_word' id='word_1_799' title='bbox 2736 5761 2880 5818; x_wconf 83' lang='lat' dir='ltr'><strong>hunc</strong></span> <span class='ocrx_word' id='word_1_800' title='bbox 2935 5762 3388 5819; x_wconf 87' lang='lat' dir='ltr'><strong>commentarium</strong></span> <span class='ocrx_word' id='word_1_801' title='bbox 3440 5758 3613 5817; x_wconf 81' lang='lat' dir='ltr'><strong>edidit</strong></span> <span class='ocrx_word' id='word_1_802' title='bbox 3662 5753 3799 5814; x_wconf 77' lang='lat' dir='ltr'><strong>Bue-</strong></span> 
     </span>
    </p>
   </div>
   <div class='ocr_carea' id='block_1_114' title="bbox 547 5841 673 5895">
    <p class='ocr_par' dir='ltr' id='par_1_114' title="bbox 547 5841 673 5895">
     <span class='ocr_line' id='line_1_114' title="bbox 547 5841 673 5895; baseline -0.016 0"><span class='ocrx_word' id='word_1_803' title='bbox 547 5841 673 5895; x_wconf 76' lang='lat' dir='ltr'><strong>tius.</strong></span> 
     </span>
    </p>
   </div>
  </div>
