4152 6402
378 371 511 429 1221

1186 369 1761 428 ORICENIANORUM
1799 369 1928 425 LIB.
1974 370 2060 437 Ill,
2102 369 2255 426 CAP.
2291 369 2358 435 ll,
2403 368 2599 426 SECT.
2628 369 2720 425 Ill.

3485 369 3623 422 1222

3521 406 3626 423 ἀδ

379 482 639 539 nifestum
686 490 771 539 est
821 481 1009 537 titulos
1067 480 1155 536 his
1198 480 1438 535 homiliis
1486 482 1735 549 praefixos
1759 479 1947 535 Hiero—
1973 490 2019 542 Α
2046 497 2099 552 p.
2137 480 2273 547 166;
2326 480 2467 535 aliud
2509 496 2576 535 ex
2621 482 2812 535 eodem
2857 479 2924 535 ad
2961 494 3083 551 cap.
3131 480 3227 547 23,
3273 491 3436 551 atque
3482 485 3630 539 aliud

373 590 527 648 nyuu
585 589 691 629 non
750 589 888 629 esse.
931 574 1013 627 Ad
1064 573 1181 627 ha‘c
1223 573 1584 642 fragmentum
1626 586 1694 625 ex
1728 571 1950 627 homilia

375 667 657 722 tricesima
708 680 874 734 nona,
932 664 1112 735 capite
1166 663 1378 719 decimo
1426 661 1739 718 Philocalia:
1796 660 1952 716 exhi-

373 762 555 815 betur.

446 850 516 906 Χ.
557 848 711 904 Tomi
750 846 1003 919 Origenis
1044 849 1098 902 in
1128 847 1454 903 Euchielem
1491 846 1734 902 vicesimi
1778 844 1951 916 parti-

375 943 497 997 cula
534 942 764 1011 quadam
792 949 1001 997 constat
1042 941 1384 996 undecimum
1418 938 1727 993 Pliilocaliw
1773 944 1950 1007 caput.

375 1031 740 1102 Hieronymus
781 1046 912 1086 vero
956 1030 1368 1100 quatuordecim
1416 1028 1657 1097 ejusdem
1705 1027 1954 1083 homilias

376 1124 431 1179 in
462 1124 604 1178 hunc
630 1120 803 1191 ipsum
832 1122 1149 1191 prophetam
1180 1106 1436 1175 Romanis
1458 1118 1637 1173 verbis
1663 1117 1951 1187 expressit.

380 1212 561 1269 Testis
592 1210 855 1282 Prologus
901 1212 954 1265 in
985 1226 1173 1266 earum
1214 1210 1560 1265 homiliarum
1586 1209 1765 1263 fronte
1791 1207 1955 1262 collo-

377 1316 572 1361 catus;
605 1303 762 1358 testis
785 1314 840 1358 et
876 1303 1013 1358 liber
1042 1302 1119 1356 De
1162 1304 1407 1369 scriptor.
1431 1303 1639 1366 eccles.,
1680 1316 1799 1369 cap.
1828 1298 1952 1365 H6,

377 1398 534 1453 testis
577 1411 791 1467 quoque
818 1394 1065 1461 Ruﬁnus,
1111 1396 1308 1449 invect.
1334 1394 1389 1460 2,
1417 1393 1508 1462 qui
1537 1402 1591 1446 et
1622 1392 1688 1446 ad
1719 1391 1953 1446 Vincen-

378 1489 509 1543 tium
539 1487 826 1557 Prologum
855 1487 1114 1556 scriptum
1145 1485 1314 1540 fuisse
1342 1486 1519 1539 docet.
1557 1482 1792 1537 Miratur
1823 1482 1954 1537 Era-

372 1594 529 1633 smus
560 1578 612 1632 in
652 1576 873 1631 Censur.
914 1574 1007 1628 lib.
1035 1572 1277 1643 0rigen.,
1307 1573 1436 1643 quid
1479 1574 1663 1628 sitcur
1689 1571 1956 1643 Hierony-

377 1684 517 1734 mus,
545 1669 682 1723 alias
707 1668 898 1721 creber
938 1664 1379 1734 praefationibus,
1424 1662 1556 1716 nihil
1601 1667 1668 1716 ad
1707 1660 1957 1715 homilias

377 1762 433 1815 in
466 1759 668 1814 Isaiam
730 1768 784 1813 et
813 1756 1098 1812 Jeremiam
1140 1770 1171 1809 a
1215 1771 1273 1811 se
1315 1754 1508 1809 Latine
1539 1754 1779 1808 redditas
1821 1767 1958 1821 pra:-

2059 575 2185 629 item
2240 574 2445 643 p.167,
2488 590 2557 628 ex
2604 574 2794 629 iisdem
2843 573 3284 645 Expositionibus
3327 577 3383 630 in
3439 576 3631 631 Matth.

2057 666 2210 735 cujus
2236 666 2410 721 locum
2446 682 2552 722 non
2590 665 2811 721 indicat.
2838 664 3130 735 lndiligens
3166 667 3409 738 profecto
3440 667 3636 723 Bulen-

2057 772 2238 828 gerus,
2281 760 2371 828 qui
2409 758 2550 814 unde
2592 758 2707 812 haec
2759 758 3010 812 habuerit
3055 759 3181 824 sibi,
3219 759 3476 813 lectorem
3526 775 3634 813 non

2058 851 2289 903 monuit.
2335 850 2418 903 An
2466 864 2532 904 ex
2580 850 2768 904 codice
2821 848 3006 919 aliquo
3042 865 3200 904 manu
3245 852 3492 919 scripto?
3536 854 3631 907 vix

2060 942 2222 996 credo
2251 960 2263 995 :
2298 957 2421 994 nam
2451 941 2762 1010 quicunque
2804 940 2963 995 hodie
2991 950 3301 1009 supersunt,
3328 944 3639 1011 quicunque

2062 1042 2210 1087 certe
2240 1031 2368 1086 mihi
2402 1046 2507 1085 non
2548 1042 2695 1093 sunt,
2723 1031 2807 1085 vel
2842 1046 2869 1084 a
2904 1032 3118 1086 decimo
3150 1033 3309 1086 tertio
3340 1035 3520 1100 capite
3549 1034 3638 1089 vel

2060 1137 2090 1176 a
2118 1123 2466 1193 sequentibus
2492 1122 2700 1177 ducunt
2722 1122 2933 1177 initium
2960 1139 2974 1175 :
3006 1122 3058 1177 in
3090 1123 3347 1178 vicesimo
3371 1126 3636 1190 secundo,

2060 1214 2144 1269 vel
2177 1215 2313 1270 citra
2354 1214 2628 1269 desinunt.
2655 1212 2908 1266 Fortasse
2944 1212 3107 1281 igitur
3139 1227 3205 1266 ex
3235 1222 3427 1267 catena
3457 1213 3637 1283 aliqua

2061 1308 2380 1377 prodierunt
2429 1307 2636 1361 isthaec.
2684 1306 3002 1374 Quanquam
3050 1305 3181 1360 nihil
3236 1307 3438 1361 habent
3486 1306 3637 1376 ejus-

2062 1400 2230 1467 modi,
2267 1407 2533 1471 quotquot
2570 1398 2910 1454 excussimus
2942 1408 3161 1454 catenas
3191 1414 3292 1470 ego
3321 1408 3374 1453 et
3408 1400 3642 1455 Combe-

2062 1492 2238 1547 llsius.
2285 1491 2343 1546 In
2378 1491 2605 1546 vetustis
2640 1491 2919 1546 codicibus
2958 1506 3120 1546 manu
3164 1495 3405 1546 exaratis
3457 1502 3639 1546 tomus

2063 1583 2380 1638 undecimus
2402 1597 2524 1637 cum
2554 1597 2651 1638 sex
2684 1583 2928 1653 proxime
2959 1584 3310 1653 sequentibus
3343 1585 3637 1652 reperitur.

2062 1673 2243 1729 Codex
2293 1671 2785 1743 Ladenburgensis,
2833 1688 2942 1743 quo
2980 1689 3109 1730 usus
3150 1683 3235 1728 est
3286 1673 3567 1737 Erasmus,
3610 1688 3641 1727 a

2064 1762 2253 1816 Matth.
2293 1777 2425 1826 xm,
2474 1762 2566 1827 36,
2618 1763 3026 1833 auspicabatur,
3076 1765 3530 1834 quemadmodum
3586 1771 3644 1817 et

378 1852 522 1918 fatus
564 1853 668 1916 sit;
717 1848 770 1904 in
806 1847 1039 1916 Prologo
1077 1856 1261 1901 autem
1302 1846 1368 1899 ad
1408 1843 1665 1899 homilias
1719 1843 1774 1896 in
1819 1840 1959 1895 Eze—

2069 1853 2403 1909 Holmiensis
2447 1870 2462 1908 :
2508 1855 2707 1923 Regius
2749 1857 2933 1927 priore
2981 1855 3253 1910 undecimi
3299 1858 3428 1909 tomi
3489 1863 3645 1925 parte

376 1943 597 1997 cltielem
620 1955 837 1996 erasum
869 1938 1119 2009 queritur
1156 1935 1474 2007 Hieronymi
1509 1949 1728 1996 nomen,
1760 1943 1814 1988 et
1842 1932 1959 2001 ejus

378 2052 593 2109 quoque
638 2052 798 2107 quem
854 2033 1216 2105 Hieronymus
1262 2031 1574 2102 alloquitur.
1641 2028 1961 2100 Suspicatur

376 2144 509 2185 vero
559 2126 818 2197 Prologos
852 2124 1021 2180 fuisse
1052 2123 1296 2180 sublatos
1336 2124 1405 2178 ab
1433 2123 1516 2178 his
1555 2123 1623 2177 ad
1656 2136 1793 2192 quos
1827 2123 1962 2177 scri-

372 2230 580 2292 pserat,
622 2227 903 2288 postquam
940 2214 1191 2285 Origenis
1241 2227 1437 2268 nomen
1484 2212 1690 2267 factum
1731 2221 1816 2268 est
1854 2211 1962 2266 Ro-

377 2310 556 2365 manis
581 2308 928 2371 invidiosum,
952 2314 1008 2361 et
1042 2304 1339 2361 verisimile
1360 2319 1481 2359 esse
1509 2305 1562 2357 in
1599 2304 1684 2358 his
1713 2301 1961 2372 Prologis

378 2402 765 2472 Hieronymum
817 2399 1103 2469 magniﬁce
1147 2397 1472 2467 praedicasse
1504 2396 1754 2466 Origenis
1805 2394 1960 2465 inge-

376 2497 551 2551 nium.
583 2494 696 2565 Ego
727 2507 856 2548 vero
903 2491 1133 2562 singulis
1163 2490 1319 2546 libris
1350 2489 1601 2560 Origenis
1638 2503 1668 2542 a
1701 2502 1759 2542 se
1787 2502 1959 2558 expo-

381 2588 501 2643 sitis
522 2587 777 2656 prologos
813 2583 1165 2655 praetexuisse
1190 2581 1576 2653 Hieronymum
1605 2578 1804 2644 fateor,
1835 2594 1960 2633 nam

381 2680 435 2735 id
462 2679 655 2734 asserit
680 2675 999 2732 Gennadius
1022 2675 1074 2729 in
1097 2672 1351 2743 Catalogo
1376 2674 1608 2728 virorum
1633 2670 1960 2724 illustrium:

378 2780 440 2827 at
480 2786 617 2841 quos
652 2769 960 2841 praetexuit,
1007 2783 1115 2823 non
1154 2767 1220 2822 de
1252 2765 1553 2832 industria,
1592 2763 1688 2818 sed
1730 2778 1860 2818 casu
1908 2770 1964 2817 et

381 2862 734 2919 librariorum
766 2858 1056 2915 oscitantia
1084 2871 1289 2913 censeo
1328 2854 1493 2909 fuisse
1519 2854 1798 2919 sublatos;
1829 2851 1964 2907 alio-

384 2957 517 3027 quin
550 2954 796 3010 sublatus
825 2965 1039 3023 quoque
1064 2950 1257 3004 fuisset
1292 2947 1553 3018 Prologus
1576 2948 1643 3001 ad
1673 2947 1962 3002 Damasum

384 3048 627 3104 liomiliis
655 3045 904 3117 Origenis
926 3047 980 3099 in
1004 3044 1275 3099 Canticum
1306 3042 1591 3112 prastixus;
1619 3050 1674 3094 et
1698 3040 1802 3095 iste
1826 3037 1966 3093 alter

384 3141 454 3194 ad
482 3137 734 3195 homilias
760 3138 816 3191 in
844 3134 1193 3193 Ezechielem.
1227 3133 1284 3189 lu
1315 3131 1557 3187 editione
1587 3129 1799 3185 Merlini
1826 3128 1963 3185 Pro-

384 3233 506 3304 logo
543 3229 798 3302 praeﬁxus
825 3237 908 3284 est
949 3228 1039 3283 hic
1072 3226 1300 3281 titulus:
1332 3222 1596 3294 Prologus
1625 3222 1965 3277 translatoris

383 3324 620 3393 ejusdem
644 3336 663 3374 :
693 3319 810 3389 ejus
836 3332 1029 3387 nempe
1050 3315 1142 3386 qui
1177 3314 1562 3370 antecedentes
1591 3309 1845 3383 Origenis
1874 3312 1969 3367 ho-

387 3411 565 3465 milias
607 3410 662 3462 in
708 3406 995 3462 Jeremt'am
1026 3413 1284 3473 verterat,
1329 3418 1490 3474 quem
1518 3410 1738 3458 constat
1779 3401 1970 3457 Hiero-

387 3516 607 3573 nymum
637 3498 827 3554 fuisse.

458 3591 550 3647 XI.
591 3589 944 3647 Ostendimus
973 3586 1223 3656 superius
1255 3600 1321 3642 ex
1353 3585 1631 3642 Prommio
1665 3584 1967 3641 Commen-

389 3686 652 3741 tariorum
697 3680 1006 3751 Hieronymi
1040 3681 1095 3733 in
1137 3677 1363 3744 Oscam,
1404 3693 1632 3747 parvum
1682 3677 1971 3748 scripsisse

389 3777 627 3833 libellum
666 3771 952 3844 Origenem
999 3770 1090 3842 lapl.
1114 3768 1257 3823 Πτοῦ
1297 3768 1414 3832 πῶς
1453 3767 1750 3839 ὠνομάσθη
1796 3771 1854 3822 ὲν
1890 3767 1969 3839 τῷ

404 3869 565 3940 Ὠσηὲ
610 3864 870 3937 Ἐφραῐμ,
900 3873 956 3918 et
988 3861 1134 3917 aliud
1170 3869 1431 3930 praeterea
1472 3860 1525 3914 in
1559 3862 1808 3914 eumdem
1845 3874 1971 3930 pro-

389 3963 610 4036 phetam
649 3962 900 4014 volumen
942 3954 1214 4024 ἀκέφαλον
1251 3954 1346 4008 καὶ
1392 3952 1698 4008 ἀτέλεστον.
1734 3950 1815 4007 Ex
1846 3962 1969 4007 utro

389 4053 615 4125 petitum
647 4052 717 4105 sit
754 4049 895 4104 istud
927 4046 1327 4117 fragmentum,
1369 4059 1476 4111 quo
1516 4040 1783 4098 conﬂatur
1820 4052 1970 4097 octa-

390 4159 518 4199 vum
552 4140 862 4196 Pliilocalia:
895 4148 1079 4210 caput,
1126 4138 1397 4193 incertum
1440 4144 1558 4196 est;
1599 4150 1667 4190 ex
1704 4133 1969 4190 alterutro

391 4237 618 4308 petitqu
662 4249 783 4289 esse
836 4242 1045 4286 certum
1092 4240 1176 4284 est
1225 4246 1240 4283 :
1299 4244 1425 4282 nam
1476 4226 1724 4297 quamvis
1782 4225 1833 4280 id
1889 4224 1971 4280 eis

392 4326 728 4399 praemissum
778 4324 887 4379 sit:
935 4324 1030 4376 Ἐκ
1075 4321 1185 4375 τῶν
1231 4322 1311 4385 εἰς
1361 4321 1451 4374 τὸν
1502 4319 1661 4391 Ὠσηὲ
1709 4317 1966 4389 ἐξηγητι-

392 4419 528 4485 κῶν,
578 4417 937 4487 Hieronymus
985 4423 1167 4469 autem
1214 4414 1336 4468 loco
1392 4410 1611 4466 laudato
1676 4409 1857 4463 nullos
1902 4408 1969 4462 ab

2061 1945 2318 2000 multatus
2348 1955 2451 2001 est.
2485 1946 2542 2001 lu
2583 1947 2847 2017 Catalogo
2898 1949 3158 2003 librorum
3206 1948 3359 2002 ducis
3398 1946 3644 2001 Bavarim

2059 2046 2275 2093 notatur
2327 2048 2504 2094 tomus
2548 2039 2866 2094 undecimus
2919 2039 3079 2093 initio
3124 2053 3344 2108 quoque
3397 2038 3641 2102 mutilus,

2060 2143 2183 2183 cum
2237 2130 2482 2199 proxime
2538 2130 2906 2200 sequentibus
2961 2132 3219 2200 quinque.
3281 2129 3540 2183 Erasmus
3589 2129 3645 2182 in

2060 2221 2288 2289 epistola
2342 2222 2409 2276 ad
2458 2220 2812 2278 Franciscum
2874 2221 3175 2292 Cigalinum
3236 2220 3468 2275 allirmat
3510 2218 3647 2275 nihil

2061 2311 2315 2383 Origenis
2344 2313 2531 2368 haberi
2560 2312 2616 2368 in
2650 2313 2923 2369 decimum
2961 2312 3197 2367 Matthzci
3230 2321 3413 2382 caput.
3445 2311 3512 2366 At
3539 2310 3649 2366 Va-

2063 2410 2277 2465 ticanus
2300 2409 2470 2464 codex
2508 2408 2681 2463 fertur
2709 2417 2963 2465 constare
3009 2407 3173 2462 tomis
3212 2407 3442 2470 decimo,
3478 2407 3650 2461 unde-

2062 2507 2205 2560 cimo
2239 2543 2255 2569 ,
2310 2501 2629 2557 duodecimo
2683 2510 2741 2555 et
2783 2499 2999 2555 decimo
3053 2498 3239 2553 tertio.
3290 2496 3649 2565 Scripseruut

2062 2609 2276 2665 quoque
2319 2592 2499 2649 Josias
2552 2592 2841 2660 Simlerus,
2891 2601 2946 2646 ct
2989 2590 3273 2646 Conradus
3327 2589 3539 2644 Frisius
3591 2589 3648 2645 in

2061 2685 2307 2757 Epitoms
2342 2684 2687 2740 Bibliotheca:
2720 2682 3099 2746 Gesnerianaz,
3151 2680 3341 2736 haberi
3379 2680 3433 2735 in
3475 2679 3647 2735 Italire

2063 2778 2389 2835 bibliotheca
2440 2778 2674 2847 quadam
2717 2776 2989 2830 decimum
3040 2783 3244 2827 tomum
3298 2772 3650 2827 Commenta-

2063 2872 2268 2926 riorum
2294 2867 2542 2939 Origenis
2564 2868 2620 2921 in
2647 2866 2995 2937 Evangelium
3025 2863 3299 2927 Matthmi;
3331 2864 3457 2918 item
3484 2863 3653 2919 fuisse

2064 2965 2206 3036 apud
2239 2963 2464 3032 Diegum
2510 2961 2817 3016 Hurtadum
2857 2957 3101 3014 Venetiis
3142 2956 3461 3012 eorumdem
3497 2954 3655 3010 Com-

2066 3056 2457 3112 mentariorum
2498 3060 2700 3108 tomum
2756 3066 2773 3106 ι
2831 3050 2984 3120 (lego
3011 3048 3087 3119 ιι),
3134 3062 3224 3113 xl,
3257 3061 3355 3101 xu.
3406 3046 3559 3113 Quod
3604 3047 3651 3101 si

2070 3162 2167 3219 par
2200 3155 2287 3203 est
2314 3146 2648 3217 reliquorum
2680 3145 2822 3199 inter
2848 3157 2908 3198 se
2939 3155 3262 3207 consensus,
3294 3139 3472 3210 qualis
3506 3137 3645 3210 regii
3684 3198 3689 3201 τ

2067 3238 2394 3311 exemplaris
2447 3252 2569 3292 cum
2611 3235 2930 3300 Holmieusi,
2958 3248 3023 3289 ex
3076 3247 3185 3287 uno
3233 3233 3530 3300 eodemque
3559 3245 3655 3286 co-

2069 3326 2189 3381 dice
2224 3325 2526 3395 descriptos
2554 3338 2744 3379 omnes
2770 3323 3100 3377 censuerim.
3134 3320 3301 3376 Porro
3347 3320 3483 3375 levis
3527 3320 3653 3376 licet

2068 3416 2378 3473 Bellarmini
2428 3415 2764 3483 conjectura,
2809 3428 2914 3485 qua
2947 3412 3380 3468 Commentarios
3426 3411 3545 3467 illos
3585 3414 3657 3469 ab

2069 3505 2302 3577 Origene
2333 3505 2625 3576 abjudicat,
2665 3519 2772 3558 non
2810 3512 2988 3559 tamen
3033 3502 3398 3575 ἀναπόκριτος
3430 3514 3658 3573 praetcr-

2069 3597 2331 3654 mittenda
2360 3606 2466 3651 est.
2490 3595 2583 3651 Sic
2608 3596 2684 3649 ait
2711 3594 2802 3650 ille
2834 3594 2887 3649 in
2930 3594 3073 3650 libro
3107 3594 3183 3648 De
3198 3595 3456 3663 scriptor.
3486 3595 3655 3649 eccle-

2067 3689 2245 3754 εὔαδε..
2295 3688 2386 3745 ubi
2450 3688 2521 3743 de
2574 3686 2863 3758 Origene:
2915 3704 2934 3737 ‹
2967 3684 3258 3742 Tractatus
3315 3688 3539 3757 quintus
3598 3687 3655 3742 in

2069 3778 2382 3834 Hatthaeum
2414 3779 2628 3834 videtur
2664 3793 2788 3833 esse
2825 3775 3008 3832 Latini
3058 3779 3343 3833 auctoris:
3391 3792 3514 3832 nam
3553 3777 3657 3832 ad-

2069 3870 2276 3925 ducens
2317 3878 2508 3925 auctor
2538 3869 2702 3923 verba
2735 3870 2890 3924 lsaim
2916 3883 3070 3935 LVIII,
3102 3868 3191 3931 l6,
3223 3867 3478 3922 Dominus
3509 3868 3657 3923 misit

2068 3977 2151 4015 me
2184 3970 2231 4015 et
2261 3961 2476 4028 spiritus
2501 3960 2615 4028 ejus
2638 3974 2658 4013 :
2687 3960 2741 4013 in
2783 3958 2993 4023 Graeco,
3024 3959 3218 4028 inquit,
3253 3958 3490 4027 Spiritus
3526 3972 3655 4012 san-

2068 4059 2190 4105 ctus
2227 4049 2401 4104 neutri
2448 4047 2662 4119 generis
2702 4057 2818 4113 est,
2864 4062 2972 4101 non
3034 4047 3351 4111 masculini,
3399 4055 3458 4100 ut
3506 4045 3652 4116 apud

2069 4158 2198 4211 nos;
2238 4142 2328 4196 ubi
2358 4155 2418 4195 se
2459 4141 2602 4195 inter
2636 4138 2862 4194 Latinos
2902 4147 3177 4193 numerat.
3212 4138 3277 4192 Et
3302 4138 3347 4193 si
3384 4147 3651 4194 tractatus

2069 4234 2290 4304 quintus
2314 4230 2495 4286 Latini
2535 4229 2777 4285 auctoris
2811 4237 2919 4296 est,
2951 4244 3059 4282 non
3098 4243 3264 4299 parva
3298 4228 3539 4298 suspicio
3567 4236 3656 4283 est

2070 4325 2307 4394 reliquos
2336 4323 2502 4378 etiam
2545 4330 2807 4377 tractatus
2845 4320 3087 4391 ejusdem
3117 4321 3319 4390 operis,
3350 4317 3527 4373 Latini
3558 4333 3657 4372 au-

2070 4420 2239 4473 ctoris
2295 4430 2437 4472 esse.
2469 4433 2489 4466 ι
2529 4413 2767 4468 Habetur
2806 4414 2897 4468 hic
2927 4411 3178 4482 Origenis
3216 4411 3366 4466 locus
3396 4418 3526 4465 tom.
3556 4425 3657 4466 xm

394 4514 628 4585 Origene
655 4513 710 4564 in
738 4508 927 4565 Oscam
960 4509 1194 4577 scriptos
1230 4508 1395 4562 fuisse
1423 4503 1855 4561 Commentarios
1882 4516 1969 4557 as—
1999 4524 2046 4581 D
2074 4512 2128 4565 εη
2172 4509 2368 4563 Mauh.
2412 4522 2569 4574 ινιιι,
2610 4522 2763 4565 num.
2788 4506 2877 4571 l8,
2923 4520 3047 4576 pag.
3083 4502 3209 4558 595.
3259 4504 3518 4571 Quamvis
3553 4504 3658 4558 hoc

396 4617 544 4661 serat
591 4604 822 4659 dicens:
860 4617 879 4653 ι
908 4599 1114 4671 Rogavi
1161 4614 1285 4655 eum
1335 4596 1690 4670 (Didymum)
1731 4605 1788 4650 ut
1827 4596 1970 4665 quod

396 4699 661 4769 Origenes
688 4711 796 4751 non
835 4693 1073 4758 fecerat,
1109 4693 1224 4761 ipse
1252 4690 1569 4760 compleret,
1613 4698 1668 4744 et
1711 4689 1975 4743 scriberet

398 4793 457 4846 in
505 4789 637 4845 Osee
661 4785 1116 4853 Commentarios,
1144 4802 1164 4835 ι
1204 4783 1612 4854 intelligendum
1661 4788 1745 4836 est
1783 4779 1974 4849 plenos

400 4881 457 4936 in
489 4888 658 4934 totum
688 4875 885 4932 Oscam
929 4873 1350 4930 commentarios
1376 4871 1668 4941 Origenem
1698 4884 1805 4924 non
1836 4868 1975 4924 scri-

398 4972 595 5045 psisse,
624 4971 716 5025 sed
745 4969 971 5039 exiguos
1000 4965 1174 5020 solum
1217 4962 1449 5017 libellos.

471 5061 588 5118 XII.
630 5059 832 5131 Viginti
880 5059 1122 5129 quinque
1155 5057 1213 5110 in
1260 5053 1571 5109 Matthwum
1625 5061 1799 5107 tomos
1846 5050 1976 5108 Ori-

402 5170 569 5229 genes
613 5150 933 5210 elaboravit.
964 5148 1133 5204 Breve
1180 5155 1518 5217 segmentum
1552 5158 1583 5199 e
1611 5144 1788 5214 primo
1833 5153 1978 5197 tomo

402 5246 621 5302 adducit
665 5243 931 5299 Eusebius
977 5241 1072 5296 lib.
1117 5255 1169 5294 Vl
1219 5237 1458 5306 Histor.,
1506 5252 1625 5306 cap.
1664 5236 1766 5302 25,
1805 5250 1979 5304 eoque

406 5340 622 5395 brevius
649 5338 792 5393 aliud
827 5335 1064 5392 indidem
1092 5331 1302 5404 profert
1338 5330 1655 5400 Pamphilus
1684 5330 1741 5384 in
1775 5328 1973 5398 Apolo-

402 5439 592 5509 getico.
632 5434 790 5489 Aliud
848 5446 879 5487 e
914 5430 1152 5486 secundo
1209 5436 1387 5494 tomo,
1434 5426 1751 5481 Philocalia:
1800 5426 1980 5495 capite

405 5537 561 5586 sexto
592 5526 901 5583 exhibetur.
932 5522 1090 5578 Aliud
1130 5521 1287 5575 affert
1317 5536 1348 5575 e
1385 5520 1618 5590 septimo
1650 5528 1797 5573 tomo
1822 5517 1981 5571 Pam-

406 5620 607 5690 philus.
648 5617 822 5674 Julius
851 5615 1034 5671 Caesar
1064 5612 1394 5683 Bulengerus
1424 5612 1478 5666 in
1521 5610 1981 5679 Disputationibus

407 5721 596 5771 eontra
644 5708 1010 5765 Casaubonum
1059 5715 1201 5776 part.
1242 5720 1305 5770 ιι,
1349 5702 1566 5758 diatrib.
1612 5702 1668 5767 3,
1707 5718 1829 5773 pag.
1857 5700 1978 5768 191,

410 5802 769 5873 fragmentum
799 5797 955 5855 aﬂ'ert
984 5812 1050 5855 ex
1080 5794 1311 5867 Origene
1353 5793 1421 5850 ad
1452 5808 1574 5863 cap.
1619 5808 1671 5849 vt
1701 5792 1897 5848 Matth.
1923 5800 1980 5849 et

2078 4600 2392 4657 Bellarmiui
2431 4598 2695 4668 judicium
2741 4596 2919 4667 palam
2974 4594 3186 4650 refellat
3232 4593 3439 4649 codicis
3476 4592 3655 4649 Graeci

2076 4697 2261 4761 lcetio,
2306 4710 2372 4750 ea
2419 4703 2602 4749 tamen
2640 4691 2686 4746 si
2736 4703 3074 4755 careremus,
3120 4704 3227 4743 non
3282 4688 3400 4759 plus
3452 4687 3661 4742 valeret

2079 4787 2209 4841 illud
2255 4784 2516 4840 adversus
2547 4783 2689 4836 hunc
2717 4779 3027 4835 Adamantii
3067 4778 3301 4844 librum,
3343 4792 3508 4847 quam
3556 4777 3659 4832 ad-

2078 4891 2271 4933 versus
2312 4875 2577 4944 reliquos,
2618 4886 2756 4941 quos
2790 4880 3031 4927 veterum
3078 4869 3435 4940 interpretum
3477 4868 3659 4923 studio

2078 4968 2272 5025 Latine
2307 4966 2547 5021 redditos
2572 4963 2840 5033 legimus:
2866 4962 2923 5017 lu
2956 4962 3024 5016 iis
3050 4961 3317 5031 siquidem
3345 4959 3661 5029 frequenter

2079 5058 2342 5129 ejusmodi
2383 5064 2681 5112 occurrunt
2712 5055 3077 5109 additamenta
3122 5054 3504 5122 interpretum,
3544 5064 3660 5106 sua

2081 5152 2279 5223 lingua:
2325 5150 2635 5204 hominibus
2685 5146 3125 5217 gratiﬁcautium.
3172 5145 3340 5216 Legat
3379 5145 3474 5215 qui
3511 5142 3659 5199 volet

2082 5241 2321 5313 pagellas
2353 5240 2563 5308 aliquot
2590 5252 2622 5292 a
2662 5236 2858 5291 Rufino
2894 5250 3213 5299 conversas,
3247 5235 3452 5291 videbit
3491 5248 3658 5305 quam

2081 5346 2227 5400 saepe
2262 5330 2550 5384 mantissas
2579 5328 2786 5383 similes
2811 5326 2878 5382 de
2907 5341 3007 5382 suo
3035 5327 3284 5381 accudat.

2154 5422 2396 5492 Amp-lior
2426 5428 2512 5477 est
2540 5429 2691 5474 vetus
2720 5417 3100 5488 interpretatio
3127 5414 3659 5472 Commentariorum

2086 5516 2333 5588 Origenis
2359 5515 2414 5570 in
2448 5511 2784 5578 Hatthwum,
2814 5525 2977 5581 quam
3004 5509 3251 5565 Graecum
3279 5507 3445 5563 ullum
3477 5521 3663 5562 exem-

2088 5611 2208 5679 plar
2242 5606 2672 5673 manuscriptum
2715 5623 2729 5659 :
2780 5601 3093 5658 Holmiense
3136 5600 3338 5674 quippe
3384 5600 3661 5664 omnium,

2084 5713 2208 5769 qua:
2248 5697 2467 5768 quidem
2511 5695 2578 5749 ad
2624 5708 2802 5749 meam
2842 5690 3191 5763 pervenerint
3235 5689 3501 5749 notitiam,
3536 5702 3666 5756 pro-

2082 5789 2439 5857 lixissimum,
2482 5802 2512 5844 a
2565 5784 2801 5843 llatthtei
2867 5783 3044 5857 sapite
3099 5798 3226 5850 xm,
3275 5796 3417 5838 vers.
3448 5778 3547 5847 36,
3594 5779 3663 5834 ad
