4152 6402
538 371 677 428 19.25

1823 370 1882 428 P.
1923 371 2242 430 DANlELlS
2278 371 2513 430 HUETII

3659 367 3802 422 1224

534 500 697 560 caput
728 506 863 558 xxn,
893 507 1035 548 vers.
1061 493 1152 556 53,
1187 491 1424 563 pertinet
1449 507 1465 546 :
1502 489 1686 561 prisca
1723 501 1902 546 autem
1948 491 2118 546 inter—
2144 497 2190 554 Α
2219 493 2600 562 pretationem,
2627 487 2769 545 unde
2809 496 3056 557 sequitur
3077 485 3356 544 Gennadio
3384 498 3598 556 quoque
3632 484 3799 540 fuisse

536 587 768 654 pretatio
802 600 834 638 a
868 585 1101 639 Mattbtei
1140 600 1260 652 cap.
1298 599 1408 646 xvr,
1434 583 1521 650 l3,
1548 584 1758 638 initium
1785 584 2005 648 ducens,
2049 585 2116 638 ad

534 693 706 741 xxvu,
735 677 802 730 66
820 677 1178 745 progreditur.
1202 675 1350 729 Hanc
1369 674 1886 730 Commentariorum
1908 683 2114 743 partem

536 767 590 821 in
626 766 875 820 homilias
912 768 1028 821 sive
1068 775 1331 820 tractatus
1366 767 1467 830 55,
1517 765 1725 820 librarii
1762 766 1898 821 male
1939 766 2115 822 feriati

534 858 858 912 diviserunt.
909 856 1202 912 Recentior
1255 858 1468 911 videtur
1517 858 1619 910 ista
1665 857 1860 911 divisio
1909 867 2118 924 tempo-

536 949 689 1024 ribus
729 946 1002 1001 Vincentii
1045 947 1480 1011 Bellovacensis;
1528 947 1729 1016 quippe
1772 947 1864 1017 qui
1904 947 2118 1016 Speculi

534 1042 847 1095 doctrinalis
880 1041 975 1096 lib.
1023 1056 1178 1103 xvm,
1221 1055 1342 1106 cap.
1374 1040 1466 1102 45,
1508 1039 1677 1093 libros
1720 1037 1972 1106 Origenis
2019 1053 2116 1093 sua

531 1138 692 1184 atate
728 1130 1058 1198 superstites
1093 1143 1408 1192 recensens,
1434 1143 1557 1182 cum
1593 1142 1691 1182 eos
1735 1128 1848 1182 fere
1881 1143 2120 1184 comme-

532 1228 746 1285 moret,
794 1222 886 1290 qui
947 1220 1212 1287 hodieque
1250 1219 1302 1273 in
1356 1218 1593 1273 editione
1652 1216 1842 1272 Latina
1902 1233 2119 1290 compa-

534 1319 678 1375 rent,
709 1311 878 1366 libros
909 1311 965 1364 in
1006 1308 1315 1364 Matthwum
1351 1308 1542 1380 viginti
1575 1323 1672 1364 sex
1701 1311 1964 1380 assignat,
1993 1325 2118 1365 cor-

532 1414 690 1474 rupta
727 1412 784 1456 ut
813 1404 923 1457 dixi
954 1401 1287 1472 exemplaria
1323 1411 1565 1466 secutus,
1599 1417 1720 1471 qua:
1761 1402 1978 1456 totidem
2021 1417 2118 1472 pro

531 1496 718 1566 viginti
747 1495 984 1564 quinque
1011 1494 1286 1548 notabant.
1326 1491 1796 1562 lnterpretationis
1833 1504 2111 1548 auctorem

532 1589 809 1656 assignare
837 1587 1073 1656 proclive
1112 1601 1217 1640 non
1252 1596 1355 1640 cst.
1383 1583 1745 1656 Hieronymus
1783 1585 1838 1638 in
1890 1583 2118 1656 Prologo

531 1679 872 1734 homiliarum
917 1677 1165 1748 Origenis
1204 1679 1258 1732 in
1295 1676 1497 1731 Lucam
1531 1676 1722 1734 scribit
1768 1691 1870 1732 nec
1921 1677 2116 1732 virium

531 1787 772 1836 suarum,
801 1785 899 1826 nec
931 1771 1045 1832 otii,
1081 1787 1182 1826 nec
1216 1771 1416 1825 laboris
1448 1768 1617 1824 fuisse
1651 1769 1844 1839 viginti
1878 1768 2116 1838 quinque

2222 583 2603 651 posteriorem.
2649 579 2762 650 180)
2805 581 2938 634 Cum
2983 595 3051 634 ex
3097 580 3202 634 hac
3236 587 3417 632 autem
3467 577 3813 646 interpretas

2224 674 2374 729 tione
2407 674 2643 730 Thomas
2670 673 2916 743 Aquinas
2959 673 3013 727 in
3045 673 3222 726 Aurea
3248 683 3431 725 catena
3467 669 3583 724 loca
3627 668 3798 724 multa

2221 763 2496 830 αὑτολεξεὶ
2542 763 2744 818 referat
2796 763 2850 816 in
2899 777 3089 817 versus
3137 761 3370 815 Matthmi
3397 799 3414 824 ,
3463 759 3800 829 posteriores

2221 870 2380 910 versu
2422 855 2511 917 l3.
2544 855 2737 924 capitis
2780 870 2891 918 xw,
2941 854 3286 923 perspicuum
3335 862 3422 907 est
3454 852 3660 906 Thoma
3706 866 3800 908 ve-

2225 947 2503 1002 tustiorem
2543 961 2662 1002 eam
2715 961 2871 1012 esse,
2921 946 3194 1014 talemque
3236 947 3357 1017 ejus
3395 956 3554 1001 aetate
3603 945 3802 1010 fuisse,

2225 1038 2403 1108 qualis
2439 1037 2595 1092 hodie
2631 1037 3034 1116 circumfertur.
3066 1036 3272 1092 Thoma
3304 1039 3488 1107 itaque
3523 1037 3800 1104 antiquior

2221 1140 2328 1193 est,
2372 1126 2653 1184 Gennadio
2686 1130 2976 1185 recentior.
3013 1129 3239 1200 Propius
3265 1144 3394 1183 vero
3432 1128 3498 1182 ad
3529 1126 3798 1183 Gennadii

2222 1228 2437 1275 aetatem
2485 1220 2746 1276 accedere
2781 1235 2887 1275 non
2939 1220 3148 1275 levibus
3189 1220 3407 1276 indiciis
3441 1217 3805 1288 deprehendi-

2223 1326 2364 1367 mus.
2406 1312 2576 1367 Tomo
2620 1328 2732 1367 xvu
2786 1316 2845 1367 in
2898 1311 3130 1377 Matth”
3183 1329 3333 1366 num.
3373 1311 3473 1376 lt,
3518 1325 3642 1379 pag.
3673 1308 3799 1374 789,

2225 1403 2340 1457 haec
2389 1403 2550 1458 habet
2594 1403 2858 1475 Origenes
2897 1419 2912 1458 :
2947 1404 3152 1458 ὐποῖοε
3199 1406 3336 1458 εἰσιν
3382 1403 3432 1457 oi
3483 1401 3805 1472 συγχέοντες

2222 1495 2436 1566 Πατρὸς
2473 1494 2568 1550 καὶ
2598 1495 2730 1549 Υἱοῦ
2773 1495 3003 1561 ἔννοιαν,
3036 1497 3129 1550 καὶ
3162 1498 3226 1566 τῇ
3263 1495 3556 1548 ὑποστάσει
3597 1494 3696 1548 ἕνα
3723 1493 3806 1546 δι-

2221 1585 2405 1649 δόντες
2432 1585 2570 1641 εῖναι
2600 1587 2692 1640 τὸν
2721 1588 2969 1660 Πατέρα,
3007 1587 3100 1642 καὶ
3132 1589 3224 1641 τὸν
3248 1587 3395 1641 Υἱόν.
3435 1587 3612 1642 Vertit
3648 1595 3804 1640 vetus

2224 1680 2490 1749 interpres
2522 1697 2535 1734 :
2573 1699 2592 1731 ι
2624 1679 2826 1747 Quales
2870 1689 3000 1735 sunt
3048 1679 3290 1735 haeretici
3327 1680 3419 1750 qui
3469 1678 3804 1733 confundunt

2224 1770 2399 1826 Patris
2437 1783 2494 1826 et
2539 1771 2660 1827 Filii
2729 1773 3122 1837 substantiam,
3171 1788 3336 1826 unum
3390 1771 3634 1826 dicentes
3681 1785 3803 1827 esse

530 1877 706 1920 tomos
736 1865 875 1920 illius
907 1866 961 1918 in
1004 1863 1339 1928 Matthtcum,
1384 1863 1624 1931 quinque
1667 1861 1723 1914 in
1763 1859 1982 1924 Lucam,
2017 1860 2114 1914 tri-
2149 1881 2191 1935 Β
2220 1863 2435 1919 Patrem
2477 1873 2531 1920 et
2574 1865 2792 1920 Filium.
2823 1884 2841 1917 t
2884 1865 3219 1919 ’Υπόστασιν
3265 1864 3442 1920 reddit
3493 1882 3512 1917 t
3545 1868 3801 1920 substan-

531 1959 682 2028 ginta
713 1972 901 2012 novem
931 1959 984 2010 in
1013 1956 1298 2022 Joannem,
1328 1963 1553 2026 regante
1580 1951 1829 2015 Blesilla,
1862 1951 2118 2006 Romane

530 2051 725 2120 linguae
771 2051 1002 2105 tradere.
1052 2049 1283 2104 Proinde
1314 2047 1514 2102 veteris
1555 2045 2023 2117 interpretationis
2060 2047 2118 2098 in

529 2142 842 2196 Matthaeum
895 2151 1084 2196 auctor
1143 2157 1248 2195 non
1313 2151 1400 2196 est
1469 2141 1847 2211 Hieronymus.
1903 2137 2119 2191 Minime

527 2250 658 2290 sane
685 2235 933 2289 audiendi
971 2232 1146 2288 Josias
1178 2233 1442 2288 Simlerus
1481 2242 1534 2287 et
1578 2231 1858 2287 Conradus
1884 2228 2116 2289 Frisius.

527 2329 601 2383 ita
636 2331 936 2384 scribentes
967 2329 1018 2383 in
1064 2326 1309 2394 Epitome
1346 2326 1694 2380 Bibliotheca:
1735 2322 2072 2379 Camerinum
2097 2335 2117 2374 :

532 2442 550 2474 ι
582 2422 831 2487 Origenis
859 2424 912 2474 in
939 2421 1254 2474 Matthmum
1298 2417 1534 2471 homilia:
1569 2414 1660 2479 '56,
1690 2416 1759 2469 ab
1792 2412 2120 2483 Hleronymo

528 2515 822 2582 translatae,
871 2514 1013 2568 inter
1050 2513 1112 2567 D.
1159 2509 1471 2580 Hieronymi
1530 2522 1695 2577 opera
1750 2505 2018 2560 habentur
2050 2522 2063 2558 :
2093 2521 2113 2555 ι

527 2623 651 2661 nam
705 2619 882 2676 neque
920 2611 1138 2659 exstant
1189 2601 1424 2657 homiliae
1467 2599 1538 2653 36
1569 2598 1819 2668 Origenis
1865 2598 1921 2650 in
1969 2593 2116 2650 llat-

526 2699 742 2759 thteum.
787 2700 879 2753 sed
919 2696 991 2751 55
1035 2696 1339 2760 duntaxat;
1384 2706 1561 2762 neque
1610 2705 1796 2746 earum
1847 2689 2117 2758 interpres

523 2791 886 2861 Hieronymus
939 2789 1216 2843 habendus
1246 2797 1360 2852 est;
1414 2787 1522 2840 imo
1559 2783 1888 2853 Hieronymo
1927 2795 2118 2836 recen-

526 2885 632 2936 tior
656 2892 771 2950 est,
816 2898 939 2936 nam
985 2881 1030 2936 si
1066 2880 1177 2948 jam
1215 2880 1502 2950 prodiisset
1539 2877 1656 2948 ejus
1699 2885 1880 2942 astate,
1921 2888 2116 2929 novam

526 2975 752 3030 ltltesilla
799 2974 1112 3044 neutiquam
1163 2971 1526 3041 postulasset;
1563 2984 1664 3025 nec
1700 2969 1773 3023 ita
1812 2966 2120 3035 scripsisset

526 3061 887 3134 Hieronymus
921 3061 974 3115 in
1015 3062 1174 3130 epist.
1214 3060 1304 3122 65,
1339 3061 1406 3113 ad
1445 3058 1762 3114 Pammach.
1797 3067 1852 3112 et
1889 3056 2116 3120 0cean.,

521 3170 648 3222 cap.
673 3153 710 3207 2
735 3172 748 3210 :
788 3172 806 3206 ι
836 3153 1066 3208 Centum
1097 3151 1486 3222 quinquaginta
1521 3151 1646 3205 anni
1679 3163 1846 3220 prope
1873 3156 2020 3218 sunt,
2047 3161 2117 3204 ex

521 3263 632 3317 quo
673 3245 936 3316 Origenes
984 3254 1227 3299 mortuus
1275 3252 1360 3296 est
1404 3242 1533 3314 Tyri
1579 3261 1591 3296 :

523 3352 691 3393 ausus
721 3346 807 3392 est
843 3351 1079 3407 unquam
1125 3334 1424 3390 transferre
1461 3335 1627 3390 libros
1669 3334 1789 3404 ejus
1825 3332 1902 3388 De
1941 3348 2118 3388 resur-

523 3428 784 3495 rectione,
823 3428 965 3496 Περὶ
999 3426 1222 3495 ἀρχῶν,
1262 3424 1676 3495 στρωματέας,
1711 3435 1767 3481 et
1797 3425 2063 3495 τόμουςῖ
2091 3443 2110 3478 ι

523 3519 696 3582 Nemo
725 3519 891 3590 igitur
939 3520 1218 3573 existimet
1265 3519 1430 3572 ullam
1473 3528 1738 3572 tomornm
1787 3518 2118 3587 interpreta-

524 3611 726 3666 tionem
758 3623 882 3664 esse
921 3609 1248 3679 Hieronymo
1283 3609 1670 3678 antiquiorem.
1719 3607 1901 3664 Nihilo
1945 3609 2118 3678 magis

527 3696 723 3750 Huﬁno
750 3697 962 3750 videtur
991 3695 1334 3760 ascribenda,
1363 3697 1507 3765 quod
1543 3697 1755 3752 Erasmi
1799 3710 1932 3767 pace
1976 3697 2117 3753 hanc

525 3789 626 3858 ipsi
661 3789 1012 3844 attribuentis
1062 3788 1266 3844 dictum
1311 3790 1472 3844 velim
1505 3807 1520 3846 :
1554 3789 1644 3846 ille
1691 3791 1836 3846 enim
1877 3791 1931 3846 in
1970 3793 2115 3860 Apo-

523 3879 662 3949 logia
692 3879 952 3950 Pamphili
987 3879 1105 3935 loca
1129 3881 1378 3950 quaedam
1405 3895 1437 3936 e
1464 3880 1872 3937 Commentariis
1895 3883 1949 3938 in
1982 3882 2118 3937 Mat-

523 3971 718 4025 tlurum
751 3970 984 4026 adducta
1015 3971 1400 4041 interpretans,
1433 3987 1540 4026 non
1577 3971 1698 4028 aliis
1729 3972 1905 4027 solum
1939 3974 2112 4027 utitur

523 4061 737 4126 verbis,
773 4076 938 4132 quam
981 4075 1103 4132 quae
1147 4061 1417 4131 interpres
1466 4061 1569 4116 iste
1620 4072 1776 4118 vetus
1835 4064 2114 4129 adhibuit,

523 4167 711 4208 verum
738 4155 903 4207 etiam
945 4154 1112 4208 multa
1143 4167 1264 4223 qua:
1295 4152 1348 4207 in
1386 4167 1455 4208 eo
1495 4155 1876 4210 desiderantur
1915 4170 2116 4224 reprae-

523 4247 802 4302 sentavit:
833 4262 957 4302 cum
996 4255 1176 4302 tamen
1214 4245 1270 4300 in
1305 4247 1496 4301 eadem
1533 4247 1788 4318 Apologia
1833 4247 1953 4303 loca
1994 4263 2117 4304 ver-

524 4346 646 4391 tens
687 4352 755 4392 ex
785 4337 906 4392 aliis
956 4339 1274 4408 deprompta
1328 4338 1777 4405 Commentariis,
1826 4355 1964 4410 quos
1999 4342 2115 4409 ipse

524 4429 705 4484 fuerat
739 4430 1150 4499 interpretatus.
1193 4444 1298 4485 non
1336 4430 1456 4486 aliis
1504 4440 1691 4486 utatur
1734 4431 1914 4487 verbis
1947 4449 2112 4504 quam

523 4523 660 4587 suis,
689 4538 855 4591 aeque
882 4523 965 4577 sui
1005 4522 1237 4578 similem
1266 4524 1319 4578 in
1357 4525 1548 4580 eodem
1582 4524 1700 4580 loco
1731 4526 1814 4580 bis
1857 4527 2114 4582 vertendo

2228 1956 2376 2024 tiam,
2402 1973 2424 2011 ι
2458 1959 2602 2026 quod
2630 1972 2879 2027 magnam
2911 1957 3194 2026 scriptoris
3217 1957 3596 2027 antiquitatem
3627 1957 3802 2026 sapit;

2225 2047 2328 2104 hac
2371 2049 2514 2104 enim
2561 2049 2780 2106 notione
2825 2049 3126 2104 ὑπόστασιν
3185 2050 3409 2119 antiqua
3452 2047 3564 2104 fere
3615 2048 3803 2105 Patres

2226 2149 2506 2210 usurpant.
2541 2141 2779 2197 Hilarius
2809 2141 2862 2196 in
2901 2142 3042 2198 libro
3072 2143 3147 2197 De
3185 2143 3403 2214 synodis
3435 2151 3619 2196 contra
3647 2142 3803 2196 Aria-

2226 2247 2320 2285 nos
2361 2242 2470 2288 tres
2513 2231 2755 2304 agnoscit
2793 2233 3127 2289 substantias
3163 2233 3218 2288 in
3250 2232 3537 2296 Trinitate,
3569 2231 3675 2286 hoc
3719 2243 3806 2284 est

2225 2323 2583 2390 ὑποστάσεις,
2638 2324 2938 2396 ἰδιότητας,
2992 2325 3296 2395 πρόσωπα,
3346 2323 3702 2378 substantiam
3739 2321 3808 2378 ab

2225 2416 2459 2471 essentia
2504 2417 2861 2486 distinguens.
2911 2414 3130 2471 Priscus
3169 2430 3382 2485 quoque
3431 2415 3565 2469 Novi
3609 2414 3806 2469 Testa-

2225 2508 2394 2562 menti
2425 2507 2696 2576 interpres
2728 2509 2906 2564 locum
2934 2511 3075 2565 hunc
3109 2509 3272 2564 Hebr.
3301 2526 3340 2575 ι,
3370 2509 3424 2573 5,
3448 2507 3507 2571 ὃς
3535 2507 3611 2560 ὣν
3633 2504 3811 2560 ἀπαύ-

2225 2617 2415 2672 γασμα
2463 2600 2563 2670 τῆς
2600 2600 2791 2672 δόξης,
2839 2601 2933 2654 καὶ
2985 2603 3272 2675 χαρακτὴρ
3308 2603 3408 2673 τῆς
3453 2601 3806 2664 ὑποστάσεως

2224 2691 2422 2755 αὑτοῦ,
2469 2693 2642 2747 reddit
2673 2709 2686 2745 :
2725 2710 2744 2742 ε
2773 2703 2827 2747 et
2877 2695 3049 2766 ﬁgura
3100 2694 3416 2750 substantia:
3449 2693 3609 2763 ejus:
3641 2712 3660 2745 ι
3710 2707 3810 2747 nec

2225 2783 2278 2838 id
2326 2783 2557 2838 mutavit
2619 2783 3013 2855 Hieronymus,
3067 2785 3316 2857 quamvis
3373 2784 3673 2848 ὑπόστασις
3735 2783 3807 2839 ibi

2223 2889 2499 2942 personam
2543 2875 2795 2930 videatur
2840 2878 3168 2946 signiﬁcare.
3216 2877 3357 2932 Nihil
3392 2886 3568 2933 tamen
3606 2877 3695 2933 hic
3728 2875 3810 2930 af-

2225 2962 2416 3031 ﬁrmo;
2468 2967 2582 3022 scio
2636 2969 2781 3022 enim
2831 2984 2860 3023 a
2912 2969 3165 3025 Patribus
3213 2970 3397 3026 multis
3449 2970 3807 3025 substantiam

2225 3056 2420 3128 ipsam.
2464 3073 2558 3113 seu
2604 3071 2856 3115 naturam
2887 3071 2941 3118 et
2969 3063 3262 3117 essentiam
3310 3062 3491 3117 Patris
3527 3063 3615 3118 hic
3651 3062 3813 3119 intel-

2224 3149 2336 3221 ligi.
2365 3150 2444 3205 Ad
2477 3151 2591 3207 haec
2633 3161 2791 3209 vetus
2834 3154 3100 3222 interpres
3133 3163 3295 3211 tract.
3326 3155 3380 3218 8,
3421 3155 3689 3225 insignem
3728 3155 3810 3208 lo-

1640 3243 1764 3312 quis
1805 3240 2119 3296 l.atinorum
2149 3248 2195 3309 ο
2227 3257 2350 3296 cum
2382 3241 2590 3312 profert
2615 3259 2682 3298 ex
2718 3244 3013 3316 Evangelio
3042 3248 3339 3302 secundum
3373 3245 3639 3302 Hebraeos
3667 3246 3804 3318 (81).

2219 3336 2380 3406 Atqui
2417 3335 2466 3390 id
2499 3336 2565 3391 de
2608 3351 2710 3393 suo
2746 3338 2988 3404 addidit;
3025 3341 3226 3410 quippe
3271 3339 3413 3410 quod
3448 3341 3499 3394 in
3530 3339 3808 3410 exempla-

2220 3427 2372 3483 ribus
2396 3427 2601 3484 Graecis
2636 3444 2908 3500 nusquam
2961 3438 3239 3500 appareat.
3277 3428 3356 3486 Ac
3398 3431 3627 3501 proinde
3672 3441 3810 3484 tem-

2219 3535 2409 3589 porum
2444 3520 2681 3588 illorum,
2711 3521 2911 3592 quibus
2945 3521 3052 3578 hoc
3091 3531 3385 3594 supererat
3429 3520 3806 3592 Evangelium,

2216 3611 2442 3681 aqualis
2478 3610 2599 3668 fuit.

2292 3699 2545 3757 Profecto
2611 3702 2926 3772 interpretis
2972 3703 3134 3774 hujus
3187 3714 3402 3762 aetatem
3454 3704 3806 3774 investiganti

2216 3794 2378 3850 alicui
2413 3794 2708 3851 verisimile
2734 3793 2964 3850 forsitan
3004 3795 3097 3851 ﬂet
3125 3795 3438 3852 Cassiodori
3471 3797 3808 3866 temporibus

2217 3888 2438 3954 vixisse,
2485 3889 2768 3958 ipsumque
2800 3889 2935 3943 adeo
2961 3902 3084 3943 esse
3115 3889 3474 3959 Epiphaniam
3505 3887 3808 3945 Scholasti-

2215 3995 2338 4036 cum
2369 3979 2683 4035 Cassiodori
2728 3977 3058 4035 familiarem
3093 3991 3150 4036 et
3202 3983 3596 4038 necessarium.
3630 3981 3807 4052 Supra

2218 4082 2532 4128 memorata:
2577 4082 2719 4128 nota:
2746 4072 3003 4127 videntur
3044 4074 3340 4129 convenire
3389 4073 3619 4144 aliasque
3665 4089 3806 4143 prae-

2217 4172 2388 4219 terea.
2428 4162 2634 4219 Graecae
2674 4163 2873 4236 lingua:
2921 4179 3110 4235 parum
3159 4167 3470 4221 consultum
3524 4163 3626 4220 fuit
3679 4164 3810 4234 Epi-

2214 4260 2485 4329 phanius,
2561 4259 2737 4316 oratio
2799 4260 3080 4328 barbara,
3147 4261 3405 4329 dissipata
3464 4267 3525 4314 et
3577 4258 3803 4315 inculta.

2217 4351 2440 4406 Summa
2498 4352 2696 4407 veteris
2774 4351 2919 4408 illius
2972 4352 3292 4422 interpretis
3355 4353 3672 4416 barbaries,
3716 4353 3808 4407 vix

2218 4444 2511 4499 mediocris
2561 4442 2842 4498 idiomatis
2874 4443 3047 4499 Graeci
3095 4444 3317 4514 peritia,
3362 4443 3520 4514 plane
3559 4444 3703 4499 nulla
3750 4443 3804 4499 in

2215 4536 2530 4593 evolvendis
2574 4535 2982 4592 obscurioribus
3037 4537 3326 4592 sententiis
3376 4535 3802 4607 perspicacitas;

521 4615 794 4670 ostendat.
829 4614 982 4669 Adde
1032 4615 1232 4685 stylum
1281 4614 1349 4670 ab
1391 4615 1816 4687 Hieronymiano
1864 4626 1920 4670 et
1960 4617 2110 4672 Ruﬁ-

2220 4621 2374 4698 cujus
2404 4627 2506 4683 sibi
2553 4629 2806 4683 conscius
2838 4626 3150 4683 diﬂicillima
3200 4643 3432 4699 quaeque
3480 4629 3637 4699 quasi
3673 4645 3806 4683 con-

525 4707 688 4761 niano
737 4708 952 4778 penitus
992 4707 1340 4777 discrepare,
1381 4717 1438 4763 et
1483 4709 1768 4763 deterioris
1815 4723 1881 4763 ac
1920 4723 2110 4765 recen-

522 4801 679 4855 tioris
708 4801 886 4856 artatis
928 4799 1061 4855 vitio
1110 4810 1164 4856 et
1212 4801 1520 4870 corruptela
1572 4816 1695 4857 esse
1750 4801 2109 4872 inquinatum.

523 4893 803 4948 Gennadio
847 4900 1062 4963 quoque
1111 4893 1475 4948 recentiorem
1517 4907 1640 4949 esse
1667 4909 1733 4948 ex
1761 4909 1826 4948 eo
1859 4894 2108 4962 conjicio,

524 4987 752 5055 quodin
797 4985 1057 5057 Catalogo
1103 4986 1392 5041 illustrium
1443 4985 1677 5040 virorum
1723 5001 1829 5041 non
1881 4987 2112 5042 obscure

523 5077 798 5150 signiﬁcat
827 5094 1164 5148 quaecunque
1201 5077 1456 5148 Origenis
1495 5093 1660 5148 opera
1693 5078 1760 5133 ab
1790 5077 2116 5151 Hieronymo

523 5186 630 5226 non
658 5186 923 5226 conversa
955 5172 1070 5227 suis
1107 5172 1443 5241 temporibus
1486 5172 1796 5237 exstabant,
1838 5186 1901 5226 ea
1936 5187 1964 5226 a
2003 5172 2114 5226 Ru-

523 5262 636 5318 ﬁno
677 5263 873 5318 Latine
918 5265 1127 5319 reddita
1165 5263 1352 5319 fuisse.
1401 5264 1752 5320 Ostendimus
1790 5274 1970 5320 autem
2012 5280 2112 5321 nec

469 5363 482 5400 .-'
523 5355 874 5427 Hieronymo,
916 5371 1014 5411 nec
1057 5356 1257 5412 ltuﬁno
1301 5358 1500 5412 ascribi
1545 5373 1705 5429 posse
1749 5359 1890 5414 hanc
1935 5360 2107 5414 inter-

598 5478 707 5549 (80)
747 5477 880 5532 Cum
920 5481 1125 5551 exiltac
1165 5491 1341 5537 autem
1391 5480 1825 5551 interpretatione
1883 5478 2108 5536 Thomas

525 5547 788 5618 Aquinas,
836 5559 943 5605 etc.
996 5550 1319 5606 Paschasius
1383 5547 1706 5614 Radbertus,
1761 5551 1851 5618 qui
1913 5551 2111 5604 saeculo

529 5634 673 5672 nono
705 5617 952 5683 ﬂorebat,
989 5621 1217 5688 plurima
1247 5622 1412 5676 etiam
1445 5621 1562 5676 loca
1593 5621 1762 5676 refert
1781 5617 1858 5675 ex
1889 5621 1988 5675 hac
2024 5623 2108 5674 in-

529 5689 922 5755 terpretatione
942 5692 995 5744 in
1028 5692 1142 5746 suis
1171 5693 1224 5746 in
1255 5691 1566 5746 Matthwum
1595 5691 2032 5749 COmmentariis,
2057 5701 2112 5743 et

522 5760 823 5831 etiamnum
853 5771 1032 5813 exstat
1077 5762 1129 5814 in
1182 5762 1348 5830 regali
1390 5761 1606 5816 abbatis
1641 5761 1700 5815 S.
1741 5759 1967 5831 Remigii
2003 5761 2111 5814 Re-

528 5829 733 5881 mensis
778 5827 994 5899 elegans
1036 5832 1202 5885 codex
1238 5827 1382 5885 nouo
1415 5832 1610 5887 saeculo
1651 5827 1922 5898 scriptus;
1942 5843 1996 5886 et
2044 5831 2112 5885 ab

2219 4722 2360 4775 sulto
2399 4720 2764 4789 praetermisit.
2811 4719 2974 4776 Certe
3011 4727 3126 4774 tam
3171 4721 3420 4776 abnormi
3456 4720 3673 4778 licentia
3717 4722 3806 4776 in-

2221 4815 2664 4881 terpretationem
2694 4813 2835 4868 hanc
2865 4812 3290 4878 administravit,
3322 4823 3383 4869 ut
3417 4815 3668 4871 mirabile
3696 4815 3804 4870 sit:

2219 4914 2362 4961 totas
2407 4905 2633 4976 paginas
2659 4906 2918 4970 detraxit,
2965 4916 3108 4961 totas
3157 4907 3402 4973 addidit,
3450 4924 3552 4964 nec
3595 4909 3806 4977 uspiam

2218 4995 2494 5066 exemplar
2532 5004 2839 5050 assectatus
2873 5004 2977 5051 est.
3012 4996 3216 5050 Verum
3248 4995 3550 5052 Historiam
3585 4996 3810 5066 Tripar—

2218 5089 2372 5142 titam
2402 5086 2470 5141 ab
2514 5085 2615 5140 hoc
2648 5086 2954 5156 Epiphanio
2989 5087 3246 5158 scriptam
3299 5089 3343 5142 si
3389 5089 3512 5158 quis
3550 5099 3805 5146 accurate

2216 5193 2339 5232 cum
2377 5185 2586 5232 vetusta
2621 5176 2710 5230 illa
2735 5176 3049 5248 Origeniani
3076 5178 3130 5231 in
3171 5176 3484 5232 Matthwum
3516 5178 3806 5233 Commen-

2215 5270 2336 5324 tarii
2379 5270 2822 5339 interpretatione
2861 5267 3190 5331 conﬂixerit,
3234 5285 3504 5324 summam
3535 5268 3658 5340 styli
3691 5269 3806 5324 dis-

2211 5362 2570 5430 crepantiam,
2625 5371 2786 5432 atque
2824 5362 2964 5417 hanc
3008 5363 3178 5418 multo
3223 5362 3312 5417 illa
3357 5361 3801 5433 inquinatiorem,

2217 5482 2509 5538 llincmaro
2536 5481 2795 5538 Remeusi
2847 5483 3260 5554 archiepiscopo
3309 5483 3434 5538 huic
3466 5482 3802 5537 monasterio

2215 5556 2356 5608 dono
2399 5555 2578 5617 datus,
2623 5554 2675 5606 in
2711 5569 2818 5622 quo
2863 5563 3018 5608 vetus
3063 5555 3151 5607 illa
3198 5555 3548 5622 intepretatio
3593 5554 3802 5622 integra

2215 5624 2547 5678 continetur.
2592 5623 2747 5690 Quod
2776 5635 3094 5695 argumento
3123 5634 3206 5679 est
3242 5623 3521 5680 Radberlo
3551 5635 3606 5678 et
3636 5623 3804 5679 Hinc-

2216 5709 2370 5748 maro
2396 5695 2751 5748 vetustioretn
2781 5708 2900 5747 eam
2931 5709 3070 5748 esse.

2285 5763 2399 5836 (8|)
2442 5764 2573 5821 Vide
2601 5774 2733 5822 tom.
2763 5780 2832 5820 xv
2861 5766 2914 5820 in
2946 5763 3168 5832 ΜαιιΙι..
3197 5780 3347 5824 num.
3374 5765 3460 5832 ιι,
3491 5779 3544 5836 p.
3571 5763 3642 5821 67
3671 5763 3724 5819 Ι.
