4152 6446
415 381 554 437 1223
1262 382 1835 440 ORIGENIANORUM
1877 384 2006 440 LIB.
2045 385 2138 453 III,
2179 382 2341 440 CAP:
2367 383 2440 448 .Il,
2485 382 2678 438 SECT.
2710 382 2834 438 III.‘
3547 376 3690 434 I236

412 508 468 552 et
509 497 817 554 innumeris
865 499 1254 555 vocabulorum
1303 504 1568 571 portentis
1606 504 1988 560 deformiorem
2017 513 2066 570 Α
2163 503 2306 560 XIV.
2346 504 2460 576 (82)
2490 504 2532 558 E
2559 503 2770 559 duobus
2797 510 2852 556 et
2895 500 3117 572 triginta
3161 499 3688 556 Commentariorum
3782 488 3789 496 ’

412 585 666 642 oﬂ'endet.
719 585 968 657 Equalis
1010 589 1297 658 Epiphanii
1334 592 1437 646 luit
1482 592 1725 650 Bellator
1774 596 1998 664 quidam
2099 597 2156 650 in
2193 593 2456 649 Joannem
2494 593 2677 656 tomis,
2721 607 2911 647 novem
2949 592 3170 646 omnino
3209 601 3538 662 supersunt;
3587 593 3687 662 pri-

411 679 718 734 Cassiodori
763 680 946 734 itidem
999 681 1308 748 familiaris,
1355 684 1512 753 cujus
1559 695 1749 756 rogatu
1799 687 2000 742 multas
2102 703 2244 754 mus,
2277 687 2583 754 secundus,
2624 695 2844 750 sextus,
2880 685 3157 750 decimus,
3189 684 3432 740 decimus
3475 686 3691 749 tertius,

411 766 731 824 Graecorum
783 769 1146 839 scriptiones,
1197 773 1486 828 nonnullas
1540 775 1705 829 etiam
1749 774 2001 846 Origenis

354 911 363 926 ί
412 857 614 922 Latino
639 875 890 914 sermone
937 863 1203 930 rependit.
1235 862 1372 920 Huic
1403 867 1447 921 si
1488 867 1611 937 quis
1650 866 2000 922 Commenta-

423 951 630 1006 riorum
662 953 718 1004 in
754 951 1080 1007 ~Mattlueum
1128 955 1638 1026 interpretationem
1704 960 2000 1029 ascriptam

412 1040 564 1103 velit,
594 1055 700 1094 non
737 1041 894 1095 valde
922 1045 1255 1112 repugnabo.
1281 1045 1390 1102 Nec
1427 1049 1654 1103 multum
1681 1049 2001 1106 adversatur

413 1131 743 1200 conjecturae
795 1142 996 1188 nostra;
1044 1135 1357 1193 Cassiodori
1403 1141 1469 1195 de
1516 1141 1620 1196 hac
1671 1142 1998 1213 interpreta-

415 1222 562 1277 tione
591 1223 888 1292 silentium,
918 1226 1010 1295 qui
1054 1227 1188 1282 alias
1218 1230 1508 1301 plerasque
1555 1233 1846 1302 Epiphanii
1881 1234 2000 1290 Bel-

413 1313 601 1370 latoris
631 1316 684 1369 in
715 1315 854 1371 libro
887 1317 962 1372 De
999 1319 1336 1376 institutione
1367 1323 1663 1379 divinarum
1697 1323 2001 1394 Scriptura-

413 1422 531 1459 rum
565 1407 873 1461 recensuit:
909 1424 1032 1463 nam
1065 1421 1189 1478 post
1218 1413 1421 1468 editum
1453 1415 1596 1472 hunc
1622 1431 1653 1470 a
1677 1417 2000 1474 Cassiodoro

425 1496 670 1553 libellum
701 1498 974 1554 lucubrari
1003 1516 1063 1556 ea
1103 1505 1296 1572 potuit.

483 1589 560 1644 De
602 1599 806 1660 septem
841 1590 1089 1662 Origenis
1132 1595 1188 1650 in
1217 1596 1531 1654 Matthwum
1585 1600 1826 1658 homiliis
1874 1617 1995 1674 quae

413 1680 685 1737 habentur
731 1681 878 1736 inter
926 1698 1042 1749 eas,
1073 1700 1211 1754 quas
1240 1688 1294 1742 in
1330 1690 1576 1746 diversos
1622 1693 1780 1763 vulgo
1811 1696 2001 1764 appel-

416 1774 545 1843 lant,
577 1779 832 1846 quoniam
867 1779 1060 1836 incerti
1095 1793 1224 1840 sunt
1266 1787 1535 1853 auctoris,
1583 1801 1684 1842 suo
1719 1789 1841 1845 loco
1873 1791 1992 1846 dis-

412 1867 746 1936 putabimus.

486 1978 622 2034 Xlll.
664 1979 910 2037 Homilite
939 1982 1188 2052 Origenis
1229 1986 1284 2042 in
1315 1987 1668 2059 Evangelium
1712 1992 1871 2050 Lucae
1907 1994 2004 2050 tri-

413 2069 561 2142 ginta
593 2084 782 2125 novem
827 2070 1021 2126 Latina
1053 2073 1291 2130 editione
1321 2079 1692 2137 continentur.
1722 2083 1990 2153 Interpre-

417 2169 524 2214 tem
549 2175 671 2216 sese
703 2161 982 2230 professus
1009 2175 1094 2218 est
1124 2165 1488 2238 Hieronymus
1517 2171 1573 2224 in
1606 2171 1839 2244 Prologo
1867 2175 2001 2244 ipsis

413 2263 694 2320 praetexto,
731 2266 784 2308 et
827 2255 880 2308 in
917 2255 1055 2312 libro
1085 2256 1163 2311 De
1192 2261 1438 2330 scriptor.
1467 2263 1680 2328 ποίει,
1719 2280 1843 2338 cap.
1869 2267 1997 2322 Mli.

413 2343 670 2400 Erasmus
697 2347 748 2400 in
779 2346 1021 2415 Epistola
1047 2351 1114 2405 ad
1144 2349 1496 2408 Franciscum
1527 2354 1834 2424 Cigalinum
1867 2360 1998 2413 scri-

413 2447 598 2507 pserat
631 2440 729 2493 has
753 2438 976 2496 alterius
1005 2441 1286 2510 cujusdam
1315 2459 1439 2499 esse
1465 2447 1660 2516 videri,
1688 2464 1850 2518 quam
1880 2449 2004 2506 Ori-

413 2529 588 2598 genis,
626 2529 721 2584 sed
781 2528 836 2584 in
870 2528 1107 2586 Censura
1156 2533 1226 2586 ad
1283 2533 1447 2590 libros
1484 2536 1727 2607 Origenis
1776 2543 2004 2596 mutavit

421 2623 788 2687 sententiam,
835 2631 890 2676 et
941 2637 1131 2677 verum
1191 2635 1466 2682 auctorem
1506 2629 1744 2698 agnovit.
1794 2631 2000 2686 Nihilo-

412 2712 595 2768 minus
629 2713 702 2766 ita
756 2715 974 2769 disserit
1016 2736 1029 2770 :
1067 2733 1086 2766 ι
1116 2714 1174 2770 In
1213 2716 1472 2788 Catalogo
1517 2730 1697 2776 tamen
1744 2723 1818 2776 ita
1869 2723 2002 2778 facit

415 2800 574 2870 hujus
615 2804 798 2872 operis
851 2805 1180 2860 mentionem
1209 2805 1662 2881 (Hieronymus),
1709 2823 1772 2868 ut
1823 2815 1993 2886 magis

412 2893 662 2948 videatur
708 2910 774 2949 ex
823 2895 1048 2967 Didymo
1081 2910 1326 2955 vertisse.
1374 2901 1508 2956 Cum
1549 2905 1695 2959 enim
1750 2903 2004 2976 Origenis

416 2988 745 3042 mentiOnem
793 2987 1128 3057 reliquisset,
1158 3001 1283 3059 post
1314 2991 1457 3049 hunc
1489 2993 1543 3048 in
1578 2997 1796 3051 modum
1831 2997 2006 3067 loqui-

416 3083 538 3129 tur:
577 3093 596 3127 ι
624 3074 701 3129 De
733 3073 940 3145 Spiritu
983 3090 1172 3135 sancto
1203 3079 1436 3153 Didymi,
1467 3099 1627 3155 quem
1669 3087 1723 3140 in
1755 3086 2004 3144 Latinum

417 3165 692 3230 transtuli,
723 3167 920 3224 librum
948 3186 1136 3239 unum,
1167 3172 1222 3227 in
1254 3173 1456 3231 Lucam
1489 3178 1744 3235 homilias
1781 3182 2002 3252 triginta

2107 779 2353 834 decimus
2396 791 2593 842 nonus,
2641 774 2972 837 vicesimus,
3019 774 3311 828 vicesimus
3358 782 3585 829 octavus
3639 782 3693 828 et

2116 869 2425 924 tricesimus
2448 865 2742 922 secundus.
2787 866 2843 920 In
2891 865 3230 920 bibliothecas
3278 864 3460 936 Regiae
3507 865 3696 921 codice

2100 959 2154 1013 hi
2188 957 2318 1012 tomi
2370 959 2483 1012 suis
2535 956 2706 1010 notati
2761 955 3007 1010 numeris
3048 954 3414 1023 reperiuntur.
3463 953 3695 1008 Eosdem

2102 1048 2492 1117 complectitur
2528 1058 2702 1103 tomos
2733 1056 2930 1117 praeter
2982 1045 3249 1099 decimum
3285 1053 3340 1099 et
3371 1045 3695 1100 vicesimum

2101 1150 2357 1195 octavum
2389 1149 2726 1195 memoratus
2766 1138 2902 1193 liber
2927 1136 2980 1191 in
3035 1136 3373 1191 bibliOthecaz
3417 1135 3697 1190 Bavaricae

2101 1229 2364 1300 catalogo.
2447 1230 2520 1282 At
2579 1229 2749 1284 codex
2819 1228 3160 1284 bibliothecae
3217 1225 3449 1283 Venetae.
3504 1225 3697 1282 Sancti

2101 1319 2291 1384 Marci,
2321 1321 2448 1376 licet
2477 1322 2629 1392 Regii
2667 1320 2969 1375 consimilis
2996 1320 3102 1386 sit,
3145 1333 3245 1374 nec
3272 1319 3426 1389 plura
3469 1320 3690 1386 habeat,

2101 1429 2132 1467 a
2165 1413 2364 1468 callido
2405 1422 2585 1467 tamen
2649 1413 2873 1468 librario
2933 1413 2988 1466 in
3039 1421 3217 1466 tomos
3288 1412 3508 1482 triginta
3556 1412 3694 1468 duos

2101 1505 2424 1562 distributus
2454 1504 2572 1570 fuit,
2600 1507 2703 1559 hac
2744 1515 2864 1561 arte
2900 1505 3123 1560 lacunas
3165 1512 3220 1559 et
3265 1503 3444 1558 hiatus
3486 1504 3692 1570 celare,

2101 1605 2159 1650 et
2190 1597 2335 1664 apud
2363 1595 2612 1649 incautos
2652 1594 3013 1658 dissimulare,
3054 1603 3109 1649 et
3161 1608 3262 1663 pro
3313 1592 3523 1661 integro
3562 1607 3693 1647 ven-

2102 1687 2278 1742 ditare
2309 1687 2547 1742 volente.
2577 1687 2654 1741 Eo
2687 1687 2766 1750 lit,
2799 1696 2856 1740 ut
2882 1686 3132 1741 eumdem
3166 1687 3308 1740 hunc
3337 1700 3456 1739 esse
3485 1693 3693 1754 putem,

2105 1779 2197 1848 qui
2235 1777 2338 1832 iuit
2371 1778 2522 1849 Diegi
2567 1777 2821 1843 Hurtadi,
2863 1777 3065 1848 quique
3093 1778 3254 1833 simili
3284 1777 3404 1833 d'olo
3425 1777 3694 1833 dissectus

2036 1870 2276 1941 Bfuisse
2326 1880 2677 1926 memoratur.
2747 1868 2898 1924 Hanc
2968 1881 3240 1924 tomorum
3321 1869 3692 1939 partitionem,

2106 1977 2269 2032 quam
2305 1972 2525 2019 secutus
2555 1971 2642 2018 est
2685 1960 2994 2028 Ferrarius,
3047 1961 3244 2016 falsam
3292 1977 3412 2018 esse
3462 1969 3696 2034 arguunt

2103 2055 2430 2126 fragmenta,
2463 2069 2583 2124 quae
2602 2070 2634 2110 e
2661 2061 2856 2124 quarto
2880 2064 3026 2109 tomo
3045 2054 3397 2126 proferuntur
3422 2055 3473 2109 in
3497 2064 3695 2124 quarto

2107 2145 2418 2202 Philocatiaa
2462 2147 2673 2216 capite,
2705 2155 2761 2201 et
2807 2145 2861 2200 in
2909 2149 3105 2218 quinto
3157 2147 3503 2217 reperiuntur
3547 2155 3695 2200 tomo

2103 2239 2441 2295 Ferrariante
2467 2239 2955 2309 interpretationis.
2985 2240 3248 2296 Similiter
3279 2255 3308 2296 e
3353 2250 3509 2296 sexto
3534 2248 3688 2296 tomo

2104 2326 2424 2398 particulam
2448 2329 2642 2382 recitat
2675 2329 2907 2385 Basilius
2937 2328 3062 2384 libr.
3096 2329 3174 2385 De
3230 2330 3438 2399 Spiritu
3485 2343 3695 2398 sancto,

2103 2434 2224 2491 cap.
2259 2419 2350 2475 29.
2385 2420 2578 2476 Exstat
2615 2420 2704 2476 illa
2739 2422 2792 2476 in
2817 2432 2976 2480 sexto
3003 2432 3149 2480 tomo
3178 2424 3380 2480 codicis
3426 2423 3613 2492 Regii,
3639 2423 3696 2477 in

2102 2522 2297 2568 octavo
2329 2528 2458 2569 vero
2506 2512 2863 2572 Ferranianaa
2901 2516 3389 2587 interpretationis.
3434 2516 3695 2571 Codicum

2102 2619 2266 2674 porro
2289 2607 2534 2660 omnium
2571 2622 2636 2662 ea
2683 2617 2766 2663 est
2820 2607 3121 2664 similitudo
3163 2607 3308 2663 inter
3360 2623 3421 2664 se
3471 2617 3527 2662 et
3560 2622 3698 2662 con-

2102 2697 2395 2767 gruentia,
2453 2707 2512 2752 ut
2566 2713 2636 2754 ex
2692 2714 2800 2754 uno
2849 2699 3147 2768 exemplari
3211 2699 3512 2768 descriptos
3573 2701 3697 2754 esse

2102 2804 2293 2846 omnes
2337 2805 2435 2861 pro
2471 2802 2623 2848 certo
2666 2793 2917 2848 habeam.
2985 2792 3192 2849 Praeter
3247 2793 3525 2862 superiora
3577 2791 3696 2846 cxi-

2103 2894 2265 2950 guam
2293 2896 2324 2935 e
2362 2891 2508 2936 tomo
2541 2883 2783 2938 secundo
2829 2883 2885 2938 in
2911 2882 3175 2938 Joannem
3201 2883 3526 2953 particulam
3570 2897 3695 2954 pro-

2104 2976 2205 3031 mit
2228 2974 2542 3046 Pamphilus
2583 2975 2640 3030 in
2687 2977 3064 3047 Apologctico.
3096 2976 3392 3032 secundam
3437 2976 3696 3031 crimina-

2106 3067 2308 3123 tionem
2360 3067 2673 3124 coniutans.
2731 3069 2922 3139 Capite
2972 3079 3168 3140 quarto
3215 3067 3529 3124 Philocaliw
3591 3069 3697 3125 fra-

2112 3168 2330 3230 gmenta
2362 3161 2702 3216 adducuntur
2743 3177 2775 3215 e
2802 3172 2996 3230 quarto
3015 3171 3195 3227 tomo;
3224 3162 3350 3218 item
3395 3163 3571 3232 capite
3603 3178 3695 3218 se-

415 3275 631 3326 novem’
676 3262 730 3317 in
778 3263 1020 3319 psalmos
1060 3281 1092 3320 a
1137 3269 1350 3325 decimo
1401 3286 1575 3343 usque
1619 3275 1687 3329 ad
1735 3249 2002 3332 παίδων
2030 3250 2073 3308 C
2107 3249 2292 3320 quenti
2330 3249 2436 3304 alia
2482 3251 2787 3321 fragmenta
2823 3266 2854 3306 e
2885 3249 3215 3343 Praelatione
3254 3251 3427 3322 quinti
3477 3253 3609 3306 tomi
3638 3253 3695 3307 in

412 3363 625 3408 sextum
653 3362 910 3409 tractatus
931 3366 1159 3425 septem,
1173 3361 1374 3430 captivi
1393 3364 1642 3419 monachi
1657 3366 1842 3432 vitam,
1856 3377 1964 3424 etc.
1978 3388 1997 3421 ι

414 3438 625 3508 Quibus
654 3456 719 3494 ex
754 3443 933 3497 verbis
975 3443 1112 3498 nihil
1145 3445 1292 3502 aliud
1342 3448 1570 3520 intelligi
1602 3460 1801 3520 potest,
1834 3468 2000 3524 quam

415 3540 509 3585 aut
542 3545 662 3585 esse
704 3531 1015 3605 Hieronymi
1050 3537 1154 3590 hoc
1185 3551 1345 3607 Opus,
1371 3549 1468 3594 aut
1492 3541 1560 3595 ab
1595 3556 1662 3596 eo
1691 3559 1907 3598 versum
1933 3558 2000 3598 ex

415 3621 664 3691 Didymo.
712 3621 827 3678 Hoc
875 3634 1056 3679 utrum
1106 3641 1234 3683 casu
1277 3644 1344 3682 an
1392 3631 1573 3686 studio
1631 3633 1836 3689 factum
1891 3636 1998 3700 sit,

416 3713 619 3769 nescio.
646 3731 665 3766 ι
711 3715 781 3769 At
821 3717 1167 3773 observasset
1209 3719 1472 3777 Erasmus
1516 3723 1635 3792 pari
1679 3738 2001 3795 argumento

415 3805 758 3862 homiliarum
787 3808 1014 3863 duarum
1042 3809 1095 3866 in
1125 3810 1410 3867 Canticum
1443 3824 1718 3871 auctorem
1753 3818 2000 3873 revocari

416 3911 575 3966 posse
603 3899 654 3952 in
682 3900 922 3966 dubium,
949 3915 1072 3956 cum
1108 3902 1160 3958 in
1185 3903 1377 3959 eodem
1402 3905 1647 3976 Catalogi
1677 3909 1856 3978 capite
1884 3911 2002 3966 htec

415 3987 615 4043 habeat
645 3989 1044 4063 Hieronymus:
1084 4010 1104 4045 ί
1138 3995 1211 4050 De
1243 3995 1416 4052 tribus
1438 3998 1835 4066 questionibus
1863 4001 1998 4069 legis

416 4079 640 4143 veteris,
669 4081 924 4138 homilias
964 4082 1021 4137 in
1058 4081 1280 4138 Cantica
1327 4089 1657 4141 canticorum
1695 4090 1860 4156 duas,
1896 4093 1996 4146 ad-

415 4185 594 4224 versus
637 4170 964 4228 Helvidium.
990 4191 1012 4226 ι
1056 4174 1257 4246 Nempe
1304 4179 1540 4234 auctoris
1587 4193 1782 4236 nomen
1823 4182 1998 4237 ascri-

413 4260 548 4316 bere
583 4263 844 4332 neglexit,
875 4279 1036 4334 quem
1070 4264 1290 4322 aliunde
1316 4269 1452 4324 satis
1477 4277 1661 4324 notum
1695 4285 1819 4326 esse
1859 4272 1996 4327 scie-

413 4353 527 4408 bat.
554 4354 715 4409 Addit
763 4355 1058 4412 Erasmus:
1095 4375 1115 4410 ι
1147 4358 1280 4414 Dein
1326 4375 1451 4415 cum
1485 4361 1540 4416 in
1595 4363 1809 4419 caeteris
1862 4364 1996 4418 nihil

415 4448 676 4505 habeatur
720 4452 949 4519 erroris,
983 4453 1074 4508 hic
1127 4454 1293 4508 multa
1336 4466 1465 4510 sunt
1497 4456 1578 4509 vel
1618 4465 1870 4527 suspecta
1911 4455 1996 4511 vel

414 4540 732 4596 damnata»
776 4539 927 4596 Itane
971 4543 1128 4598 vero?
1172 4543 1380 4599 nihilne
1413 4545 1466 4599 in
1512 4545 1664 4602 libris
1696 4545 1839 4616 Περὶ
1884 4547 1991 4615 ἀρ-

2103 3342 2249 3397 idem
2277 3341 2668 3412 Evangelium;
2697 3344 2855 3413 cujus
2890 3341 3238 3399 Praafationis
3284 3344 3444 3398 aliam
3480 3359 3696 3416 quoque

2103 3434 2412 3503 portionem
2439 3435 2496 3490 in
2528 3443 2692 3506 caput
2740 3450 2846 3490 xxv
2890 3434 3017 3490 libri
3065 3436 3205 3491 sexti
3241 3435 3498 3492 Historia:
3521 3437 3692 3492 Euse-

2105 3527 2480 3583 biusinfersit.
2512 3527 2591 3583 Ex
2641 3525 2876 3599 Origene
2912 3528 2972 3583 in
3013 3527 3240 3583 Ioannis
3286 3539 3448 3600 caput
3483 3540 3696 3584 sextum

2105 3617 2337 3676 lacinias
2383 3621 2650 3690 quasdam
2716 3621 2888 3677 exiles
2950 3622 3165 3692 profert
3228 3622 3566 3693 Bulengerus
3638 3623 3695 3678 in

2102 3709 2558 3781 Disputationibus
2572 3723 2757 3768 contra
2774 3713 3146 3769 Casaubonum
3158 3725 3298 3784 part.
3316 3729 3381 3782 tt,
3395 3713 3614 3770 diatrib.
3637 3714 3697 3782 3.

2108 3817 2234 3874 pag.
2274 3804 2406 3870 251,
2437 3820 2576 3876 quas
2597 3821 2720 3860 cum
2752 3807 2967 3862 codices
2992 3823 3154 3862 manu
3185 3808 3372 3877 scripti
3413 3808 3698 3864 Commen-

2103 3895 2365 3949 tariorum
2391 3896 2444 3950 in
2473 3895 2525 3950 id
2549 3895 2900 3966 Evangelium
2921 3913 3029 3953 non
3051 3898 3364 3964 exhibeant,
3387 3913 3457 3954 ex
3487 3898 3696 3956 catenis

2100 3987 2370 4056 prodiisse
2399 3987 2511 4043 veri
2546 3988 2798 4044 absimile
2838 4004 2944 4044 non
2985 3998 3091 4044 est.
3125 3989 3369 4059 Denique
3413 3989 3558 4045 inter
3596 3989 3694 4044 bo-

2102 4076 2280 4132 milias
2328 4078 2381 4131 in
2409 4078 2653 4134 diversos
2690 4079 2812 4135 duae
2842 4081 3110 4136 habentur
3142 4081 3198 4135 in
3233 4081 3534 4146 Joannem,
3570 4097 3694 4152 quae

2100 4183 2224 4224 cum
2249 4177 2457 4224 certum
2497 4182 2778 4226 auctorem
2804 4187 2914 4227 non
2945 4171 3208 4238 habeant,
3242 4173 3405 4245 paulo
3437 4183 3561 4245 post
3589 4190 3691 4230 suo

2100 4260 2221 4316 loco
2258 4259 2686 4316 ventilabuntur.

2171 4349 2401 4405 Unicum
2425 4361 2679 4420 superest
2735 4352 2788 4406 in
2841 4353 3210 4422 apostolorum
3256 4357 3387 4412 Acta
3417 4357 3694 4429 fragmen-

2101 4451 2211 4497 tum
2237 4441 2508 4511 Origenis,
2558 4457 2590 4497 e
2641 4453 2836 4514 quarta
2888 4445 3194 4501 detractum
3235 4447 3484 4514 homilia,
3538 4451 3688 4519 quod

2099 4533 2265 4601 capiti
2321 4531 2638 4588 Philocaliw
2701 4536 2936 4604 septimo
2994 4527 3231 4595 Basilius
3285 4547 3340 4593 et
3393 4539 3690 4610 Gregorius

411 4631 560 4702 χῶν,
606 4633 660 4687 in
708 4633 1128 4690 Commentariis
1166 4635 1223 4690 in
1281 4633 1628 4701 Mauhwum,
1674 4638 1728 4693 in
1772 4606 2002 4708 ;-e|iq;jis
2034 4606 2080 4662 D
2108 4624 2414 4696 Theologus
2459 4624 2806 4682 infulserunt.
2851 4625 2908 4682 In
2956 4628 3216 4700 Catalogo
3255 4606 3529 4686 librorum
3564 4630 3689 4685 illu-

411 4725 666 4794 operibus
701 4726 930 4782 habetur
970 4728 1210 4782 erroris?
1259 4727 1456 4783 Mirare
1504 4729 1690 4794 lector,
1734 4729 1993 4786 eﬂ'renem

411 4813 624 4870 Erasmi
668 4816 722 4870 in
761 4827 1001 4872 veterum
1045 4819 1413 4886 espendendis
1450 4819 1688 4890 scriptis,
1717 4829 1772 4876 et
1815 4821 1997 4890 proje-

412 4914 553 4960 ctam
590 4908 971 4962 temeritatem.
1014 4907 1306 4964 Modestior
1336 4908 1611 4978 Merlinus,
1643 4924 1866 4968 errores
1907 4912 1993 4967 his

412 4994 648 5051 homiliis
700 4998 765 5052 ab
817 4999 1130 5070 Origeniani
1190 5002 1424 5056 nominis
1477 5003 1688 5058 :ernulis
1740 5018 1992 5073 aspersas

411 5101 766 5143 asseverans:
798 5104 1110 5160 quanquam
1138 5100 1194 5146 et
1232 5093 1284 5147 id
1326 5092 1478 5148 valde
1525 5097 1816 5150 incertum.
1849 5094 1988 5149 Pau-

410 5177 562 5233 culas
611 5180 869 5247 quasdam
935 5181 1228 5251 particulas
1273 5198 1341 5238 ex
1388 5182 1623 5255 Origene
1686 5186 1743 5239 in
1793 5183 1994 5239 Lucam

408 5271 628 5326 exhibet
651 5269 826 5326 Julius
853 5272 1037 5328 Caesar
1068 5275 1401 5346 Bulengerus
1435 5287 1577 5347 part.
1603 5292 1666 5342 Il,
1692 5278 1910 5333 diatrib.
1938 5277 1992 5345 ‘5,

409 5375 464 5433 p.
505 5361 607 5418 158
655 5372 711 5417 et
753 5361 879 5427 222,
923 5365 1129 5420 advers.
1171 5365 1473 5422 Casaubon.
1513 5382 1580 5422 ex
1620 5367 1826 5424 catenis
1872 5367 1990 5423 for-

410 5461 560 5510 tasse
592 5453 863 5524 aliquibus
892 5455 1259 5527 depromptas.

483 5567 599 5640 (82)
649 5567 696 5621 E
743 5569 946 5642 duobus
991 5581 1038 5626 et
1089 5572 1310 5642 triginta
1365 5570 1874 5627 Commentariorum
1936 5573 1989 5627 in

410 5635 672 5692 Joannem
701 5643 878 5712 tomis.
901 5639 1021 5696 Jam
1061 5635 1247 5710 supra,
1279 5653 1412 5698 sect.
1445 5641 1503 5706 2,
1527 5659 1676 5700 num.
1704 5643 1755 5711 7,
1785 5659 1837 5712 p.
1863 5643 1992 5707 296,

411 5718 526 5781 not.
555 5719 609 5763 et
635 5714 687 5762 in
720 5707 1046 5767 Prael'atioue
1070 5707 1194 5768 huic
1222 5724 1368 5768 tomo
1405 5714 1625 5781 praeﬁxa
1652 5707 1994 5769 ostendimus

411 5779 711 5849 plusquam
744 5781 960 5849 triginta
1007 5793 1060 5836 et
1088 5782 1222 5836 duos
1251 5779 1424 5837 tomos
1467 5784 1524 5836 in
1570 5782 1834 5840 Joannem
1863 5799 1994 5842 con-

409 5847 601 5910 fecisse
623 5847 911 5920 Origeumn
953 5853 1405 5907 verisimillimum
1438 5867 1578 5909 esse.

729 5945 1000 6005 Parnon.
1044 5944 1163 6005 Gn.
1202 5946 1404 6008 XVII.

2106 4717 2362 4772 strissimi
2397 4717 2658 4788 principis
2689 4718 2896 4773 domini
2925 4719 3111 4776 Jacobi
3143 4720 3502 4786 Marmoreae,
3525 4737 3688 4792 quem

2104 4809 2249 4866 inter
2271 4811 2624 4880 antiquitates
2640 4810 3271 4884 Constantinopolitanas
3294 4813 3693 4884 Supplementa

2101 4901 2443 4958 Bibliotheca:
2493 4901 2832 4958 Gesnerianae
2883 4904 3110 4960 inseruit
3157 4905 3428 4960 Antonius
3477 4902 3694 4961 Verde-

2101 4996 2250 5060 rius,
2291 5005 2754 5052 commemoratur
2799 4995 3050 5066 Origenis
3104 4995 3406 5067 Explicatio
3445 4997 3501 5050 in
3549 4997 3696 5050 Acta

2103 5084 2484 5154 apostolorum,
2507 5094 2564 5142 ei
2587 5085 2645 5139 in
2675 5083 2944 5155 Epistolas
2977 5082 3177 5150 Pauli,
3219 5084 3285 5140 de
3311 5084 3508 5154 quibus
3539 5099 3694 5140 nunc

2099 5188 2198 5230 suo
2229 5175 2419 5230 ordine
2455 5177 2720 5246 agendum
2745 5186 2854 5231 est.

2167 5265 2286 5321 XV.
2323 5267 2548 5323 Ruﬁnus
2578 5267 2811 5322 Heraclii
2841 5267 3075 5337 impulsu
3106 5267 3219 5340 (8'5)
3261 5269 3457 5338 viginti
3507 5278 3688 5325 tomos

2097 5358 2629 5416 Commentariorum
2655 5359 2905 5430 Origenis
2929 5361 2981 5414 in
3011 5359 3308 5429 Epistolam
3323 5363 3391 5416 ad
3413 5361 3683 5416 Romanos

2093 5452 2302 5510 Latinae
2347 5452 2544 5522 linguae
2587 5453 2872 5507 donandos
2918 5452 3202 5522 suscepit:
3233 5454 3330 5507 sed
3374 5467 3483 5522 qua
3536 5451 3684 5510 (ide?

2169 5569 2283 5638 (85)
2321 5567 2523 5639 Viginti
2552 5576 2720 5624 tomos
2749 5568 3040 5624 Comment.
3064 5566 3308 5638 Onigenis
3331 5567 3580 5639 in__Epist.
3606 5571 3678 5626 ad

2097 5635 2413 5704 Romanos,
2441 5647 2548 5710 etc_.
2601 5640 2956 5696 Cassiodorus
3004 5635 3225 5710 quidem
3275 5639 3353 5710 ait
3385 5635 3677 5709 Origeneut

2099 5715 2157 5766 in
2186 5710 2356 5778 Epist.
2385 5712 2454 5762 ad
2509 5707 2730 5767 Roman.
2785 5710 2972 5777 viginti
3022 5707 3203 5764 tomos
3247 5707 3586 5772 elaborasse;
3617 5719 3678 5764 at

2102 5782 2332 5837 Ilulinus
2359 5780 2663 5848 quindecim
2694 5790 2898 5834 tantum
2953 5789 3253 5843 enumerat,
3305 5788 3359 5834 et
3397 5795 3432 5836 εδ
3474 5781 3676 5837 nostris

2110 5868 2242 5910 mss.
2275 5851 2414 5906 alius
2440 5850 2600 5906 habet
2624 5852 2831 5921 decem,
2869 5850 3007 5907 alius
3041 5850 3342 5906 duodecim.

3311 5939 3389 6001 39
