4152 6460
477 396 497 451 i
510 395 611 452 227

1741 385 1798 440 P.
1840 383 2157 440 DANIELIS
2199 380 2430 438 HUETII

3588 376 3732 432 ΙΕΞΒ

474 535 570 574 sua
601 530 815 584 nempe,
855 515 958 569 hoc
987 519 1071 568 'cst
1101 509 1334 578 pessima
1366 524 1378 559 :
1407 521 1529 561 nam
1574 514 1745 561 totum
1779 522 1915 577 Opus
1941 507 2054 574 jam
2084 511 2128 566 Α
2159 513 2280 572 post
2317 516 2709 558 conversurum
2760 516 2883 558 sese
2936 501 3228 556 Clementis
3278 500 3482 566 libros;
3517 501 3661 571 quod
3701 514 3733 554 a

473 606 977 676 interpolatum,et
1037 600 1238 667 aliquot
1296 597 1660 652 voluminibus
1707 597 2050 651 decurtatum

472 699 537 752 ad
563 697 792 752 mediam
823 694 936 748 fere
962 697 1170 762 partem
1214 706 1337 745 sese
1382 691 1725 744 contraxisse
1767 688 2052 757 proﬁtetur

471 790 524 842 in
557 787 872 842 Praefatione
901 785 966 838 ad
996 782 1328 837 Heraclium.
1375 781 1628 850 lnjuriam
1671 781 1896 851 Origeni
1933 780 2048 833 illa-

471 889 577 932 tam
633 876 845 930 facilius
887 874 1289 941 deprehendes,
1345 871 1389 925 si
1456 869 1758 939 fragmenta
1809 871 2052 937 quaedam

471 967 862 1027 lucubrationis
889 966 1050 1035 hujus
1079 965 1283 1018 inserta
1315 961 1630 1016 Philocaliw
1655 976 1780 1016 cum
1810 960 2053 1014 Ruﬁnia-

467 1078 534 1116 na
575 1053 1238 1123 conversione-conﬁigas.
1282 1053 1565 1107 Adversus
1595 1052 1736 1105 hanc
1768 1052 2052 1104 audaciam

468 1150 663 1205 merito
693 1148 950 1202 Erasmus
978 1143 1359 1208 exeamlescit,
1391 1153 1446 1195 et
1473 1141 1611 1195 falso
1642 1141 1878 1196 aliictam
1925 1140 2052 1195 Hie-

469 1256 697 1311 ronymo
723 1240 903 1308 operis
942 1237 1099 1303 hujus
1120 1235 1629 1304 interpretationem
1657 1233 1852 1287 Ruﬁno
1895 1233 2054 1288 resti-

470 1333 593 1385 tuit.
633 1330 745 1401 (84)
774 1330 883 1384 Cur
910 1327 1241 1397 Hieronymo
1273 1327 1475 1382 tributa
1511 1326 1604 1390 sit,
1645 1324 1823 1380 Ruﬁni
1857 1334 1976 1380 astu
2001 1333 2059 1380 et

467 1421 685 1475 vafritie
753 1419 954 1474 factum
1007 1427 1137 1485 puto
1173 1456 1188 1481 ,
1240 1417 1332 1485 qui
1381 1417 1446 1470 ad
1499 1415 1881 1470 declinandam
1930 1416 2054 1472 facti

470 1513 726 1568 invidiam
763 1511 925 1582 (male
952 1510 1150 1580 quippe
1173 1509 1429 1563 audiebat
1457 1506 1710 1578 Origenis
1747 1505 1966 1578 nomen)
2001 1515 2058 1561 et

469 1604 525 1658 in
553 1601 961 1671 Hieronymum,
989 1613 1020 1652 a
1051 1614 1160 1668 quo
1189 1612 1332 1666 saepe
1365 1595 1698 1666 Origenismi
1732 1611 1899 1651 causa
1959 1612 2058 1651 ex-

473 1694 709 1764 agitatus
736 1691 936 1754 fuerat,
970 1689 1379 1752 refundendam,
1409 1703 1604 1743 nomen
1634 1701 1788 1742 suum
1822 1703 1929 1743 non
1963 1703 2060 1758 ap-

470 1785 668 1857 posuit,
701 1780 960 1836 modestia
991 1779 1191 1836 factum
1219 1779 1516 1847 simulans,
1552 1779 1696 1848 quod
1727 1779 1886 1834 malis
1919 1781 2058 1834 arti-

473 1885 571 1936 bus
595 1891 773 1935 actum
799 1886 928 1932 erat
977 1894 990 1930 :

471 1972 820 2028 conscientia:
846 1984 979 2025 mea:
1004 1982 1110 2038 qua
1133 1967 1338 2023 nomini
1365 1966 1570 2030 defero,
1607 1967 1824 2021 etiamsi
1851 1966 2056 2021 addere

473 2067 666 2136 aliqua
691 2064 902 2128 videor,
933 2071 988 2118 et
1011 2060 1230 2130 explere
1262 2075 1382 2130 quae
1407 2061 1629 2125 desunt,
1675 2067 1767 2112 aut
1805 2059 2056 2114 breviare

473 2170 593 2224 quae
639 2154 795 2223 longa
841 2165 998 2219 sunt,
1046 2152 1215 2206 furari
1272 2161 1453 2205 tamen
1514 2149 1730 2204 titulum
1775 2148 1932 2219 ejus,
1963 2148 2055 2218 qui

472 2247 882 2303 fundamentum
910 2245 1092 2315 operis
1135 2245 1301 2314 jecit,
1353 2253 1410 2298 et
1456 2243 1808 2298 construendi
1839 2242 2052 2298 aediﬁcii

476 2341 754 2396 materiam
776 2339 1282 2410 pra3buit,‘rectum
1325 2351 1430 2391 non
1471 2346 1624 2404 puto.
1677 2334 1761 2389 Sit
1813 2349 1948 2390 sane
1998 2335 2052 2390 in

475 2433 700 2491 arbitrio
727 2432 964 2502 legentis
991 2444 1289 2500 cum-opus
1312 2428 1649 2499 probaverit,
1678 2428 1860 2494 aperis
1891 2428 2056 2482 meri-

475 2535 586 2579 tum
629 2524 713 2578 cui
767 2523 898 2578 velit
955 2522 1306 2576 ascribere.»
1340 2519 1557 2575 Deinde
1604 2519 1657 2572 in
1699 2517 2055 2575 Peroratione

473 2617 637 2672 verba
672 2617 787 2670 hate
835 2614 1017 2669 dolose
1045 2613 1242 2684 adjecit
1275 2628 1290 2665 :
1329 2630 1349 2664 ι
1387 2613 1555 2666 Aiunt
1594 2610 1739 2664 enim
1789 2611 1922 2665 mihi
1955 2612 2052 2665 :In

473 2708 560 2762 his
588 2722 708 2776 quae
739 2706 955 2772 scribis,
982 2705 1238 2775 quoniam
1261 2703 1505 2772 plurima
1538 2703 1594 2757 in
1627 2701 1708 2756 eis
1755 2701 1828 2756 tui
1875 2701 2056 2771 operis

477 2792 764 2857 habentur,
795 2795 858 2846 da
893 2792 1106 2846 titulum
1135 2792 1370 2848 nominis
1411 2791 1524 2857 tui,
1569 2801 1624 2846 et
1669 2791 1890 2846 scribe:
1925 2789 2054 2845 Hie-

479 2885 710 2960 ronymi,
747 2883 893 2939 verbi
918 2885 1200 2954 gratia,‘in
1223 2883 1515 2948 Epistolam
1550 2887 1618 2940 ad
1661 2886 1926 2940 Romanos
1951 2883 2056 2938 Ex-

477 2977 844 3047 planationum
896 2975 1040 3033 libri.
1094 2995 1115 3028 ι
1182 2977 1320 3032 Hinc
1373 2977 1549 3033 delusi
1598 2979 1754 3033 bardi
1806 2977 2057 3032 homines

472 3066 786 3141 Hieronymi
822 3071 1041 3124 nomine
1091 3072 1290 3126 librum
1331 3069 1822 3140 prescripserunt.
1868 3069 1939 3122 At
1971 3071 2058 3127 vel

475 3175 540 3214 ex
563 3175 628 3215 eo
653 3160 923 3216 stoliditas
958 3176 1146 3216 eorum
1196 3161 1466 3231 arguitur.
1501 3159 1636 3215 Nam
1688 3162 1734 3216 si
1785 3161 2058 3230 interpres

476 3253 667 3308 fuisset
720 3251 1100 3322 Hieronymus,
1144 3269 1244 3309 cur
1290 3267 1450 3308 voces
1492 3251 1647 3318 illas,
1693 3252 2050 3321 ocrbigratia,

474 3343 790 3410 addidisset,
824 3359 945 3414 qua:
985 3345 1262 3400 declarant
1307 3343 1556 3398 ﬁctitimn
1599 3357 1722 3398 esse
1766 3351 1822 3397 et
1868 3341 2052 3396 asciti-

475 3435 605 3492 tium
636 3436 688 3490 id
736 3452 954 3502 nomen,
1006 3450 1112 3490 non
1165 3433 1507 3505 legitimum?
1555 3432 1847 3503 Suhjungit
1887 3432 2049 3502 paulo

547 3614 660 3684 (8i)
698 3615 806 3686 Cur
859 3613 1179 3686 Hieronymo
1214 3616 1421 3680 tributa
1472 3617 1563 3679 sit,
1615 3614 1958 3686 Ruﬁniiastu
2000 3627 2048 3671 et

474 3686 684 3756 uafrilie
707 3685 906 3754 factum
935 3685 1082 3753 puto,
1115 3695 1222 3756 etc.
1251 3686 1367 3741 Non
1395 3690 1553 3740 modo
1583 3701 1687 3740 non
1720 3685 1923 3756 hujus,
1951 3687 2048 3742 sed

477 3770 578 3813 nec
606 3755 767 3809 ullius
795 3755 1252 3823 interpretationis
1292 3756 1452 3811 fronti
1484 3771 1678 3810 nomen
1710 3755 1867 3810 suum
1903 3772 2042 3824 pra:-

477 3828 597 3880 lixit
635 3825 861 3896 Ruﬁnus
887 3841 902 3876 ί
933 3827 1076 3894 quod
1104 3827 1322 3894 quidem
1353 3827 1485 3880 satis
1508 3835 1652 3896 patet
1675 3835 1784 3879 tum
1809 3835 1886 3881 ex"
1905 3826 2044 3881 Gen-

478 3898 637 3951 nadio
665 3894 1009 3966 Massiliensi,
1042 3907 1102 3951 ut
1137 3911 1264 3950 mox
1288 3894 1551 3962 dicemus,
1578 3905 1687 3950 tum
1723 3911 1792 3966 ex
1825 3911 2043 3966 perora-

479 3969 625 4022 tione
652 3969 704 4020 in
727 3968 866 4021 hanc
890 3967 956 4036 ad
984 3965 1260 4022 Romanos
1286 3966 1614 4036 Epistolam,
1666 3965 1758 4022 ubi
1801 3965 1878 4022 ait
1929 3967 2044 4036 ipse

480 4038 704 4091 Rullnus
751 4051 810 4091 se
854 4035 1255 4090 Satisl'acturum
1313 4035 1502 4092 amicis
1568 4037 1718 4101 suis,
1781 4046 1838 4091 et
1889 4035 2047 4092 titulo

480 4109 738 4162 librorum
775 4107 946 4162 sancti
993 4107 1322 4172 Clementis,
1366 4122 1596 4177 quorum
1646 4107 2050 4176 interpretatio-

478 4193 602 4232 nem
635 4177 1013 4240 meditabatur,
1050 4192 1244 4233 nomen
1296 4193 1452 4233 suum
1496 4193 1556 4232 se
1607 4178 1879 4232 daturum.
1909 4177 2052 4230 Nun-

479 4249 608 4318 quid
634 4247 758 4300 iude
797 4247 1250 4313 concludendum,
1288 4247 1660 4318 juxtaJHuetii
1701 4247 2048 4318 sententiam,

479 4316 670 4371 omnes
700 4318 1168 4389 interpretationes
1191 4316 1318 4389 suas
1349 4319 1402 4389 in
1443 4316 1829 4389 Hiemuymum
1858 4316 2050 4389 refun-

482 4391 614 4442 dere
656 4386 887 4441 voluisse
916 4386 1208 4441 Ruﬁnum?
1259 4387 1365 4442 Sed
1396 4388 1525 4457 quid
1559 4385 1876 4442 absurdius?
1919 4385 2050 4452 Quis

482 4459 626 4512 enim
663 4466 853 4528 auctor
880 4472 1177 4528 anonymus
1219 4457 1424 4513 fraudis
1464 4457 1704 4527 ejusdem
1749 4457 2048 4528 insimulari

483 4543 587 4582 non
623 4527 855 4598 poterit?
889 4529 998 4580 imo
1023 4528 1152 4598 quid
1174 4528 1375 4583 vetabit
1401 4528 1688 4598 quominus
1727 4527 1867 4581 idem
1901 4528 2048 4580 dica-

483 4610 570 4652 tur
597 4596 668 4651 d’e
705 4596 1064 4668 Hieronymo?
1099 4596 1210 4652 Nec
1246 4599 1388 4652 enim
1409 4599 1521 4666 ipse
1547 4596 1796 4668 0rigenis
1828 4611 1991 4665 opera
2021 4614 2048 4650 a

482 4684 542 4724 se
570 4667 829 4738 translata
866 4681 966 4720 suo
1013 4670 1229 4738 nomine
1267 4669 1534 4738 signavit,
1577 4667 1846 4736 siquidem
1869 4707 1884 4732 ,
1919 4676 2055 4738 teste

484 4737 787 4803 Gennadio,
816 4737 1094 4806 procemiis
1125 4737 1337 4792 tantum
1367 4739 1820 4806 dignoscebatur,
1863 4737 1991 4805 quid
2022 4753 2053 4790 a

484 4808 700 4873 Rulino,
731 4809 859 4877 quid
888 4811 955 4862 ab
998 4807 1324 4878 Hieronymo
1375 4807 1567 4862 fuisset
1613 4809 2052 4878 interpretatum,

485 4897 505 4931 ‹
535 4875 880 4946 Quaecunque
921 4875 1215 4948 praemissis
1255 4877 1498 4948 Prologis
1544 4892 1573 4930 a
1614 4877 1820 4948 Latinis
1857 4875 2054 4948 legun-

481 4960 603 5014 tur,
645 4967 664 5000 ι
723 4948 898 5017 inquit
952 4946 1262 5002 Gennadius
1314 4946 1553 5017 Catdlog.
1619 4947 1780 4999 uiror.
1826 4946 2051 5010 illustr.,

479 5036 600 5089 cap.
626 5019 718 5084 18,
758 5036 777 5069 ι
819 5034 848 5072 a
876 5017 1069 5072 Ruﬁno
1117 5019 1468 5088 interpretata
1513 5027 1637 5071 sunt
1669 5031 1682 5066 :
1711 5030 1830 5089 quae
1870 5027 2049 5089 autem

481 5085 597 5145 sine
627 5089 878 5159 Prologo,
912 5092 984 5159 ab
1011 5089 1117 5159 alio
1143 5085 1402 5142 translata
1441 5097 1575 5142 sunt
1625 5089 1724 5159 qui
1761 5085 2049 5159 Prologum

483 5162 661 5216 facere
698 5156 870 5214 noluit
900 5178 914 5211 :
953 5156 1200 5228 Origenis
1231 5168 1408 5211 autem
1443 5175 1547 5211 non
1582 5157 1796 5220 omnia,
1829 5157 1952 5228 quia
1998 5166 2052 5210 et

482 5231 842 5301 Hieronymus
883 5227 1157 5301 transtulit
1181 5229 1454 5301 aliquanta
1476 5268 1490 5292 ,
1531 5243 1658 5301 qua:
1689 5242 1797 5301 suo
1808 5227 2051 5301 _l’rologo

483 5297 882 5356 discernuntur.
923 5319 942 5350 ι
978 5298 1146 5353 Porro
1175 5314 1297 5352 cum
1329 5298 1573 5368 Prologis
1599 5298 1731 5352 satis
1751 5297 2050 5368 dignosce-

485 5381 632 5426 retur
655 5371 784 5440 quid
815 5387 843 5422 a
871 5369 1089 5434 Ruﬁno,
1121 5369 1248 5438 quid
1281 5369 1349 5440 ab
1376 5366 1704 5440 Hieronymo
1741 5367 1933 5421 fuisset
1953 5367 2050 5440 jn-

485 5436 855 5509 terprefatum,
891 5436 1183 5509 nonhvide'o
1219 5436 1756 5509 undeRuﬁni‘astus
1794 5447 1848 5491 et
1878 5436 2048 5490 vafri-

487 5507 584 5565 ties
611 5513 724 5565 erui
753 5520 970 5579 queant.
998 5507 1267 5564 Prwterea
1291 5509 1337 5562 si
1370 5508 1422 5562 in
1443 5509 1828 5579 Hieronymum
1859 5521 2048 5579 omnes

484 5575 956 5649 interpretationes
987 5596 1114 5634 suas
1161 5581 1444 5649 refundere
1490 5575 1750 5633 voluiSset
1777 5575 2044 5649 Rufinus,

486 5647 723 5719 nunquid
774 5659 1054 5719 tanmpere
1101 5650 1215 5718 ipse
1259 5647 1581 5716 Origenismi
1625 5662 1790 5701 causa
1823 5649 1891 5701 ab
1923 5647 2048 5699 Hie-

484 5735 708 5791 ronymo
734 5723 1040 5791 exagitatus
1061 5760 1074 5784 ,
1108 5722 1207 5772 has
1235 5721 1472 5791 proauis
1510 5731 1801 5788 agnoscere
1834 5731 1938 5791 non
1969 5731 2049 5770 re-

485 5789 764 5845 cusasset?
799 5791 959 5858 Atqui
1004 5801 1182 5843 tamen
1218 5789 1406 5842 nullibi
1449 5791 1588 5842 fetus
1636 5803 1766 5841 suos
1821 5790 2048 5858 denegat

475 5858 732 5927 Ruﬁnus,
756 5862 865 5916 imo
888 5856 948 5914 in
984 5859 1134 5914 libris
1181 5873 1315 5927 quos
1344 5859 1562 5926 scripsit
1611 5859 1870 5913 adversus
1918 5856 2044 5912 Hre-

2155 593 2349 647 Ruﬁno
2395 592 2598 647 factum
2643 606 2764 646 esse
2814 603 3054 656 constat,
3103 607 3208 647 non
3267 591 3334 647 ab
3371 591 3736 664 Hieronymo;

2157 692 2266 736 tum
2302 682 2421 735 ait:
2467 699 2484 732 ι
2523 680 2868 734 Satisfaciam
2922 697 3056 736 sane
3107 683 3160 734 in
3209 697 3274 736 eo
3325 682 3513 736 amicis
3564 681 3733 748 meis;

2154 779 2291 833 dabo
2331 778 2486 831 titulo
2517 791 2712 830 nomen
2745 791 2946 841 meum,
2979 777 3218 832 auctoris
3259 777 3611 831 nihilominus
3641 791 3739 832 vo-

2155 871 2351 926 cabulo
2387 882 2740 939 permanente
2783 889 2798 924 :
2839 889 2966 926 nam
3008 871 3319 941 Hieronymi
3373 885 3440 926 ne
3493 879 3733 939 putetur,

2154 963 2408 1017 Clemens
2437 964 2707 1017 scribetur
2740 984 2751 1017 :
2789 984 2807 1015 ι
2848 963 3160 1033 Hieronymi
3195 978 3416 1032 nempe,
3449 961 3602 1029 cujus
3637 977 3736 1017 no-

2157 1069 2280 1108 men
2310 1056 2605 1124 ascriptum
2637 1072 2800 1124 supra
2839 1056 3014 1113 ﬁnxit.
3069 1056 3267 1111 Eadem
3294 1055 3545 1124 ,versutia
3574 1070 3736 1108 usum

2154 1160 2274 1200 esse
2308 1162 2411 1200 non
2440 1149 2609 1204 semel
2644 1148 2896 1202 Ruﬁnum
2925 1148 3034 1214 jam
3065 1162 3226 1216 supra
3265 1163 3416 1202 num.
3450 1146 3484 1200 5
3522 1147 3730 1201 notavi-

2158 1253 2300 1292 mus.
2350 1237 2404 1291 ln
2463 1238 2694 1309 Prologo
2739 1239 3085 1293 homiliarum
3130 1240 3183 1292 in
3219 1237 3382 1292 Iosue
3433 1238 3737 1293 sententias

2158 1327 2470 1400 Hieronymi
2497 1340 2551 1384 et
2579 1332 2778 1398 stylnm
2809 1331 3015 1385 referre
3045 1340 3270 1384 conatus
3312 1337 3410 1384 est.
3446 1327 3503 1382 In
3539 1328 3737 1383 Praafa-

2163 1419 2307 1474 tione
2333 1421 2399 1475 ad
2427 1420 2594 1476 libros
2622 1421 2763 1490 Περὶ
2808 1419 3009 1490 ἀρχῶν
3058 1435 3254 1474 nomen
3307 1435 3464 1474 suum
3514 1419 3734 1475 celavit.

2158 1509 2235 1564 ita
2282 1511 2602 1566 occultando
2643 1513 3020 1582 Origenismo,
3063 1522 3118 1566 et
3170 1511 3496 1566 traducendo
3542 1509 3735 1566 Hiero-

2158 1615 2322 1671 nymo
2351 1601 2538 1656 fucum
2565 1604 2723 1672 vulgo
2753 1603 3009 1658 faciebat.
3058 1602 3279 1657 Minime
3330 1603 3509 1670 itaque
3550 1616 3738 1657 assen-

2161 1694 2267 1746 tior
2296 1691 2548 1760 Erasmo,
2589 1695 2862 1764 mangonii
2895 1693 3054 1761 hujus
3080 1693 3338 1748 librarios
3379 1693 3739 1757 insimulanti,

2158 1792 2214 1836 et
2237 1783 2303 1836 ad
2327 1792 2602 1853 emptores
2631 1785 2944 1839 alliciendos
2971 1795 3295 1855 praetextum
3337 1785 3407 1839 ab
3445 1785 3510 1838 iis
3550 1783 3739 1840 Hiero-

1047 1893 1066 1926 ι
1112 1875 1309 1930 Verum
1357 1889 1488 1942 ego,
1544 1874 1738 1944 inquit,
1795 1875 1885 1942 qui
1937 1875 2058 1943 plus
2089 1871 2130 1926 Β
2162 1874 2308 1945 nymi
2341 1889 2534 1930 nomen
2563 1877 2830 1934 censenti.
2873 1876 3078 1932 Praater
3129 1886 3463 1932 contractam
3511 1877 3655 1932 illam
3683 1885 3740 1932 et

2161 1975 2462 2021 truncatam
2500 1967 2679 2022 Ruﬁni
2729 1969 3258 2038 interpretationem,
3315 1970 3576 2024 habemus
3607 1970 3739 2023 tomi

2155 2061 2313 2130 primi
2343 2063 2645 2130 portionem
2675 2063 2727 2117 in
2765 2065 3024 2132 Apologia
3059 2063 3360 2133 Pamphili;
3407 2064 3566 2134 longe
3604 2079 3740 2120 vero

2155 2151 2474 2218 ampliorem
2523 2153 2699 2222 capite
2753 2153 3070 2208 Philocaliw
3113 2155 3206 2208 24.
3253 2155 3415 2208 Aliud
3459 2171 3679 2225 quoque
3706 2173 3740 2213 e

2159 2250 2304 2296 torno
2336 2257 2478 2296 nono
2513 2245 2876 2314 fragmentum
2916 2244 3070 2298 nobis
3101 2243 3260 2298 offert
3301 2255 3463 2314 caput
3495 2246 3736 2312 ejusdem

2156 2329 2473 2387 Philocalia:
2505 2349 2728 2388 nonum.
2760 2334 3021 2406 Exiguam
3047 2335 3282 2404 denique
3314 2336 3636 2404 particulam
3669 2352 3738 2391 ex

2154 2424 2342 2477 eodem
2371 2437 2535 2492 opere
2564 2425 2941 2479 subministrat
2969 2425 3076 2479 alio
3109 2425 3383 2496 Apologia:
3429 2426 3546 2482 loco
3577 2427 3742 2482 Pam-

2155 2517 2360 2586 philus.
2393 2514 2620 2571 Tomum
2654 2532 2806 2583 vero,
2843 2519 2984 2572 unde
3014 2518 3276 2572 translata
3307 2530 3428 2585 est,
3483 2535 3587 2574 non
3643 2535 3742 2577 no-

2155 2609 2308 2666 tavit.
2343 2609 2520 2678 Atque
2552 2611 2666 2664 ltzec
2695 2625 2820 2665 cum
2872 2611 3171 2681 legitimum
3211 2613 3404 2666 horum
3443 2612 3741 2669 Commen-

2156 2700 2419 2754 tariorum
2475 2711 2756 2757 auctorem
2820 2703 3205 2757 Adamantium
3265 2718 3385 2760 esse
3439 2705 3742 2762 clarissime

2156 2793 2568 2858 demonstrent,
2607 2809 2714 2848 non
2741 2794 3004 2849 dubitavit
3035 2805 3214 2851 tamen
3257 2797 3491 2850 novitius
3519 2799 3738 2867 quidam

2157 2886 2395 2955 scriptor
2444 2885 2812 2941 heterodoxus
2857 2887 2956 2942 hos
2997 2889 3144 2958 ipsos
3173 2889 3227 2944 in
3269 2890 3738 2959 supposititiorum

2157 2977 2411 3047 Origenis
2435 2978 2766 3046 scriptorum
2803 2979 3004 3033 seriem
3048 2979 3356 3048 conjicere;
3399 2995 3429 3033 a
3470 2979 3740 3036 Gulielmo

2157 3067 2421 3124 Perkinso
2451 3069 2690 3133 delusus,
2718 3070 2808 3137 qui
2862 3084 2956 3125 eos
3012 3071 3152 3128 male
3200 3072 3416 3144 quidem
3463 3088 3492 3126 a
3542 3071 3741 3128 Ruﬁno

2161 3172 2454 3214 conversos
2485 3158 2726 3227 scripsit,
2778 3161 2922 3227 quod
2957 3159 3296 3215 verissimum
3352 3171 3470 3228 est;
3517 3162 3738 3232 Origeni

2163 3265 2293 3306 vero
2331 3250 2470 3305 falso
2503 3263 2626 3304 esse
2655 3250 2888 3304 tributos
2916 3251 3230 3318 neutiquam
3260 3252 3538 3322 cogitavit.

2228 3341 2342 3413 (85)
2365 3340 2589 3396 Brevem
2621 3341 2744 3395 libri
2778 3341 2920 3396 tertii
2950 3342 3005 3394 in
3042 3339 3331 3409 Epistolam
3367 3343 3437 3394 ad
3464 3342 3743 3399 Coloneu-

2155 3449 2235 3488 se:
2263 3434 2540 3499 laciniam,
2591 3443 2647 3489 et
2701 3433 2834 3488 alias
2887 3432 3086 3487 libriin
3118 3430 3413 3502 Epistolam
3449 3435 3518 3487 ad
3565 3433 3740 3489 Titum

2155 3631 2467 3688 ronymum,
2498 3616 2679 3688 libros
2702 3615 2841 3684 Περὶ
2877 3615 3098 3685 ἀρχῶν,
3135 3615 3425 3688 pluresque
3450 3613 3588 3671 alios
3619 3630 3646 3670 a
3678 3631 3741 3671 se

2158 3687 2447 3742 translatos
2493 3687 2659 3742 fuisse
2723 3687 2865 3740 ultro
2904 3698 2960 3740 et
3021 3697 3207 3755 aperte
3265 3687 3503 3751 fatetur,
3563 3697 3618 3739 et
3681 3689 3740 3742 in

2149 3772 2244 3812 sua
2293 3757 2636 3826 peroratione
2685 3756 2737 3810 in
2791 3757 2930 3826 hanc
2983 3757 3048 3810 ad
3113 3756 3387 3811 Romanos
3443 3755 3739 3826 Epistulam

2147 3824 2388 3882 omnium
2432 3827 2678 3897 Origenis
2701 3827 2755 3881 in
2780 3824 3193 3880 i’entateuchum
3214 3867 3229 3891 ,
3268 3827 3324 3878 in
3357 3824 3540 3880 Jesuin
3567 3825 3733 3892 Nave,

2149 3900 2206 3951 in
2233 3897 2470 3961 lodices,
2495 3908 2550 3951 et
2581 3899 2634 3950 in
2674 3897 2935 3966 quosdam
2978 3897 3218 3964 psalmos
3263 3897 3737 3950 elucubrationum

2152 3968 2499 4036 interpretem
2545 3968 2678 4021 satis
2733 3981 2853 4021 sese
2901 3969 3220 4036 proﬁtetur,
3287 3982 3409 4020 cum
3472 3966 3740 4035 promittit

2156 4037 2354 4091 ibidem
2387 4052 2508 4090 sese
2558 4051 2949 4092 conversurum
2985 4036 3278 4092 Clementis
3324 4036 3492 4091 libros
3516 4077 3531 4102 ,
3564 4037 3733 4105 quod,

2156 4107 2243 4159 vel
2281 4105 2474 4161 Huetio
2499 4107 2710 4176 judice,
2756 4122 2784 4160 a
2827 4105 3026 4160 Ruﬁno
3079 4105 3282 4176 factum
3331 4121 3451 4160 esse
3495 4119 3735 4176 eonstat,

2158 4192 2268 4231 non
2297 4176 2366 4230 ab
2399 4175 2750 4247 Hieronymo.
2781 4176 3082 4247 Attinquit
3129 4175 3459 4247 Huetios,in
3500 4175 3735 4247 Perora-

2159 4249 2302 4301 tione
2327 4247 2393 4300 ad
2423 4245 2727 4301 Heraclitum
2755 4247 2837 4301 bis
2865 4245 3220 4316 Hieronymus
3245 4246 3400 4315 quasi
3452 4246 3611 4314 hujus
3653 4249 3739 4300 in-

2157 4324 2366 4386 terpres
2391 4333 2419 4369 a
2455 4316 2651 4371 Ruﬁno
2682 4317 2866 4371 dolose
2897 4318 3230 4370 nominatur.
3277 4316 3352 4370 ita
3396 4319 3615 4385 quidem
3656 4317 3736 4386 le-

2157 4385 2439 4456 guntediti
2476 4396 2630 4440 antea
2657 4386 2815 4449 libri,
2859 4387 2954 4440 sed
2997 4386 3371 4449 librariorum.
3411 4403 3515 4440 non
3555 4385 3737 4440 Ruﬁni

2157 4455 2371 4526 vafritie
2394 4455 2594 4526 factum
2625 4456 2754 4510 illud
2778 4470 2899 4510 esse
2919 4457 3207 4511 contendo.
3243 4457 3297 4511 Si
3326 4458 3468 4510 enim
3493 4457 3733 4526 genuina

2084 4565 2127 4618 D
2299 4524 3263 4618 essgétllecltio,manusc-ripti
3275 4524 3530 4618 codices,
3550 4528 3736 4618 etiam

2157 4597 2232 4650 illi
2305 4597 2396 4666 qui
2451 4595 2725 4666 Ruﬁnum,
2787 4595 2944 4664 hujus
3029 4598 3491 4665 interpretationis
3547 4611 3738 4650 aneto-

2158 4680 2268 4720 rem
2312 4665 2637 4736 agnoscunt,
2686 4665 2999 4735 HierOnymi
3049 4683 3244 4720 nomen
3283 4676 3587 4722 servarent.
3635 4669 3737 4720 At-

2156 4738 2246 4804 qui
2281 4735 2455 4791 tamen
2496 4737 2710 4791 codices
2741 4747 2909 4791 ROSlI‘l
2958 4736 3269 4806 Hieronymi
3317 4738 3434 4791 loco
3479 4735 3736 4789 R'ulinum

2156 4809 2354 4876 ubique
2382 4808 2696 4870 restituunt,
2724 4817 2778 4860 et
2809 4808 2880 4859 ita
2926 4806 3208 4872 legendum
3259 4822 3382 4864 esse
3427 4809 3738 4861 certissime

2155 4877 2532 4931 demonstrant
2557 4887 2670 4930 tum
2707 4877 2829 4930 libri
2861 4876 3131 4943 Origenis,
3167 4886 3276 4928 tum
3300 4878 3739 4931 libriClement:s

2154 4946 2354 4999 ibidem
2392 4947 2694 5009 memorati,
2727 4961 2861 5015 quos
2904 4963 2932 4997 a
2979 4946 3175 5000 Ruﬁno
3233 4961 3527 5001 conversos
3571 4947 3740 5000 fuisse

2155 5026 2385 5070 constat.
2420 5018 2659 5084 Denique
2689 5016 2735 5069 si
2762 5027 2870 5068 tam
2908 5025 3092 5086 aperte
3137 5015 3525 5086 Hieronymum
3575 5018 3735 5086 quasi

2160 5085 2318 5156 hujus
2361 5087 2541 5155 operis
2583 5092 2936 5156 interpretem
2976 5084 3354 5156 fraudulenter
3401 5084 3740 5156 designasset

2154 5153 2427 5223 Rulinus',
2458 5156 2700 5224 nunquid
2732 5153 2874 5209 hanc
2916 5155 3184 5209 fallaciam
3208 5153 3740 5224 ignorasset—Hiero-

2153 5229 2380 5294 nymus?
2433 5226 2676 5295 nunquid
2729 5241 2834 5278 non
2870 5225 3258 5280 reclamasset?
3293 5227 3443 5281 Unde
3488 5228 3545 5280 fit
3574 5230 3739 5294 igitur

2153 5307 2211 5348 ut
2241 5306 2460 5350 sanctus
2502 5297 2812 5366 doctorqui
2850 5312 2915 5348 ne
2957 5297 3240 5348 minimum
3271 5298 3491 5366 quidem
3539 5297 3736 5349 Ruﬁno

2152 5367 2500 5427 condonavit,
2527 5367 2667 5419 hanc
2689 5365 2933 5419 fraudem
2957 5377 3135 5418 tamen
3163 5365 3348 5419 nullibi
3379 5366 3738 5420 criminetur?

2152 5435 2323 5488 Nolim
2353 5451 2486 5505 ergo
2516 5436 2765 5488 Rulinum
2807 5435 2966 5501 hujus
3017 5435 3216 5505 dolosa:
3267 5438 3404 5490 artis
3453 5451 3732 5500 accusare,

2149 5521 2312 5574 quam
2340 5504 2440 5559 nec
2485 5507 2597 5572 ipse
2627 5511 2836 5572 uspiam
2871 5506 3048 5574 arguit
3094 5504 3486 5575 Hieronymus.
3524 5521 3622 5560 nec
3655 5508 3736 5558 ul—

2149 5577 2234 5628 lus
2261 5577 2400 5629 alius
2435 5589 2630 5642 praeter
2677 5576 2929 5628 lluetium
2980 5590 3092 5628 :ac
3144 5578 3368 5644 proinde
3411 5579 3582 5646 magis
3639 5580 3735 5629 ador

2152 5649 2330 5700 haereo
2367 5648 2571 5699 Erasmi
2604 5647 2906 5710 sententiae,
2935 5647 3026 5714 qui
3062 5647 3334 5714 mangouii
3364 5648 3615 5701 librarios
3651 5648 3734 5698 in-

2149 5719 2429 5779 simulatis,
2468 5718 2532 5767 ad
2567 5727 2838 5784 emptores
2861 5716 3176 5770 alliciendos
3218 5727 3541 5785 praetextum
3570 5719 3639 5771 ab
3667 5718 3734 5772 iis

2153 5785 2462 5855 Hieronymi
2502 5802 2695 5838 nomen
2730 5787 3048 5838 arbitratur.

2221 5856 2334 5926 (85)
2361 5855 2580 5911 Brevem
2605 5856 2726 5910 libri
2758 5857 2897 5911 tertii
2926 5856 2976 5911 in
3004 5855 3302 5926 Epistolam
3339 5858 3406 5913 ad
3431 5856 3730 5914 Colossen-
