4152 6398
395 394 531 450 1229
1237 387 1808 446 ORIGENIANORUM
1845 388 1974 444 LIB.
2013 383 2100 454 lll,
2139 385 2290 444 CAP.
2329 386 2392 452 ll,
2435 386 2625 442 SECT.
2663 387 2755 442 IV.
3510 387 3644 442 l230

393 510 678 567 nonnullas
704 510 1031 581 Apologetico
1060 523 1158 563 suo
1211 507 1522 578 Pamphilus
1576 508 1806 564 infulsit.
1833 506 1958 562 Hie-
1986 513 2033 568 Α
2059 508 2236 567 suris;
2264 504 2424 573 hujus
2449 506 2716 574 praecipue
2749 504 2970 574 vestigia
3004 505 3256 574 persequi
3299 504 3472 561 decet.
3517 508 3644 561 Col-

395 603 739 674 ronymusin
781 601 1020 672 Epistola
1071 601 1136 655 ad
1166 599 1486 654 Minervium
1511 609 1567 654 et
1601 599 1969 654 Alexandrum
2071 596 2274 668 legerat
2344 597 2454 666 jam
2528 605 2656 650 ante
2733 596 3091 651 Adamantius
3164 595 3644 666 interpretationes

400 695 762 761 fragmentum
814 689 973 744 affert
1021 705 1052 744 e
1112 690 1272 742 tertio
1311 687 1585 742 volumine
1638 686 1971 758 ὲξηγηματι-

393 784 506 838 κῶν
574 782 824 852 Origenis
875 784 932 834 in
991 779 1021 833 Ι
1065 781 1135 833 ad
1193 779 1693 833 Thessalonicenses.
1752 779 1833 832 Ex
1882 779 1971 833 lio-

394 875 559 929 miliis
595 875 652 927 in
682 874 982 939 I'Ipistolam
1031 872 1099 924 ad
1149 870 1400 924 Hebraeos
1450 870 1678 939 paucula
1723 869 1967 936 quaedam

393 967 677 1035 descripsit
709 966 973 1021 Eusebius
1011 966 1135 1020 libr.
1167 979 1217 1018 v1
1254 963 1483 1028 Histor.,
1531 977 1652 1032 cap.
1695 961 1784 1017 25.
1821 959 1969 1015 Indi-

390 1059 514 1110 dem
553 1057 806 1112 nonnulla
835 1055 991 1112 aﬂ‘ert
1026 1055 1339 1126 Pamphilus
1385 1054 1618 1109 diversis
1647 1052 1968 1122 Apotogetici

392 1148 477 1202 sui
524 1149 676 1203 locis.

465 1239 629 1294 Multa
661 1247 922 1310 praeterea
949 1252 981 1293 e
1012 1236 1181 1292 variis
1209 1235 1463 1306 Origenis
1501 1234 1968 1290 lucubrationibus

394 1331 693 1404 fragmenta
723 1341 932 1387 catenae
965 1329 1421 1393 subministrant;
1467 1329 1564 1382 sed
1606 1342 1781 1398 neque
1821 1326 1968 1382 locos

395 1424 536 1479 unde
561 1423 650 1478 illa
685 1425 846 1494 petita
874 1431 1001 1479 sunt
1023 1423 1302 1490 indicant;
1337 1437 1439 1477 nec
1468 1431 1616 1476 certa
1637 1431 1721 1475 est
1751 1429 1969 1477 catena-

396 1530 516 1570 rum
548 1515 698 1580 ﬁdes,
732 1525 790 1570 ut
820 1514 1126 1570 monuimus
1153 1513 1300 1570 alibi.
1335 1513 1675 1584 Quapropter
1695 1512 1968 1584 fragmen-

396 1617 574 1663 torum
598 1622 716 1677 qua:
749 1624 812 1664 ex
839 1608 904 1661 iis
935 1606 1172 1676 profecta
1209 1615 1356 1674 sunt,
1389 1605 1589 1660 nullam
1636 1605 1724 1660 hic
1758 1605 1964 1660 haben-

397 1699 520 1754 dam
548 1699 811 1754 rationem
837 1698 1110 1752 duximus.
1143 1697 1221 1752 Ex
1252 1699 1318 1753 iis
1347 1707 1523 1752 autem
1548 1707 1818 1766 excerpta:
1840 1709 1968 1752 sunt

399 1789 580 1844 multat
608 1789 857 1858 Origenis
897 1790 952 1843 in
991 1789 1170 1844 varios
1209 1790 1506 1857 Scriptura)
1553 1788 1721 1844 libros
1767 1789 1966 1861 ἐξηγή-

398 1897 535 1944 σεις,
569 1895 688 1950 ιιυω
721 1881 772 1935 in
805 1880 1074 1936 Valicanae
1125 1879 1466 1936 bibliotheca:
1512 1880 1774 1952 catalogis
1817 1895 1968 1938 com-

397 1985 674 2027 memoran
684 1980 734 2026 tu
743 1987 789 2025 I‘.

995 2061 1238 2119 SECTIO
1283 2063 1372 2117 IV.

475 2169 543 2209 DE
567 2170 812 2211 ORIGENIS
838 2171 1134 2210 TETRAPLIS
1153 2197 1168 2222 ,
1195 2170 1454 2211 HEXAPIJS
1498 2170 1566 2210 ετ
1601 2171 1880 2213 OC'I'AI‘LIS.

2071 685 2367 754 Scriptura:
2397 701 2426 740 a
2461 683 2780 741 Senioribus
2806 685 3178 756 Septuaginta,
3205 687 3399 755 Aquila
3419 727 3435 753 ,
3462 685 3642 742 Theo-

2070 778 2286 833 dotione
2334 788 2388 834 et
2421 777 2746 849 Symmacho
2787 778 3153 833 elucubratas.
3205 778 3458 845 Quintam
3502 795 3645 850 prai-

2071 875 2218 922 terea
2252 876 2308 922 ct
2331 880 2540 924 sextam
2583 868 2879 924 editionem
2920 869 3262 924 commodum
3300 881 3493 925 nactus
3533 881 3642 936 est,

2068 971 2205 1025 quas
2243 957 2296 1010 in
2343 957 2553 1027 angulis
2610 958 2932 1026 quibusdam
2993 958 3236 1013 occultas
3283 959 3642 1030 investigasse

2068 1047 2245 1117 ipsum
2274 1055 2330 1102 et
2368 1049 2420 1102 in
2453 1047 2627 1104 lucem
2658 1049 2895 1104 edidisse
2925 1049 3116 1104 scribit
3149 1049 3437 1105 Eusebius.
3464 1051 3638 1106 Atha-

2070 1137 2252 1191 nasius
2284 1151 2414 1192 vero
2447 1137 2501 1191 in
2543 1135 2769 1207 Synopsi
2804 1139 2949 1192 docet
2985 1138 3098 1210 (86)
3147 1141 3444 1209 imperante
3468 1141 3641 1197 Cara-

2068 1227 2228 1293 calla,
2255 1229 2307 1282 in
2335 1229 2493 1284 doliis
2522 1229 2874 1285 Hierichunte
2902 1241 3172 1301 repertam
3206 1232 3370 1288 fuisse
3393 1235 3637 1304 quintam

2068 1332 2099 1372 a
2126 1318 2366 1374 studioso
2403 1319 2638 1388 quodam
2681 1334 2746 1376 ex
2797 1321 2864 1376 iis
2900 1321 2993 1390 qui
3053 1333 3207 1377 erant
3251 1322 3636 1396 Jerosolymae;

2066 1419 2275 1465 sextam
2317 1425 2449 1466 vero
2486 1411 2588 1467 sub
2614 1411 2920 1468 Alexandro
2958 1413 3254 1471 Mammaea
3296 1416 3536 1488 Nicopoli
3567 1421 3638 1474 ad

2065 1501 2281 1555 Actium
2309 1517 2338 1556 a
2377 1504 2610 1573 quodam
2649 1503 2899 1574 Origenis
2925 1506 3208 1576 discipulo.
3255 1506 3401 1564 ldem
3440 1525 3640 1581 prope-

2067 1595 2284 1648 modum
2337 1596 2501 1650 habet
2530 1595 2862 1666 Epiphanius
2911 1600 2966 1653 in
3017 1598 3161 1654 libro
3209 1599 3287 1656 De
3327 1604 3543 1670 ponder.
3585 1612 3638 1658 et

2065 1699 2255 1749 mens.,
2281 1699 2400 1752 cap.
2439 1685 2529 1750 18,
2561 1686 2817 1756 additque
2862 1687 3097 1756 priorem
3133 1705 3165 1744 e
3198 1691 3435 1746 tenebris
3468 1691 3640 1752 fuisse

2065 1783 2274 1830 erutam
2304 1777 2534 1846 septimo
2559 1774 2857 1832 Caracallze
2885 1793 3048 1834 anno.
3083 1779 3311 1835 Fallitur
3335 1781 3634 1854 Cedrenus,

2064 1868 2156 1938 qui
2184 1876 2474 1938 utramque
2503 1866 2854 1925 Hierichunte
2878 1870 3152 1926 inventam
3181 1872 3346 1928 fuisse
3375 1885 3580 1931 narrat.
3608 1911 3613 1917 -

2134 1959 2209 2013 Ex
2239 1959 2305 2013 iis
2330 1973 2423 2014 sex
2456 1959 2991 2027 interpretationibus
3010 2000 3025 2026 ,
3065 1969 3121 2017 et
3155 1959 3422 2019 Hebraico
3445 1979 3632 2020 exem-

2063 2051 2222 2122 plari,
2284 2049 2531 2120 Tetrapla
2554 2066 2691 2118 sua,
2739 2050 2978 2122 Hexapla
3017 2063 3072 2108 et
3126 2054 3348 2125 Octaplo
3376 2055 3636 2126 Origenes

2063 2141 2428 2198 concinnavit.
2459 2140 2572 2212 (87)
2598 2144 2676 2198 Ac
2706 2141 2949 2214 Tetrapla
2970 2145 3207 2214 quidem,
3236 2161 3354 2216 qua:
3378 2146 3636 2220 Hexaplis

395 2244 438 2303 1.
477 2245 794 2316 Proponitur
816 2247 1102 2318 Epiphanii
1123 2249 1383 2302 sententia
1409 2249 1473 2302 de
1501 2247 1748 2318 Origenis
1775 2250 1965 2304 Tetra-

2071 2245 2248 2290 tamen
2305 2244 2548 2304 tempore
2591 2236 2891 2305 posteriora
2943 2237 3180 2306 fuerunt,
3224 2251 3456 2309 quatuor
3505 2257 3637 2298 con-

465 2319 591 2387 plis,
629 2320 878 2391 Hesaplis
899 2329 953 2391 et
993 2317 1251 2391 Octaplis.
1284 2319 1348 2391 ll,
1371 2317 1646 2391 Asseritur
1655 2321 1960 2391 propositus

465 2391 688 2460 quorum
715 2387 1095 2460 Hebraicarum
1134 2387 1510 2441 columnarum
1538 2389 1594 2443 in
1631 2388 1884 2460 llexaplis
1913 2401 1962 2444 et

463 2456 705 2529 Qctaplis
731 2461 882 2512 situs.
905 2459 1012 2529 ω.
1056 2457 1328 2529 Qum_ritur
1366 2475 1529 2527 quare
1574 2460 1644 2529 in,
1669 2456 1959 2529 Tetraplis,

465 2527 724 2598 Hexaplis
774 2538 826 2582 et
888 2527 1122 2598 Octaplis
1163 2527 1569 2582 Theodotionem
1613 2527 1961 2598 Symmachus

462 2598 959 2670 praecesserinhlv.
1009 2598 1366 2670 Investigatur
1414 2613 1590 2670 m_e_ns__
1632 2600 1850 2653 Eusebii
1897 2601 1963 2654 de

468 2665 756 2738 Tetraplis,
811 2668 1059 2738 Hexaplis
1083 2680 1128 2722 et
1161 2665 1418 2738 Octaplis.
1454 2665 1518 2720 ν.
1546 2667 1722 2722 Unum
1748 2679 1796 2722 et
1825 2671 1962 2724 idem

466 2754 594 2807 Opus
616 2740 824 2807 [uerunt
854 2737 1087 2809 Heiapla
1117 2749 1166 2792 et
1203 2737 1444 2808 Octapla.
1479 2738 1561 2794 Vl.
1595 2738 1678 2792 Ex
1720 2742 1962 2806 superio-

465 2810 610 2879 ribus
633 2812 1003 2879 ﬂrecentiorum
1053 2810 1334 2862 multorum
1359 2825 1592 2879 _errores
1643 2819 1961 2879 arguuntur.

465 2878 579 2935 Ἧι.
623 2877 925 2933 Editionem
954 2878 1305 2946 Interpretum
1345 2876 1726 2948 Septuaginta,
1762 2895 1880 2948 qua:
1907 2880 1964 2934 in

466 2949 720 3018 llexaplis
760 2950 1076 3018 habebatur,
1123 2951 1418 3012 asteriscis,
1449 2950 1648 3018 obelisﬁ,
1703 2951 1963 3004 lemniscis

466 3030 518 3075 et
557 3017 949 3088 hypolemniscis
987 3017 1254 3089 Origenes,
1279 3019 1542 3072 distinxit.
1594 3017 1680 3089 Ei,
1711 3030 1965 3089 prgterea

466 3087 717 3161 quaerat
739 3087 1096 3161 in_Tetraplis‘
1114 3087 1312 3161 scholia
1343 3089 1557 3158 adjecit.
1595 3087 1727 3161 _V|ll.
1756 3087 1965 3161 Editio-

468 3157 585 3214 nem
611 3157 730 3212 τῶν
759 3158 814 3212 0'
846 3157 1101 3228 Hexaplis
1130 3160 1383 3212 intextam
1422 3159 1764 3213 emendarunt
1797 3158 1963 3214 Euse-

471 3232 585 3284 bius
634 3242 681 3282 et
731 3228 1072 3298 Pamphilus,
1099 3238 1146 3282 et
1185 3230 1341 3294 primi
1386 3229 1962 3298 seorsumivulgarunt.

470 3299 606 3353 Inde
633 3301 821 3366 triplex
845 3297 935 3353 illo
956 3309 1180 3366 tempore
1206 3300 1365 3351 editio
1391 3297 1592 3361 τῶνα,
1620 3297 1964 3367 Origeniana,

471 3369 784 3439 Eusebianag
816 3379 865 3423 et
915 3369 1107 3435 κοινή.
1138 3368 1241 3439 _IX.
1277 3369 1479 3422 Eadem
1521 3370 1732 3423 circiter
1776 3381 1968 3439 tempe-

472 3447 606 3512 state
631 3437 844 3512 natth
869 3441 1104 3512 resarcit_
1127 3437 1393 3512 Lucianus
1407 3478 1422 3500 ,
1458 3439 1674 3512 resarcit
1703 3447 1758 3512 _e_t
1789 3437 1969 3512 Hesy-

471 3510 638 3562 chius.
687 3505 826 3561 Hinc
864 3508 1171 3577 quintuplex
1218 3505 1416 3560 τῶνο¹
1461 3508 1643 3563 editio.
1703 3507 1771 3562 Χ.
1826 3505 1966 3568 Suos

476 3593 675 3647 quoque
716 3577 963 3631 editiones
1025 3579 1286 3647 asteriscis
1337 3586 1386 3631 et
1435 3577 1593 3630 obelis
1632 3579 1972 3634 discrimina-

476 3646 589 3700 runt
625 3647 886 3700 Lucianus
937 3658 985 3700 et
1028 3646 1352 3715 Hesychius;
1399 3655 1455 3700 ut
1491 3657 1538 3700 et
1566 3663 1720 3702 suam
1766 3647 1884 3703 τῶν
1913 3651 1970 3705 0'

475 3717 949 3784 interpretationem
997 3716 1375 3785 Hieronymus.
1418 3716 1720 3782 lnquinatte
1763 3731 1885 3774 sunt
1922 3733 1972 3778 et

471 3783 665 3842 vitiata:
684 3786 950 3840 hodierna:
971 3802 1144 3842 omnes
1169 3783 1290 3838 τῶν
1321 3783 1376 3838 0'
1402 3788 1678 3842 editiones.

471 3879 513 3933 l.
539 3880 775 3949 Agamus
794 3876 906 3944 jam
927 3876 994 3932 de
1024 3876 1298 3947 Tetraplis,
1328 3875 1579 3946 Hexaplis
1609 3886 1665 3933 ct
1715 3879 1972 3950 Octaplis,

402 3971 846 4043 Origenianorum
898 3984 1118 4040 cperum
1180 3969 1420 4024 omnium
1509 3971 1857 4029 nobilissimis
1922 3982 1977 4030 et

403 4060 789 4116 laudatissimis
819 4075 834 4112 :
863 4074 1088 4130 quorum
1121 4059 1386 4112 rationem
1410 4071 1530 4112 cum
1564 4060 1975 4115 accuratissime

403 4151 730 4222 Epiphanius
760 4151 1037 4206 tradiderit
1067 4149 1119 4204 in
1141 4149 1280 4204 libro
1296 4147 1373 4204 De
1397 4149 1718 4218 ponderibus
1751 4160 1800 4204 et
1823 4165 1971 4205 men-

404 4351 495 4392 ses
523 4335 787 4389 laciniam.
825 4333 1146 4404 Fragmenta
1203 4334 1448 4404 quaedam
1476 4347 1541 4388 ex
1567 4331 1720 4387 libris
1759 4333 1814 4386 in
1843 4333 1967 4398 Epi-

405 4407 590 4460 stolam
618 4410 683 4457 ad
736 4403 953 4459 Galatas
979 4443 1011 4474 ,ί
1039 4405 1288 4474 aliudque
1333 4403 1580 4474 Origeuis
1612 4413 1966 4474 segmentum

375 4475 795 4558 ,in.Epis.tolam
832 4477 916 4558 πρά
986 4473 1342 4558 l’hiiembnens
1403 4473 1967 4558 Pellllplllll_.AROl?gitl

405 4541 800 4600 subministrat.
831 4541 1210 4612 Fragmentum
1237 4545 1401 4596 etiam
1438 4541 1556 4596 libri
1591 4545 1734 4597 tertii
1768 4543 1821 4595 in
1846 4541 1969 4609 Epi-

403 4617 592 4668 stotam
617 4623 684 4666 ad
723 4615 970 4682 Ephesios
1005 4614 1171 4668 refert
1194 4612 1548 4682 Hieronymus
1574 4612 1666 4667 lib.
1707 4615 1965 4682 tApolog.

406 4687 653 4738 adversus
683 4683 949 4751 Ruﬁnum.

479 4754 589 4824 (86)
626 4750 921 4820 Imperante
956 4751 1276 4824 Caracalla,
1310 4753 1364 4824 in
1401 4750 1578 4824 doliis_
1606 4750 1968 4824 Hierichunte,

395 4821 508 4878 etc.
541 4824 615 4878 Ea
644 4826 756 4890 ipsa
791 4834 875 4877 est
913 4824 1098 4892 procul
1128 4823 1286 4892 dubio
1314 4823 1379 4876 de
1410 4837 1515 4890 qua
1540 4821 1802 4875 Eusebius
1829 4821 1973 4892 Hist.

407 4895 500 4947 lib.
531 4909 581 4947 vl
612 4888 730 4961 cap.
769 4895 854 4956 16,
892 4888 1012 4947 Ἐπὶ
1042 4895 1168 4963 μιᾶς
1199 4888 1351 4954 αὖθις
1385 4888 1777 4963 σέσημείωται’
1810 4891 1884 4956 ὡς
1919 4893 1977 4943 ὲν

419 4965 632 5036 Ἱερέχοί
664 4963 973 5041 εῷρηιξένης
1009 4962 1086 5040 si,
1108 4963 1248 5039 artem
1287 4962 1427 5036 κατᾲ
1452 4962 1577 5027 τοὺς
1605 4962 1826 5035 χρόνους
1858 4963 1976 5014 Ἀν-

2062 2325 2278 2380 stabant
2323 2325 2653 2380 editionibus
2695 2342 2792 2397 per
2811 2327 3090 2384 columnas
3107 2330 3415 2401 dispositis,
3459 2332 3634 2402 prima

2059 2416 2288 2487 Aquilae.
2325 2419 2564 2472 secunda
2597 2417 2927 2488 Symmachi,
2961 2421 3118 2474 tertia
3149 2419 3503 2492 Septuaginta
3535 2423 3636 2479 Se-

2061 2523 2212 2575 num,
2253 2518 2309 2563 et
2340 2520 2616 2578 postrema
2654 2510 2870 2564 demum
2914 2509 3315 2569 Theodotiouis.
3359 2512 3635 2586 Interpre-

2064 2602 2317 2656 tationem
2341 2599 2446 2653 τῶν
2469 2602 2524 2653 ο
2556 2601 2718 2655 tertio
2741 2600 2858 2656 loco
2887 2601 3083 2670 posuit,
3115 2611 3173 2655 ut
3203 2603 3270 2656 ad
3291 2617 3409 2658 eam
3429 2644 3444 2670 ,
3475 2619 3637 2673 quam

2062 2694 2302 2749 omnium
2343 2694 2695 2748 existimabat
2735 2707 2856 2749 esse
2897 2694 3388 2763 accuratissimam,
3417 2696 3638 2767 reliquie

2061 2784 2273 2841 facilius
2311 2785 2456 2855 exigi
2503 2793 2559 2841 et
2609 2784 2912 2840 examinari
2961 2797 3202 2856 possent.
3250 2786 3509 2860 Hexoph's
3551 2788 3640 2846 ba)

2061 2878 2192 2946 ipsae
2225 2877 2693 2946 interpretationes
2722 2888 2982 2947 quatuor,
3014 2879 3204 2934 eodem
3237 2881 3431 2937 ordine
3471 2879 3638 2936 collo-

2063 2979 2217 3034 caue,
2238 2983 2359 3024 cum
2386 2965 2652 3022 ﬂebraico
2681 2967 2999 3038 exemplari,
3041 2967 3324 3024 Hebraicis
3363 2971 3639 3040 descripto

2063 3059 2280 3126 litteris,
2311 3070 2366 3116 et
2395 3062 2583 3115 eodem
2606 3058 2810 3116 Grecis
2842 3061 3256 3116 rharacteribus
3283 3071 3478 3117 exacto
3506 3076 3638 3117 con-

2066 3148 2402 3204 tinebantur.
2429 3145 2588 3204 Prior
2616 3150 2938 3204 occurrebat
2965 3149 3214 3205 columna
3239 3149 3508 3208 Hebraica
3535 3150 3641 3207 He-

2066 3239 2251 3295 braice
2272 3239 2519 3309 depicta;
2549 3249 2603 3294 at
2629 3253 2748 3308 qua
2789 3249 3100 3296 contextum
3140 3240 3462 3298 Hebraicum
3491 3243 3642 3298 Grae-

2067 3328 2150 3383 cis
2171 3339 2454 3384 exaratum
2473 3329 2667 3385 litteris
2687 3329 3000 3398 exhibebat,
3023 3332 3454 3402 interpretationi
3477 3335 3642 3404 Aqui-

2069 3418 2140 3476 lae
2187 3419 2435 3490 proxime
2479 3420 2932 3492 conjungebatur.
2985 3421 3277 3494 Subjuncta
3320 3432 3498 3479 autem
3524 3432 3646 3496 post

2073 3523 2172 3566 sex
2201 3508 2325 3565 illas
2366 3509 2647 3565 columnas
2696 3510 3111 3568 Hierichuntina
3158 3514 3430 3580 editione,
3482 3530 3646 3586 quam

1999 3593 2044 3656 C
2073 3603 2316 3672 quintam
2361 3601 2652 3671 appellavit
2696 3604 2990 3673 Origenes,
3041 3614 3098 3660 et
3147 3605 3357 3661 numeri
3411 3607 3648 3676 quinarii

2080 3703 2208 3747 nota
2231 3698 2274 3746 ε’
2303 3692 2618 3764 insiguiVit;
2653 3703 2708 3750 et
2752 3705 2875 3766 post
2901 3696 3367 3751 Hierichuntinam
3412 3697 3649 3768 Nicopo-

2085 3783 2273 3850 litana,
2308 3803 2472 3858 quam
2513 3787 2726 3840 vocavit
2766 3797 3009 3851 sextam,
3035 3796 3091 3842 et
3113 3789 3369 3859 ἐπισήμῳ
3396 3787 3451 3852 ς’
3489 3797 3649 3844 nota-

2081 3878 2178 3943 vit,
2216 3878 2440 3949 Octapla
2468 3880 2825 3935 exsistebant.
2860 3878 2988 3938 Haec
3007 3879 3122 3936 fere
3169 3879 3498 3950 Epiphanius
3529 3879 3652 3936 loco

2081 3968 2336 4025 laudato:
2371 3985 2490 4038 quae
2541 3978 2600 4024 ut
2631 3970 2859 4024 clariora
2916 3970 3063 4036 sint,
3104 3970 3332 4040 primam
3375 3969 3649 4030 Geneseos

2079 4074 2300 4125 vocem,
2375 4070 2534 4130 prout
2583 4062 2638 4116 in
2697 4060 2954 4128 Tetraplis
2994 4060 3246 4130 Hexaplis
3311 4077 3366 4116 et
3410 4061 3648 4130 Octaplis

2079 4151 2333 4220 disposita
2359 4152 2478 4217 fuit,
2515 4151 2882 4222 depingemus.

2068 4333 2294 4388 τωνίνου
2337 4331 2431 4386 τοῦ
2483 4333 2602 4404 uio?)
2645 4333 2908 4404 Σεϐήρου.
2967 4351 2987 4384 s
3032 4332 3242 4404 Rursus
3278 4332 3353 4404 in_
3382 4331 3648 4404 principio

2071 4406 2226 4457 unius
2255 4404 2462 4458 notavit
2496 4401 2805 4474 (Origenes)
2830 4406 3103 4458 inventam
3152 4403 3300 4458 illam
3330 4401 3496 4474 (uissc
3525 4401 3648 4474 Hie-

2071 4476 2324 4528 richunte
2352 4475 2405 4528 in
2439 4472 2583 4528 dolio
2620 4472 2951 4542 temperibus
2999 4473 3264 4528 Antonini
3306 4472 3642 4543 (Caracallaa)

2069 4544 2156 4612 qui
2187 4545 2372 4598 Severi
2406 4543 2546 4598 (ilius
2574 4543 2694 4598 luit.
2739 4562 2758 4594 ι

2139 4612 2253 4683 (87)
2292 4613 2368 4667 Ac
2390 4612 2638 4681 Tetrapla
2655 4613 2861 4683 quidem
2878 4651 2893 4674 ,
2918 4627 3034 4681 qua:
3052 4611 3306 4683 Hexaplis
3325 4621 3499 4666 tamen
3515 4621 3648 4683 tem-

2075 4680 2196 4752 pore
2224 4680 2511 4751 posteriora
2535 4680 3033 4750 fuerunt.Tetraplis
3073 4680 3312 4748 Hexapla
3345 4682 3649 4750 posteriora

2081 4752 2245 4806 fuisse
2275 4755 2473 4806 evincit
2506 4755 2568 4806 Ι).
2599 4754 2904 4806 Bernardus
2945 4753 3010 4805 de
3039 4751 3381 4806 Montfaucon
3432 4751 3485 4804 in
3536 4750 3649 4804 suis

2081 4763 2245 4807 tuisse
2275 4763 2473 4806 evmcit
2506 4763 2568 4806 υ.
2599 4763 2904 4807 Bernartius
2945 4763 3010 4805 de
3039 4763 3381 4806 monttaucon
3432 4766 3485 4804 In
3536 4764 3650 4804 suis

2081 4822 2539 4877 Praeliminaribus
2556 4823 2622 4876 ad
2647 4821 2885 4889 Hexapla
2907 4820 3176 4890 origanis,
3200 4834 3318 4888 cap.
3345 4823 3398 4887 1,
3419 4835 3568 4874 num.
3593 4819 3650 4886 5,

2085 4909 2205 4962 pag.
2240 4892 2292 4946 9.
2327 4891 2672 4962 (Patrologiaz
2699 4892 2855 4961 hujus
2887 4899 2926 4945 t.
2957 4889 3102 4963 XV.)
