4152 6420
494 418 625 475 ιὲδι
1763 416 1824 471 Ρ.
1868 416 2070 472 DANIE

2176 422 2183 469 l
2222 416 2456 474 HUETH
3628 426 3767 482 1252

1020 557 1441 613 DIAGRAMMA
1483 556 2032 623 TETRAPLORUM,
2075 556 2558 615 HEXAPLOHUM
2603 561 2689 615 ΕΤ
2728 561 3229 620 OCTAPLORUM.

592 724 879 807 "Exemplar
942 724 1271 807 luExemplar
1326 732 1341 807 1
1434 727 1628 786 Aquila.
1723 746 1730 807 Ι
1822 728 2049 807 SyLmrna-
2121 740 2129 807 Ι
2194 727 2432 807 ιδιήριυα-
2508 753 2524 807 1
2608 730 2837 801 'l'beodo-
2897 738 2909 807 Ι
2992 731 3210 807 “Quinta:
3298 734 3511 807 ISexla
3562 732 3664 780 edi-

589 784 905 841 chraicum,
979 783 1295 843 Hebraicum,
1494 783 1507 786 “
1857 783 1995 838 ebus.

623 845 878 914 Hebraicis
941 783 951 914 Ι
1037 846 1239 914 _Grzecis_
1328 783 1341 914 Ι
1723 783 1731 914 Ι

2194 783 2393 849 'gi‘uu.
2514 783 2526 914 Ι
2658 793 2777 840 tion.
2897 783 3096 914 Iediiio
3152 783 3306 914 Hie-l
3346 796 3414 843 tio
3439 794 3667 862 _Nicopo-

2968 855 3265 904 ricbuntina.
3416 855 3583 905 litana.

658 908 837 954 litteris
940 908 949 956 Ι
1002 908 1268 956 elementis

587 973 903 1030 oescriptum.
939 973 950 1030 |
996 977 1275 1018 exaratum.

632 1107 864 1159 nmmﬁz
938 1100 949 1189 Ι
1025 1100 1241 1171 βερεσίθ
1322 1100 1337 1189 Ι
1511 1107 1622 1189 ἐν.
1722 1100 1732 1189 ί
1794 1109 1851 1159 ἐν
1906 1108 2047 1177 ἀρχῇ

2196 1112 2253 1162 ὲν
2305 1110 2448 1179 ἀρχῇ
2515 1100 2525 1189 Ι
2584 1109 2642 1161 ὲν
2690 1110 2835 1179 ἀρχῇ
2897 1100 3213 1189 Ιῑρςὶἀρτα-
3294 1100 3303 1189 Ι
3371 1130 3641 1181 Desidera-

1390 1191 1669 1245 κεφαλαίῳ
1717 1191 1730 1233 ι

2514 1191 2527 1244 l
2897 1191 2909 1245 Ι
3057 1202 3153 1240 tur.
3292 1191 3303 1245 Ι
3450 1202 3543 1242 tur.

1536 1316 1561 1367 1
1911 1318 1946 1370 2
2292 1319 2325 1371 5
2687 1319 2721 1373 4

1869 1422 2369 1478 TETRAPLA.

555 1556 573 1656 Ι
771 1558 794 1610 1
1154 1556 1188 1608 2
1540 1558 1573 1611 5
1918 1561 1952 1613 4

2291 1561 2325 1615 5
2676 1563 2709 1617 6

553 1663 572 1752 ῃ
1910 1674 2335 1731 HEXAPLL

561 1804 570 1872 Ι
767 1818 791 1871 ι
1151 1820 1187 1869 ιι
1548 1813 1582 1868 3
1942 1816 1976 1869 4

2321 1816 2357 1871 5
2707 1817 2741 1871 6
3092 1822 3123 1872 7
3447 1818 3480 1871 8

1904 1928 2322 1986 OCTAPLA.

555 2012 3677 2047 1W

553 2145 617 2200 ll.
652 2144 780 2201 Haec
829 2143 1013 2209 habet,
1048 2143 1271 2212 inquam
1294 2184 1310 2208 ,
1344 2142 1678 2212 Epiphanius
1721 2143 1774 2197 in
1816 2143 1957 2198 libro
2000 2142 2073 2197 De
2102 2149 2148 2205 Α
2177 2144 2429 2199 columna
2464 2147 2859 2217 conjunxisset,
2897 2147 3057 2201 aliam
3094 2148 3396 2203 columnam
3433 2148 3759 2218 oppositam,

481 2237 699 2307 pandor.
728 2246 777 2291 et
800 2251 965 2291 mens.
999 2250 1121 2302 cap.
1166 2235 1253 2299 l9,
1284 2242 1650 2303 praeterquam
1672 2236 1825 2304 quod
1857 2244 2069 2304 spectat

481 2331 549 2384 ad
581 2329 956 2384 columnarum
1004 2325 1404 2382 Hebraicarum
1442 2326 1608 2381 silum
1642 2341 1803 2380 :nam
1852 2342 1915 2381 ex
1948 2326 2069 2381 aliis

483 2421 809 2488 quibusdam
841 2419 1133 2488 Epiphanii
1161 2419 1295 2473 locis
1328 2418 1647 2475 existimare
1672 2419 1841 2489 possit
1867 2419 2069 2488 aliquis

482 2520 796 2567 contextum
840 2508 1168 2565 Hebraicum
1212 2506 1420 2563 Gracis
1455 2518 1701 2563 nutatum
1733 2506 2068 2563 characteri-

479 2604 583 2660 bus
605 2604 791 2673 priore
826 2601 948 2657 loco
989 2601 1179 2656 fuisse.
1212 2599 1533 2670 Hujusmodi
1570 2600 1658 2655 ille
1705 2610 1791 2657 est
1828 2616 1895 2656 ex
1931 2603 2066 2658 hair.

480 2694 574 2760 δι,
601 2710 725 2765 cap.
753 2694 810 2759 3,
843 2693 966 2747 ὅθεν
995 2693 1057 2746 τὸ
1081 2692 1298 2762 πρῶτον
1331 2692 1495 2746 αὐτοῦ
1528 2692 1804 2763 ἐπιμελῶς
1828 2693 2068 2764 ἐφιλοτι-

480 2789 697 2859 μήσατο
719 2786 1044 2854 συναγαγεῖν
1082 2784 1189 2837 τῶν
1211 2783 1271 2849 ἐξ
1303 2784 1629 2855 ἑρμηνειῶν,
1671 2785 1889 2852 Ἀκύλα,
1927 2786 2070 2856 Συμ-

480 2880 679 2951 μάχου,
711 2878 823 2933 τῶν
860 2895 922 2932 τε
962 2876 1364 2949 Ἐὃδομήκοντα
1402 2877 1515 2941 δύο,
1556 2880 1652 2932 καὶ
1696 2877 2067 2944 Θεοδοτίωνος,

478 2972 738 3044 πέμπτης
768 2988 829 3025 τε
854 2971 947 3025 καὶ
978 2970 1141 3040 ἕκτης
1186 2968 1450 3033 ἐκδόσεως
1469 3006 1484 3033 ,
1532 2967 1671 3039 μετὰ
1714 2969 2070 3039 παραθέσεως

477 3064 715 3135 ικάστης
761 3063 960 3127 λέξεως
1008 3060 1330 3131 Ἐὁραῖκῆς.
1378 3061 1473 3114 καὶ
1523 3060 1703 3113 αὐτῶν
1768 3059 1905 3132 ὁμοῦ
1960 3060 2070 3115 τῶν

480 3155 759 3225 στοιχείων
781 3173 792 3186 ι
824 3154 891 3207 ὲκ
920 3152 1268 3225 παραλλήλου
1289 3151 1345 3204 δὲ
1360 3152 1620 3223 ἄντικρυς
1642 3150 1873 3224 δευτέρᾳ
1903 3152 2069 3206 σελίδι

476 3242 758 3316 χρώμενος
805 3243 948 3298 κατὰ
1004 3241 1252 3296 σύνθεσιν
1309 3241 1602 3313 Ἐϐραῖκὴν
1653 3242 1752 3312 μὲν
1795 3245 1861 3314 τῇ
1905 3242 2068 3307 λέξει,

488 3336 810 3408 Ἑλληνικὴν
840 3336 899 3390 δὲ
954 3336 1060 3406 (sic
1108 3337 1255 3390 enim
1302 3335 1423 3405 lego
1471 3349 1576 3389 non
1631 3333 1947 3406 Ἑλληνικῷ)
1993 3334 2072 3405 τῷ

476 3429 765 3501 γράμματι
797 3427 993 3500 ἑτέραν
1032 3427 1195 3481 πάλιν
1239 3426 1509 3495 πεποίηκε
1564 3425 1831 3481 σύνθεσιν.
1860 3445 1879 3477 ι
1920 3426 2070 3482 Unde

2179 3447 2302 3508 ptos
2330 3454 2397 3494 ex
2439 3439 2570 3508 ipsis
2616 3441 2951 3497 authenticis
2996 3443 3328 3507 emendare,
3370 3446 3420 3498 in
3466 3449 3663 3513 quibus
3706 3456 3763 3502 et
3946 3465 3959 3475 ·

2176 2237 2373 2293 litteris
2401 2240 2617 2308 quidem
2648 2240 2878 2305 Graecis,
2911 2240 3133 2295 vocibus
3164 2252 3345 2295 autem
3373 2240 3652 2295 Hebraicis
3669 2242 3762 2294 de-

2175 2330 2431 2400 scriptam
2460 2332 2676 2400 adjecit.
2722 2350 2741 2383 »
2784 2332 2936 2398 Quod
2975 2335 3018 2386 si
3046 2348 3141 2386 sex
3176 2333 3673 2401 interpretationes,
3706 2343 3763 2387 et

2178 2422 2501 2478 Hebraicum
2534 2426 2815 2494 exemplar
2858 2425 3122 2480 llebraice
3155 2425 3414 2494 scriptum
3444 2427 3601 2480 simul
3631 2442 3763 2481 con-

2170 2514 2464 2585 junxerat;
2529 2517 2583 2571 iu
2620 2518 2823 2571 extima
2875 2517 3117 2586 profecto
3155 2517 3403 2572 columna
3448 2528 3760 2572 contextum

2177 2608 2504 2664 Hebraicum
2556 2610 2875 2665 charactere
2929 2609 3120 2665 Graeco
3167 2621 3451 2665 exaratum
3514 2612 3763 2681 sequitur

2176 2698 2341 2754 fuisse
2374 2710 2658 2756 attextum.
2694 2699 2801 2758 Sed
2850 2704 3069 2772 praeﬁxa
3106 2703 3224 2757 sine
3252 2703 3413 2757 dubio
3449 2703 3613 2758 fuisse
3653 2703 3761 2758 He-

2175 2792 2360 2847 braica
2395 2790 2661 2848 Hebraice
2689 2794 3053 2863 depicta,tum
3077 2796 3320 2849 subnexa
3352 2796 3543 2851 eadem
3573 2796 3763 2852 Graece

2176 2894 2420 2950 exarata,
2456 2896 2510 2941 et
2536 2886 2809 2957 subjectas
2831 2888 3028 2943 deinde
3068 2903 3165 2943 sex
3199 2889 3674 2958 interpretationes
3694 2905 3763 2943 ex

2177 2977 2244 3033 iis
2270 2979 2561 3036 manifeste
2600 2980 2945 3036 concluditur
2972 2998 3093 3052 qua:
3125 2984 3379 3049 leguntur
3403 2985 3543 3053 apud
3572 2983 3759 3038 Hiero-

2177 3085 2398 3141 nymum
2430 3072 2487 3125 in
2540 3071 2715 3139 Epist.
2762 3074 2831 3126 ad
2866 3071 2969 3126 Tit.
3008 3089 3100 3137 ιιι,
3152 3074 3223 3135 9;
3252 3092 3272 3125 ι
3314 3074 3463 3131 Unde
3502 3084 3558 3127 et
3604 3075 3759 3130 nobis

2178 3179 2323 3218 curae
2354 3161 2457 3219 fuit
2476 3178 2670 3220 omnes
2701 3167 2898 3221 veteris
2930 3167 3064 3238 legis
3092 3168 3278 3232 libros,
3299 3184 3435 3236 quos
3460 3170 3542 3223 vir
3566 3170 3757 3223 doctus

2176 3255 2536 3311 Adamantius
2572 3257 2628 3311 in
2662 3256 2909 3327 Hexapla
2944 3259 3039 3329 (ita
3086 3260 3226 3329 lege,
3263 3276 3368 3316 non
3410 3262 3673 3331 exempla,
3703 3273 3760 3318 ut

2178 3347 2359 3420 vulgo)
2398 3347 2720 3419 digesserat,
2748 3350 2814 3404 de
2834 3351 3155 3407 Caesariensi
3199 3352 3526 3408 bibliotheca
3559 3355 3761 3411 descri-

477 3522 713 3590 primum
740 3519 953 3575 studuit
998 3519 1052 3573 in
1086 3532 1253 3572 unum
1295 3516 1625 3586 conjungere
1668 3531 1765 3572 sex
1793 3518 2063 3586 interpre-

2176 3530 2287 3601 ipsa
2315 3529 2536 3586 Hebrata
2570 3533 2806 3601 propriis
2854 3542 2982 3589 sunt
3013 3534 3425 3591 characteribus
3458 3511 3622 3594 verba
3664 3541 3759 3595 de-

480 3611 718 3666 tationes
746 3609 978 3679 Aquilae,
1005 3607 1343 3681 Symmachi,
1372 3608 1725 3680 Septuaginta
1747 3609 1979 3665 duorum
2014 3616 2073 3664 et

478 3703 877 3760 Theodotionis
906 3721 920 3770 ;
947 3703 1192 3773 quintam
1221 3702 1386 3757 etiam
1412 3712 1469 3757 et
1491 3712 1702 3758 sextam
1732 3702 2024 3758 editionem
2048 3721 2065 3772 ;

479 3808 604 3851 cum
628 3793 932 3864 adiectione
955 3807 1148 3849 vocum
1168 3793 1502 3863 singularum
1528 3792 1916 3850 Hebraicarum
1940 3810 2069 3865 pro-

479 3884 615 3956 priis
634 3885 921 3940 elementis
943 3885 1338 3955 descriptarum
1365 3899 1381 3946 ;
1414 3900 1483 3940 ex
1505 3884 1675 3939 altera
1709 3895 1888 3942 autem
1914 3894 2071 3957 parte

483 3976 769 4047 opposita,
810 3984 969 4032 utens
1029 3976 1199 4032 altera
1255 3974 1507 4032 columna
1560 3976 1899 4048 depingendo
1937 3993 2070 4034 con-

478 4077 715 4133 textum,
749 4067 1075 4125 Hebraicum
1097 4069 1316 4139 quidem
1356 4069 1629 4137 dictione,
1657 4068 1907 4126 Graecum
1941 4085 2071 4126 vero

480 4182 698 4247 litteris,
733 4182 901 4237 alium
933 4196 1152 4238 rursum
1184 4192 1499 4238 contextum
1532 4182 1855 4238 lucubravit.
1892 4201 1912 4235 ι
1943 4182 2071 4240 Haec

479 4272 557 4328 ita
584 4272 784 4342 exponi
836 4280 1107 4343 possent:
1157 4272 1393 4327 medium
1447 4271 1625 4327 locum
1679 4272 1924 4328 tenuisse
1974 4289 2070 4328 sex

481 4365 963 4435 interpretationes
1003 4362 1225 4419 Graecas
1284 4364 1429 4419 inter
1485 4362 1749 4418 Hebraica
1805 4363 2073 4421 Hebraice

480 4456 709 4525 scripta,
759 4471 879 4527 quae
929 4454 995 4511 ad
1034 4472 1197 4511 unam
1244 4456 1349 4511 sita
1389 4463 1549 4511 erant
1582 4466 1825 4526 partem;
1857 4466 1913 4512 et
1961 4457 2070 4513 He-

481 4547 665 4602 braica
703 4545 894 4603 Graece
913 4557 1164 4613 exarata,
1193 4562 1314 4617 qua:
1347 4548 1416 4602 ad
1466 4546 1632 4602 aliam
1669 4559 1881 4617 partem
1911 4558 2073 4604 erant

482 4640 774 4696 collocata.
802 4639 909 4696 Sed
974 4640 1115 4695 hanc
1163 4640 1561 4711 expositionem
1607 4651 1870 4710 respuunt
1908 4643 2071 4695 verba

485 4731 774 4803 Epiphanii
802 4732 1071 4803 ejusdem,
1098 4747 1223 4803 qua:
1254 4747 1381 4786 mox
1425 4730 1716 4787 aﬂ'eremus
1758 4747 1789 4787 e
1832 4731 1972 4788 libro
1998 4732 2074 4787 De

480 4823 702 4893 ponder.
720 4837 843 4892 cap.
867 4824 958 4887 19,
981 4823 1070 4878 ubi
1092 4823 1420 4879 Hebraicum
1444 4832 1733 4893 utrumque
1756 4833 2069 4878 contextum

484 4917 668 4984 priore
702 4914 825 4970 loco
860 4926 1106 4970 notatum
1140 4914 1311 4970 fuisse
1338 4915 1605 4986 agnoscit.
1635 4914 1860 4969 Videtur
1887 4916 2071 4985 itaque

485 5008 539 5064 id
564 5007 667 5063 sibi
706 5007 887 5077 potius
907 5006 1146 5063 voluisse
1172 5007 1531 5077 Epiphanius,
1559 5010 1627 5061 ad
1655 5021 1817 5061 unam
1843 5006 2073 5062 Hebrai-

480 5114 562 5156 ca
604 5099 871 5154 columnae
919 5097 1205 5154 Hebraicis
1249 5099 1536 5155 elementis
1579 5108 1818 5155 exarata:
1860 5106 2071 5167 partem

486 5200 702 5245 notatas
728 5189 895 5245 fuisse
918 5189 1136 5246 Graecas
1171 5205 1265 5245 sex
1293 5190 1773 5261 interpretationes
1797 5205 1813 5253 ;
1846 5191 1912 5244 ad
1935 5188 2071 5244 alte-

490 5298 603 5335 ram
644 5297 772 5338 vero
812 5281 1001 5338 Graece
1054 5284 1316 5354 scriptum
1362 5292 1678 5337 contextum
1723 5282 2071 5337 Hebraicum.

488 5370 599 5427 Hoc
633 5374 775 5426 idem
822 5374 1136 5443 signiﬁcare
1178 5373 1332 5430 dicas
1363 5375 1469 5429 ista
1502 5388 1533 5429 e
1572 5373 1711 5429 libro
1742 5372 1820 5428 De
1852 5374 2071 5441 punder.

483 5476 608 5532 cap.
634 5464 686 5525 7,
709 5465 806 5528 τὰς
838 5466 947 5537 γὰρ
974 5464 1035 5529 ἓξ
1060 5466 1354 5537 ἑρμηνείας
1377 5467 1469 5520 καὶ
1496 5466 1598 5538 τὴν
1623 5465 1917 5537 Ἐὁραῐκὴν
1939 5482 2075 5537 γρα-

486 5553 595 5625 φὴν
634 5555 939 5627 Ἑϐραϊκοῖς
963 5558 1246 5628 στοιχείοις
1280 5559 1373 5612 καὶ
1408 5560 1647 5630 ῥήμασιν
1670 5558 1853 5621 αὐτοῖς
1896 5559 1954 5611 ὲν
1987 5574 2077 5609 σε-

485 5644 590 5700 ita:
618 5649 713 5717 μιᾷ
741 5649 1118 5714 συντεθεικὼς,
1144 5650 1311 5721 ἄλλην
1338 5650 1520 5703 σελίδα
1546 5649 1976 5721 ἀπιπαράθετον
2006 5647 2071 5700 δι’

499 5737 827 5811 Ἑλληνικῶν
867 5741 964 5811 μὲν
1006 5741 1369 5812 γραμμάτων,
1411 5741 1717 5814 Ἑϐραϊκῶν
1758 5741 1816 5793 δὲ
1854 5740 2072 5807 λέξεων,

489 5841 596 5882 etc.
616 5848 635 5879 ι
665 5830 773 5883 Sex
807 5832 952 5893 enim
980 5832 1550 5900 interpretationes,et
1576 5832 1896 5887 Hebraicam
1922 5831 2074 5885 Scri-

490 5916 707 5973 Pturam
741 5918 1024 5977 Hebraicis
1065 5920 1352 5977 elementis
1381 5936 1447 5979 ac
1493 5922 1675 5979 verbis
1716 5936 1840 5977 cum
1872 5922 1925 5977 in
1971 5936 2075 5977 una

2171 3625 2403 3695 scripta,
2434 3634 2491 3680 et
2513 3623 2722 3680 Graecis
2750 3625 2954 3682 litteris
2996 3628 3215 3682 tramite
3244 3642 3503 3698 expressa
3529 3632 3711 3686 vicino
3743 3648 3757 3686 :

2168 3712 2363 3781 Aquila
2397 3714 2583 3779 etiam,
2617 3724 2673 3768 et
2698 3714 3074 3785 Symmachus,
3092 3714 3234 3771 LXX
3256 3733 3491 3789 quoque,
3515 3720 3763 3775 etheo—

2170 3805 2318 3860 dotio
2342 3821 2499 3861 suum
2527 3806 2777 3861 ordinem
2815 3816 3021 3862 tenent.
3067 3827 3086 3859 ι
3127 3809 3425 3866 Columnas
3445 3826 3637 3868 omnes
3664 3830 3763 3884 pro

2170 3897 2310 3953 situs
2332 3899 2414 3953 sui
2458 3899 2652 3954 ordine
2696 3900 2989 3955 recensuit.
3037 3902 3290 3969 Apertius
3323 3905 3487 3958 etiam
3535 3908 3762 3962 Ruﬁnus

2172 3988 2301 4045 libr.
2332 4005 2385 4045 vr
2411 3990 2728 4046 Eusebianre
2759 3989 2964 4045 Hister.
3021 4008 3141 4062 cap.
3177 3994 3262 4057 16,
3288 4014 3308 4047 ι
3344 3995 3759 4054 Famusissimos

2173 4078 2295 4135 illos
2327 4081 2547 4137 codices
2582 4086 2794 4151 primus
2838 4085 3145 4151 composuit
3178 4084 3440 4156 Origenes
3471 4089 3523 4142 in
3566 4091 3763 4159 quibus

2172 4188 2270 4241 per
2303 4174 2545 4244 singulas
2594 4174 2936 4232 coluinnulas
2964 4192 2994 4231 e
3036 4179 3261 4247 regione
3290 4183 3582 4249 separatim
3626 4197 3765 4252 opus

2174 4263 2487 4334 interpretis
2541 4266 2967 4337 uniuscujusque
3017 4271 3341 4340 descripsit,
3373 4272 3445 4325 ita
3494 4282 3549 4326 ut
3588 4275 3763 4342 primo

2172 4356 2414 4412 omnium
2444 4357 2556 4427 ipsa
2582 4357 2807 4413 Hebraea
2853 4358 3014 4413 verba
3046 4358 3328 4414 Hebraicis
3365 4360 3565 4415 litteris
3594 4376 3764 4431 pone-

2174 4456 2297 4513 ret;
2336 4449 2577 4504 secundo
2600 4450 2654 4503 in
2685 4448 2807 4504 loco
2838 4465 2936 4521 per
2960 4451 3207 4506 ordinem
3249 4451 3457 4506 Graecis
3502 4454 3697 4507 litteris
3734 4468 3765 4507 e

2174 4540 2396 4608 regione
2428 4538 2651 4595 Hebrma
2685 4542 2847 4595 verba
2890 4542 3267 4610 describeret;
3303 4545 3522 4598 tertiam
3556 4545 3767 4613 Aquilae

2174 4633 2466 4687 editionem
2488 4633 2829 4703 adjungeret;
2857 4646 3107 4703 quartam
3140 4634 3488 4706 Symmachi;
3519 4639 3763 4706 quintam

2177 4721 2530 4794 Septuaginta
2587 4724 2981 4794 lnterprctum,
3004 4741 3123 4795 qua:
3171 4737 3355 4781 nostra
3400 4736 3483 4780 est
3513 4744 3528 4793 ;
3553 4738 3764 4783 sextam

2177 4814 2568 4871 Tlieodotiouis
2593 4817 2909 4879 collocaret,
2955 4826 3011 4871 et
3051 4827 3274 4887 propter
3307 4817 3570 4887 ejusmodi
3617 4834 3767 4872 com-

2178 4908 2861 4979 positionem_exemplaria
2886 4911 2996 4979 ipsa
3028 4910 3327 4965 nominavit
3354 4909 3612 4975 Ἐξαπλᾶ.
3641 4929 3659 4961 ι
3688 4910 3767 4965 Ex

2178 5004 2265 5060 bis
2309 5005 2473 5059 ctiam
2518 5004 2687 5075 liquet
2721 5006 2974 5073 prmlixos
3001 5005 3206 5061 Grzccis
3238 5007 3563 5062 editionibus
3599 5008 3769 5064 fuisse

2180 5095 2478 5153 Hebraicos
2506 5108 2819 5164 contextus,
2854 5114 2960 5152 non
2996 5102 3309 5164 subnexos;
3341 5114 3442 5154 nec
3486 5102 3768 5169 praeﬁxum

2181 5185 2433 5248 alterum,
2484 5186 2714 5241 alterum
2762 5189 3096 5253 subnexum,
3127 5200 3186 5243 ut
3234 5190 3478 5244 indicare
3516 5192 3770 5245 videntur

2182 5276 2287 5331 illae
2330 5278 2616 5347 Epiphanii
2669 5294 2873 5335 voces:
2905 5282 2970 5334 ὲκ
3016 5282 3358 5354 παραλλήλου
3399 5284 3455 5336 δὲ
3484 5285 3765 5356 ἄντικρυς.

2182 5370 2377 5440 Liquet
2404 5372 2504 5425 hoc
2531 5386 2747 5441 quoque
2773 5387 2837 5426 ex
2871 5373 2954 5429 his
2978 5374 3218 5444 ejusdem
3238 5390 3268 5428 e
3291 5375 3411 5427 libr.
3432 5375 3505 5429 De
3525 5380 3768 5444 panden,

2181 5478 2298 5534 cap.
2336 5465 2420 5525 l9.
2453 5464 2597 5528 τινὲς
2629 5465 2807 5519 τοίνυν
2828 5506 2841 5529 ,
2866 5466 2941 5528 ὡς
2975 5466 3129 5536 ἔφην,
3161 5467 3385 5530 ταύταις
3423 5471 3543 5531 ταῖς
3568 5468 3770 5537 βίϐλοις

2184 5556 2600 5627 ἐντυγχάνοντες
2625 5599 2639 5622 ,
2680 5558 2774 5611 καὶ
2815 5558 3159 5629 εὑρίσκοντες
3201 5558 3300 5622 τὰς
3336 5559 3427 5612 δύο
3476 5559 3772 5630 Ἐϐραῖκὰς

2183 5646 2406 5719 πρώτας
2450 5648 2729 5717 κειμένας,
2775 5650 2914 5719 μετὰ
2943 5650 3148 5713 ταύτας
3193 5650 3250 5703 δὲ
3290 5651 3389 5723 τὴν
3432 5651 3526 5705 τοῦ
3575 5652 3775 5705 ’Λκύλα

2182 5738 2541 5810 τεταγμένην,
2572 5752 2677 5796 etc.
2709 5761 2729 5793 ‹
2768 5741 3222 5813 Nonnullijgitur,
3246 5755 3301 5797 ut
3324 5746 3454 5808 dixi,
3485 5745 3583 5800 hos
3610 5744 3777 5800 libros

2184 5829 2430 5900 legentes
2465 5840 2522 5885 et
2572 5833 2905 5902 reperientes
2964 5832 3262 5889 Hebraicas
3320 5836 3450 5891 duas
3507 5839 3775 5891 editiones

2187 5921 2367 5989 priore
2390 5921 2509 5979 loco
2546 5922 2717 5993 sitas;
2746 5934 2868 5994 post
2891 5939 2987 5981 eas
3015 5939 3143 5982 vero
3183 5926 3328 5983 illam
3360 5927 3779 6003 Aquiltecollo:
