4152 6448
449 446 473 500 1
483 444 588 499 255

1296 432 1873 494 ORIGENIANORUM
1917 429 2046 486 LIB.
2090 426 2177 492 Ill,
2214 425 2368 481 CAP.
2411 424 2476 491 ΙΙ,
2514 422 2708 479 SECT’.
2750 422 2840 477 lV’.

3572 420 3711 475 £234

450 568 662 621 catam,
700 576 718 610 ι
750 564 857 613 etc.
905 556 980 613 Ne
1027 558 1148 626 quis
1189 570 1319 610 vero
1370 570 1556 611 vocem
1596 555 1762 609 σελίδι
1813 570 1912 623 pro
1964 568 2028 607 eo
2061 558 2104 610 Α
2134 556 2218 602 tas
2255 546 2598 616 eXploremus
2650 542 2972 607 sententias,
3012 541 3136 596 inde
3176 540 3243 596 ad
3298 547 3622 610 temperatas
3653 549 3711 595 et

450 660 764 721 usurpatam
799 660 967 719 putet,
1018 653 1158 720 quod
1199 666 1297 705 nos
1340 652 1590 721 paginam
1642 647 2019 716 appellamus;

449 759 573 797 nam
610 742 757 806 σελὶς
786 742 1092 797 columnam
1121 758 1335 812 quoque
1360 742 1651 814 signiﬁcat,
1670 741 1804 796 adeo
1834 752 1892 793 ut
1913 738 2025 809 plu-

449 848 536 887 res
559 833 834 887 columnas
862 848 967 887 una
1000 834 1192 905 pagina
1224 834 1553 888 contineret.
1583 831 1756 887 Porro
1777 832 2021 886 ordinem

449 924 611 978 istum
641 938 800 990 quem
833 924 1122 976 statuimus
1160 924 1460 978 luculenter
1484 923 1679 977 astruit
1717 920 2022 976 vetustissi-

446 1031 567 1069 mus
600 1015 769 1069 codex
800 1015 1133 1070 Barberinus
1177 1016 1460 1071 duodecim
1486 1018 1895 1085 prophetarum,
1929 1015 2019 1084 qui

444 1106 510 1160 ad
538 1104 689 1160 Osca:
717 1122 793 1167 xu,
824 1106 873 1171 1,
904 1108 1065 1162 breve
1097 1106 1455 1174 Hexaplorum
1481 1107 1755 1176 specimen
1778 1108 1843 1161 ad
1867 1121 2018 1161 oram

443 1206 706 1252 attextum
742 1199 925 1261 habet,
954 1206 1009 1251 et
1042 1199 1094 1252 in
1126 1208 1337 1253 sextum
1366 1209 1567 1253 tomum
1604 1198 2019 1267 Polygloltorum

445 1290 738 1345 Bibliorum
786 1306 883 1345 suo
910 1290 1030 1346 loco
1065 1292 1251 1347 retulit
1285 1292 1593 1346 Waltonus.
1632 1292 2020 1347 Desiderantur

443 1379 659 1449 quidem
690 1378 953 1434 Hebraica
990 1380 1250 1437 llebraice
1280 1382 1484 1451 scripta
1503 1399 1519 1448 ;
1538 1382 1723 1452 priore
1744 1398 1871 1438 vero
1902 1384 2019 1439 loco

445 1472 546 1525 sita
576 1478 704 1526 sunt
731 1471 993 1527 llebraica
1025 1473 1231 1530 Graecis
1265 1474 1549 1529 elementis
1572 1486 1861 1545 concepta;
1890 1491 2017 1545 pro-

445 1562 592 1615 xime
644 1562 831 1616 subest
880 1563 965 1618 bis
997 1564 1220 1632 Aquila;
1260 1565 1386 1621 huic
1432 1566 1828 1637 Symmachus;
1856 1582 2016 1636 quem

442 1654 717 1722 excipiunt
756 1654 940 1722 LX-X;
976 1656 1221 1711 ultimam
1266 1660 1572 1714 columnam
1627 1660 1731 1716 sibi
1779 1661 2019 1716 vindicat

446 1747 762 1801 Tbeodotio.

513 1833 597 1889 Ill.
633 1835 1016 1904 Disqnisitione
1038 1838 1256 1909 dignum
1287 1848 1391 1904 est,
1427 1841 1620 1910 ecquid
1666 1842 1720 1895 in
1753 1841 2017 1911 interpre-

2133 640 2340 696 medias
2363 637 2797 708 progrediamur.
2827 637 3003 703 Atque
3048 634 3193 689 hunc
3222 634 3440 687 modum
3474 634 3711 688 servavit

2126 730 2390 801 Origenes
2420 731 2474 787 in
2514 729 2845 786 collocandis
2882 726 3441 794 interpretationibus.

2195 824 2288 879 ιν.
2326 824 2483 879 Nunc
2520 838 2584 878 ea
2625 838 2787 892 quam
2819 821 3065 877 dedimus
3106 818 3494 886 Tetraplorum,
3528 820 3708 875 Hexa-

2122 919 2329 987 plorum
2380 925 2435 970 et
2469 914 2811 977 Octaplorum
2846 911 3138 981 descriptio
3170 926 3238 963 an
3274 908 3487 964 Eusebii
3536 910 3708 964 ratio-

2122 1009 2280 1062 nibus
2333 1006 2658 1069 consentiat,
2724 1004 3096 1074 anquiramus.
3153 1001 3356 1057 Scribit
3385 1001 3471 1056 ille
3500 1000 3705 1072 libr.|v1

2124 1099 2292 1162 Hist,
2324 1113 2441 1164 cap.
2490 1096 2583 1163 46,
2619 1096 2908 1165 Origeuem
2957 1094 3057 1157 τὰς
3092 1093 3246 1165 παρὰ
3288 1096 3402 1158 τοῖς
3430 1095 3705 1160 Ἰουδαίοις

2121 1190 2499 1263 ὲμφερομένας
2528 1188 2917 1260 πρωτοτύπους
2940 1186 3398 1258 αὑτοῖςἘϐραίων
3424 1187 3703 1257 στοιχείοις

2121 1282 2358 1354 γραφὰς,
2391 1283 2577 1352 κτῆμα
2605 1281 2737 1334 ἴδιον
2774 1278 3126 1349 ποίησασθαι.
3159 1298 3178 1331 t
3216 1278 3512 1346 Usurpatas
3559 1280 3703 1349 apud

2122 1373 2337 1430 Judaeos
2375 1372 2688 1443 Scripturas
2749 1370 3126 1441 primigenias,
3172 1369 3305 1439 ipsis
3351 1369 3700 1426 Hebraeorum

2121 1464 2318 1520 litteris
2344 1463 2666 1533 descriptas,
2710 1475 3078 1530 comparasse.
3120 1479 3140 1513 ι
3171 1460 3298 1515 Hac
3337 1461 3495 1515 aliter
3542 1461 3701 1515 intel-

2122 1557 2255 1611 lexit
2297 1558 2377 1611 vir
2419 1557 2642 1621 doctus,
2671 1563 2836 1624 atque
2870 1553 2945 1607 ita
2986 1553 3218 1608 reddidit
3247 1575 3258 1609 :
3290 1572 3313 1605 ι
3355 1568 3701 1624 comparasse

2119 1664 2241 1703 eum
2274 1648 2375 1703 sibi
2411 1647 2757 1717 Scripturas,
2794 1660 2912 1714 qua:
2954 1645 3096 1713 apud
3146 1644 3362 1700 Judteos
3401 1647 3700 1716 protmypis

2120 1742 2473 1796 Hebraeorum
2508 1739 2705 1793 litteris
2732 1738 3018 1808 descriptae
3049 1752 3169 1793 esse
3205 1737 3471 1792 feruntur.
3513 1757 3533 1791 ι
3571 1738 3700 1793 Pro-

2122 1842 2335 1905 totypas
2365 1842 2541 1889 autem
2574 1833 2922 1887 Hebraeorum
2950 1832 3184 1897 litteras,
3220 1833 3336 1902 ipsa
3357 1846 3478 1887 esse
3510 1831 3699 1888 Sama-

443 1927 707 1980 talionum
735 1928 1091 1996 dispositione
1136 1930 1494 1986 Tbeodotioui
1534 1933 1825 2002 antiquiori
1859 1933 2016 2004 Sym-
2048 1911 2091 1966 Β
2121 1926 2344 1980 rilarum
2367 1926 2631 1981 elementa
2653 1924 2922 1991 asseruit;
2949 1923 3087 1978 velle
3111 1924 3275 1993 igitur
3306 1923 3359 1978 id
3396 1924 3498 1977 sibi
3530 1922 3699 1978 Ense.

444 2018 693 2072 machum
739 2022 1096 2075 recentiorem
1133 2021 1398 2092 Origenes
1424 2026 1815 2094 anteposuerit.
1836 2025 2018 2080 Facile

442 2109 584 2163 hunc
614 2110 813 2164 nodum
849 2112 1060 2168 solvere
1105 2129 1164 2169 se
1204 2129 1362 2183 posse
1398 2125 1643 2183 putasset
1662 2116 2012 2186 Epiphanius,

440 2199 533 2268 qui
572 2197 945 2255 Theodotione
989 2204 1341 2258 vetustiorem
1381 2203 1549 2259 fuisse
1605 2205 2012 2273 Symmachum,

438 2291 689 2357 opinatus
727 2300 811 2344 est
856 2290 980 2345 libr.
1018 2291 1092 2345 De
1140 2292 1397 2360 pondera,
1438 2308 1559 2362 cap.
1601 2293 1689 2359 16,
1720 2295 1806 2348 l7.
1831 2294 2014 2363 Itaque

437 2380 729 2435 collocatos
770 2380 940 2436 fuisse
974 2390 1081 2435 tres
1113 2383 1231 2437 illos
1277 2385 1658 2453 respondisset,
1676 2384 1828 2453 juxta
1864 2388 2013 2441 ordi-

438 2489 560 2527 nem
608 2488 718 2526 sua:
751 2474 945 2527 aetatis.
981 2475 1095 2543 (88)
1128 2474 1238 2544 Ego
1268 2488 1398 2529 vero
1438 2489 1468 2528 a
1512 2484 1727 2545 recepta
1761 2476 2014 2545 opinione

436 2563 717 2618 discedere
775 2580 880 2619 non
930 2582 1173 2635 possum,
1218 2582 1339 2636 quae
1385 2568 1621 2636 priorem
1666 2576 1829 2623 aetate
1862 2570 2012 2638 ponit

434 2652 862 2711 Tbeodotionem
896 2672 1057 2726 quam
1092 2659 1475 2728 Symmachum
1501 2678 1515 2713 :
1538 2675 1663 2713 nam
1689 2661 1817 2730 quid
1846 2676 2012 2732 Oppo-

434 2745 489 2799 ni
522 2756 697 2815 potest
732 2747 815 2801 his
850 2746 1162 2819 Hieronymi
1196 2748 1415 2803 Praefat.
1446 2750 1498 2804 in
1520 2750 1775 2819 Evangel.
1801 2771 1814 2806 :
1844 2770 1864 2802 ι
1893 2752 2009 2806 Νοη

434 2852 620 2905 quaero
649 2839 776 2907 quid
805 2839 1021 2906 Aquila,
1047 2842 1174 2910 quid
1202 2842 1560 2911 Symmachus
1585 2844 1822 2911 sapiant,
1841 2858 2012 2913 quare

435 2927 771 2983 Theodotion
799 2931 939 2985 inter
967 2947 1135 2987 novos
1162 2944 1218 2989 et
1243 2944 1450 2989 veteres
1466 2935 1674 2990 medius
1703 2937 1918 2991 incedat
1942 2937 2004 2991 ‘h

434 3020 628 3088 quibus
658 3038 764 3075 non
800 3033 1158 3093 temperatum
1188 3027 1451 3083 duntaxat
1496 3028 1886 3098 interpretandi
1917 3044 2009 3099 ge-

438 3127 562 3175 nus,
587 3113 727 3181 quod
766 3115 938 3169 tenuit
975 3116 1293 3181 Tbeodotio,
1357 3118 1451 3173 sed
1491 3119 1666 3174 media
1696 3120 1858 3175 etiam
1889 3120 2007 3188 ejus

430 3214 563 3259 aetas
594 3204 841 3273 Aquilam
872 3207 1015 3262 inter
1038 3217 1093 3261 et
1124 3207 1509 3279 Symmachum
1538 3210 1831 3281 signiﬁcari
1854 3214 2005 3268 vide-

2121 2018 2329 2071 sebium
2349 2016 2708 2072 Samaritanis
2726 2016 3022 2086 Scriptum
3051 2014 3330 2069 codicibus
3359 2030 3513 2069 usum
3532 2015 3698 2069 fuisse

2118 2109 2427 2178 Origencm,
2458 2108 2756 2176 eademque
2792 2108 2847 2162 in
2886 2106 3124 2177 Hexapla
3154 2106 3471 2161 inseruisse.
3497 2105 3696 2161 Verum

2116 2201 2208 2269 qui
2245 2200 2463 2270 propius
2490 2200 2556 2254 ad
2601 2198 2779 2254 locum
2815 2199 2959 2253 hunc
2996 2197 3212 2253 Eusebii
3241 2205 3475 2252 mentem
3517 2206 3698 2252 atten-

2118 2294 2281 2359 derit,
2312 2291 2473 2362 plane
2503 2291 2670 2347 alium
2711 2291 2836 2346 inde
2867 2305 3087 2345 sensum
3118 2289 3398 2344 extundet.
3433 2290 3500 2343 Αἱ
3543 2289 3697 2362 παρὰ

2114 2386 2226 2448 τοῖς
2256 2383 2530 2449 Ἰουδαίοις
2558 2384 2933 2455 ὲμφερόμεναι
2970 2378 3321 2454 πρωτὸτυποι
3355 2380 3584 2451 γραφαὶ,
3611 2382 3696 2434 ni-

2115 2479 2192 2533 hil
2220 2478 2365 2533 aliud
2399 2486 2577 2542 sonat,
2618 2492 2781 2547 quam
2819 2492 2861 2527 re
2892 2474 3232 2545 primigenia:
3262 2474 3555 2543 Scriptura:
3573 2487 3694 2543 qua:

2114 2570 2254 2637 apud
2301 2567 2516 2625 Judaaos
2564 2568 3058 2632 circumferuntur;
3100 2587 3118 2619 ι
3168 2582 3274 2622 non
3315 2581 3467 2632 vero,
3508 2583 3529 2618 ι
3571 2580 3695 2635 quae

2112 2664 2250 2733 apud
2277 2661 2491 2718 Iudaeos
2527 2670 2835 2732 prototypaa
2857 2660 3153 2729 Scriptum
3180 2673 3301 2715 esse
3334 2659 3617 2724 feruntur;
3663 2675 3686 2712 ι

2111 2757 2342 2812 dixisset
2363 2756 2580 2825 quippe,
2601 2754 2754 2827 παρὰ
2773 2757 2885 2818 τοῖς
2911 2752 3184 2816 Ἰουδαίοις
3197 2753 3512 2824 φερόμεναι.
3535 2750 3690 2818 Quod

2112 2853 2156 2904 si
2193 2848 2244 2904 id
2286 2850 2389 2904 sibi
2440 2849 2702 2903 voluisset
2751 2847 3037 2910 Eusebius,
3077 2861 3177 2899 cur
3206 2859 3301 2899 eas
3334 2844 3513 2914 potius
3537 2840 3693 2914 παρὰ

2109 2945 2221 3006 τοῖς
2260 2940 2530 3004 Ἰουδαίοις
2556 2940 2883 3011 φερομένας,
2923 2952 3083 3007 quam
3122 2937 3261 3004 apud
3285 2934 3521 2999 Graecos,
3565 2932 3692 2987 Hel-

2108 3036 2352 3099 lenistas,
2390 3033 2635 3101 aliosque
2672 3032 2920 3096 dixisset,
2957 3030 3049 3099 qui
3075 3028 3449 3083 Samaritauas
3474 3026 3690 3079 litteras

2110 3128 2444 3197 antiquiores
2476 3140 2597 3182 esse
2621 3124 2867 3181 Judaicis
2898 3137 3001 3177 una
3042 3136 3165 3176 cum
3197 3118 3396 3175 Judaeis
3434 3116 3682 3176 fateban-

2111 3232 2196 3275 tur
2220 3219 2405 3287 ?-Quis
2436 3227 2588 3289 putet
2624 3218 2855 3286 denique
2886 3213 3166 3281 Hexaplis,
3202 3211 3268 3267 ad
3299 3210 3594 3281 Scriptum
3616 3207 3682 3261 il-

432 3302 543 3347 tur.
583 3292 802 3363 Origeni
830 3309 962 3365 ergo
997 3297 1143 3351 aliud
1190 3296 1359 3353 fuisse
1392 3312 1572 3353 causa:
1609 3309 1761 3368 puto,
1794 3314 1891 3354 cur
1931 3301 2004 3353 ita

2108 3314 2482 3369 lustrationem
2513 3321 2568 3367 et
2599 3310 2868 3380 publicam
2901 3308 3186 3363 utilitatem
3208 3301 3687 3366 eoncinnatis,Sa—

430 3382 905 3451 interpretationes
944 3384 1067 3438 illas
1104 3384 1393 3455 digereret.
1423 3386 1506 3440 Ad
1540 3384 1804 3441 Hebraica
1832 3389 2008 3441 maxi-

208 3488 219 3498 '
308 3479 327 3483 ”
431 3490 518 3529 me
566 3478 861 3530 accedebat
889 3478 1102 3546 Aquila,
1133 3479 1280 3533 hunc
1308 3478 1416 3534 illis
1468 3480 1592 3535 ideo
1628 3482 1876 3549 proxime
1910 3482 2007 3537 ad-

423 3564 621 3634 iunxit.
645 3566 753 3639 (89)
782 3569 864 3624 Ab
891 3569 1084 3625 iisdem
1120 3571 1241 3639 plus
1271 3572 1495 3642 reliquis
1530 3574 1818 3629 recedebat
1840 3574 2003 3647 Sym-

428 3659 674 3724 machus,
736 3661 935 3730 quippe
984 3664 1074 3730 qui
1112 3665 1503 3719 sententiarum
1555 3666 1780 3732 fuisset,
1841 3684 2005 3737 quam

428 3750 716 3805 verborum
748 3753 1089 3809 retinentior.
1120 3755 1188 3810 Ut
1204 3771 1270 3810 ex
1287 3754 1538 3812 conﬂictu
1554 3759 1826 3829 Aquilaeet
1841 3762 2002 3831 Sym-

429 3842 628 3905 machi,
660 3844 752 3911 qui
800 3844 1056 3916 abierant,
1080 3846 1131 3900 in
1163 3846 1400 3913 diversa,
1435 3860 1491 3903 et
1522 3859 1764 3905 extrema
1788 3851 2004 3908 fuerant

429 3933 718 3999 persecuti,
741 3935 945 3990 veritas
992 3936 1316 4003 eliceretur,
1352 3940 1560 4007 optima
1601 3944 1811 3998 ratione
1850 3954 2000 3998 uter—

426 4037 535 4090 que
570 4024 731 4078 simul
770 4028 1094 4093 coniunctus
1120 4039 1223 4084 est.
1253 4032 1493 4086 Subnexi
1519 4044 1643 4088 sunt
1675 4034 1778 4090 illis
1808 4036 2002 4093 deinde

428 4115 757 4184 interpretes
803 4116 944 4172 LXX
973 4129 1029 4175 et
1051 4121 1386 4189 Tbeodotio,
1452 4125 1545 4193 qui
1585 4128 1817 4184 mediam
1856 4133 1999 4186 viam

428 4214 736 4260 tenuerant.
783 4225 803 4259 ι
845 4208 1011 4275 Quasi
1036 4225 1163 4277 non,
1204 4231 1223 4265 ι
1259 4212 1432 4281 inquit
1468 4214 1827 4288 Hieronymus
1859 4219 2001 4276 Prae-

427 4294 523 4348 l'at.
572 4296 631 4349 in
676 4297 801 4362 Job,
860 4316 880 4349 ι
929 4301 1072 4369 apud
1110 4300 1327 4360 (ἔτερος
1366 4304 1593 4373 Aquila,
1642 4307 2000 4377 Symmachus

422 4394 478 4437 et
500 4383 820 4452 'l‘heodotio,
838 4386 919 4440 vel
942 4389 1168 4444 verbum
1199 4404 1231 4445 e
1258 4393 1444 4457 verbo,
1468 4394 1550 4450 vel
1572 4410 1792 4452 sensum
1821 4414 1852 4453 e
1878 4412 2000 4454 sen-

423 4487 510 4536 su,
540 4473 622 4528 vel
662 4490 727 4531 ex
772 4485 1003 4546 utroque
1031 4481 1395 4549 commistum,
1426 4492 1482 4537 et
1513 4485 1703 4540 mediae
1733 4496 2001 4559 tempera-

2106 3406 2419 3460 maritarum
2452 3402 2776 3472 exemplaria
2822 3398 3103 3455 infersisse
3129 3396 3436 3468 Origencm,
3462 3394 3685 3449 Iudaica

2106 3498 2438 3569 neglexisse;
2473 3512 2595 3551 cum
2626 3494 2870 3566 angustis
2897 3492 3097 3547 ﬁnibus
3124 3499 3470 3545 coerceretur
3491 3485 3684 3541 Sama-

2105 3591 2261 3646 ritica
2294 3590 2383 3645 illa
2415 3604 2567 3660 gens,
2585 3587 2748 3642 latius
2770 3602 2901 3641 vero
2926 3584 3149 3641 Judaica
3181 3577 3686 3653 pertineretrQuod

2105 3683 2151 3735 si
2188 3682 2311 3751 quis
2337 3681 2666 3749 exemplaria
2695 3688 2928 3747 utraque
2976 3678 3156 3731 locum
3189 3674 3291 3729 sibi
3324 3674 3379 3727 in
3425 3671 3685 3739 Hexaplis
3710 3710 3729 3723 .,

2102 3772 2407 3827 vindicasse
2450 3772 2615 3835 dicet,
2650 3787 2757 3825 non
2809 3784 2940 3840 ergo
2991 3767 3233 3833 Hexapla
3272 3765 3357 3819 vel
3411 3763 3635 3829 Octapla
3660 3779 3683 3828 ;

2103 3865 2196 3919 sed
2228 3862 2515 3932 Heptapla,
2551 3863 2635 3918 vel
2670 3861 2949 3930 Enneapla
2972 3859 3201 3914 dicenda
3242 3866 3418 3913 erant.
3457 3856 3684 3914 Constat

2101 3962 2252 4008 certe
2300 3954 2405 4008 hoc
2440 3936 2636 4022 'capite
2684 3952 2985 4007 Eusebium
3037 3949 3305 4005 Hebraica
3345 3948 3679 4016 exemplaria
3718 3992 3721 3993 ν

2101 4043 2306 4100 Graecis
2335 4044 2870 4113 interpretationibus
2925 4042 3268 4113 opposuisse,
3316 4054 3545 4109 quarum
3588 4053 3680 4093 ra-

2101 4133 2250 4188 tione
2308 4135 2592 4189 veritatem
2652 4132 2973 4189 Hebraicam
3024 4133 3216 4188 marito
3280 4130 3721 4205 npwrordmuc,

2102 4223 2317 4295 γραφὰς
2345 4224 2651 4293 appellavit.
2680 4224 2936 4279 Profecto
2988 4223 3381 4292 Epiphaniam,
3413 4222 3680 4292 Hierony-

2099 4332 2244 4370 mum
2287 4325 2343 4372 et
2380 4316 2636 4371 Ruﬁnum
2682 4325 2876 4386 stupor
2901 4317 3092 4387 ingens
3114 4324 3454 4384 occupasset,
3488 4317 3535 4370 si
3564 4314 3677 4368 edi-

2099 4407 2276 4463 tiones
2304 4423 2368 4462 ac
2395 4407 2676 4463 columnas
2738 4407 3103 4476 Hexaplortim
3147 4418 3401 4463 accurate
3449 4420 3678 4477 percen-

2100 4509 2301 4565 sentes,
2326 4499 2707 4556 Samariticam
2730 4500 3231 4570 praetermisissent.
3264 4499 3377 4571 (90)
3406 4499 3521 4556 Non
3546 4514 3679 4570 ergo

424 4570 535 4617 tum
565 4580 736 4634 genus
766 4567 1137 4624 translationis
1161 4575 1552 4641 expresserim.
1580 4595 1601 4629 ι
1632 4576 1996 4635 Ordo.autem
2028 4601 2074 4660 υ
2098 4605 2286 4645 verum
2349 4603 2433 4647 est,
2496 4567 2824 4648 Samaritpni
2884 4594 3089 4648 codicis
3149 4567 3455 4649 testimonia
3474 4632 3492 4658 ,
3557 4567 3677 4663 qlia

421 4655 722 4710 Studiorum
766 4658 1039 4726 postulat,
1074 4669 1134 4715 ut
1175 4662 1481 4719 intricatam
1517 4669 1869 4736 quaestionem
1892 4683 1997 4739 ,et

421 4743 687 4799 incertam
719 4750 1101 4819 disceptaturi,
1130 4764 1402 4812 extremas
1439 4759 1671 4828 primum
1704 4771 1761 4817 et
1781 4765 1999 4833 opposi-

493 4901 603 4971 (88)
647 4905 760 4981 Ego
790 4923 919 4981 sero
951 4926 981 4962 a
1018 4921 1251 4981 receptui
1281 4913 1548 4981 opinione,
1596 4925 1701 4971 etc.
1760 4918 1893 4974 Vide
1938 4921 1999 4975 D.

419 4972 751 5057 Bernardnm
771 4977 837 5031 de
857 4972 1198 5057 Mon_tl‘au_co_n
1218 4972 1545 5057 _Prri_:lim._in'
1568 4983 1790 5056 Hexapl.
1810 4972 1998 5057 capis,

422 5047 625 5121 num._i
671 5055 902 5121 et_seq.,
936 5050 1023 5103 ubi
1076 5051 1359 5119 Epiphanii
1384 5053 1565 5121 opinio
1594 5047 1762 5112 fusius
1799 5047 2000 5116 refelli;

423 5123 542 5189 tur,
556 5113 859 5189 Haetiique
890 5113 1157 5174 sententia
1179 5113 1433 5189 'pluribus'
1461 5125 1835 5182 conﬁrmatur.

493 5182 720 5268 (89).ᾼΙί›
756 5182 941 5268 iisdem
994 5182 1381 5268 plusﬁr'el‘iqujs
1411 5197 1703 5268 _recedebat
1732 5198 1996 5268 Symma-

420 5253 571 5324 chus.
606 5255 780 5308 Aliter
808 5253 1097 5313 visum—est
1123 5261 1184 5315 Β.
1221 5253 1289 5314 Ρξ
1319 5262 1380 5316 D.
1410 5264 1685 5321 Bernardo
1712 5267 1777 5322 de
1797 5253 1991 5324 “Mani.

425 5322 617 5405 faacon
640 5325 705 5405 _in
740 5325 1200 5405 Praeliminari‘hus
1230 5331 1319 5405 ad_
1341 5331 1571 5404 Hea-apt.
1608 5352 1731 5405 pag.
1767 5339 1835 5392 14
1855 5322 1990 5403 ,ίῆὓί

421 5395 498 5447 ait
532 5413 544 5447 :
578 5393 763 5479 tul'fleo
795 5399 997 5479 Aquilae
1028 5400 1258 5468 primum
1307 5393 1507 5479 locum:
1525 5393 1820 5475 deputavit,
1849 5393 1995 5479 eius;

420 5477 526 5530 que
562 5464 870 5547 editionem
899 5464 1131 5535 priorem
1178 5472 1359 5547 posuit
1410 5464 1692 5547 Origenes,
1731 5464 1855 5547 quia
1884 5464 1994 5534 'ille

421 5534 788 5601 scrupulosius
817 5534 976 5603 quam
1030 5534 1207 5594 caeteri
1256 5557 1447 5597 omnes
1490 5534 1810 5602 Hebraicam
1854 5550 1994 5604 Scri-

420 5612 632 5675 pturam
688 5606 909 5675 verbum
944 5623 975 5661 e
1017 5613 1184 5663 verbo
1235 5613 1462 5668 reddere
1508 5618 1810 5674 studuerat.
1863 5619 1994 5675 Post

421 5672 782 5760 hunc-autem
804 5674 1188 5760 Symmachum
1222 5681 1438 5760 locavit,
1486 5687 1612 5755 quia
1648 5686 1737 5760 ille
1770 5672 1989 5760 propius

420 5756 582 5807 quam
625 5750 975 5814 Septuaginta
1011 5758 1064 5803 et
1106 5750 1427 5816 Tbeodotio,
1457 5750 1525 5808 ad
1557 5750 1836 5813 veritatem
1872 5750 1988 5814 Ἠε-

421 5810 1034 5896 traicattraccedebatL
1054 5820 1251 5896 Deinde
1292 5819 1641 5896 Septuaginta
1700 5832 1989 5896 praeposuit

424 5878 807 5948 Thcudotioni,
830 5888 953 5955 quia
976 5885 1272 5946 Theodotio
1290 5878 1638 5963 Septuaginta
1664 5878 1991 5969 ié'ieiiééiéé

2100 4693 2397 4737 occurrunt
2421 4684 2476 4738 in
2504 4686 2724 4754 scriptis
2749 4685 2993 4750 Patrum,
3035 4699 3104 4740 ex
3142 4684 3392 4756 Origenis
3418 4684 3675 4755 Hexapli:

2101 4770 2272 4826 fuisse
2303 4772 2503 4841 petita;
2537 4774 2634 4828 sed
2677 4784 2828 4829 certo
2860 4776 3064 4829 certius
3100 4783 3186 4831 est
3218 4789 3349 4831 usos
3378 4774 3544 4833 fuisse
3572 4773 3674 4829 Pa-

2103 4937 2136 4979 e
2168 4924 2394 4993 vestigio
2420 4940 2555 4995 pene
2584 4928 2736 4995 sequi
2774 4927 3079 4983 videbatur.
3114 4947 3133 4980 ι

2175 4995 2285 5066 (90)
2327 4994 2451 5049 Non
2481 5012 2602 5066 ergo
2637 4994 2811 5051 verum
2854 5008 2930 5051 est
2980 4997 3330 5061 Samaritani,
3359 5010 3465 5056 etc.
3498 5018 3519 5052 ι
3572 5001 3671 5055 Sa-

2100 5064 2366 5136 ma'rigtanir
2392 5078 2447 5120 et
2494 5064 2615 5135 Syri
2655 5068 2954 5136 lectiones,
2993 5087 3011 5119 ι
3047 5069 3221 5136 inquit
3257 5070 3321 5122 Ι).
3362 5069 3671 5124 Bernartius

2096 5136 2165 5207 de
2198 5134 2617 5207 Montfauconin
2652 5135 2887 5190 Praelim.
2919 5138 2970 5189 in
3010 5134 3235 5207 Hexopl.
3280 5155 3400 5207 cap.
3427 5141 3479 5203 1,
3514 5156 3695 5197 num-

2094 5203 2148 5279 8__,
2161 5223 2181 5256 ι
2198 5205 2252 5258 in
2272 5205 2605 5279 marginibus
2622 5208 3110 5279 vetustissimorum
3125 5203 3535 5279 exemplarium,
3549 5225 3667 5278 qua:

2096 5272 2456 5347 Hexaploru'm
2484 5276 2778 5347 fragmenta
2808 5278 3085 5343 exhibent,
3111 5272 3351 5347 perszepe
3370 5272 3666 5334 observan-

2096 5354 2221 5417 utr;
2254 5344 2374 5417 Syri
2420 5344 2651 5417 quidem
2688 5347 3059 5417 iniplerisque
3109 5344 3405 5417 Scriptum
3455 5349 3608 5402 libris
3644 5368 3659 5416 ;

2095 5412 2421 5477 Saniaritani
2473 5430 2604 5469 vero
2644 5416 2695 5468 in
2745 5412 3113 5472 Pentateucho
3155 5412 3361 5472 tantum
3389 5436 3405 5472 :
3429 5419 3517 5472 ubi
3554 5412 3660 5473 non

2092 5482 2461 5553 infrequenter
2506 5486 2980 5553 interpretationes
3039 5486 3367 5542 Samaritani
3420 5491 3689 5545 animad-

2092 5562 2294 5617 vertas,
2327 5555 2594 5625 interdum
2626 5555 2787 5617 solas,
2816 5558 3014 5625 saepius
3058 5573 3180 5611 cum
3230 5559 3458 5613 aliorum
3489 5560 3659 5612 inter-

2093 5634 2305 5691 pretum
2342 5624 2659 5679 lectionibus
2692 5625 2936 5679 collatas.
2960 5628 3094 5681 Cum
3125 5638 3305 5681 autem
3344 5628 3446 5682 illa:
3469 5628 3659 5683 Sama-

2095 5692 2273 5765 ritani
2298 5693 2575 5760 lectioaes,
2611 5710 2713 5749 non
2755 5696 2808 5748 in
2846 5698 3075 5752 vetustis
3109 5699 3385 5752 codicibus
3426 5707 3655 5765 tantum,

2095 5764 2187 5817 sed
2208 5764 2370 5837 etiam
2398 5766 2536 5833 apud
2572 5765 2759 5818 Patres
2790 5768 2988 5832 quarti,
3020 5767 3194 5835 quinti
3223 5778 3279 5821 et
3311 5771 3661 5837 sequentium

2095 5835 2420 5905 graculorum
2451 5845 2759 5898 occurrant,
2776 5838 3057 5902 probabile
3080 5851 3210 5890 sane
3243 5835 3452 5892 videtur
3479 5839 3651 5905 ips-1m

2094 5901 2384 5975 Origcnem
2409 5902 2666 5959 lcetioues
2699 5899 2820 5959 illas
2845 5906 3181 5961 Samaritani.
3202 5909 3254 5961 in
3277 5899 3518 5978 margine
3542 5899 3652 5960 Hc-
