4152 6444
483 417 617 488 ιἐεε

1760 421 1822 475 Ρ.
1863 418 2183 475 DANIELIS
2219 411 2463 475 HUETII'

3595 414 3733 468 1256

480 555 591 602 tres
620 546 811 602 Graeca
845 545 1290 615 interpretatione
1333 542 1663 598 Samaritani
1702 540 2051 610 exemplaris.

2163 539 2341 610 μόνον,
2365 538 2499 592 ἀλλὰ
2531 539 2624 591 καὶ
2652 539 2838 608 ἕκτην,
2862 537 2958 590 καὶ
2986 535 3218 608 ἑϐδόμην
3255 534 3521 606 παραθεὶς
3565 535 3731 605 ἑρμη-

477 641 692 696 Maneat
724 641 891 710 igitur
923 639 1040 694 loco
1065 640 1191 694 huic
1244 637 1464 692 Eusebii
1488 635 1703 706 vulgata
1743 649 1840 689 sua
1877 643 1932 689 et
1970 649 2052 687 re-

475 739 630 798 cepta
661 729 951 785 sententia.
979 729 1142 782 Addit
1172 727 1365 782 deinde
1385 725 1699 796 Origenem,
1719 733 1918 793 praeter
1937 721 2053 776 edi-

477 823 678 878 tionem
707 822 1065 891 lnterpretum
1097 819 1475 889 Septuaginta,
1520 817 1728 887 Aquilae
1748 860 1761 881 ,
1802 814 2055 885 Symma-

477 911 565 964 chi
611 918 665 966 et
723 909 1129 975 Theodotionis,
1171 909 1305 964 duas
1346 916 1611 977 praeterea
1665 904 1956 974 protulisse
2001 903 2054 956 in

474 999 654 1054 lucem
698 1010 926 1055 atteram
977 999 1250 1070 Nicopoli,
1284 999 1510 1052 alteram
1548 997 1601 1050 in
1658 995 1763 1048 alio
1822 993 2055 1062 quodam

474 1090 599 1146 loco
627 1100 919 1160 repertam.
954 1089 1090 1143 Tum
1121 1089 1199 1144 ait
1232 1107 1245 1142 :
1277 1089 1374 1142 Ἔν
1395 1104 1459 1155 γε
1489 1086 1587 1157 μὲν
1632 1087 1745 1146 τοῖς
1774 1081 2058 1149 Ἑξαπλοῖς

476 1181 587 1236 τῶν
611 1181 856 1252 Ψαλμῶν
880 1180 1019 1251 μετὰ
1049 1180 1146 1244 τὰς
1177 1180 1480 1250 ἐπισήμους
1501 1177 1770 1247 τέσσαρας
1797 1173 2056 1234 ἐκδόσεις,

475 1274 538 1326 οὐ
569 1273 726 1344 μόνον
759 1272 1037 1343 πέμπτην,
1072 1271 1207 1325 ἀλλὰ
1232 1270 1324 1323 καὶ
1356 1269 1542 1339 ἕκτην,
1568 1267 1662 1321 καὶ
1694 1265 1928 1335 ὲὸδόμην
1952 1281 2058 1316 πα-

478 1363 664 1436 ραθεὶς
687 1365 997 1437 ἑρμηνείαν,
1030 1364 1120 1416 ἐπὶ
1149 1364 1277 1433 μιᾶς
1301 1358 1454 1424 αὖθις
1485 1358 1870 1429 σεσημείωται,
1901 1356 1976 1419 ὡς
2003 1356 2060 1407 ἐν

488 1452 704 1524 Ἱεριχοῖ
722 1453 1029 1524 εὑρημένης
1054 1455 1112 1506 ἐν
1129 1451 1270 1522 πίθῳ
1292 1450 1434 1504 κατὰ
1457 1453 1583 1514 τοὺς
1602 1450 1825 1520 χρόνους
1865 1448 2061 1500 Ἀντω-

478 1545 627 1598 νίνου
653 1544 746 1598 τοῦ
778 1544 895 1598 υἱοῦ
940 1544 1198 1616 Σεϐήρου,
1242 1543 1367 1598 Haec
1389 1543 1552 1598 verba
1585 1557 1774 1608 parum
1799 1543 2062 1594 hactenus

477 1635 748 1691 intellecta
771 1634 1263 1704 explanareooperte
1275 1635 1504 1703 pretium
1525 1643 1629 1687 est.
1651 1630 1794 1702 t(9l)
1811 1631 1864 1684 In
1887 1628 2062 1683 Hexa-

475 1726 580 1796 plis
608 1727 822 1796 quidem
860 1725 1218 1792 Psalmorum,
1253 1734 1376 1792 post
1418 1724 1658 1795 insignes
1697 1733 1928 1793 quatuor
1952 1721 2062 1776 edi-

475 1818 680 1882 tiones,
728 1831 835 1872 non
887 1819 1130 1888 quintam
1172 1816 1369 1882 solum,
1405 1817 1498 1870 sed
1525 1825 1580 1871 et
1623 1827 1853 1878 sextam,
1877 1825 1932 1868 et
1968 1829 2055 1868 se-

477 1910 704 1978 ptimam
759 1909 1058 1978 adiungens
1120 1909 1625 1978 interpretationem
1652 1948 1668 1973 ,
1704 1909 1758 1961 in
1814 1905 2056 1976 singulas
2089 1893 2130 1947 Β

476 2011 669 2053 rursus
695 1997 973 2054 columnas
995 1998 1313 2068 descripsit;
1359 2007 1541 2070 utpote
1565 2013 1686 2068 qun
1711 1997 2059 2052 Hierichunte

476 2096 696 2155 reperta
743 2088 816 2142 sit
843 2088 896 2142 in
929 2087 1072 2142 dolio
1106 2088 1440 2158 temporibus
1480 2087 1760 2150 Antonini,
1795 2087 1913 2155 eius
1966 2088 2057 2158 qui

477 2177 581 2232 fuit
604 2179 977 2234 Severi-Illius.
1015 2197 1034 2230 ι
1074 2179 1196 2232 Ἐπὶ
1225 2181 1354 2250 μιᾶς
1381 2179 1580 2234 locutio
1605 2189 1690 2234 est
1721 2179 1924 2244 Attica,
1952 2191 2059 2249 qua

476 2286 570 2328 res
601 2272 973 2341 signiﬁcantur
1001 2272 1054 2325 in
1082 2288 1246 2326 unum
1277 2287 1490 2328 versum
1516 2271 1795 2327 collocatas
1819 2286 1849 2325 a
1880 2270 2060 2325 fronte

480 2361 552 2416 ad
594 2371 822 2432 tergum.
847 2361 1061 2432 Optime
1090 2366 1247 2418 docet
1274 2363 1504 2418 Budaeus
1529 2363 1658 2434 quid
1686 2363 1795 2418 sint
1813 2362 1940 2432 νῆες
1967 2361 2058 2414 ἐπὶ

480 2455 612 2526 μιᾶς
629 2456 1184 2526 τεταγμέναι,ηεῐηρε
1214 2471 1380 2511 naves
1404 2457 1476 2510 ita
1505 2456 1802 2519 instructae,
1827 2454 2058 2508 utunica

476 2544 534 2600 in
563 2545 742 2601 fronte
769 2548 862 2612 sit,
880 2547 1103 2619 reliquae
1134 2562 1273 2617 pone
1290 2557 1588 2617 sequantur
1611 2548 1666 2602 in
1688 2562 1905 2603 versum
1938 2561 2058 2615 por-

477 2645 660 2693 rectm.
677 2635 753 2690 lta
781 2637 864 2706 ἐφ’
877 2637 994 2700 ἐνὸς
1012 2638 1332 2709 τεταγμένοι
1355 2638 1711 2709 στρατιῶται,
1723 2637 1919 2692 milites
1935 2644 2059 2691 sunt

477 2727 537 2782 in
570 2743 738 2782 unum
768 2743 984 2783 versum
1010 2746 1041 2784 a
1071 2730 1250 2785 fronte
1279 2731 1345 2785 ad
1378 2739 1586 2800 tergum
1619 2731 1890 2786 instructi.
1909 2729 2058 2786 Hanc

477 2819 813 2878 locutionem
835 2821 1111 2893 eleganter
1133 2823 1239 2878 huc
1267 2823 1542 2878 transtulit
1576 2823 1844 2879 Eusebius
1877 2840 1891 2874 :
1924 2837 2059 2890 quo-

478 2910 627 2966 niam
654 2911 798 2968 enim
821 2927 918 2983 per
956 2913 1143 2985 longas
1178 2922 1234 2970 et
1269 2923 1528 2986 angustas
1570 2913 1881 2970 columellas
1913 2914 2059 2982 dige-

479 3011 579 3059 stae
599 3013 754 3060 erant
780 3005 1046 3062 editiones
1087 3007 1145 3061 in
1180 3006 1461 3075 Hexaplis,
1497 3017 1782 3076 pr0pterea
1812 3005 1903 3058 ἐπὶ
1928 3006 2058 3077 μιᾶς

481 3097 931 3166 σεσημειωμένας
969 3111 1088 3152 esse
1109 3097 1263 3151 dixit.
1293 3096 1399 3151 Sua
1428 3112 1641 3167 quoque
1676 3098 1759 3151 vis
1798 3097 1940 3152 inest
1965 3111 2058 3150 vo-

478 3187 672 3243 eabulo
701 3189 1084 3262 σεσημείωται.
1105 3188 1468 3259 Σημειοῦσθαι
1490 3199 1687 3259 praeter
1707 3189 2059 3258 signiﬁcatio-

478 3294 601 3343 nes,
623 3289 782 3335 sonat
807 3281 993 3347 etiam,
1015 3282 1266 3350 scriptum
1289 3281 1502 3351 aliquod
1532 3281 1608 3333 ad
1633 3280 1783 3334 aliud
1805 3280 2054 3350 adjicere,

481 3369 766 3434 ascribere,
797 3377 857 3423 ut
898 3371 1148 3440 superius
1201 3372 1549 3426 observatum
1588 3378 1688 3426 est.
1740 3369 1929 3440 Igitur,
1962 3368 2058 3422 ἐπὶ

483 3459 620 3530 μιᾶς
645 3458 1029 3530 σεσημείωται,
1058 3460 1161 3516 hoc
1187 3471 1271 3515 est
1297 3462 1354 3514 in
1387 3460 1620 3531 singulas
1659 3461 1929 3515 columnas
1962 3462 2058 3514 de-

481 3547 713 3603 scribens
745 3549 813 3600 ad
838 3549 1066 3617 priorem
1093 3549 1330 3604 attnuit.
1389 3547 1677 3618 Perperant
1710 3551 1824 3604 hzec
1851 3549 2060 3618 accepit

487 3637 832 3710 Nicephorus
867 3639 961 3694 lib.
997 3656 1050 3707 v,
1077 3654 1196 3710 cap.
1229 3641 1316 3706 ll,
1347 3641 1424 3696 ait
1465 3641 1608 3697 enim
1647 3658 1660 3692 :
1694 3642 1781 3694 Οὐ.
1802 3641 2059 3713 πέμπτην

482 3866 764 3937 captorum
783 3865 1046 3937 posuisse.
1064 3866 1207 3922 Idem
1237 3881 1402 3937 porro
1438 3865 1723 3937 dicendum
1753 3865 1966 3937 videtur
1984 3865 2065 3937 ide

487 3933 650 4008 Syro,
665 3933 820 4008 cujus
838 3933 1308 4008 interpretationes
1325 3937 1520 4008 passim
1532 3935 1956 4008 -_reperi_untur_it_t
1970 3933 2068 3990 Ge-

485 4005 605 4063 nesi
627 4015 677 4063 et
710 4007 917 4069 Exodo,
940 4006 991 4060 in
1016 4006 1243 4062 Psalmis
1263 4005 1414 4070 item,
1449 4007 1500 4060 in
1527 4005 1780 4070 Jeremia,
1803 4007 1856 4069 in
1888 4005 2061 4059 Thre-

485 4077 611 4142 nis;
642 4077 782 4144 apud
815 4076 1146 4132 Ezechielem
1181 4077 1342 4132 etiam
1366 4075 1638 4130 Danielem
1661 4085 1716 4128 et
1747 4076 1903 4131 Osee.
1938 4075 2063 4145 Syri

525 4161 653 4201 orro
674 4147 932 4202 lectiones
978 4145 1277 4200 aﬂ‘eruntur
1304 4147 1373 4201 ab
1400 4145 1629 4201 Eusebio
1657 4145 1999 4209 Caesariensi,
2031 4161 2063 4199 a

538 4217 724 4272 iodoro
744 4215 998 4271 Tarsensi
1023 4216 1386 4284 frequentius;
1417 4216 1487 4270 ab
1509 4215 1740 4270 Eusebio
1772 4215 2062 4279 Emisenor,

487 4285 842 4356 Hieronymo,
877 4285 1247 4350 Theodoreto,
1279 4296 1334 4340 et
1377 4285 1518 4356 aliis.
1546 4286 1828 4356 iQuodque
1873 4296 2065 4340 notan-

490 4357 618 4425 t_l_um
651 4355 736 4410 est
764 4356 950 4420 iidem,
985 4357 1330 4425 maximeque
1380 4355 1678 4417 Diodorus,
1710 4355 1904 4425 Syrum
1939 4371 2060 4410 cum

490 4422 720 4496 Hebraeo
758 4440 898 4494 saepe
921 4422 1256 4494 coniungunt
1277 4426 1379 4480 hoc
1417 4435 1577 4496 pacto
1613 4443 1628 4479 :
1669 4425 1727 4477 '0
1753 4422 2063 4496 Etigogixal.

488 4495 523 4548 ὁ
551 4493 917 4568 Ἑϐραϊος,ᾐέ1
950 4493 1237 4568 ὁἙὸραῖος
1265 4493 1600 4568 καὶόΣύρος,
1618 4493 2065 4568 ηυδιιιιοὶρίιίεθῐ.

2156 633 2304 684 νείαν
2326 629 2766 700 ἐπισημαίνεται.
2795 628 2909 698 (92)
2942 627 3048 682 Nec
3075 627 3387 681 dillicultate
3415 635 3566 679 caret
3591 626 3730 694 quod

2155 724 2338 777 subest
2359 723 2499 791 apud
2525 721 2841 784 Eusebium,
2869 719 3158 789 Origenem
3195 719 3260 772 ad
3294 717 3532 787 reliquas
3565 717 3729 771 inter-

2155 805 2498 884 pretationes'
2533 811 2802 881 adiecisse
2837 812 3148 882 septimam,
3202 811 3344 880 quod
3385 809 3731 864 llierichunte

2156 908 2209 959 in
2239 907 2384 960 dolio
2418 906 2720 976 imperante
2746 905 3026 960 Caracalla
3078 917 3287 976 reperta
3317 907 3405 962 sit.
3441 903 3583 958 Idem
3633 905 3732 958 ha-

2157 998 2246 1051 bet
2269 997 2530 1052 Zonaras.
2563 999 2784 1052 Certum
2811 1007 2985 1053 estex
3018 997 3295 1052 Athanasii
3349 1007 3405 1052 et
3445 996 3731 1066 Epiphanii

2156 1089 2485 1145 auctoritate
2523 1091 2771 1159 quintam
2811 1091 3102 1144 editionem
3153 1089 3505 1144 Hierichunte
3536 1089 3590 1142 in
3635 1089 3732 1144 do-

2157 1182 2229 1236 lio
2270 1182 2436 1237 fuisse
2471 1191 2740 1251 repertam
2766 1183 3066 1251 imperante
3083 1181 3383 1237 Caracalla.
3414 1181 3578 1235 Addit
3607 1181 3733 1250 Epi-

2158 1273 2390 1344 phanius
2420 1289 2524 1327 una
2555 1283 2799 1343 repertos
2823 1289 2942 1329 esse
2970 1273 3313 1333 lib-rosalios.
3339 1288 3460 1328 cum
3502 1273 3735 1328 Hebrai-

2157 1379 2270 1429 cos,
2307 1373 2419 1418 tum
2447 1366 2608 1418 etiam
2641 1364 2885 1420 Graecos.
2915 1364 3066 1430 Quod
3089 1364 3134 1419 si
3165 1379 3231 1419 ex
3266 1364 3350 1418 bis
3380 1362 3544 1418 fuisse
3565 1362 3735 1431 septi-

2159 1471 2298 1510 mam
2329 1455 2472 1509 illam
2514 1455 2852 1511 Psalmorum
2879 1457 3172 1511 editionem
3204 1458 3473 1524 dicamus,
3511 1458 3582 1510 ita
3608 1472 3732 1511 cum

2158 1546 2284 1600 aliis
2300 1545 2564 1600 Eusebius
2586 1546 2989 1602 conciliabitur.
3006 1545 3309 1615 Opinantnr
3327 1547 3544 1615 quidam
3567 1545 3735 1614 scpti-

2160 1651 2302 1690 mam
2331 1636 2477 1690 illam
2505 1637 2799 1692 editionem
2827 1638 3071 1691 eamdem
3099 1652 3220 1692 esse
3258 1651 3322 1692 ac
3377 1636 3731 1701 Lucianeam,

2160 1729 2265 1784 hoc
2309 1738 2649 1799 argumento,
2703 1729 2846 1800 quod
2891 1729 3248 1795 Athanasius,
3289 1729 3404 1783 sive
3437 1729 3732 1799 Synapuos

2159 1829 2369 1885 auctor,
2401 1820 2623 1875 Luciani
2657 1821 2975 1884 editionem,
3012 1821 3243 1889 septimo
3278 1821 3398 1875 loco
3427 1831 3732 1888 recenseat,

2157 1921 2213 1967 et
2249 1913 2533 1981 septimam
2576 1913 2809 1984 appellet
2848 1934 2860 1968 :
2897 1913 2990 1967 sed
3029 1912 3252 1966 multum
3283 1912 3566 1975 falluntur;
3607 1926 3730 1967 nam

2157 2001 2381 2056 Luciani
2410 2002 2578 2056 editio
2601 2003 2714 2071 ipsa
2743 2001 2844 2056 fuit
2868 2001 3042 2073 κοινὴ,
3076 2010 3196 2072 post
3233 2001 3482 2072 Origenis
3519 2011 3730 2056 aetatem

2159 2104 2403 2152 correcta
2431 2104 2494 2152 et'
2519 2095 2802 2151 emendata
2833 2111 2864 2150 a
2897 2094 3160 2160 Luciano,
3191 2103 3250 2149 ut
3276 2094 3438 2149 tradit
3466 2093 3735 2165 Hierony-

2156 2203 2279 2244 mus
2310 2187 2464 2243 initio
2493 2186 2734 2256 epistolae
2757 2187 2822 2241 ad
2850 2186 3070 2241 Suniam
3091 2195 3144 2240 et
3163 2184 3476 2240 Fretellam.
3504 2185 3616 2254 (9'5)
3639 2183 3734 2240 Se-

2158 2279 2380 2349 ptimam
2419 2292 2551 2333 vero
2585 2277 2900 2345 editionem,
2929 2292 3049 2345 quae
3082 2275 3332 2346 llexaplit
3387 2274 3595 2330 intexta
3624 2282 3728 2337 est,

2157 2368 2507 2424 Hierichunte
2537 2369 2808 2425 inventam
2841 2384 2962 2423 esse
2987 2369 3287 2437 imperante
3308 2366 3588 2424 Caracalia
3624 2365 3730 2421 Eu-

2158 2463 2340 2518 sebius
2361 2472 2638 2517 asseverat
2660 2460 2754 2516 lib.
2781 2476 2833 2515 Vl
2862 2459 3031 2525 Hist.,
3067 2475 3186 2530 cap.
3226 2458 3312 2522 16,
3346 2459 3487 2528 quod
3518 2459 3584 2512 de
3613 2475 3730 2511 κοιι-

2157 2555 2221 2624 νῇ
2257 2562 2404 2608 certe
2432 2553 2540 2607 dici
2577 2568 2683 2608 non
2714 2561 2912 2622 potest.
2954 2551 3200 2619 Hexapla
3227 2552 3391 2622 igitur
3418 2551 3506 2606 illa
3542 2551 3732 2620 Orige-

2159 2645 2264 2707 nis,
2289 2642 2402 2698 sive
2430 2641 2675 2712 Octapla,
2726 2656 2846 2710 quae
2882 2641 2935 2694 in
2969 2641 3089 2696 aliis
3121 2641 3415 2710 Scriptum
3447 2641 3604 2695 libris
3637 2655 3735 2695 sex

2157 2737 2364 2794 Graecis
2384 2734 2707 2790 constabant
2726 2732 3073 2797 editionibus,
3105 2742 3311 2800 septem
3337 2733 3387 2786 in
3421 2732 3558 2786 libro
3582 2731 3733 2786 Psal-

2162 2841 2370 2881 morum
2429 2823 2803 2880 continebant.
2861 2822 2936 2877 Ita
2968 2823 3308 2892 postmodum
3339 2823 3532 2876 scribit
3568 2822 3735 2876 Euse-

2158 2919 2278 2973 bius
2314 2933 2330 2972 :
2364 2916 2577 2979 Ταύτας
2594 2915 2651 2968 δὲ
2677 2915 2890 2978 ἁπάσας
2917 2915 3008 2968 ἐπὶ
3039 2913 3237 2968 ταύτὸν
3265 2914 3603 2982 συναγαγὼν,
3631 2915 3735 2968 διε-

2157 3008 2264 3062 λών
2320 3024 2379 3060 τε
2437 3006 2575 3078 πρὸς
2635 3005 2828 3084 κῶλον,
2881 3006 2975 3058 καὶ
3030 3004 3421 3076 ἀντιπαραθεὶς
3479 3005 3733 3074 ἀλλήλαις

2161 3097 2298 3168 μετὰ
2343 3097 2437 3150 καὶ
2479 3097 2649 3166 αὐτῆς
2685 3098 2784 3165 τῆς
2826 3095 3090 3166 Ἐϐραίων
3120 3094 3489 3166 σημειώσεως,
3527 3095 3593 3148 τὰ
3623 3096 3734 3147 τῶν

2159 3189 2476 3261 λεγομένων
2529 3187 2808 3254 Ἐξαπλῶν
2871 3189 3002 3258 ἡμῖν
3062 3189 3370 3259 ἀντίγραφα
3411 3187 3736 3259 παραλέλοι-

2163 3297 2281 3334 πεν.
2313 3280 2518 3335 Sensus
2551 3288 2634 3334 est
2665 3292 2678 3327 :
2722 3295 2741 3329 ι
2777 3277 2885 3333 llas
2927 3293 3116 3334 omnes
3147 3294 3269 3334 cum
3309 3280 3363 3333 in
3401 3293 3566 3332 unum
3603 3292 3736 3333 con.

2158 3371 2448 3443 iunxisset,
2477 3378 2531 3422 et
2564 3383 2662 3439 per
2687 3366 2806 3422 cola
2842 3367 3201 3434 distinxisset,
3227 3376 3281 3422 et
3307 3368 3536 3422 invicem
3568 3381 3738 3437 Oppo-

2164 3461 2384 3524 suisset,
2429 3472 2534 3512 una
2593 3472 2716 3513 eum
2769 3456 3016 3512 Hebraici
3081 3466 3369 3511 contextus
3415 3455 3735 3522 adiectione,

2165 3550 2527 3619 Hexaplorum
2546 3547 2702 3604 nobis
2718 3547 3047 3616 exemplaria
3071 3547 3304 3616 reliquit.
3332 3566 3351 3600 ι
3381 3547 3626 3600 Diximus
3644 3560 3741 3618 ση-

2168 3638 2452 3712 μειοῦσθαι
2482 3640 2534 3694 id
2564 3653 2706 3706 esse,
2738 3658 2756 3688 ι
2793 3636 3063 3708 Scriptum
3085 3637 3299 3708 aliquod
3325 3639 3391 3692 ad
3420 3637 3563 3693 aliud
3597 3637 3738 3708 adii-

2173 3865 2335 3931 bium,
2365 3874 2471 3934 etc.
2505 3863 2747 3934 Zonaras
2795 3860 3099 3934 qttidemin
3130 3859 3269 3934 ῌίει.
3301 3861 3486 3934 imper.
3533 3856 3738 3934 Severi,

2169 3946 2225 3990 et
2245 3929 2581 4002 Nicephorus
2612 3933 2704 3986 lib.
2743 3929 2943 4002 νέων.
2974 3931 3061 4002 ll,
3115 3931 3266 3984 aiunt
3296 3929 3583 4002 septimam
3622 3929 3739 3984 edi-

2171 3999 2755 4060 tionem'Hierichunte
2784 4001 2950 4055 fuisse
2982 4001 3287 4063 inventam;
3347 3999 3440 4052 sed
3469 3999 3519 4052 id
3551 4009 3740 4067 aperte

2169 4091 2276 4129 non
2324 4074 2570 4127 enuntiat
2611 4072 2893 4139 Eusebius.
2926 4070 3192 4139 Quidquid
3223 4068 3365 4123 enim
3401 4067 3625 4122 Huetius
3657 4069 3740 4139 di-

2168 4156 2276 4208 cat,
2302 4143 2427 4196 Ἐπὶ
2458 4145 2586 4213 μιᾶς
2620 4137 2787 4213 αὖθις
2810 4137 3307 4213 σεσημείωλτςιιθοιῖλςΔ
3325 4140 3384 4213 εν
3411 4139 3625 4213 Ἱεριχοῖ
3643 4137 3736 4213 si):

2173 4208 2470 4286 p'qpévqﬁv'
2490 4211 2827 4286 πίθῳ-κατα-
2861 4208 2986 4286 cpit};
3037 4210 3261 4286 χρόνους
3295 4208 3607 4286 Ἀντωνίνου
3641 4209 3738 4286 τσῦ

2169 4277 2288 4338 bibit
2307 4277 2567 4355 Σέϐήρου,
2594 4277 2727 4336 nihil
2760 4281 2902 4355 aliud
2922 4277 3391 4355 signilicat_,_quan_t
3413 4297 3432 4355 ς
3454 4277 3663 4355 Rursus
3680 4281 3738 4355 i_n

2169 4346 2626 4423 principio'unius
2651 4351 2858 4405 notavit
2887 4346 3157 4423 inventam
3183 4346 3334 4423 illam
3361 4349 3528 4423 fuisse
3551 4346 3738 4423 _H_ie_ri-

2166 4417 2367 4480 cltunté
2399 4424 2450 4478 in
2479 4422 2644 4487 dolio,
2675 4431 2912 4485 tempore
2940 4420 3218 4484 Antonini,
3245 4420 3336 4487 qui
3378 4417 3563 4472 Severi
3593 4417 3735 4472 [ilius

2168 4496 2287 4557 luit,
2325 4513 2342 4546 ι
2370 4503 2429 4546 ιιι
2459 4504 2601 4547 recte
2629 4489 2905 4546 transtulit
2931 4489 3174 4544 Valesius
3206 4507 3219 4543 :
3252 4504 3316 4543 ac
3357 4488 3580 4556 proinde
3629 4497 3738 4540 tam

491 4557 1305 4642 amboruminterpretationes
1355 4557 1713 4642 conveniunt,
1750 4566 1903 4642 quod
1922 4578 2063 4633 saepe
2096 4587 2138 4642 ο
2169 4565 2232 4618 ad
2259 4566 2502 4642 quintam
2535 4571 2628 4642 aut
2655 4571 2890 4642 sextam1
2927 4575 3085 4642 quam
3118 4560 3184 4614 ad
3221 4557 3742 4642 septimamﬁditio-

492 4635 776 4706 contingit.
809 4634 903 4706 lim
930 4633 1093 4702 porro
1127 4636 1402 4698 lectiones,
1425 4636 1648 4702 perinde
1680 4633 1841 4702 atque
1872 4633 2063 4706 Sama-

491 4704 782 4770 ri‘tani,'ab
815 4705 1049 4775 Origene
1092 4706 1528 4775 diligentissimo
1548 4706 1857 4758 versionum
1882 4704 2066 4775 Acolle-

491 4785 647 4845 more
692 4773 992 4845 potuerunt
1024 4773 1286 4845 etiam‘in
1323 4773 1683 4841 Hexaplorum
1713 4773 2063 4845 marginibus

493 4842 746 4900 colloca—ri
775 4859 790 4896 :
816 4861 1123 4914 quanquam
1147 4845 1197 4897 id
1222 4844 1441 4898 minime
1463 4854 1689 4914 constet.
1713 4842 1839 4914 Haec
1866 4845 2063 4914 quippe

493 4915 668 4969 solum
721 4913 1009 4970 divinando
1058 4916 1284 4969 dicimus
1311 4933 1330 4967 ε’
1352 4915 1522 4968 donec
1568 4913 1712 4968 enim
1753 4913 1931 4980 aliqua
1981 4913 2063 4967 vel

497 4983 704 5039 tantilla
733 4999 860 5055 pars
893 4984 1279 5055 Hexaplorum,
1310 4993 1368 5036 ut
1400 4983 1557 5055 initio
1588 4984 1788 5051 scripta
1824 4983 2060 5055 luerunt,

495 5067 529 5108 e
560 5051 801 5110 tenebris
826 5051 1130 5118 emerserit,
1159 5054 1367 5122 plenam
1409 5051 1817 5123 perfectamque
1847 5052 2062 5106 illorum

496 5125 746 5180 nctitiam
776 5125 1042 5192 expiscari
1077 5140 1182 5178 non
1209 5124 1522 5192 valebimus.
1562 5142 1581 5174 ι

569 5195 683 5265 (9i)
722 5193 790 5249 In
826 5190 1080 5259 Hexaplis
1107 5190 1733 5265 quidemulj’sa‘lmorugt,
1776 5201 1898 5265 post
1936 5193 2066 5246 insi-

499 5261 622 5333 gnes
643 5261 871 5336 quatuor
892 5261 1166 5330 editiones,
1185 5261 1450 5336 etc._Male
1469 5263 1613 5336 hunc
1639 5262 1852 5336 Eusebii
1887 5263 2062 5317 locum

499 5332 665 5389 vertit.
696 5334 944 5398 Huetius,
986 5336 1074 5403 qui
1109 5349 1229 5388 sese
1260 5333 1402 5386 ultro
1441 5332 1684 5400 implicat
1714 5332 1765 5403 in
1799 5333 2066 5403 interpre-

500 5405 704 5459 tatione
751 5401 1034 5460 locutionis
1069 5405 1211 5458 illius
1241 5404 1333 5455 ἐπὶ
1363 5404 1491 5473 μιᾶς
1533 5401 1917 5473 σεσημείωται.
1953 5401 2063 5454 Me-

501 5473 608 5528 lius
637 5475 716 5528 sic
745 5476 1027 5530 vertisset:
1051 5493 1068 5525 t
1105 5475 1159 5528 In
1193 5471 1450 5542 Hexaplis
1481 5475 1696 5540 quidem
1730 5471 2063 5526 Psaltnorunt

500 5544 928 5612 exemplaribus,
949 5556 1070 5612 post
1096 5545 1334 5613 insignes
1361 5543 1482 5596 illas
1510 5553 1743 5609 quatuor
1773 5543 2063 5613 editiones,

502 5627 611 5667 non
641 5615 880 5680 quintam
903 5614 1098 5679 solum,
1134 5612 1231 5668 sed
1263 5625 1317 5668 et
1344 5623 1550 5668 sextam
1577 5622 1630 5665 et
1659 5613 1942 5680 septimam
1975 5612 2067 5664 ad-

500 5681 731 5751 iungens
756 5683 1275 5752 interpretationem,
1305 5697 1490 5752 rursus
1537 5683 1586 5734 in
1617 5681 1882 5749 principio
1910 5681 2068 5752 unius

505 5749 725 5822 notavit
747 5749 1014 5822 repertam
1047 5754 1191 5805 illam
1226 5753 1398 5815 fuisse
1428 5751 1786 5822 Hierichunte
1833 5751 1883 5804 in
1925 5749 2067 5803 dolio

505 5820 838 5890 temporibus
863 5823 1115 5874 Antonini
1143 5824 1232 5889 qui
1268 5822 1450 5875 Severi
1495 5820 1633 5874 (ilius
1667 5820 1784 5872 fuit.
1835 5839 1852 5871 ι

576 5887 826 5961 (92)’Νεε
861 5887 1321 5956 dimcttltateauret
1348 5892 1482 5944 aued
1521 5891 1692 5943 subest
1725 5892 1862 5943 avud
1898 5887 2068 5944 Euse-

2169 4627 2290 4687 neni
2329 4633 2380 4687 id
2418 4631 2603 4687 referri
2630 4641 2824 4700 potest.
2858 4627 2963 4684 Sed
2991 4645 3111 4700 cum
3146 4638 3358 4700 constet
3393 4643 3467 4700 ex
3493 4627 3743 4700 Athana-

2168 4705 2235 4759 sii
2266 4713 2321 4757 et
2347 4695 2645 4768 Epiphanii
2666 4703 2991 4754 auctorltate
3013 4699 3257 4766 quintam
3275 4697 3570 4768 editionem
3609 4695 3739 4751 Hie-

2169 4767 2418 4827 ricltunte
2448 4771 2613 4825 fuisse
2634 4770 2907 4824 inventam
2939 4770 3237 4836 imperante
3259 4767 3558 4829 Caracalla.
3595 4770 3742 4833 quod

2172 4843 2260 4897 hic
2297 4844 2371 4896 ait
2400 4843 2681 4902 Eusebius,
2719 4841 2888 4910 magis
2917 4839 2983 4910 de
3011 4839 3196 4910 quinta
3220 4853 3380 4906 quam
3413 4839 3478 4890 de
3508 4836 3740 4910 septima

2169 4913 2402 4967 editione
2433 4906 2834 4980 intelligendum
2860 4909 3093 4963 videtur.
3128 4906 3347 4980 Negare
3363 4915 3540 4980 tamen
3569 4906 3737 4958 nolim

2169 4983 2452 5050 septimam
2479 4977 2629 5035 hanc
2648 4979 3001 5050 Hiericltunte
3052 4979 3313 5050 potuisse
3335 4977 3519 5050 itidem
3587 4989 3746 5042 repe-

2169 5046 2289 5106 riri.
2325 5052 2470 5117 Esto,
2522 5051 2875 5105 concilientur
2900 5049 3137 5102 Zonaras
3169 5058 3224 5101 et
3253 5046 3589 5113 Nicepltorus
3613 5061 3739 5098 cum

2170 5121 2587 5192 Epiphanioqui
2611 5122 2687 5173 ait
2719 5133 2981 5192 una__cum
3010 5119 3194 5187 quinta
3231 5118 3466 5192 editione
3499 5125 3745 5192 repertos

2170 5185 2290 5246 esse
2315 5192 2446 5245 alios
2475 5185 2660 5252 libros,
2689 5205 2809 5243 cum
2833 5185 3147 5249 Hebraicos,
3177 5196 3288 5239 tum
3316 5187 3475 5239 etiam
3499 5185 3738 5239 Graecos.

2170 5261 2302 5315 Illud
2348 5271 2554 5314 tantum
2589 5259 2880 5320 contendo,
2932 5273 3038 5311 non
3086 5270 3397 5310 asseverare
3450 5254 3741 5309 Eusebium

2171 5331 2453 5399 septimam
2482 5330 2769 5383 editionem
2795 5326 3143 5381 Hiericltunte
3177 5327 3449 5380 inventam
3478 5339 3601 5379 esse
3635 5325 3741 5378 int-

2170 5411 2392 5469 perante
2409 5399 2716 5469 Caracalla.

2243 5469 2356 5539 (95)
2389 5468 2676 5539 Septimant
2703 5483 2822 5521 vero
2847 5467 3148 5530 editionem,
3172 5475 3278 5520 etc.
3313 5463 3447 5519 Jam.
3463 5479 3623 5532 supra
3657 5463 3748 5539 de-

2173 5535 2592 5593 monstravimus
2639 5537 2926 5590 Eusebium
2966 5539 3185 5589 minime
3221 5547 3530 5588 asseverare
3574 5535 3746 5602 septi-

2172 5625 2314 5663 mam
2347 5608 2630 5662 editionem
2677 5605 3023 5660 llicrichuutc
3067 5606 3231 5660 fuisse
3265 5615 3536 5673 repertam
3573 5605 3749 5671 impe-

2173 5691 2328 5735 rante
2353 5678 2648 5741 Caracalla,
2667 5679 2758 5730 sed
2778 5677 2918 5730 hunc
2935 5677 3051 5745 eius
3075 5676 3314 5730 historize
3338 5676 3514 5729 locum
3546 5685 3653 5745 tam
3677 5673 3745 5726 ad

2175 5750 2418 5818 quintam
2452 5756 2543 5800 aut
2585 5757 2817 5811 sextam,
2843 5744 3004 5813 quam
3031 5747 3097 5818 ad
3135 5744 3744 5818 septimameditionem

2177 5815 2566 5941 auferrigosse,
2595 5832 2655 5872 ac
2681 5818 2906 5887 proinde
2931 5816 3100 5887 magis
3129 5816 3196 5870 de
3223 5815 3409 5884 quinta
3434 5815 3764 5884 intelligens»

2214 5903 2379 5941 unt-vn
2421 5903 2520 5941 ert.

2176 5890 2316 5945 dum-
2333 5889 2520 5942 videri.
