4152 6428
442 451 574 510 1257

1285 451 1850 509 OlilGENIANOP-UM
1893 450 2019 506 LIB.
2062 450 2149 518 lll,
2187 450 2345 504 CAP:
2381 450 2444 516 ll,
2484 449 2675 505 SECT.
2718 449 2805 503 Ν.

3559 445 3696 501 1253

437 587 595 636 cere;
635 571 754 626 inde
779 573 1093 640 σημείωσις,
1131 572 1312 640 scripti
1347 571 1573 642 alicujus
1594 575 1658 625 ad
1691 573 1840 626 aliud
1867 571 2003 639 adje-
2037 579 2082 633 Α
2114 573 2560 640 terpretationum
2592 585 2720 634 sex;
2749 567 2894 622 nulla
2925 567 3104 621 habita
3131 574 3419 621 contextus
3445 561 3693 620 llebraici

437 665 564 719 ctio.
589 683 608 717 ι
627 665 1084 737 ΙιτιψιρἙϐραξων
1109 668 1428 737 σημείωσις,
1454 677 1534 721 est
1556 665 2012 720 Hebraici‘cxem-

435 754 603 826 plaris
655 757 719 810 ad
757 755 989 825 reliquas
1041 757 1515 825 interpretationes
1555 756 1840 826 appositio.
1891 755 2014 809 Haae

435 855 634 914 praeter
663 847 954 916 legitimam
977 849 1296 901 sententiam
1335 864 1364 902 a
1391 849 1658 902 nonnullis
1688 849 1794 902 alio
1827 847 2010 901 detor-

435 941 487 986 ta
515 941 661 986 sunt.
692 933 804 1006 (94)
843 934 968 989 Post
999 935 1260 1004 Hexapla,
1300 953 1364 991 ex
1399 949 1630 1007 quatuor
1684 937 2010 992 editionibus

431 1021 662 1090 Aquilae,
720 1023 1053 1094 Symmachi,
1117 1028 1470 1098 Septuaginta
1539 1029 1922 1097 interpretum,
1958 1037 2014 1084 et

434 1112 818 1169 Tlteodotionis
843 1116 1002 1169 simul
1033 1117 1336 1186 conjunctis
1361 1129 1414 1173 et
1436 1119 1719 1188 oppositis,
1759 1117 2012 1188 Tetrapla

433 1203 686 1257 conflavit
707 1205 1082 1272 Adamantius,
1111 1218 1170 1262 ut
1201 1209 1360 1262 tradit
1395 1209 1677 1276 Eusebius,
1711 1217 1764 1264 et
1787 1219 1906 1278 post
1937 1210 2006 1263 il-

434 1292 545 1347 lum
581 1293 838 1350 Zonaras.
891 1295 1002 1352 Nec
1038 1299 1181 1351 enim
1215 1299 1358 1352 aliud
1402 1309 1596 1353 sonant
1644 1301 1756 1353 haec
1795 1299 2010 1354 Eusebii

433 1385 618 1448 verba,
651 1385 794 1448 ἰδίως
825 1385 922 1457 τὴν
962 1373 1328 1450 Ἀκύλόυτκαὶ
1360 1390 1676 1459 Συμμὰχου,
1705 1389 1797 1441 καὶ
1827 1389 2014 1442 Θεοδο⁴

433 1476 624 1540 diuvo;
645 1476 854 1530 ἔκδοσιν
879 1479 1001 1549 ἅμα
1029 1483 1096 1550 τῇ
1113 1479 1220 1533 τῶν
1253 1480 1653 1551 Ἐϐδομήκοντα
1692 1483 1876 1543 ἐντοῖς
1913 1485 2010 1534 Tei-

439 1568 730 1637 τραπλοῖς
754 1571 1278 1637 ὲπικατασκευάσας,
1321 1590 1479 1643 quam
1513 1589 1634 1628 eum
1677 1583 1798 1642 post
1827 1571 2010 1626 Hexa-

433 1659 544 1728 pla,
577 1675 642 1714 ex
683 1660 768 1716 his
815 1672 1046 1730 quatuor
1087 1665 1413 1720 editionibus
1470 1663 1716 1734 Tetrapla
1764 1679 2008 1719 seorsum

433 1753 806 1822 compegisse;
849 1767 955 1807 non
985 1768 1116 1810 vero
1173 1754 1224 1809 in
1257 1755 1514 1824 Tetraplis
1569 1771 1808 1811 seorsum
1865 1755 2010 1824 dige-

443 1855 574 1910 stas,
613 1853 668 1899 et
691 1849 980 1916 separatim
1009 1851 1272 1904 discretas
1299 1849 1466 1905 fuisse
1493 1851 1730 1921 singutas
1749 1853 2008 1922 interpre-

2117 664 2341 724 rntione,
2373 664 2462 731 qui
2491 663 2629 714 inter
2669 659 3141 728 interpretationes
3173 656 3444 710 numerari
3475 669 3576 709 non
3605 657 3697 708 de-

2111 753 2248 808 buit.
2282 751 2416 806 Huic
2448 751 2685 821 opinioni
2731 750 2914 804 favere
2950 749 3160 802 videtur
3205 748 3537 816 Epiphanius
3573 747 3697 800 loco

2085 839 2234 897 'mox
2260 845 2444 904 allato,
2474 859 2592 896 cum
2618 844 2692 896 ait
2730 860 2742 894 :
2771 843 2930 894 ’Ὥστε
2955 837 3093 894 εἶναι
3115 840 3214 912 τὴν
3239 841 3423 894 Πᾶσαν
3450 837 3695 892 Παλαιὰν

2111 935 2384 1006 Διαϐήκην
2404 935 2472 988 δι’
2505 933 2821 998 Ἐξαπλῶν
2853 933 3220 1002 καλουμένων,
3243 932 3334 985 καὶ
3359 931 3447 984 διὰ
3470 931 3577 983 τῶν
3599 929 3696 982 δύο

2123 1027 2424 1098 Ἑϐραϊκῶν
2460 1029 2740 1098 ῥημάτων.
2784 1045 2800 1076 ι
2843 1027 2987 1080 Adeo
3017 1037 3076 1079 ut
3109 1023 3270 1079 Vetus
3305 1039 3463 1078 omne
3498 1023 3692 1078 Testa-

2117 1127 2355 1172 mentum
2384 1120 2450 1172 iis
2481 1117 2761 1187 Hexuplis,
2805 1125 2854 1171 ct
2889 1117 3102 1187 gemino
3133 1115 3394 1170 Hebraico
3433 1125 3688 1169 contextu

2113 1209 2274 1263 fuerit
2307 1211 2755 1279 comprehensum
2795 1226 2811 1264 :
2847 1227 2866 1259 ι
2901 1207 2988 1260 tibi
3017 1216 3204 1275 aperte
3239 1205 3478 1275 Hexnpla
3504 1205 3690 1260 Graeca

2112 1318 2140 1354 a
2169 1301 2335 1370 Diplis
2365 1301 2634 1354 Hebraicis
2667 1301 2968 1370 distinguit.
2989 1297 3225 1366 Hexapla
3243 1313 3392 1367 ergo,
3421 1297 3689 1367 inquiunt,

2112 1408 2139 1445 a
2165 1407 2257 1446 sex
2291 1391 2834 1458 interpretationibus
2858 1391 3076 1444 fuerunt
3098 1390 3461 1455 denominata,
3497 1405 3688 1459 quem-

2112 1485 2396 1537 admodum
2419 1481 2664 1551 Tétrapla
2685 1500 2714 1537 a
2744 1493 2995 1551 quatuor,
3025 1497 3087 1536 ac
3119 1483 3239 1537 ideo
3268 1481 3375 1536 falli
3396 1483 3484 1550 qui
3513 1481 3692 1535 Hexa-

2108 1575 2208 1643 plis
2233 1575 2472 1644 vulgatas
2492 1585 2722 1644 quatuor
2745 1575 3014 1630 editiones
3037 1573 3276 1640 Graecas,
3296 1585 3346 1628 et
3365 1573 3688 1644 exemplaria

2109 1665 2216 1718 duo
2257 1663 2518 1718 Hebraica
2556 1665 2851 1733 assignant.
2889 1661 2943 1717 ld
2972 1663 3016 1717 si
3057 1665 3146 1726 sit,
3189 1663 3364 1732 palam
3401 1663 3498 1718 sibi
3533 1677 3692 1731 repu-

2110 1756 2356 1823 gnaverit
2379 1754 2712 1825 Epiphanius
2735 1755 2872 1810 libro
2896 1753 2968 1806 De
2999 1757 3215 1822 pouder.
3247 1765 3538 1808 etmensur.
3569 1767 3690 1821 cap.

2111 1847 2197 1906 19,
2217 1848 2306 1917 qui
2339 1849 2408 1901 ita
2440 1847 2688 1903 disserit:
2709 1847 2998 1918 Τετραπλᾶ
3019 1847 3125 1918 γάρ
3153 1849 3256 1900 εἱσι
3279 1847 3345 1901 τὰ
3379 1845 3687 1915 Ἑλληνικὰ.

432 1938 684 2004 taliones,
735 1941 806 1994 ita
843 1953 903 1994 ut
944 1957 1082 1997 ευθε
1104 1944 1323 2011 singula:
1361 1945 1586 2013 paginas
1627 1953 1953 2013 occuparent
1988 1963 2001 1999 :

2115 1941 2240 1994 ὅταν
2271 1943 2326 1992 αἱ
2352 1939 2442 1993 τοῦ
2482 1939 2698 2004 Ἀκύλα,
2731 1943 2824 1994 καὶ
2851 1942 3168 2012 Συμμάχου,
3187 1940 3406 1995 καὶτῶν
3439 1939 3692 2011 Ἑϐδομή-

435 2030 490 2083 in
523 2031 715 2086 iisdem
744 2033 886 2086 enim
917 2033 1132 2088 fuerunt
1161 2036 1368 2106 paginis
1407 2038 1692 2105 descripta:
1723 2051 1910 2092 omnes
1947 2051 2012 2092 ac

429 2121 662 2176 invicem
694 2123 972 2192 oppositae,
1005 2123 1138 2190 sive,
1189 2135 1246 2178 ut
1297 2126 1372 2190 ait
1423 2127 1774 2198 Epiphanius,
1817 2149 2008 2186 συντε-

426 2212 719 2281 ταγμέναι,
750 2214 843 2281 qui
867 2221 922 2268 ει
946 2215 1113 2280 addit,
1142 2215 1186 2270 si
1211 2215 1467 2286 Tetraplis
1490 2219 1693 2275 Graecis
1717 2221 1872 2291 Dipla
1898 2223 2006 2278 He-

429 2303 570 2358 braea
630 2303 857 2359 fuissent
914 2305 1190 2374 adjuncta,
1241 2309 1506 2379 prodiisse
1542 2309 1824 2381 Hexapla;
1864 2318 2006 2383 quod

431 2395 548 2450 ﬁeri
610 2407 760 2451 certe
827 2413 935 2452 non
1001 2401 1286 2468 potuisset,
1347 2403 1448 2457 nisi
1518 2419 1548 2457 e
1604 2405 1822 2472 regione
1873 2407 2010 2460 invi-e

429 2504 548 2544 cem
571 2490 829 2560 opposita:
866 2501 1046 2546 essent
1081 2493 1134 2547 in
1170 2495 1357 2549 iisdem
1392 2495 1601 2564 paginis
1647 2495 2009 2566 Tetraplorum

429 2581 758 2638 Graecanica:
807 2583 1090 2650 editiones,
1141 2588 1590 2656 quemadmodum
1639 2597 1695 2644 et
1741 2591 1792 2642 in
1823 2587 2008 2645 Hexa-

427 2675 550 2746 ptis.

492 2767 564 2836 Ν.
595 2767 1130 2828 Animadversionem
1165 2779 1403 2825 nostram
1425 2771 1672 2840 requirit,
1705 2761 2006 2840 quodidém

431 2857 506 2912 ait
531 2857 812 2924 Eusebius,
848 2861 1085 2915 collectis
1117 2861 1170 2915 in
1201 2876 1362 2914 unum
1389 2877 1482 2915 sex
1505 2861 1829 2918 editionibus
1857 2861 2007 2917 Grae-

431 2947 534 3014 cis,
588 2959 644 3004 et
681 2949 890 3017 adjecto
938 2949 1202 3005 Hebraico
1251 2959 1502 3006 contextu
1557 2949 1799 3020 Hexapla
1851 2952 2006 3006 nobis

429 3038 714 3113 Origenem
743 3043 1054 3113 reliquisse;
1085 3041 1418 3098 Psalmorum
1443 3059 1571 3116 vero
1599 3041 1837 3113 Hexapla
1855 3042 2006 3098 Grre-

428 3135 509 3190 cis
536 3136 860 3192 editionibus
893 3145 1095 3206 septem
1133 3138 1460 3192 constitisse.
1497 3137 1726 3191 Eusebio
1779 3152 2006 3191 consen-

431 3229 570 3283 tiunt
596 3225 809 3282 Scholia
833 3226 1070 3282 Romana
1105 3229 1155 3280 in
1183 3229 1472 3283 editionem
1500 3231 1606 3280 τῶν
1631 3226 1707 3292 θ’,
1729 3244 1781 3280 tn
1809 3229 2003 3296 quibus

431 3333 811 3388 nonnunquam
843 3332 1004 3386 super
1029 3317 1268 3372 Psalmos
1307 3317 1552 3386 Hexapla
1581 3319 1836 3373 citantur.
1865 3319 2006 3374 Con-

431 3411 594 3464 sentit
621 3419 675 3464 et
701 3411 1030 3480 Epiphanius
1061 3411 1188 3465 hair.
1211 3425 1356 3473 uw,
1383 3425 1501 3478 cap.
1535 3409 1590 3474 '5,
1611 3419 1664 3464 et
1702 3419 1824 3482 post
1853 3411 2003 3464 illum

433 3499 696 3566 Zonaras,
752 3501 839 3570 qui
877 3499 1076 3556 diserte
1101 3501 1448 3570 pronuntiant
1484 3499 1728 3570 Hexapla
1774 3517 1866 3556 sex
1891 3503 2008 3557 edi-

432 3593 608 3648 tiones
630 3591 867 3658 Graacas,
899 3607 1023 3648 cum
1053 3592 1260 3662 gemina
1292 3589 1539 3646 Hebraici
1587 3601 1764 3648 textus
1801 3593 2005 3648 descri-

431 3687 616 3756 ptione
664 3687 830 3741 fuisse
877 3683 1175 3754 complexa.
1220 3684 1396 3749 Quaeri
1447 3685 1608 3753 igitur
1660 3693 1856 3754 potest,
1909 3699 2006 3738 cur

435 3775 678 3845 Hexapta
705 3777 847 3833 dicta
890 3777 1017 3843 sint,
1071 3791 1190 3844 quae
1233 3785 1361 3830 octo
1406 3775 1686 3830 columnas
1743 3775 2008 3830 habuere.

435 3869 546 3924 Nec
566 3870 730 3934 enim,
761 3879 912 3938 puto,
942 3883 1062 3921 cum
1099 3867 1324 3921 Erasmo
1361 3876 1416 3921 et
1459 3865 2006 3935 Magdeburgensibus

435 3961 897 4030 sentitquisquam
939 3958 1198 4024 Ἐξαπλᾶ,
1228 3972 1331 4011 non
1367 3971 1397 4010 a
1436 3969 1662 4011 numero
1699 3955 1758 4031 ἓξ
1779 3955 2010 4025 appella-

438 4053 636 4106 tionem
659 4067 778 4107 esse
799 4050 1010 4118 sortita,
1052 4050 1146 4104 sed
1169 4065 1200 4104 a
1233 4049 1396 4104 verbo
1435 4047 1698 4115 ἐξαπλόω,
1740 4049 1880 4118 quod
1907 4060 2007 4114 est,

436 4141 691 4211 explano;
727 4157 850 4196 nam
881 4143 1022 4196 unde
1053 4141 1210 4196 {actae
1240 4140 1547 4195 dicerentur
1572 4151 1760 4204 voces,
1803 4138 2010 4208 Τετρα-

437 4235 550 4289 πλᾶ
599 4243 656 4289 et
707 4233 1020 4288 ’Ux-ranita?
1069 4233 1417 4301 Respondent
1471 4230 1710 4288 nonnulli
1767 4230 2012 4299 Hexapla

439 4329 602 4392 dicta,
629 4342 732 4380 non
755 4341 782 4380 a
812 4340 1032 4380 numero
1055 4325 1446 4388 columnarum,
1479 4323 1572 4378 sed
1610 4337 1640 4376 a
1676 4337 1898 4376 numero
1929 4321 2012 4376 in-

510 4467 620 4591 (ΕἪ
659 4465 784 4548 Post
816 4463 1074 4547 Hexapla,
1105 4479 1169 4518 ea:
1184 4469 1412 4546 quatuor
1441 4461 1756 4544 editionibus
1780 4459 2006 4528 Aquilw,

510 4565 545 4591 ;.
624 4545 798 4590 uettus
821 4551 978 4589 nixus
1007 4533 1224 4589 Eusebu
1253 4543 1586 4591 testimonio.
1609 4545 1762 4591 cuius
1784 4531 2006 4585 verbum

436 4531 545 4596 etc.
573 4531 798 4591 Huetius
821 4531 981 4589 nixus
1007 4531 1224 4589 Eusebii
1253 4533 1586 4592 testimonio.
1609 4531 1762 4600 cujus
1784 4531 2007 4585 verbum

2114 2049 2278 2084 κοντα
2300 2031 2412 2095 δύο⁹
2462 2033 2554 2084 καὶ
2571 2031 2924 2095 Θεοδοτίωνος
2948 2033 3234 2104 ἑρμηνεῖαι
3265 2031 3690 2101 συντεταγμέναι

2111 2117 2210 2176 ὦσι
2229 2141 2242 2154 ³
2271 2123 2378 2176 τῶν
2405 2123 2686 2195 τεσσάρων
2715 2123 2774 2176 δὲ
2806 2125 3008 2177 τούτων
3038 2123 3258 2177 σελίδων
3285 2125 3404 2186 ταῖς
3428 2123 3548 2176 δυσὶ
3569 2123 3692 2187 ταῖς

2121 2219 2432 2292 Ἑϐραϊκαῖς
2470 2218 2860 2290 συναφθεισῶν,
2903 2217 3169 2283 Ἑξαπλᾶ
3203 2217 3476 2271 καλεῖται·
3510 2215 3604 2269 ἐὰν
3631 2215 3690 2270 δὲ

2111 2311 2203 2366 καὶ
2230 2312 2473 2383 πέμπτη,
2493 2311 2635 2382 καὶὴ
2653 2310 2784 2381 ἕκτη
2807 2311 3070 2382 ἑρμηνεία
3090 2309 3449 2379 συναφοῶσιν,
3468 2309 3689 2362 ἀκολου-

2111 2404 2220 2468 Θῶς
2261 2404 2470 2468 τούτοις
2517 2401 2813 2458 Ὀκταπλᾶ
2866 2403 3129 2458 καλεῖται.
3183 2423 3200 2454 ι
3247 2401 3495 2472 Telrapla
3542 2401 3687 2456 enim

2110 2496 2311 2550 Graecis
2360 2505 2631 2561 constant,
2676 2511 2798 2551 cum
2859 2497 3090 2566 Aquilae,
3143 2503 3197 2549 et
3237 2493 3572 2564 Symmachi,
3635 2501 3690 2547 et

2112 2588 2465 2658 Septuaginta
2508 2587 2732 2652 Senum,
2785 2597 2839 2643 et
2870 2587 3259 2643 'l'heodmionis
3288 2585 3689 2655 interpretatio-

2109 2695 2204 2733 nes
2229 2677 2386 2734 simul
2418 2679 2718 2748 conjuncta:
2747 2689 2871 2734 sunt
2895 2695 2910 2731 :
2933 2695 3054 2750 quae
3086 2679 3350 2734 columnae
3378 2685 3611 2746 quatuor
3640 2675 3685 2730 si

2111 2769 2393 2826 Hebraicis
2429 2771 2642 2826 duabus
2694 2769 3037 2839 adjiciantur,
3090 2769 3332 2839 Hexapla
3393 2771 3683 2823 dicuntur:

2109 2863 2250 2928 quod
2275 2863 2318 2918 si
2347 2863 2532 2932 quinta
2563 2871 2617 2918 et
2639 2872 2790 2920 sexta
2819 2861 3198 2932 interpretatio
3224 2861 3572 2925 accesserint,
3598 2875 3686 2916 se-

2109 2956 2294 3024 quitur
2344 2965 2404 3009 ut
2449 2953 2672 3023 Octapla
2725 2955 3093 3010 nominentur.
3138 2972 3157 3007 ι
3209 2953 3415 3020 Quibus
3465 2961 3700 3008 assonat

2107 3045 2337 3100 Ruﬁnus
2385 3045 2435 3100 in
2473 3046 2917 3115 interpretatione
2939 3045 3132 3102 decimi
3163 3047 3298 3100 sexti
3341 3044 3532 3114 capitis
3564 3043 3692 3098 libri

2110 3140 2248 3193 sexti
2279 3137 2533 3192 Historia:
2557 3137 2794 3193 Eusebii.
2827 3137 2948 3192 Alio
2981 3153 3110 3192 vero
3143 3137 3256 3191 abit
3283 3135 3503 3192 Nicetas
3529 3133 3694 3189 Thes.

2109 3229 2314 3282 orlhod.
2375 3229 2468 3295 βά.
2515 3228 2608 3283 lib.
2662 3243 2736 3292 tv,
2773 3228 2904 3282 hazr.
2957 3228 3047 3290 5i,
3100 3237 3156 3281 et
3198 3227 3366 3295 Dipla‘
3399 3225 3692 3290 Hebraica,

2111 3322 2362 3390 quoniam
2393 3322 2532 3374 idem
2557 3320 2780 3374 omnino
2813 3317 3184 3380 continebant,
3223 3332 3320 3386 pro
3350 3331 3479 3378 una,
3514 3329 3690 3383 eaque

2110 3412 2363 3482 bipertita
2405 3411 2650 3467 columna
2671 3410 2852 3464 habita
2901 3407 3067 3462 fuisse
3093 3409 3412 3475 vult,,atque
3447 3407 3536 3460 illa
3561 3421 3685 3461 cum

2111 3508 2224 3569 τοῖς
2251 3509 2326 3571 0⁸,
2357 3503 2574 3574 Aquila,
2595 3502 2940 3574 Symmacho,
2969 3499 3361 3563 Tbeodotioue,
3397 3515 3461 3553 ac
3500 3499 3686 3568 quinta

2110 3597 2344 3651 editione
2371 3611 2466 3650 sex
2501 3594 2781 3649 columnas
2808 3593 3180 3656 constituisse,
3204 3607 3268 3647 ac
3303 3591 3542 3661 Hexapla
3565 3591 3695 3646 inda

2112 3687 2282 3742 fuisse
2313 3687 2602 3756 appellata.

2183 3779 2290 3833 Has
2351 3779 2493 3833 inter
2537 3777 2814 3848 Oppositas
2863 3786 2918 3831 et
2967 3785 3328 3845 repugnantes
3365 3773 3688 3842 sententias,

2111 3887 2331 3934 novam,
2362 3878 2438 3934 et,
2470 3871 2573 3924 nisi
2611 3884 2698 3924 me
2719 3870 2934 3924 animus
2955 3868 3114 3934 fallit,
3139 3869 3478 3924 verissimam
3509 3876 3684 3923 tueor.

2112 3961 2224 4034 (95)
2239 3961 2456 4016 Falsum
2473 3969 2578 4026 est,
2603 3961 2746 4030 quod
2767 3961 2924 4029 vulgo
2947 3959 3208 4024 creditur,
3233 3959 3476 4028 quintam
3498 3969 3551 4013 et
3571 3973 3688 4012 sex-

2115 4064 2222 4108 tam
2271 4051 2561 4108 editionem
2617 4051 2898 4104 universos
2951 4051 3242 4117 Scriptura:
3293 4049 3462 4104 libros
3517 4047 3688 4102 fuisse

2113 4141 2460 4212 complexae-
2506 4140 2730 4208 Aliquot
2771 4140 3049 4193 duntaxat.
3075 4139 3425 4194 continebant
3453 4153 3522 4192 ex
3555 4138 3685 4203 illis,

2115 4247 2318 4302 eosque
2350 4231 2691 4302 potissimum
2732 4231 2824 4301 qui
2855 4231 3101 4290 versibus
3129 4237 3380 4284 constant
3407 4229 3547 4297 apud
3583 4229 3688 4284 He-

2113 4325 2310 4380 braeos.
2347 4323 2424 4378 En
2473 4321 2568 4376 tibi
2619 4332 2811 4376 testem
2851 4319 3240 4392 Hieronymum
3294 4321 3348 4374 in
3389 4319 3689 4390 Epistolam

2114 4461 2343 4529 septima
2373 4459 2555 4542 editio
2583 4459 3003 4542 comparebant;
3055 4473 3118 4513 ac
3151 4459 3454 4527 disquirere
3507 4467 3714 4516 utrum-

2115 4543 2266 4585 sexta
2297 4538 2538 4598 quintam
2582 4538 2807 4597 septima
2851 4538 3138 4599 utramque
3177 4543 3392 4599 semper
3435 4543 3692 4598 sequere-

440 4605 950 4677 kmxaragxeudcag
1006 4605 1142 4677 male
1180 4598 2008 4677 vertitLHexaplis:posteriora
2043 4621 2087 4677 ι)
2115 4611 2231 4677 tur.
2261 4599 2478 4677 Certum
2523 4605 2605 4653 est
2645 4609 2760 4677 tres
2793 4598 3310 4677 illassuperadditas
3325 4598 3599 4677 editiones
3655 4617 3692 4656 e.

439 4680 610 4735 luisse
652 4675 907 4746 Tetrapla
951 4675 1222 4746 opinatur.
1275 4672 1382 4746 Sed
1432 4671 1760 4746 contrarium
1815 4671 2013 4746 evincit.

441 4745 788 4805 doctissimus
819 4739 1009 4800 'noster
1037 4745 1099 4801 Ι).
1143 4741 1444 4798 Bernardus
1478 4743 1543 4795 de
1579 4739 1923 4794 lllontl‘aucon
1957 4740 2012 4794 in

443 4819 557 4876 suis
581 4815 1043 4872 Prmliminaribus
1067 4815 1118 4868 in
1151 4811 1391 4878 llexapla
1416 4811 1664 4882 Origenis
1685 4825 1807 4880 pag.
1839 4809 1891 4875 9,
1925 4811 2012 4882 ubi

445 4889 612 4944 verbo
670 4885 1174 4947 έπικατασκευάσας
1237 4880 1534 4948 legitimum
1599 4895 1816 4934 sensum
1860 4880 2015 4934 resti-

447 4961 572 5016 tuit.
591 4955 763 5016 Huius
787 4958 1022 5009 rationes
1047 4955 1130 5008 inl'
1131 4970 1186 5007 ra
1215 4953 1541 5007 adducemus
1562 4965 1679 5018 cap.
1699 4951 1732 5003 4
1752 4991 1764 5010 ,
1787 4965 1932 5004 num.
1957 4949 2014 5004 2.

517 5027 628 5100 (95)
655 5025 902 5100 Falaum_
924 5035 1018 5085 est,
1053 5025 1188 5100 quod
1215 5023 1394 5100 vulgo_
1411 5021 1641 5100 creditur
1667 5021 1922 5100 quintum,
1967 5031 2016 5072 et

445 5090 672 5163 agitant,
722 5105 828 5150 etc.
883 5096 941 5148 1n
992 5090 1318 5164 quibusnam
1363 5091 1654 5164 Scriptura;
1709 5090 2018 5164 libris_lrcs

447 5171 580 5224 alias
613 5157 878 5221 editiones
905 5157 1172 5232 quintam,
1197 5171 1404 5217 sextam
1435 5157 1499 5232 et
1514 5161 1798 5232 septimam
1831 5157 2016 5232 Hexa-

447 5239 548 5307 plis
579 5235 846 5307 addiderit
867 5229 1154 5307 Origenes,
1175 5229 1843 5307 accuratissimepmnium
1863 5229 2018 5307 docet

452 5297 516 5364 ἶ).
543 5306 853 5362 Bernardus
887 5297 1323 5356 de'Montfaucon
1375 5303 1427 5354 in
1467 5299 1927 5368 Prteliminaribus
1961 5297 2016 5352 in

453 5376 679 5446 Hexapl.
704 5391 826 5445 pag.
861 5372 948 5426 16.
980 5391 996 5424 ι
1027 5373 1373 5446 Exploratum
1401 5381 1503 5434 est,
1526 5369 2019 5446 iniquit,_erliti{tttes

448 5437 724 5516 quintam,
743 5437 950 5516 séxtam
971 5451 1024 5516 et
1053 5437 1357 5516 septimam,
1387 5455 1490 5493 non
1527 5442 1578 5492 in
1602 5437 1852 5516 omnibus
1875 5437 2020 5492 Scri-

451 5509 620 5588 ptura:
647 5509 818 5578 libris,
855 5513 946 5588 sed
973 5509 1326 5588 in_aliqnibu‘s
1360 5519 1567 5562 tantum
1607 5509 1886 5563 columnas
1926 5523 2020 5562 oc-

450 5584 680 5655 cupasse
701 5599 848 5638 suas.
877 5585 930 5655 ln
963 5584 1509 5655 quibusnamautetu,
1535 5595 1638 5655 nec
1653 5593 1896 5655 veterum
1921 5593 2020 5655 nec

449 5649 818 5712 recentiorum
843 5649 995 5707 ullus'
1013 5667 1247 5718 unquam
1277 5649 1433 5702 dixit.
1467 5649 1600 5702 Nam
1625 5649 1735 5702 hoc
1755 5649 1922 5702 solum
1944 5649 2021 5701 ait

453 5727 848 5786 Hieronymus:
883 5721 1139 5776 Nonnulli
1181 5737 1296 5775 vero
1319 5719 1460 5778 libri,
1495 5730 1540 5772 et
1561 5719 1786 5771 maxime
1817 5718 1890 5782 Iu',
1929 5719 2020 5786 qui

453 5741 650 5782 tlteron
695 5741 848 5778 nius:
883 5741 1139 5776 nonnum
1181 5741 1296 5775 vero
1319 5741 1460 5778 twn,
1495 5741 1538 5772 et
1561 5741 1786 5771 maxime
1817 5741 1890 5782 In,
1929 5741 2020 5786 qut

449 5797 590 5866 apud
621 5741 866 5866 [ltebrqu
897 5808 1046 5866 uersu
1068 5788 1338 5866 gompositi
1363 5798 1505 5850 sunt,
1531 5801 1632 5840 (res
1672 5789 1803 5866 alias
1833 5787 2022 5866 editio-

453 5857 542 5919 nes
592 5867 796 5918 additas
824 5863 1034 5915 Itnbent.
1065 5861 1427 5927 Quamobrem
1456 5872 1630 5925 opera‘
1653 5857 1880 5924 pretium
1915 5857 2021 5909 erit

455 5937 542 5990 hic
577 5935 740 5990 libros
771 5947 1070 5996 recensere,
1129 5932 1180 5984 in
1243 5928 1436 5998 quibus
1495 5929 1703 5996 quinta,
1757 5935 1908 5980 sexta
1957 5941 2021 5980 ac

2120 4672 2341 4741 regione
2369 4669 2594 4741 aliarum
2627 4669 2832 4741 positas
2857 4667 3111 4741 fuisse'in
3157 4667 3296 4741 libro
3325 4668 3686 4741 Psalmorum,

2118 4738 2274 4796 et'in
2331 4739 2608 4794 duodecim
2663 4739 2940 4808 prophetis
3001 4739 3320 4808 minoribus.
3373 4738 3428 4793 In
3461 4738 3690 4794 Psalmis

2119 4811 2483 4880 quidemtres
2505 4809 2635 4880 illas
2655 4809 2918 4880 editiones
2959 4825 3054 4878 per
3079 4819 3247 4862 totum
3273 4807 3467 4880 librum
3498 4809 3690 4875 adjun-

2118 4877 2234 4935 ctas
2287 4879 2455 4934 fuisse
2507 4879 2734 4933 suadent
2764 4877 3067 4950 frequentia
3109 4879 3320 4950 illarum
3361 4878 3686 4950 fragmenta,

2118 4967 2237 5020 qua:
2265 4950 2460 5019 passim
2477 4951 2834 5020 observantur
2865 4967 2878 5000 :
2907 4949 2960 5002 in
2996 4949 3280 5006 duodecim
3307 4963 3437 5020 vero
3451 4949 3688 5020 prophe-

2121 5017 2190 5074 tis
2217 5017 2538 5082 minoribus,
2575 5027 2711 5090 teste
2758 5019 3107 5090 Hieronymo,
3150 5029 3366 5090 "praeter
3411 5017 3688 5090 Aquilam,

2121 5081 2531 5161 Symmachum,
2567 5081 3403 5161 Septuaginta,'Thcodotionem
3438 5081 3493 5161 et
3513 5081 3690 5161 quin;

2119 5157 2251 5224 tam,
2299 5161 2416 5214 duae
2455 5159 2572 5213 alia
2612 5157 2874 5214 editiones
2922 5160 3182 5228 appositae
3211 5167 3408 5228 erant,
3435 5157 3689 5210 videlicet

2119 5242 2272 5284 sema
2318 5238 2373 5283 et
2423 5230 2672 5296 septima,
2706 5227 3284 5298 quarum’fragmenta
3328 5227 3686 5298 exhibemus;

2120 5301 2320 5362 quintae
2338 5313 2528 5366 nempe
2558 5297 3017 5366 frequentissima,
3050 5297 3278 5352 aliarum
3299 5311 3426 5352 vero
3456 5297 3686 5366 rariora.

2119 5367 2400 5423 Canticum
2431 5365 2610 5422 autem
2647 5365 2898 5422 Habacuc
2955 5369 3253 5423 secundum
3301 5382 3462 5420 unam
3502 5381 3565 5420 ex
3603 5365 3689 5419 his

2121 5439 2406 5509 postremis
2428 5438 2753 5516 editionibus
2769 5439 3033 5505 integrum
3053 5449 3374 5516 repraesenta
3385 5451 3524 5516 mus,
3543 5439 3688 5505 quod

2122 5507 2246 5564 cum
2273 5523 2372 5562 nec
2401 5507 2623 5576 quintae,
2650 5523 2750 5562 nec
2778 5520 2946 5562 sex-tae
2977 5523 3095 5562 esse
3124 5509 3316 5577 possit,
3340 5507 3584 5575 sequitur
3619 5521 3685 5562 ex
3739 5557 3744 5560 ,

2121 5580 2352 5648 septima
2393 5579 2728 5648 desumptum
2771 5592 2912 5648 esse.
2956 5577 3011 5631 lu
3043 5577 3280 5648 Canticis
3325 5577 3689 5648 canticorum,

2121 5646 2320 5718 quintae
2349 5647 2596 5718 solumet
2618 5655 2784 5702 sextae
2807 5647 3062 5702 lectiones
3089 5647 3413 5710 afferuntur;
3445 5646 3702 5715 septimas

2121 5716 2249 5773 vero
2295 5733 2362 5771 ne
2401 5716 2686 5786 vestigium
2737 5717 2951 5785 quidem
2989 5720 3245 5782 habetur;
3275 5718 3414 5772 unde
3456 5717 3697 5770 fertasse.

2123 5789 2361 5857 suspicio
2411 5789 2620 5840 oriatur
2667 5787 2754 5843 hic
2797 5789 3077 5856 septimam
3127 5802 3232 5842 non
3286 5788 3522 5842 adfuisse
3563 5801 3692 5840 cum

2121 5859 2262 5916 aliis.
2291 5859 2433 5924 quod
2482 5868 2660 5910 tamen
2715 5859 2924 5912 nonnisi
2963 5867 3164 5912 temere
3207 5857 3460 5911 ofﬁrmari
3488 5865 3687 5923 potest.

2123 5929 2306 5983 Potuit
2335 5929 2476 5981 enim
2506 5929 2604 5982 etsi
2633 5927 2882 5994 adfuerit,
2909 5943 2938 5982 a
2969 5928 3352 5983 collectoribus
3381 5925 3700 5998 negligi._ln.
