4152 6450
475 420 498 468 1
509 418 611 472 239

1749 423 1809 478 P.
1857 423 2174 478 DANlELlS
2208 422 2443 478 HUETH

3583 414 3736 480 742m

470 538 540 590 nd
565 536 673 593 Tit.
697 523 786 600 in,
815 542 880 592 9:
908 557 925 588 ι
961 537 1112 593 Unde
1139 549 1196 594 et
1227 541 1383 596 nobis
1410 556 1555 596 cura:
1576 542 1882 598 fuitomaes
1904 553 2050 598 vete-
2076 551 2123 606 Α
2155 544 2317 608 rium,
2368 543 2421 597 in
2465 549 2576 596 tota
2627 539 2924 595 Bibliorum
2975 534 3364 594 denominanda
3407 531 3549 588 mole
3596 530 3734 586 ratio

470 631 548 685 ris
574 630 734 700 Legis
754 631 941 696 libros,
971 647 1106 700 quos
1145 633 1228 686 vir
1255 635 1446 688 doctus
1473 635 1827 691 Adamantius
1853 637 1905 691 in
1934 635 2045 691 He-

468 721 629 790 xapla
664 723 968 794 digesserat
1018 725 1084 778 de
1109 723 1435 780 Caesariensi
1487 725 1812 781 bibliotheca
1845 727 2050 782 descri-

467 825 610 882 ptos,
639 830 706 868 ex
749 815 878 883 ipsis
911 816 1241 870 authenticis
1271 817 1597 883 emendare;
1645 819 1696 872 in
1742 821 1937 889 quibus
1995 829 2051 875 et

468 907 585 972 ipsa
621 904 844 959 Hebraea
873 906 1107 976 propriis
1154 917 1280 960 sunt
1322 907 1730 963 characteribus
1759 911 1921 963 verba
1950 912 2047 966 de-

467 997 690 1065 scripta,
735 1007 792 1052 et
830 997 1037 1052 Graecis
1077 998 1271 1054 litteris
1304 1001 1521 1054 tramite
1545 1016 1801 1072 expressa
1849 1005 2044 1058 vicino.

466 1087 660 1156 Aquila
683 1088 870 1152 etiam,
911 1097 967 1142 et
1006 1088 1390 1156 Symmachus,
1431 1089 1782 1159 Septuaginta
1809 1106 2045 1162 quoque,

465 1187 521 1231 et
564 1176 865 1233 Theodotio
900 1194 1056 1234 suum
1093 1179 1339 1233 ordinem
1387 1188 1588 1232 tenent.
1634 1178 1884 1235 Nonnulli
1920 1196 2049 1236 vero

465 1270 615 1336 libri,
645 1281 701 1326 et
731 1272 969 1327 maxime
1017 1272 1072 1326 hi
1108 1273 1197 1340 qui
1233 1272 1372 1339 apud
1400 1270 1658 1329 Hebraeos
1699 1288 1856 1328 versu
1895 1289 2046 1328 com-

464 1361 629 1429 positi
647 1371 795 1425 sunt,
826 1372 933 1417 tres
948 1363 1080 1418 alias
1101 1365 1366 1421 editiones
1392 1366 1601 1420 additas
1646 1367 1863 1429 habent,
1885 1381 2046 1434 quam

465 1455 735 1522 quintam,
763 1464 820 1508 et
842 1464 1074 1521 sextam,
1099 1467 1156 1510 et
1181 1458 1467 1527 septimam
1503 1457 1917 1512 translationem
1948 1473 2046 1512 vo-

469 1556 625 1611 cant,
683 1550 1064 1604 auctoritatem
1139 1552 1258 1606 sine
1321 1552 1632 1607 nominibus
1689 1553 2045 1622 interpretum

466 1651 812 1695 consecutas.
858 1661 877 1694 s
909 1643 1092 1711 Itaque
1126 1645 1178 1696 in
1208 1643 1294 1698 illa
1325 1645 1599 1698 variarum
1629 1645 1926 1700 editionum
1949 1660 2045 1701 co-

469 1731 894 1800 agmentatione,
945 1733 1110 1802 aliqui
1171 1734 1294 1789 libri
1343 1745 1578 1804 quatuor
1620 1735 1885 1790 duntaxat
1918 1751 2048 1791 con-

467 1822 688 1876 stabant
719 1823 1068 1888 editionihus,
1098 1840 1218 1879 cum
1255 1826 1427 1894 Diplis
1450 1825 1760 1891 Hebraicis;
1802 1837 1963 1898 atque
1991 1829 2046 1884 hi

2151 633 2336 688 habita
2385 648 2492 687 non
2538 643 2640 695 est,
2679 631 2909 698 ideoque
2956 644 2985 683 a
3031 628 3247 682 nemine
3286 622 3554 693 Enneapla
3588 621 3731 677 dicta

2147 733 2295 778 sunt.
2319 724 2531 779 Asserit
2562 723 2724 777 etiam
2771 719 3035 791 Origenes
3077 717 3145 772 ab
3185 713 3732 784 interpretationibus

2149 815 2356 885 Aquila:
2377 825 2430 870 et
2461 814 2852 870 Theodotionis
2885 811 3123 866 abfuisse
3172 809 3420 864 Threnos
3459 805 3728 862 Ieremia.

2149 909 2336 979 Itaque
2369 908 2504 962 liber
2539 906 2626 961 ille
2661 904 2826 959 fuerit
2848 900 3217 975 Τετραπλοῦς,
3265 899 3359 956 sed
3407 906 3577 952 totum
3606 911 3732 952 cor-

2148 1017 2249 1073 pus
2274 1001 2573 1056 Bibliorum
2612 1006 2832 1067 propter
2862 995 2986 1050 libri
3022 993 3374 1060 exiguitatem
3416 988 3732 1059 Tetraplum

2147 1097 2253 1152 dici
2283 1110 2390 1148 non
2417 1093 2622 1147 debuit.
2647 1091 2877 1157 Quidam
2918 1087 3162 1156 Hexapla
3197 1089 3296 1140 ista
3325 1085 3596 1140 volumina
3634 1097 3731 1152 ap-

2146 1188 2435 1259 pellarunt,
2468 1185 2700 1239 fortasse
2723 1182 2884 1236 etiam
2923 1179 3168 1249 Ilexapla
3195 1177 3263 1232 ab
3284 1175 3515 1247 Origene
3542 1175 3736 1230 inseri-

2151 1289 2242 1349 pta
2272 1287 2417 1341 sunt,
2443 1276 2587 1345 quod
2616 1288 2806 1342 magna
2837 1272 3046 1326 illorum
3073 1285 3199 1340 pars
3225 1279 3456 1339 quatuor
3482 1265 3736 1321 editioni-

2147 1370 2267 1432 bus,
2295 1368 2521 1438 Aquilae,
2552 1365 2886 1438 Symmachi,
2917 1363 3024 1417 τῶν
3047 1362 3100 1417 0'
3131 1372 3186 1418 et
3234 1359 3640 1418 Theodotionis.
3669 1373 3735 1415 ac

2146 1461 2320 1531 Diplis
2349 1471 2609 1528 praeterea
2657 1457 2935 1512 Hebraicis
2968 1466 3112 1512 esset
3140 1454 3368 1511 conflata
3405 1473 3419 1510 :
3451 1453 3545 1508 alii
3601 1465 3733 1508 vero

2148 1569 2272 1608 cum
2310 1554 2395 1608 his
2425 1551 2792 1606 voluminibus
2843 1564 2938 1603 sex
2978 1548 3245 1604 editiones
3282 1547 3502 1602 Grecas
3541 1555 3734 1614 praeter

2148 1644 2412 1700 Hebraica
2446 1641 2782 1711 exemplaria
2829 1643 3004 1695 inesse
3057 1639 3444 1709 intelligerent,
3503 1637 3729 1708 Octapla

2151 1734 2395 1791 vocanda
2421 1742 2770 1789 censuerunt.
2811 1732 3151 1801 Quapropter
3180 1745 3340 1785 nemo
3365 1729 3550 1784 mirari
3573 1729 3732 1786 debet

2149 1844 2248 1884 cur
2298 1825 2557 1896 Hexaplis
2617 1841 2712 1881 sex
2762 1826 3028 1880 editiones
3061 1823 3298 1887 Graecas,
3349 1831 3405 1878 et
3435 1823 3568 1877 duos
3610 1837 3733 1876 con-

468 1909 596 1965 libri
623 1925 779 1966 erant
803 1928 928 1967 vere
961 1914 1233 1992 Ἐξατξλοῖ.
1259 1914 1365 1970 Sex
1388 1931 1518 1972 vero
1551 1916 1822 1972 habebant
1854 1919 2052 1973 editio-
2086 1905 2130 1965 Β
2160 1927 2338 1974 textus
2374 1917 2671 1974 Hebraicos
2702 1917 2872 1971 fuisse
2915 1917 3150 1971 intextos
3179 1915 3418 1970 dixerint
3448 1914 3730 1981 Eusebius,

467 2019 567 2059 nes
595 2004 832 2068 Graecas.
865 2021 986 2061 cum
1013 2007 1183 2077 Drplis
1216 2008 1512 2078 Hebraicis,
1548 2011 1640 2066 alii
1664 2011 1784 2066 libri
1806 2026 1904 2080 per
1929 2026 2052 2067 ver-

469 2111 564 2150 sus
592 2097 898 2167 compositi,
932 2109 1158 2170 excepto
1191 2100 1477 2166 Psalterio,
1505 2116 1700 2173 nempe
1733 2101 2050 2171 Proverbia,

467 2186 826 2243 Ecclesiastes
875 2198 931 2243 et
971 2190 1376 2247 Canticumzac
1407 2192 1631 2262 proinde
1660 2201 1820 2248 erant
1858 2193 2053 2247 Ὀκτα-

469 2277 616 2331 πλοῖ.
676 2279 749 2332 At
793 2279 929 2334 liber
983 2279 1318 2338 Psalmorum
1379 2293 1578 2352 praeter
1646 2284 1890 2354 geminas
1943 2283 2050 2338 lle-

471 2369 644 2424 braici
691 2380 982 2427 contextus
1015 2371 1297 2429 columnas
1338 2382 1545 2444 septem
1577 2373 1841 2429 editiones
1881 2375 2051 2429 conti-

468 2461 656 2526 nebat,
706 2463 1013 2532 meritoque
1051 2463 1250 2518 librum
1299 2466 1442 2520 hunc
1482 2463 1840 2519 Ἐννεαπλοῦν
1887 2464 2052 2523 fuisse

469 2555 697 2610 diceres.
714 2555 882 2623 Igitur
905 2571 1041 2625 opus
1075 2557 1214 2612 istud
1238 2555 1488 2626 Origenis
1511 2560 1703 2628 partim
1732 2569 1852 2615 erat
1873 2559 2054 2614 ﬂexa-

467 2647 639 2716 plum,
665 2649 862 2718 partim
885 2647 1186 2718 Octaplum,
1215 2651 1408 2720 partim
1431 2650 1763 2722 Enneaplum
1784 2671 1798 2707 :
1823 2652 1934 2723 (96)
1959 2653 2052 2708 sed

471 2741 718 2810 septimae
746 2743 1018 2806 editionis,
1058 2757 1182 2813 quae
1214 2747 1280 2797 ad
1323 2759 1484 2798 unum
1516 2745 1821 2816 pertinebat
1849 2745 2057 2802 Psalte-

467 2880 838 2953 Pentateucho
879 2893 1056 2936 autem
1104 2884 1346 2953 quintam
1399 2892 1453 2938 et
1495 2893 1702 2940 sextam
1749 2884 2046 2942 editionem

465 2951 644 3006 locum
686 2966 980 3024 occupasse
1034 2951 1191 3008 suum
1241 2955 1607 3010 testiﬁcantur
1665 2956 1908 3024 exempla
1943 2973 2052 3011 non

467 3037 642 3143 pauca
672 3038 686 3074 :
715 3024 794 3077 sic
829 3021 1026 3081 Cenes.
1072 3040 1190 3093 cap.
1219 3040 1407 3090 xxmv,
1445 3040 1588 3080 vers.
1626 3026 1714 3090 15,
1764 3021 1838 3080 (δι’
1865 3028 2054 3082 codice

495 3094 643 3143 lenio
700 3092 926 3143 affertur
970 3095 1170 3143 nuintze
1219 3096 1477 3143 editionis
1511 3095 1688 3143 lectio-
1734 3097 1821 3143 ubi
1861 3112 2049 3143 vocem

495 3094 663 3164 tegio‘
700 3092 926 3148 affertur
970 3092 1170 3164 quinta:
1219 3096 1477 3150 editionis
1511 3095 1688 3161 lectio,
1734 3097 1822 3150 ubi
1861 3112 2050 3152 vocem

469 3171 603 3222 mm
651 3161 738 3236 hic
767 3161 1044 3236 interpres
1076 3167 1236 3220 vertit
1259 3167 1623 3236 ὲννοήσομεν;
1656 3175 1710 3220 et
1739 3181 1858 3236 cap.
1887 3183 2052 3230 xxxv,

467 3253 612 3292 vers.
642 3233 728 3293 19.
765 3235 819 3288 in
855 3235 997 3288 hunc
1029 3235 1203 3289 locum
1229 3233 1451 3297 nrt-mi:
1479 3233 1579 3296 R'n
1597 3233 2053 3298 myu'Antbro-

2155 2010 2488 2081 Epiphanius
2535 2019 2590 2065 et
2640 2010 2900 2074 Zonaras,
2939 2008 3158 2064 intesta:
3204 2009 3401 2079 quippe
3433 2015 3586 2062 erant
3621 2008 3736 2062 edi-

2157 2105 2334 2160 tiones
2367 2103 2472 2159 illze
2511 2118 2602 2159 sex
2639 2104 2694 2158 in
2730 2103 3001 2173 aliquibus
3021 2103 3287 2157 duntaxat
3312 2101 3484 2167 libris,
3537 2115 3641 2156 non
3678 2103 3732 2156 in

2155 2196 2455 2264 universis;
2493 2210 2618 2251 nam
2666 2195 2913 2265 quamvis
2956 2194 3181 2250 intextas
3220 2194 3404 2249 itidem
3453 2202 3635 2249 essent
3675 2192 3733 2248 in

2154 2287 2386 2345 Psalmis
2411 2288 2677 2344 editiones
2708 2297 2937 2358 septem,
2991 2285 3238 2356 Hexapla
3267 2294 3447 2341 tamen
3489 2283 3734 2340 Psalmo-

2156 2395 2276 2435 rum
2337 2379 2482 2435 idem
2533 2379 2670 2434 dixit
2717 2379 3006 2434 Eusebius.
3071 2379 3418 2435 Manifestum
3465 2393 3597 2447 ergo
3648 2385 3735 2432 est

2156 2485 2322 2525 unum
2355 2470 2605 2540 idemque
2630 2484 2765 2540 opus
2798 2469 2963 2526 fuisse
2990 2469 3234 2538 Hexapla
3260 2479 3314 2525 et
3348 2468 3602 2539 Octapla;
3639 2469 3734 2524 sed

2155 2577 2188 2618 a
2214 2562 2442 2618 diversis
2478 2564 2672 2632 quibus
2701 2566 2982 2618 constabat
3009 2564 3254 2632 partibus
3287 2563 3530 2618 diversas
3551 2562 3735 2632 appel-

2158 2656 2389 2712 lationes
2445 2656 2714 2712 habuisse.
2752 2656 2866 2726 (97)
2913 2656 3172 2725 Tetrapla.
3222 2667 3400 2712 autem
3459 2657 3732 2726 privatum

2158 2747 2262 2802 fuit
2309 2763 2375 2804 ac
2425 2757 2738 2815 separatum
2778 2763 2916 2818 opus
2948 2749 3016 2804 ab
3053 2746 3288 2818 Origene
3334 2756 3457 2818 post
3491 2745 3736 2816 Hexapla

2156 2897 2269 2944 tres
2301 2887 2403 2943 illae
2435 2887 2703 2944 editiones
2749 2888 2943 2942 additae
2976 2887 3210 2954 fuerant,
3268 2901 3389 2942 esse
3417 2887 3585 2941 libros
3622 2901 3736 2942 me-

2151 2969 2264 3012 tros
2296 2959 2584 3021 metricos;
2628 2972 2819 3024 nempe
2865 2957 2989 3021 Job,
3039 2958 3279 3012 Psalmos
3327 2968 3380 3011 et
3408 2954 3730 3023 Proverbia,

2153 3039 2210 3084 et
2249 3039 2423 3083 tamen
2466 3029 2824 3096 apertissimis
2862 3028 3126 3096 exemplis
3156 3028 3402 3095 superius
3441 3027 3726 3096 probatum

2156 3111 2261 3163 est,
2300 3098 2416 3154 illas
2441 3101 2708 3154 editiones
2731 3098 2974 3152 adfuisse
3000 3099 3050 3151 in
3085 3097 3469 3160 Pentateucho,
3512 3098 3565 3150 in
3603 3112 3734 3166 pro-

2156 3171 2336 3239 phetis
2355 3168 2666 3239 minoribus
2719 3177 2775 3224 et
2806 3169 2858 3222 in
2887 3169 3128 3223 Canticis
3151 3186 3165 3231 ;
3190 3183 3253 3222 ex
3283 3169 3591 3239 librisvero
3625 3182 3738 3222 me-

2163 3237 2319 3293 tricis
2350 3237 2594 3293 Psalmos
2630 3250 2840 3292 tantum
2884 3239 3045 3292 trium
3077 3239 3293 3292 illarum
3326 3237 3620 3292 editionum
3649 3252 3737 3292 re-

468 3277 997 3374 ἐῖιὶἔίιῖ”ιὲρί’ἐιῖ”“ἕᾶ
1029 3277 1451 3362 Ἠἇῖἔηῖἇιὶἱὶηῖ
1471 3277 1551 3360 iii
1568 3277 1614 3362 ἰ’
1631 3277 2055 3372 ὄπ’ῧῖἷαᾝὶὶῖἑῖη
2085 3277 2126 3334 ε
2163 3277 2371 3377 Ῐὶείῧῖἷιὲ
2394 3277 3742 3378 ῖιωὲιῖιῖιιὲἓί’ἲῖὲίιἰἱὲὶῖ“ι’ἱεὲῖὶῖιὲιὲ”’ρῖηὲεῑὲῖἵέῗἐιῖι)

477 3377 719 3439 traditio,
750 3377 974 3448 epbrata
997 3416 1012 3438 ,
1067 3379 1186 3445 ipsa
1213 3388 1298 3433 est
1325 3378 1521 3433 domus
1555 3377 1710 3448 panis
1742 3393 1758 3432 :
1784 3378 1884 3448 hoc
1913 3394 2056 3448 prte-

472 3449 685 3501 teritum
712 3456 785 3498 est
825 3448 880 3499 in
922 3445 1148 3499 aliorum
1181 3445 1576 3511 traditionibus,
1607 3447 1696 3502 ubi
1735 3447 2059 3501 traditiones

474 3517 568 3570 ille
603 3517 1077 3587 proueditionibus
1126 3528 1368 3587 usurpat.
1408 3515 1670 3572 EtLevil.
1700 3532 1738 3579 ι,
1782 3517 1871 3578 16,
1901 3516 1966 3587 Α.
1997 3518 2056 3570 Σ.

470 3587 573 3668 τῂν
613 3584 942 3669 σιτίςουσαγ.
1071 3587 1134 3638 Ε.
1169 3584 1271 3658 τὴν)
1297 3588 1468 3656 ὀσφὺν
1496 3587 1562 3669 ἦ)
1593 3589 1754 3669 ipsis
1789 3586 2059 3669 uakpﬁpev

473 3604 573 3668 την
613 3604 942 3648 σιτιςουσαν.
980 3604 1042 3668 ιτ.
1073 3604 1134 3638 ts.
1169 3604 1270 3658 την
1297 3604 1468 3656 οσφυν
1496 3604 1562 3656 ην
1593 3604 1624 3657 η
1617 3604 1754 3710 ἕεις
1789 3604 2058 3669 xaaoupev

473 3673 672 3725 φυσαν.
721 3656 850 3708 ltem
891 3656 1066 3743 Levtt'.
1095 3671 1215 3779 οεὲ
1242 3674 1317 3720 x1,
1347 3673 1492 3739 vers.
1521 3657 1575 3719 5,
1663 3698 1676 3711 .
1711 3658 1772 3710 Ε.
1804 3657 1912 3710 ἀπὸ
1927 3674 2058 3721 των.

474 3725 867 3779 καοπωιιάτων
911 3728 1136 3779 Κυρίου.
1217 3737 1235 3779 ι
1270 3728 1438 3779 Levtt.
1471 3743 1529 3779 ιι.
1564 3728 1651 3779 l7.
1690 3731 1754 3779 A.
1793 3729 1854 3779 Ο.
1899 3727 1963 3779 Θ.
1994 3730 2057 3779 Ε.

474 3725 867 3798 καρπωμάτων
911 3727 1136 3798 Kupiou.
1167 3725 1235 3781 Et
1270 3728 1438 3781 Levit.
1471 3743 1529 3791 ιι,
1564 3728 1651 3793 17,
1690 3731 1754 3780 Α.
1793 3729 1854 3784 O.
1899 3727 1963 3782 Θ.
1994 3730 2057 3782 Ε.

475 3795 823 3867 νυὶιτικόραξ.
855 3814 912 3861 ς.
944 3795 1133 3865 γΧαύξ.
1177 3799 1238 3850 Ε.
1273 3799 1546 3864 Quintam,
1580 3816 1640 3862 ς.
1672 3806 1878 3853 sextam
1917 3799 2058 3852 indi-

477 3879 585 3933 rat,
638 3878 692 3919 et
735 3869 1018 3936 utriusque
1051 3869 1429 3935 interpretatio
1456 3868 1700 3922 affertur.
1740 3868 2056 3938 lbidemque

473 3939 750 4010 vers.73l,
785 3939 847 3990 Ο.
893 3938 979 4010 Θ.
1006 3939 1068 3992 Ε.
1121 3939 1299 3992 αὐτῶν
1349 3939 1711 4010 τεθνηκότων.
1754 3938 1914 4010 Hisce
1946 3949 2058 3993 tam

480 4009 684 4090 apertis
718 4009 1036 4090 testimoniis
1069 4011 1327 4079 refragari
1362 4009 1520 4091 nemo
1550 4024 1709 4091 posse
1731 4009 2064 4091 videtur._At

477 4080 678 4133 mirum
702 4090 785 4132 est
824 4081 1068 4148 quintam
1106 4089 1160 4134 et
1195 4089 1403 4134 sextam
1436 4080 1730 4134 editionem
1781 4095 1808 4131 a
1841 4080 2058 4134 nemine

478 4160 722 4203 veterum
752 4148 1072 4204 Graecorum
1115 4153 1206 4218 qui
1238 4153 1289 4203 in
1319 4149 1753 4204 Pentateuchum
1791 4159 1871 4202 tot
1896 4149 2060 4204 Com-

482 4221 749 4274 mentaria
792 4221 1100 4289 ediderunt.
1131 4230 1486 4275 memoratam
1515 4222 1722 4289 uspiam
1761 4221 1947 4274 fuisse.
1987 4219 2060 4274 De

480 4290 705 4357 septima
762 4291 814 4342 in
863 4288 1232 4345 Pentateucho
1281 4291 1412 4344 nihil
1463 4288 1620 4345 hodie
1661 4305 1675 4340 :
1721 4299 1898 4343 utrum
1931 4303 2061 4344 vero

481 4359 611 4412 olim
661 4359 897 4414 adfuerit
946 4361 1245 4430 ignoratur.
1299 4359 1503 4413 Praeter
1544 4360 1709 4414 hosce
1761 4359 1927 4412 libros
1971 4358 2060 4412 ubi

487 4432 650 4482 trium
676 4431 1038 4498 posteriorum
1069 4431 1366 4484 editionum
1398 4431 1619 4500 veStigia
1653 4431 1974 4500 reperimus,
2007 4430 2060 4482 in

484 4500 605 4554 aliis
636 4501 1105 4569 etianrexstitisse
1140 4500 1440 4554 subindicat
1501 4499 1860 4569 Hieronymus
1901 4499 2061 4552 Com-

482 4581 655 4624 ment.
692 4570 748 4622 in
780 4567 949 4637 Epist.
988 4573 1057 4623 ad
1089 4569 1259 4622 Titum
1290 4583 1308 4620 ι
1363 4569 1620 4623 Nonnulli
1663 4567 1779 4622 vero
1807 4570 1946 4635 libri,
1988 4569 2063 4621 in-

2163 3389 2342 3432 autem
2407 3390 2462 3434 et
2523 3379 2842 3442 Proverbia,
2890 3394 3119 3446 quorum
3172 3379 3405 3432 max-ima
3441 3378 3732 3432 lectionum

2161 3449 2544 3516 Hexaplariunt
2595 3450 2729 3520 silva
2776 3458 3052 3520 superest,
3093 3464 3158 3503 ne
3189 3448 3487 3520 vestigium
3519 3448 3738 3520 quidem

2166 3521 2326 3572 trium
2353 3520 2564 3573 illarum
2594 3517 2894 3573 editionum
2932 3520 3149 3572 habere.
3185 3517 3278 3572 His
3306 3517 3611 3586 conspectis
3645 3533 3739 3572 ne-

2165 3605 2255 3643 mo
2288 3590 2566 3657 negaverit
2588 3590 2876 3643 admodum
2905 3589 3120 3643 dilIicile
3149 3603 3272 3643 esse
3300 3589 3547 3654 superius
3571 3587 3736 3641 allata

2161 3660 2408 3728 exempla
2437 3674 2558 3712 cum
2588 3661 2764 3713 verbis
2795 3659 3106 3728 Hieronymi
3136 3658 3451 3713 conciliare.
3476 3657 3612 3713 Cum
3636 3673 3737 3710 au-

2165 3738 2270 3783 tem
2303 3730 2524 3783 omnino
2573 3740 2781 3783 certum
2830 3731 2900 3783 sit
2936 3730 3219 3797 Origenem
3246 3743 3349 3782 n0n
3390 3728 3444 3782 in
3484 3730 3739 3782 omnibus

2165 3798 2459 3868 Scriptura:
2486 3799 2638 3854 libris
2663 3809 2776 3853 tres
2801 3799 2919 3852 illas
2945 3799 3416 3866 interpretationes
3449 3798 3734 3866 adjecisse,

2163 3870 2330 3937 quairi
2353 3878 2526 3937 potest
2549 3884 2674 3922 num
2709 3878 2818 3923 tres
2849 3869 2922 3923 illi
2954 3870 3276 3936 interpretes
3301 3878 3462 3921 totam
3490 3869 3731 3936 Scriptu-

2163 3955 2278 3994 ram
2313 3941 2422 3993 slnt
2466 3940 2825 4008 interpretati,
2869 3955 2938 3992 an
2977 3953 3070 3993 eas
3093 3939 3265 3992 solum
3291 3947 3470 4007 partes
3512 3937 3744 4008 qnzeab

2163 4009 2394 4078 Origene
2438 4009 2490 4062 in
2525 4006 2769 4074 Octaplis.
2797 4009 3053 4063 adhibitae
3083 4017 3226 4078 sunt.
3289 4006 3444 4078 Saepe
3477 4006 3602 4064 cum
3633 4006 3734 4072 illi,

2164 4076 2351 4132 saltem
2393 4080 2500 4132 duo
2535 4079 2771 4146 priores,
2803 4077 3250 4136 Pentateuchum,
3286 4076 3550 4143 Psalmos,
3576 4087 3630 4132 et
3663 4091 3735 4131 ex

2164 4149 2492 4218 Hieronymo
2511 4147 2610 4202 Job
2633 4155 2688 4201 et
2715 4147 3042 4211 Proverbia;
3078 4162 3200 4201 cum
3237 4150 3364 4202 item
3407 4147 3630 4202 Cantica
3679 4156 3736 4203 et

2164 4220 2401 4274 minores
2447 4220 2742 4287 prophetas
2803 4218 3206 4279 transtulerint,
3258 4233 3361 4272 non
3401 4219 3556 4272 video
3604 4219 3736 4287 quid

2164 4305 2341 4344 causa:
2378 4287 2561 4354 fuerit,
2585 4303 2683 4342 cur
2713 4289 2921 4342 medios
2951 4287 3115 4342 libros
3149 4288 3457 4356 omiserint,
3481 4290 3738 4358 quodque

2164 4360 2337 4426 magis
2367 4368 2578 4426 urgeat,
2612 4373 2734 4413 cum
2768 4367 2876 4411 tres
2905 4358 2980 4412 illi
3009 4359 3328 4424 interpretes
3355 4368 3413 4413 ut
3441 4358 3734 4427 plurimum

2166 4429 2218 4482 in
2245 4429 2434 4483 iisdem
2473 4427 2769 4497 Scriptura:
2815 4427 2968 4483 libris
3018 4429 3378 4496 reperiantur,
3424 4429 3549 4482 licet
3594 4427 3738 4482 haud

2166 4499 2327 4553 dubie
2353 4499 2519 4553 variis
2557 4499 2609 4552 in
2642 4497 2775 4552 locis
2805 4498 3146 4568 scripserint,
3198 4513 3295 4552 cur
3324 4501 3541 4568 eosdem
3570 4497 3738 4568 libros

2165 4584 2232 4624 ex
2265 4568 2533 4630 Hebraico
2584 4567 2970 4633 converterint,
3015 4569 3236 4622 eosdem
3274 4567 3579 4622 omiserint.
3626 4567 3740 4623 Hoc

482 4642 618 4707 quit,
643 4652 688 4692 et
721 4641 948 4693 maxime
971 4641 1023 4693 hi
1050 4641 1142 4708 qui
1173 4640 1310 4708 apud
1351 4637 1595 4693 Hebrwos
1620 4654 1770 4692 versu
1797 4640 2066 4707 compositi
2097 4647 2142 4702 1)
2171 4648 2318 4693 certe
2346 4652 2519 4707 neque
2554 4653 2706 4701 casu,
2737 4653 2913 4707 neque
2947 4637 3185 4708 consilio;
3206 4638 3456 4693 accidere
3497 4638 3738 4707 potuisse

483 4721 624 4776 sunt,
656 4722 760 4763 tres
795 4713 928 4763 altas
963 4713 1215 4764 editiones
1253 4711 1461 4762 additas
1490 4711 1700 4772 habent,
1727 4725 1884 4777 quam
1919 4710 2064 4778 quin-

485 4790 615 4844 tant,
655 4791 702 4833 et
758 4789 977 4844 sextam,
1027 4791 1076 4834 et
1119 4781 1393 4847 septimam
1420 4779 1813 4832 translationem
1860 4789 2062 4843 vocant,

484 4852 854 4904 auctoritatem
893 4851 1006 4905 sine
1035 4851 1331 4904 nominibus
1373 4851 1710 4917 interpretum
1737 4857 2062 4902 consecutos.

488 4921 568 4974 Ex
606 4921 758 4974 libris
790 4930 968 4974 tamen
1004 4937 1158 4975 versu
1185 4921 1506 4990 conscriptis
1532 4919 1633 4990 soli
1663 4917 1879 4990 Psalmi
1901 4921 2063 4972 triqu

523 4991 848 5045 osleriorum
873 4989 1407 5059 ,ittterpretationum'
1445 4989 1701 5058 reliquias
1747 4989 2060 5057 praeferunt.

523 5008 848 5045 oslertorum
873 5008 1396 5059 .tttterpretattonunt
1445 5008 1701 5058 reliquias
1747 5008 2060 5057 prasterunt.

485 5008 542 5115 fu
575 5061 676 5117 Job
703 5075 884 5118 autem
921 5071 974 5115 et
1003 5061 1332 5122 Proverbiis,
1357 5061 1458 5114 etsi
1491 5059 1667 5128 ampla
1695 5061 1922 5111 aliarum
1950 5059 2065 5113 edi-

486 5134 692 5204 tionum
725 5147 880 5204 seges
905 5131 1182 5204 offeratur,
1202 5129 1334 5184 nihil
1365 5130 1524 5204 hodie
1554 5133 1619 5183 de
1639 5128 1810 5204 tribus
1825 5129 1930 5184 illis
1963 5144 2063 5204 p01

487 5203 704 5256 stremis
730 5198 1116 5269 int'erpretibus
1148 5211 1415 5270 superest.
1443 5200 1498 5254 Si
1524 5209 1724 5254 stemus
1751 5198 2061 5270 Hieronymi

485 5272 667 5326 verbis
691 5273 742 5326 in
761 5273 828 5329 iis
852 5273 1023 5334 libris,
1046 5274 1134 5325 ubi
1162 5269 1242 5326 hac
1267 5282 1548 5339 postrema:
1565 5271 1831 5323 editiones
1849 5269 2063 5324 adhibe-

483 5344 698 5405 bantur,
719 5351 828 5399 tres
845 5359 1058 5412 semper
1073 5344 1315 5404 aderant,
1337 5357 1435 5395 nec
1450 5342 1634 5410 quinta
1653 5340 1768 5412 sine
1783 5349 2064 5405 sexta,nec

485 5420 713 5535 utraque
733 5417 851 5468 sine
883 5411 1108 5484 septima
1136 5417 1309 5467 locum
1342 5412 1548 5481 uspiam
1583 5411 1844 5476 trahebat;
1875 5425 2059 5465 verum

487 5483 601 5534 haec
651 5484 980 5535 lieronvmus
997 5485 1284 5535 admodum
1303 5481 1662 5535 perfunctorie
1680 5482 1940 5535 narravit.
1963 5495 2059 5535 nec

487 5483 601 5556 haec
625 5481 980 5556 Hieronymus
997 5485 1284 5556 admodum
1301 5481 1662 5551 perfunctorie
1680 5482 1940 5556 narravit,
1963 5495 2062 5535 nec

491 5552 699 5605 videtur
720 5551 841 5620 ejus
859 5555 1220 5609 testimonium
1244 5562 1309 5605 ad
1337 5568 1398 5606 ea
1424 5568 1542 5622 quze
1563 5567 1724 5620 supra
1745 5551 1887 5605 dicta
1912 5559 2058 5622 sunt,

488 5622 699 5693 penitus
722 5625 988 5690 quadrare
1019 5639 1192 5693 posse,
1213 5623 1256 5678 si
1276 5621 1516 5692 quidem,
1537 5624 1610 5676 ait
1628 5622 1735 5685 ille,
1761 5622 1813 5674 in
1833 5621 2060 5674 nonnul-

488 5692 557 5746 lis
581 5693 734 5748 libris
754 5705 809 5748 et
829 5692 1062 5748 maxime
1085 5695 1148 5747 iis
1165 5694 1254 5763 qui
1282 5707 1440 5747 versu
1464 5693 1745 5759 compositi
1769 5700 1918 5757 sunt,
1950 5701 2060 5763 tres

489 5763 625 5816 alias
657 5764 939 5826 editiones,
998 5762 1190 5832 nempe
1221 5765 1502 5832 quintam,
1536 5774 1743 5817 sextam
1787 5771 1840 5816 et
1876 5762 2060 5832 septi:

487 5847 632 5886 utam
672 5835 880 5888 additas
932 5830 1139 5896 fuissei
1183 5830 1254 5887 ita
1306 5844 1364 5886 ut
1405 5848 1470 5885 ea
1503 5832 1619 5899 ejus
1648 5832 1828 5886 verbis
1871 5830 2058 5884 inferri

492 5916 652 5970 posse
681 5904 958 5971 videatur,
1000 5905 1288 5957 maximam
1329 5901 1684 5969 Hexaplorum
1726 5911 1933 5969 partem
1971 5902 2056 5956 ubi

2170 4709 2404 4763 videtur.
2434 4705 2490 4762 Si
2521 4705 2845 4777 respondeas
2872 4723 2969 4763 cur
2990 4723 3118 4776 ergo
3155 4705 3413 4776 Origenes
3441 4705 3741 4777 inquibus-

2169 4779 2292 4833 dam
2316 4778 2487 4842 libris,
2513 4794 2619 4834 non
2645 4779 2694 4832 in
2719 4779 2995 4841 omnibus,
3031 4778 3151 4833 illas
3179 4779 3444 4847 editiones
3474 4792 3740 4847 apposue-

2168 4849 2270 4914 rit;
2299 4863 2551 4918 reponam
2576 4864 2696 4918 ego,
2720 4863 2817 4903 cur
2848 4849 2898 4900 in
2922 4847 3152 4902 Threnis
3171 4849 3286 4902 sive
3308 4846 3737 4902 Lamentatioui-

2165 4919 2266 4989 bns
2292 4917 2562 4982 Jcremim,
2603 4917 2777 4973 Solum
2816 4917 3345 4989 Symmachumcum
3371 4918 3604 4989 editione
3629 4917 3739 4989 τῷν

2168 4987 2224 5042 0'
2247 4991 2463 5053 locavit,
2487 5004 2611 5045 cum
2647 4998 2826 5041 tamen
2859 4987 3058 5057 ‘Aquila
3081 4997 3136 5041 et
3156 4987 3455 5042 Theodotio
3491 4987 3650 5056 hujus
3677 4987 3741 5041 li-

2165 5059 2267 5125 bri,
2287 5060 2529 5127 perinde.
2549 5070 2710 5126 atque
2729 5057 2952 5111 aliorum
2977 5059 3475 5126 interpretationem
3507 5061 3739 5113 adorna-

2163 5132 2360 5188 verint.
2394 5130 2666 5184 utihidem
2698 5129 2752 5182 in
2785 5129 2983 5183 Μοιιὶιο
3012 5131 3320 5197 probamus.
3356 5127 3491 5183 Hinc
3519 5143 3651 5184 sane
3674 5128 3741 5181 li-

2141 5210 2292 5269 'quet
2314 5216 2377 5254 ex
2397 5199 2753 5269 bacOrigcnis
2777 5198 3070 5253 omissione
3091 5199 3334 5254 concludi
3353 5215 3456 5254 nott
3482 5213 3660 5269 posse,
3675 5197 3742 5252 il-

2165 5267 2245 5324 las
2260 5271 2522 5324 editiones
2548 5267 2652 5322 non
2675 5271 2929 5339 integras,
2949 5271 3043 5323 sed
3065 5269 3271 5339 aliquos
3287 5277 3493 5339 tantum
3510 5267 3741 5323 Hebrai-

2163 5356 2240 5396 ως
2269 5341 2559 5408 Scripturae
2591 5339 2754 5394 libros
2779 5338 3088 5408 complexas
3114 5338 3298 5398 fuisse.
3331 5338 3594 5393 Caeterum
3625 5353 3739 5392 rem

2165 5427 2269 5466 non
2284 5417 2498 5480 penitus
2517 5409 2846 5478 exploratam
2863 5410 3076 5464 lectoris
3088 5411 3291 5480 judicio
3312 5409 3690 5480 permittimus.
3714 5425 3733 5458 s

2236 5477 2348 5552 (913)
2380 5479 2485 5535 Sed
2509 5477 2738 5552 septima:
2765 5479 3033 5543 editionis,
3067 5477 3184 5550 qua:
3210 5482 3278 5552 ad
3320 5495 3486 5552 unum
3529 5477 3737 5552 l’salte:

2163 5547 2302 5604 rium
2329 5547 2642 5617 pertinebat.
2674 5550 2913 5620 Septima
2943 5547 3108 5604 editio
3136 5550 3440 5618 pertinebat
3479 5550 3640 5620 etiam
3669 5547 3738 5601 ad

2163 5621 2444 5676 duodecim
2478 5619 2768 5689 prophetas
2798 5623 3056 5687 minores,
3111 5632 3168 5674 ut
3211 5635 3337 5674 mox
3399 5619 3739 5675 ostendimus

2163 5705 2231 5745 ex
2265 5694 2325 5746 ι).
2363 5689 2419 5742 Β.
2452 5690 2519 5745 de
2557 5689 2924 5745 hlontfaucon.

2165 5815 2175 5834 ί
2235 5759 2346 5834 (91)
2386 5759 2628 5834 Tetrapla
2660 5770 2834 5814 autem
2861 5760 3118 5834 privatum
3156 5759 3285 5834 fuit,
3311 5767 3418 5834 etc_._
3449 5757 3582 5814 Vide
3609 5771 3743 5834 pau—

2166 5827 2389 5959 ltéf'irﬁfra
2438 5847 2560 5902 cap.
2593 5831 2648 5902 4,
2693 5827 2928 5898 ιιιιιιιέῖ,
2966 5833 3052 5887 ubi
3091 5827 3206 5891 hanc
3243 5829 3422 5887 Huctii
3471 5827 3764 5888 sententia.

2168 5922 2189 5959 r
2249 5920 2276 5959 e
2321 5914 2445 5957 llul‘.

2168 5914 2445 5959 l'CllH-llllll‘.
