4152 6412
332 416 465 470 1241

1149 413 1723 471 ORICENIANORUM
1764 415 1895 471 LIB.
1937 414 2026 476 Ill,
2065 414 2218 470 CAP.
2258 415 2324 480 il,
2369 414 2563 471 SECT.
2603 416 2689 471 IV.

3451 410 3589 471 1242

331 537 666 596 accuratum,
705 530 756 584 in
780 530 1145 586 studiosorum
1175 532 1425 599 gratiam,
1449 533 1644 600 quibus
1685 543 1896 589 tantum
1929 541 1976 595 Α
2005 545 2123 590 xter
2150 536 2382 599 erat,vel
2406 536 2626 591 sinister
2639 534 2929 605 legentium
2952 543 3197 605 respectu
3213 534 3586 602 sinistererat,

332 624 429 679 ahs
452 638 522 678 re-
535 638 631 678 sua
654 626 740 680 vel
764 625 860 679 otii
892 626 977 679 vel
1006 624 1279 682 facultatis
1304 642 1409 681 non
1433 639 1569 695 erat,
1600 630 1906 698 utHexapla

333 730 650 784 comparare
689 728 931 785 possent.
987 718 1095 774 Nec
1142 736 1465 789 quemquam
1514 734 1727 777 moveat
1763 725 1909 794 quod

334 808 523 861 scribit
558 807 919 879 Hieronymus
948 810 1024 864 De
1052 814 1231 879 script.
1250 814 1535 869 ecclesiast.
1567 816 1619 869 in
1648 815 1905 885 Origen.:

342 914 360 947 ι
405 897 651 966 Exceptis
682 896 1029 970 Septuaginta
1074 901 1484 971 lnterpretibus,
1531 906 1665 961 alias
1694 923 1909 977 quoque

335 986 599 1041 editiones
630 987 685 1041 in
724 1005 887 1042 unum
919 1005 1276 1061 congregasse
1314 995 1593 1062 volumen;
1636 1016 1656 1050 ι
1691 998 1830 1067 quod
1855 1008 1913 1053 et

335 1101 404 1139 ex
453 1086 787 1158 Hieronymo
823 1090 1217 1145 transtulerunt
1255 1091 1586 1163 Freculphus
1619 1093 1913 1149 Lexovien-

336 1177 415 1231 sis
442 1178 639 1231 Chron.
684 1188 815 1233 tom.
847 1176 911 1244 ll,
946 1180 1038 1235 lib.
1066 1197 1148 1246 ιιι,
1176 1197 1296 1250 cap.
1328 1184 1384 1249 2,
1415 1195 1471 1237 et
1504 1184 1774 1242 Honorius
1803 1188 1913 1242 Au-

339 1268 755 1334 gustoduncnsis
782 1268 859 1323 De
890 1270 1070 1338 script.
1096 1272 1384 1329 ecclesia“.
1425 1271 1481 1330 Id
1514 1278 1655 1331 enim
1682 1279 1782 1333 sibi
1818 1294 1913 1334 vo-

341 1357 478 1423 lunt,
513 1369 707 1427 praeter
734 1358 1083 1432 Septuaginta
1108 1362 1460 1434 lnterpretes,
1489 1368 1726 1439 reliquos
1747 1372 1910 1425 etiam

339 1449 627 1520 Origenem
656 1452 707 1505 in
748 1469 911 1507 unum
942 1455 1189 1511 volumen
1226 1472 1601 1530 congregasse.

414 1538 499 1595 Vl.
535 1540 611 1594 Ex
638 1541 721 1596 his
751 1541 909 1598 facile
947 1545 1262 1616 intelligitur
1287 1560 1549 1617 quantum
1580 1552 1717 1607 ratio
1740 1552 1914 1609 Scali-

340 1648 528 1701 gerum
570 1634 784 1706 fugerit,
812 1634 905 1705 qui
949 1637 1001 1690 in
1032 1638 1387 1696 delineatione
1417 1640 1775 1710 Hexaplorum
1818 1663 1911 1703 seu

343 1724 705 1795 Octaplorum,
739 1744 901 1799 quam
943 1731 994 1785 in
1018 1748 1198 1786 sacras
1236 1748 1361 1788 snas
1390 1732 1811 1794 Exercitationes
1840 1755 1916 1795 re-

344 1818 466 1872 tulit
486 1818 761 1886 Heinsius,
781 1830 1072 1891 utrumque
1096 1823 1423 1880 Hebraicum
1449 1838 1762 1884 contextum
1793 1842 1915 1901 post

344 1910 823 1980 interpretationes
872 1889 1093 1969 Graecas
1126 1929 1220 1969 sex
1256 1916 1308 1969 in
1349 1918 1507 1971 linem
1558 1889 1811 1989 coniecit:
1856 1922 1913 1977 Si
1947 1889 1988 1943 Β

342 2004 501 2058 modo
536 2019 726 2058 revera
760 2004 1017 2075 Scaligeri
1044 2006 1145 2063 fuit
1170 2009 1285 2062 haec
1306 2008 1615 2077 delineatio,
1646 2013 1786 2081 quod
1818 2014 1915 2067 du-

343 2095 487 2147 bium
526 2096 658 2149 mihi
688 2095 894 2151 faciunt
925 2097 1295 2169 Scaligeriana
1330 2116 1502 2170 nuper
1526 2103 1692 2169 edita,
1718 2106 1769 2157 in
1798 2105 1917 2174 qni-

343 2185 444 2240 bus
500 2184 846 2256 Octaplorum
898 2188 1180 2244 columnas
1232 2206 1583 2259 enumerans,
1648 2195 1917 2262 prioribus

343 2279 477 2336 locis
503 2280 807 2337 Hebraicas
829 2283 965 2338 duas
992 2292 1257 2339 recenset.
1286 2284 1393 2338 Nec
1412 2284 1621 2340 felicior
1642 2285 1915 2355 Heinsius,

348 2387 472 2427 cum
507 2372 785 2429 columnas
825 2374 1021 2429 ibidem
1056 2374 1416 2444 Hexaplorum
1441 2378 1777 2443 describens,
1812 2389 1918 2434 ter-

346 2461 473 2516 tiam
501 2463 748 2517 attribuit
788 2463 1142 2534 Septuaginta
1191 2465 1606 2535 lnterpretibus,
1661 2476 1914 2537 quartam

342 2554 574 2623 Aquilze,
605 2556 847 2625 quintam
885 2552 1269 2623 Theodotioni,
1304 2568 1359 2612 et
1405 2568 1615 2613 sextam
1664 2560 1916 2632 Symma-

346 2646 469 2701 cho.
502 2645 690 2716 Neque
716 2647 781 2702 iis
812 2651 1140 2706 excusandis
1162 2650 1360 2707 sullicit
1385 2651 1587 2709 Niceta:
1613 2655 1918 2710 Acominati

346 2741 646 2795 auctoritas
683 2742 750 2803 ⁸⁸,
793 2742 883 2809 qui
914 2742 965 2795 in
995 2742 1156 2797 simili
1194 2755 1440 2800 versatus
1467 2756 1551 2803 est
1585 2763 1791 2812 errore,
1823 2764 1918 2804 c0-

345 2828 543 2883 lumnis
565 2828 840 2884 Hebraicis
869 2830 1139 2897 subjectos
1194 2830 1360 2887 fuisse
1388 2835 1517 2897 τοὺς
1541 2836 1595 2887 0’
1626 2836 1713 2889 his
1746 2834 1917 2904 Aqui-

345 2918 475 2985 lam,
502 2929 614 2975 tum
634 2919 1041 2991 Symmachum,
1064 2922 1191 2979 inde
1214 2923 1665 2992 Theodotionem,
1691 2936 1746 2980 et
1762 2928 1921 2996 quin-

350 3018 459 3064 tam
502 3010 716 3064 demum
771 3012 1278 3083 interpretationem
1338 3031 1679 3071 asseverans.
1730 3017 1923 3073 Peccat

350 3116 565 3171 quoque
580 3101 844 3157 Baronius
870 3104 921 3135 ‘°
938 3105 1099 3159 aliter
1119 3105 1171 3159 in
1204 3104 1463 3174 Tetraplis
1488 3107 1778 3177 dispositas
1808 3110 1922 3163 edi-

2008 627 2342 683 dexterlibri
2376 628 2568 697 ipsius.
2601 628 2783 696 Itaque
2812 626 2901 680 alii
2923 627 3113 682 dextro
3132 627 3247 682 loco
3262 628 3421 682 situm
3440 643 3583 694 esse,

2011 718 2103 772 alii
2135 718 2357 773 sinistro
2390 719 2741 788 scripserant.
2770 716 2825 772 ld
2848 734 2969 772 cum
2997 718 3214 786 legisset
3256 717 3585 773 Philastrius

2010 808 2341 862 existimavit
2366 808 2617 876 Aquilam
2647 809 2701 864 in
2728 808 2999 878 aliquibus
3019 808 3381 876 Tetraplorum
3404 825 3589 863 exem-

2012 898 2256 969 plaribus
2283 898 2535 954 dextrum
2559 900 2795 954 tenuisse
2817 900 3018 964 locum,
3047 902 3097 953 in
3125 901 3247 954 aliis
3278 901 3586 966 sinistrum;

2012 991 2107 1046 sed
2148 990 2520 1046 hallucinatus
2575 1002 2680 1055 est,
2720 1006 2842 1044 nam
2896 1005 3111 1060 semper
3141 991 3405 1045 columna:
3461 992 3589 1047 huic

2012 1086 2299 1155 deputatus
2343 1092 2461 1147 est,
2501 1098 2621 1152 qua:
2665 1083 2732 1136 ad
2772 1083 3031 1137 lectorum
3093 1082 3276 1136 laevam
3326 1084 3588 1138 collocata

2013 1186 2151 1233 erat.
2190 1176 2324 1232 Utut
2359 1187 2463 1241 est,
2499 1186 2648 1230 certe
2674 1176 2727 1228 in
2757 1176 2937 1228 medio
2967 1190 3243 1243 nunquam
3276 1176 3442 1232 luisse
3464 1192 3594 1231 con—

2013 1277 2160 1323 stat:
2198 1266 2390 1323 iuisset
2445 1278 2645 1327 autem.
2700 1270 2745 1323 si
2779 1270 3017 1339 priorem
3078 1270 3390 1327 columnam
3423 1283 3590 1323 occu-

2013 1369 2239 1428 passent
2275 1358 2629 1431 Septuaginta
2654 1360 3012 1430 lnterpretes,
3045 1364 3239 1432 Aquila
3271 1362 3587 1417 secundam.

2016 1450 2296 1506 Heiellitur
2328 1452 2493 1507 etiam
2522 1468 2588 1506 ex
2624 1453 2949 1519 supradictis
2974 1453 3274 1509 Salmasius
3295 1495 3309 1519 ,
3341 1455 3432 1523 qui
3475 1454 3591 1507 lucc

2014 1545 2202 1598 scribit
2242 1545 2295 1598 in
2327 1544 2732 1599 Commentario
2752 1547 2815 1599 de
2845 1545 3191 1601 Hellenistica
3217 1561 3237 1599 :
3267 1565 3286 1598 t
3326 1546 3430 1601 Sed
3464 1561 3593 1599 nus-

2014 1651 2176 1705 quam
2219 1635 2579 1707 Hieronymus
2607 1640 2811 1709 quinta:
2832 1649 2886 1694 et
2922 1648 3087 1693 sextae
3117 1638 3374 1692 editionis
3390 1638 3585 1691 memi-

2016 1729 2129 1793 nit;
2149 1739 2203 1783 et
2226 1744 2349 1783 cum
2380 1728 2620 1796 Ilexapla
2647 1733 2868 1796 voeitat,
2896 1730 3142 1800 intelligit
3162 1729 3405 1798 Tetrapla
3436 1730 3590 1785 Grae-

2020 1823 2232 1886 canica,
2266 1838 2388 1877 cum
2434 1822 2604 1892 Diplis
2632 1823 2907 1878 Hebraicis
2955 1839 3075 1893 quae.
3137 1822 3377 1890 Hexapla
3425 1822 3593 1877 iacie-

2021 1916 2173 1969 bant.
2213 1935 2233 1968 ι
2269 1915 2334 1969 Et
2365 1933 2486 1971 mox
2522 1916 2699 1970 allatis
2728 1918 3054 1986 quibusdam
3088 1915 3404 1985 Hieronymi
3438 1916 3593 1981 locis,

2019 2008 2072 2061 in
2115 2008 2314 2075 quibus
2361 2006 2566 2063 Crtecaa
2612 2009 2785 2064 solum
2821 2020 3055 2077 quatuor
3093 2009 3362 2062 editiones
3392 2022 3598 2061 memo-

2020 2111 2232 2163 rantur,
2277 2100 2500 2169 subiicit
2536 2118 2549 2154 :
2596 2119 2614 2153 ι
2657 2103 2889 2174 Apparet
2925 2117 2990 2156 ex
3020 2102 3105 2156 his
3146 2100 3435 2169 Origenem
3460 2115 3595 2168 qua-

2023 2200 2147 2245 tuor
2173 2200 2380 2246 tantum
2412 2192 2678 2247 editiones
2710 2192 2852 2247 inter
2883 2208 2943 2248 se
2971 2207 3340 2262 comparasse,
3376 2201 3432 2246 et
3451 2207 3600 2246 com-

2024 2282 2268 2351 posuisse
2307 2282 2359 2335 in
2424 2281 2723 2351 Tetraplis,
2765 2298 2883 2352 qua:
2908 2298 3029 2337 cum
3082 2284 3291 2338 duobus
3324 2282 3601 2338 Hebraicis

2025 2373 2266 2429 testibus
2327 2372 2573 2442 Hexapla
2614 2374 2701 2428 illa
2763 2374 3025 2429 Ecclesiis
3060 2374 3307 2428 dedicata
3343 2383 3599 2428 contexe-

2021 2467 2169 2521 bant.
2209 2487 2231 2522 ο
2260 2465 2423 2523 Certe
2450 2469 2502 2521 in
2533 2465 2847 2536 Hieronymi
2881 2466 3059 2520 verbis
3090 2482 3119 2520 a
3153 2480 3238 2520 me
3257 2480 3419 2535 supra
3456 2464 3594 2518 alla-

2023 2558 2091 2612 tis
2118 2573 2149 2612 e
2173 2557 2592 2613 Commentariis
2620 2558 2675 2610 in
2715 2555 3009 2625 Epistotam
3058 2557 3127 2609 ad
3157 2555 3359 2620 Titum,
3387 2555 3595 2610 mentio

2021 2644 2082 2699 ﬁt
2113 2646 2314 2714 quinta:
2342 2654 2396 2699 et
2427 2655 2594 2699 sexta:
2623 2644 2881 2699 editionis
2905 2685 2921 2708 ,
2964 2655 3019 2699 et
3056 2645 3358 2712 saepissime
3387 2644 3440 2697 in
3470 2644 3601 2713 Epi-

2021 2737 2159 2793 stola
2187 2739 2254 2791 ad
2281 2737 2508 2791 Suniam
2536 2746 2591 2792 et
2623 2736 2939 2804 Fretellam,
2973 2737 3200 2807 aliisque
3233 2737 3385 2791 locis.
3429 2734 3604 2790 Hexa-

2021 2828 2110 2898 pla
2140 2838 2319 2881 autem
2376 2829 2520 2883 dicta
2572 2837 2698 2883 sunt
2727 2845 2813 2892 ea,
2844 2845 2950 2883 non
2980 2844 3098 2898 qua:
3130 2827 3377 2895 Tetrapla
3428 2827 3600 2883 solum

2022 2920 2353 2984 Graecanica,
2403 2934 2524 2974 cum
2554 2919 2723 2990 υἱριὶε
2749 2912 3049 2984 Hebraicis,
3079 2922 3173 2975 sed
3200 2934 3320 2988 qua:
3358 2920 3603 2989 quintam

2023 3020 2310 3081 praeterea,
2345 3020 2401 3065 et
2428 3022 2665 3076 sextam,
2705 3027 2770 3066 ac
2818 3013 3107 3081 septimam
3140 3011 3457 3077 editionem,
3495 3025 3613 3065 non.

2025 3104 2242 3173 ubique,
2270 3105 2363 3160 sed
2392 3106 2443 3158 in
2467 3105 2745 3174 aliquibus
2777 3104 2950 3159 solum
2979 3102 3135 3157 libris
3166 3102 3475 3171 adiunctam
3498 3101 3605 3157 ha-

350 3196 522 3249 tiones
552 3192 770 3249 Graecas
796 3209 1028 3251 censeas
1058 3211 1120 3251 ac
1155 3198 1208 3252 in
1242 3196 1521 3266 Hexaplis,
1569 3208 1622 3253 et
1681 3200 1916 3268 priorem
1950 3231 1992 3290 ο
2028 3195 2238 3252 herent.
2271 3195 2361 3249 Ait
2384 3196 2543 3263 paulo
2568 3206 2691 3266 post
2715 3194 3019 3250 Salinasius
3060 3212 3074 3247 :
3116 3213 3135 3247 ε
3168 3192 3274 3250 Sed
3300 3204 3354 3249 et
3388 3204 3615 3250 veteres

350 3285 404 3340 in
442 3285 546 3339 illis
574 3285 745 3340 locum
770 3288 884 3349 τοῖς
916 3283 971 3339 0'
1004 3286 1312 3357 assignans,
1347 3288 1401 3342 in
1438 3290 1523 3344 his
1554 3290 1794 3343 tertium.
1816 3287 1925 3344 Hos

351 3378 405 3431 in
431 3378 675 3432 fraudem
708 3377 922 3433 videtur
950 3378 1185 3433 illexisse
1203 3379 1552 3449 Philoponus,
1575 3384 1665 3450 qui
1703 3383 1756 3435 in
1789 3382 1926 3438 libro

348 3470 489 3540 Περὶ
508 3470 909 3539 κοσμοποιίας
934 3470 1049 3525 loca
1078 3471 1216 3525 sacri
1252 3480 1540 3527 contextus
1570 3489 1636 3527 ex
1671 3474 1755 3528 his
1791 3489 1926 3543 qua-

353 3572 474 3617 tuor
495 3563 1028 3633 interpretationibus
1056 3562 1308 3627 aﬂerens,
1345 3565 1523 3634 priore
1558 3564 1675 3620 loco
1706 3566 1836 3630 τοὺς
1864 3566 1920 3620 0'

354 3655 623 3723 collocat;
655 3657 738 3711 his
766 3657 986 3726 subiicit
1013 3657 1287 3725 Aquilam,
1314 3658 1441 3711 huic
1472 3656 1924 3725 Theodotionem,

354 3749 430 3803 illi
458 3750 869 3819 Symmachum.
930 3747 1040 3802 Nec
1074 3748 1217 3801 enim
1248 3747 1289 3801 Τ
1291 3748 1491 3817 etrapla
1525 3758 1918 3816 repraesentare

351 3843 683 3913 Phi‘loponus
712 3842 977 3907 instituit;
1010 3844 1103 3897 sed
1142 3842 1192 3895 in
1240 3842 1773 3910 interpretationibus
1813 3842 1928 3897 dis-

360 3936 624 4005 ponendis
678 3936 1042 4006 interpretum
1093 3945 1308 3989 aatatem
1340 3933 1619 4002 respexit;
1664 3933 1927 3988 cumcla-

354 4043 473 4082 rum
508 4027 579 4083 sit
636 4028 968 4096 czeteroquin
1019 4042 1087 4083 ex
1152 4025 1447 4095 Epiphanio
1482 4024 1605 4079 libr.
1662 4024 1737 4079 De
1767 4026 1928 4094 pond.

354 4136 475 4190 cap.
501 4120 589 4186 l9,
620 4131 951 4190 postremam
986 4119 1294 4174 columnam
1351 4119 1658 4174 obtinuisse
1683 4118 1932 4174 Theodo-

357 4212 555 4265 tionem
575 4221 680 4265 tam
708 4211 759 4266 in
791 4209 1049 4279 Tctraplis
1068 4226 1228 4280 quam
1248 4210 1302 4264 in
1333 4208 1613 4278 Hexaplis,
1639 4211 1931 4264 secundam

358 4302 772 4374 Symmachum,
800 4310 968 4372 atque
999 4303 1097 4357 hos
1134 4306 1275 4355 inter
1312 4302 1520 4356 medios
1571 4301 1931 4371 Septuaginta

358 4394 666 4453 incessisse.
699 4393 993 4465 Τετραπλᾶ
1024 4392 1133 4464 γάρ
1157 4394 1283 4459 εἱσι,
1310 4392 1590 4462 ἰηῐιυίι,τὰ
1626 4390 1943 4463 Ἑλληνικὰ,

355 4488 485 4542 ὅταν
520 4488 575 4540 αἱ
607 4485 702 4540 τοῦ
746 4486 966 4551 Ἀκύλα,
1003 4486 1099 4538 καὶ
1127 4485 1452 4556 Συμμάχου,
1489 4486 1585 4539 καὶ
1614 4484 1720 4539 τῶν
1755 4485 1935 4539 Ἑϐδο-

2039 3288 2231 3345 Patres
2251 3304 2315 3343 ex
2345 3288 2542 3359 quibus
2572 3290 2886 3359 compositas
2920 3298 3123 3343 catena:
3146 3326 3161 3351 ,
3197 3296 3257 3341 ut
3294 3294 3514 3351 vocant,
3549 3286 3609 3341 in

2026 3385 2271 3437 diversos
2326 3382 2535 3437 Veteris
2560 3382 2896 3437 Testamenti
2931 3380 3098 3436 lilii-os
3146 3381 3435 3450 leguntur,
3467 3393 3609 3432 nun-

2037 3490 2201 3545 quam
2240 3476 2411 3531 citant
2440 3476 2736 3530 varietates
2795 3474 3215 3529 translationum
3261 3485 3291 3525 e
3338 3471 3528 3541 quinta
3556 3480 3613 3525 et

2028 3578 2182 3623 sexta
2228 3569 2491 3632 editione,
2525 3568 2621 3623 scd
2652 3582 2720 3622 ex
2770 3575 3007 3636 quatuor
3062 3564 3172 3619 illis
3208 3572 3417 3617 tantum
3474 3577 3612 3631 quas

2029 3662 2257 3717 invicem
2292 3672 2671 3731 composuerat
2721 3659 3003 3729 Origenes,
3028 3674 3094 3713 ex
3130 3659 3326 3726 quibus
3367 3655 3613 3725 Tetrapla

2028 3755 2255 3819 fecerat,
2288 3765 2339 3809 et
2364 3770 2484 3809 cum
2526 3754 2742 3824 gemino
2781 3752 3046 3808 Hebraico
3090 3747 3378 3816 Ἐξαπλᾶ.
3417 3768 3436 3802 ι
3471 3750 3618 3803 Con-

2028 3849 2147 3902 sule
2175 3848 2341 3903 Notas
2370 3847 2622 3902 Flaminii
2676 3844 2901 3910 Nobilii,
2928 3859 3090 3915 quam
3126 3858 3269 3913 saepe
3302 3844 3505 3911 quintae
3559 3848 3615 3894 et

2028 3949 2194 3995 sextae
2227 3939 2480 3994 editionis
2516 3939 2791 3992 variantes
2819 3936 3076 3990 lecti0nes
3096 3936 3266 3988 citent
3290 3932 3482 3986 Patres
3509 3946 3613 3984 an-

2034 4032 2194 4101 tiqui,
2227 4031 2623 4101 deprehendes.
2676 4028 2897 4083 Falsum
2927 4040 3140 4096 quoque
3171 4038 3291 4079 esse
3344 4031 3615 4093 apparet,

2033 4126 2177 4193 quod
2204 4121 2420 4191 iactant
2468 4123 2797 4177 recentiores
2844 4120 3099 4190 quidam,
3132 4119 3421 4186 Origenem
3466 4114 3616 4169 nulla

2033 4230 2266 4285 unquam
2297 4214 2522 4282 Octapta
2550 4213 2943 4281 composuisse,
2991 4215 3083 4265 sed
3130 4208 3373 4277 Hexapla
3424 4209 3618 4261 dunta-

2033 4317 2127 4361 lat
2154 4316 2208 4361 et
2235 4306 2507 4375 Tetrapla.
2544 4304 2769 4374 Octapla
2814 4314 2961 4358 certe
3018 4302 3205 4357 itidem
3256 4310 3314 4354 ut
3366 4298 3609 4368 ﬂexapla

2035 4400 2342 4467 composuit
2372 4397 2659 4468 Origenes,
2697 4396 2954 4466 quoniam
2984 4394 3125 4449 idem
3153 4408 3288 4463 opus
3316 4391 3617 4460 Hexaplum

2037 4498 2095 4544 et
2157 4488 2436 4559 Oetaplum
2484 4490 2655 4544 fuisse
2707 4487 3222 4544 demonstravimus.
3293 4483 3619 4539 Conlutatur

361 4580 604 4650 μήκοντα
629 4578 743 4644 δύο,
763 4579 857 4632 καὶ
878 4577 1231 4642 Θεοδοτίωνος
1254 4579 1538 4650 ἑρμηνεῖαι
1572 4577 1925 4649 συντεταγμέ-

2040 4581 2206 4636 etiam
2234 4595 2300 4634 ex
2351 4582 2789 4649 praecedentibus
2850 4578 3055 4636 Usserii
3113 4576 3443 4632 Armachani
3475 4588 3620 4629 nova

358 4689 446 4726 ναι
471 4665 593 4725 ὦσι.
626 4690 646 4723 ι
683 4672 818 4727 Tum
851 4674 993 4726 enim
1017 4672 1288 4726 exsistunt
1320 4670 1632 4726 Grzecanica
1658 4670 1934 4740 Tetrapla,

360 4768 578 4836 quando
628 4764 1115 4835 interpretationes
1152 4763 1362 4832 Aquilae
1390 4805 1407 4829 ,
1452 4762 1787 4833 Symmachi,
1834 4761 1935 4816 Se-

362 4859 643 4929 ptuaginta
674 4857 876 4912 Senum
907 4866 963 4910 et
1015 4856 1405 4912 Theodotionis
1439 4856 1490 4909 in
1523 4870 1686 4908 unum
1734 4854 1935 4910 fuerint

363 4955 694 5023 compositae.
741 4973 759 5006 ι
797 4949 932 5004 Tum
971 4950 1142 5015 addit,
1188 4953 1235 5007 si
1265 4952 1427 5022 Dipla
1461 4948 1722 5004 Hebraica
1766 4946 1939 5016 praeli-

365 5059 585 5118 gantur,
614 5048 837 5104 conﬂari
866 5047 1130 5119 Hexapla.
1156 5048 1261 5103 Pro
1279 5044 1730 5115 Origenianorum
1753 5040 1936 5095 Tetra-

363 5141 570 5208 plorum
606 5140 906 5211 specimine
959 5141 1147 5209 haberi
1176 5153 1280 5194 non
1314 5152 1473 5206 posse
1502 5135 1618 5190 loca
1645 5134 1734 5188 illa
1762 5150 1792 5188 a
1819 5133 1941 5188 Phi-

367 5234 575 5304 lopono'
594 5249 625 5289 e
654 5245 886 5305 quatuor
907 5234 1113 5291 Graecis
1145 5233 1679 5305 interpretationibus
1694 5233 1938 5286 detracta

369 5324 586 5394 probari
625 5341 843 5396 quoque
867 5337 1045 5397 potest
1074 5341 1141 5381 ex
1182 5325 1497 5392 Philastrio,
1531 5325 1623 5394 qui
1653 5324 1783 5379 haer.
1814 5322 1939 5387 157,

366 5420 563 5476 asserit
597 5420 805 5489 Aquila:
829 5419 1215 5475 conversiones
1239 5419 1293 5472 in
1328 5418 1508 5473 medio
1531 5418 1791 5471 librorum
1815 5432 1944 5470 nun-

368 5526 532 5582 quam
567 5511 738 5568 fuisse
762 5514 993 5583 positas,
1026 5512 1119 5568 sed
1144 5511 1349 5567 dexlrze
1376 5512 1631 5581 laevaeque
1661 5509 1942 5579 assignari

369 5604 558 5660 solitas
576 5603 974 5675 fuisse.Aquilae
994 5602 1370 5673 interpretatio
1393 5604 1446 5657 in
1472 5601 1731 5671 Tetraplis
1754 5602 1935 5670 priore

374 5696 494 5753 loco
554 5700 887 5768 ponebatur;
921 5699 1011 5769 qui
1043 5698 1190 5752 locus
1219 5696 1433 5752 diverso
1467 5705 1715 5765 respectu
1740 5694 1822 5750 vel
1849 5696 1943 5749 de-

444 5817 490 5937 ";
544 5814 717 5872 Nicct.
778 5814 932 5872 Thes.
965 5814 1102 5873 orth.
1138 5813 1266 5884 ﬁdei
1309 5813 1402 5870 lib.
1446 5828 1519 5880 ιν,
1577 5812 1770 5869 haeres.
1810 5810 1901 5869 3|.

444 5902 459 5937 ε
484 5902 557 5937 es-

374 5902 557 5945 ϐιαίως.

1978 5813 2023 5843 ⁶⁹
2051 5810 2250 5870 Barou.
2304 5829 2391 5870 an.
2445 5811 2544 5867 251
2576 5852 2591 5880 ,
2631 5827 2749 5883 cap.
2788 5810 2841 5866 9.

2040 4673 2247 4743 Opinio,
2288 4688 2393 4727 non
2423 4688 2612 4742 puram
2647 4674 2822 4729 solum
2863 4685 2917 4729 et
2959 4672 3304 4729 emendatam
3346 4669 3617 4736 interpre-

2041 4765 2305 4819 tationem
2364 4764 2479 4818 τῶν
2508 4768 2587 4831 0’,
2645 4767 2740 4821 sed
2773 4766 2959 4835 κοινὴν
2991 4779 3206 4833 quoque
3257 4762 3309 4814 in
3363 4757 3619 4828 Hexaplis

2042 4860 2281 4914 habitam
2345 4858 2518 4915 fuisse
2568 4862 2865 4915 asserentis
2904 4900 2919 4924 ,
2983 4859 3125 4928 quod
3180 4854 3509 4910 Bellarmino
3534 4850 3616 4915 ι⁶¹

2041 4967 2256 5023 quoque
2316 4954 2529 5008 videtur
2601 4953 2767 5009 fuisse
2838 4967 3177 5023 persuasum.
3250 4943 3618 5016 Deprehendi-

2048 5054 2137 5099 tur
2188 5060 2406 5116 quoque
2452 5046 2732 5116 multiplex
2785 5041 3322 5114 Magdehurgensium
3388 5035 3619 5091 halluci-

2046 5138 2193 5191 natio
2229 5138 2282 5191 in
2319 5138 2402 5193 his
2438 5139 2674 5208 ipsorum
2738 5134 2914 5192 verbis
2962 5154 2977 5190 :
3023 5155 3041 5187 ι
3083 5133 3322 5188 Primum
3382 5128 3621 5184 versioni

2051 5230 2435 5303 Septuaginta,
2465 5247 2583 5301 qua:
2617 5244 2729 5285 tum
2769 5231 2934 5285 fuisse
2960 5228 3172 5282 videtur
3200 5221 3569 5292 vulgatissima
3601 5257 3623 5283 ,

2046 5322 2300 5391 adiunxit
2332 5324 2539 5392 Aquila:
2563 5322 2794 5389 Pontici,
2844 5320 3231 5378 Theodotionis
3260 5326 3316 5371 et
3368 5314 3621 5385 Symma-

2050 5416 2140 5471 chi
2175 5415 2442 5471 editiones
2473 5426 2718 5483 repertas
2742 5430 2769 5468 a
2797 5429 2875 5479 se,
2920 5414 3091 5469 nmlto
3119 5422 3364 5481 tempore
3390 5408 3641 5461 abscon-

2058 5508 2248 5569 ditas:
2286 5508 2445 5562 aliam
2479 5509 2696 5579 quidem
2740 5506 2982 5577 Nicopoli
3034 5507 3085 5559 in
3128 5503 3349 5558 Actiaco
3388 5500 3620 5563 littore;

2056 5599 2220 5654 aliam
2270 5599 2392 5654 aliis
2426 5602 2479 5655 in
2521 5601 2676 5667 locis,
2732 5601 2873 5655 sicut
2922 5600 3039 5667 ipse
3077 5596 3309 5653 scribit:
3364 5589 3635 5646 indicavit.

2049 5691 2324 5748 Eusebius
2354 5693 2496 5748 libro
2523 5707 2599 5757 vi,
2630 5708 2750 5762 cap.
2777 5693 2863 5747 Π.
2905 5691 2998 5745 llis
3042 5697 3227 5761 postea
3256 5681 3630 5756 superaddidit

2943 5810 2985 5841 ⁶¹
3015 5807 3266 5863 BeHarm.
3329 5802 3402 5858 De
3441 5798 3641 5869 mipt..
