  <div class='ocr_page' id='page_1' title='image "/cluster/home/n/w/nwhite01/storage/ocr_20150623/17:no.7/coo.31924054872977/633.png"; bbox 0 0 4152 6424; ppageno 0'>
   <div class='ocr_carea' id='block_1_1' title="bbox 566 396 708 451">
    <p class='ocr_par' dir='ltr' id='par_1_1' title="bbox 566 396 708 451">
     <span class='ocr_line' id='line_1_1' title="bbox 566 396 708 451; baseline 0.007 -1"><span class='ocrx_word' id='word_1_1' title='bbox 566 396 708 451; x_wconf 65' lang='grc'><strong>1243</strong></span> 
     </span>
    </p>
   </div>
   <div class='ocr_carea' id='block_1_2' title="bbox 1838 398 2527 456">
    <p class='ocr_par' dir='ltr' id='par_1_2' title="bbox 1838 398 2527 456">
     <span class='ocr_line' id='line_1_2' title="bbox 1838 398 2527 456; baseline 0.004 -4"><span class='ocrx_word' id='word_1_2' title='bbox 1838 399 1899 454; x_wconf 83' lang='lat' dir='ltr'><strong>P.</strong></span> <span class='ocrx_word' id='word_1_3' title='bbox 1937 398 2257 455; x_wconf 78' lang='lat' dir='ltr'><strong>DANIELIS</strong></span> <span class='ocrx_word' id='word_1_4' title='bbox 2294 401 2336 454; x_wconf 81' lang='grc' dir='ltr'>Η</span> <span class='ocrx_word' id='word_1_5' title='bbox 2348 399 2527 456; x_wconf 84' lang='lat' dir='ltr'><strong>UETll</strong></span> 
     </span>
    </p>
   </div>
   <div class='ocr_carea' id='block_1_3' title="bbox 3704 407 3810 460">
    <p class='ocr_par' dir='ltr' id='par_1_3' title="bbox 3704 407 3810 460">
     <span class='ocr_line' id='line_1_3' title="bbox 3704 407 3810 460; baseline -0.019 0"><span class='ocrx_word' id='word_1_6' title='bbox 3704 407 3810 460; x_wconf 62' lang='lat' dir='ltr'><strong>2M</strong></span> 
     </span>
    </p>
   </div>
   <div class='ocr_carea' id='block_1_4' title="bbox 564 513 3812 586">
    <p class='ocr_par' dir='ltr' id='par_1_4' title="bbox 564 513 3812 586">
     <span class='ocr_line' id='line_1_4' title="bbox 564 513 3812 586; baseline 0.003 -22"><span class='ocrx_word' id='word_1_7' title='bbox 564 513 836 584; x_wconf 89' lang='lat' dir='ltr'><strong>quintam,</strong></span> <span class='ocrx_word' id='word_1_8' title='bbox 890 523 1098 568; x_wconf 68' lang='lat' dir='ltr'><strong>sextam</strong></span> <span class='ocrx_word' id='word_1_9' title='bbox 1129 522 1180 568; x_wconf 90' lang='lat' dir='ltr'><strong>et</strong></span> <span class='ocrx_word' id='word_1_10' title='bbox 1212 513 1523 582; x_wconf 86' lang='lat' dir='ltr'><strong>septimam,</strong></span> <span class='ocrx_word' id='word_1_11' title='bbox 1557 529 1694 584; x_wconf 90' lang='lat' dir='ltr'><strong>quas</strong></span> <span class='ocrx_word' id='word_1_12' title='bbox 1737 515 1992 572; x_wconf 80' lang='lat' dir='ltr'><strong>dixerunt</strong></span> <span class='ocrx_word' id='word_1_13' title='bbox 2023 518 2138 572; x_wconf 90' lang='lat' dir='ltr'><strong>edi-</strong></span> <span class='ocrx_word' id='word_1_14' title='bbox 2169 521 2214 576; x_wconf 76' lang='grc' dir='ltr'><strong>Α</strong></span> <span class='ocrx_word' id='word_1_15' title='bbox 2244 515 2417 586; x_wconf 87' lang='lat' dir='ltr'><strong>Epist.</strong></span> <span class='ocrx_word' id='word_1_16' title='bbox 2451 518 2519 571; x_wconf 89' lang='lat' dir='ltr'><strong>ad</strong></span> <span class='ocrx_word' id='word_1_17' title='bbox 2562 518 2696 572; x_wconf 92' lang='lat' dir='ltr'><strong>Sun.</strong></span> <span class='ocrx_word' id='word_1_18' title='bbox 2733 528 2788 573; x_wconf 91' lang='lat' dir='ltr'><strong>et</strong></span> <span class='ocrx_word' id='word_1_19' title='bbox 2813 518 3065 583; x_wconf 81' lang='lat' dir='ltr'><strong>Fretell.,.</strong></span> <span class='ocrx_word' id='word_1_20' title='bbox 3093 538 3111 571; x_wconf 73' lang='grc' dir='ltr'><strong><em>ι</em></strong></span> <span class='ocrx_word' id='word_1_21' title='bbox 3146 529 3196 574; x_wconf 89' lang='lat' dir='ltr'><strong>et</strong></span> <span class='ocrx_word' id='word_1_22' title='bbox 3241 521 3292 574; x_wconf 93' lang='lat' dir='ltr'><strong>in</strong></span> <span class='ocrx_word' id='word_1_23' title='bbox 3321 520 3627 575; x_wconf 68' lang='lat' dir='ltr'><strong>Graecorum</strong></span> <span class='ocrx_word' id='word_1_24' title='bbox 3658 520 3812 575; x_wconf 85' lang='lat' dir='ltr'><strong>Lati-</strong></span> 
     </span>
    </p>
   </div>
   <div class='ocr_carea' id='block_1_5' title="bbox 567 607 2137 675">
    <p class='ocr_par' dir='ltr' id='par_1_5' title="bbox 567 607 2137 675">
     <span class='ocr_line' id='line_1_5' title="bbox 567 607 2137 675; baseline 0.003 -16"><span class='ocrx_word' id='word_1_25' title='bbox 567 607 742 659; x_wconf 90' lang='lat' dir='ltr'><strong>tiones</strong></span> <span class='ocrx_word' id='word_1_26' title='bbox 774 623 788 659; x_wconf 92' lang='lat'>:</span> <span class='ocrx_word' id='word_1_27' title='bbox 821 621 1051 675; x_wconf 92' lang='lat' dir='ltr'><strong>quarum</strong></span> <span class='ocrx_word' id='word_1_28' title='bbox 1082 620 1243 659; x_wconf 86' lang='lat' dir='ltr'><strong>unam</strong></span> <span class='ocrx_word' id='word_1_29' title='bbox 1288 608 1564 660; x_wconf 84' lang='lat' dir='ltr'><strong>inventam</strong></span> <span class='ocrx_word' id='word_1_30' title='bbox 1612 624 1733 662; x_wconf 90' lang='lat' dir='ltr'><strong>esse</strong></span> <span class='ocrx_word' id='word_1_31' title='bbox 1773 610 2032 664; x_wconf 78' lang='lat' dir='ltr'><strong>indicavit</strong></span> <span class='ocrx_word' id='word_1_32' title='bbox 2084 610 2137 664; x_wconf 89' lang='lat' dir='ltr'><strong>i-n</strong></span> 
     </span>
    </p>
   </div>
   <div class='ocr_carea' id='block_1_6' title="bbox 562 694 2132 766">
    <p class='ocr_par' dir='ltr' id='par_1_6' title="bbox 562 694 2132 766">
     <span class='ocr_line' id='line_1_6' title="bbox 562 694 2132 766; baseline 0.003 -16"><span class='ocrx_word' id='word_1_33' title='bbox 562 694 805 760; x_wconf 75' lang='lat' dir='ltr'><strong>Iericho,</strong></span> <span class='ocrx_word' id='word_1_34' title='bbox 837 699 888 751; x_wconf 93' lang='lat' dir='ltr'><strong>in</strong></span> <span class='ocrx_word' id='word_1_35' title='bbox 942 697 1109 763; x_wconf 93' lang='lat' dir='ltr'><strong>dolio,</strong></span> <span class='ocrx_word' id='word_1_36' title='bbox 1149 707 1392 766; x_wconf 89' lang='lat' dir='ltr'><strong>tempore</strong></span> <span class='ocrx_word' id='word_1_37' title='bbox 1451 699 1710 757; x_wconf 81' lang='lat' dir='ltr'><strong>Antonini</strong></span> <span class='ocrx_word' id='word_1_38' title='bbox 1756 701 2070 756; x_wconf 66' lang='lat' dir='ltr'><strong>Caracallae.</strong></span> <span class='ocrx_word' id='word_1_39' title='bbox 2113 721 2132 754; x_wconf 74' lang='grc' dir='ltr'><strong><em>ι</em></strong></span> 
     </span>
    </p>
   </div>
   <div class='ocr_carea' id='block_1_7' title="bbox 563 787 2141 860">
    <p class='ocr_par' dir='ltr' id='par_1_7' title="bbox 563 787 2141 860">
     <span class='ocr_line' id='line_1_7' title="bbox 563 787 2141 860; baseline 0.004 -19"><span class='ocrx_word' id='word_1_40' title='bbox 563 787 696 842; x_wconf 85' lang='lat' dir='ltr'><strong>Nam</strong></span> <span class='ocrx_word' id='word_1_41' title='bbox 735 799 793 841; x_wconf 90' lang='lat' dir='ltr'><strong>ut</strong></span> <span class='ocrx_word' id='word_1_42' title='bbox 822 789 887 843; x_wconf 90' lang='lat' dir='ltr'><strong>de</strong></span> <span class='ocrx_word' id='word_1_43' title='bbox 917 788 1228 858; x_wconf 73' lang='lat' dir='ltr'><strong>Symmachi</strong></span> <span class='ocrx_word' id='word_1_44' title='bbox 1256 790 1710 857; x_wconf 75' lang='lat' dir='ltr'><strong>interpretatione</strong></span> <span class='ocrx_word' id='word_1_45' title='bbox 1739 792 1951 856; x_wconf 89' lang='lat' dir='ltr'><strong>sileam,</strong></span> <span class='ocrx_word' id='word_1_46' title='bbox 1977 795 2141 860; x_wconf 82' lang='lat' dir='ltr'><strong>Aqui-</strong></span> 
     </span>
    </p>
   </div>
   <div class='ocr_carea' id='block_1_8' title="bbox 562 879 2139 952">
    <p class='ocr_par' dir='ltr' id='par_1_8' title="bbox 562 879 2139 952">
     <span class='ocr_line' id='line_1_8' title="bbox 562 879 2139 952; baseline 0.004 -21"><span class='ocrx_word' id='word_1_47' title='bbox 562 880 624 931; x_wconf 81' lang='lat' dir='ltr'><strong>l:e</strong></span> <span class='ocrx_word' id='word_1_48' title='bbox 650 888 703 932; x_wconf 92' lang='lat' dir='ltr'><strong>et</strong></span> <span class='ocrx_word' id='word_1_49' title='bbox 725 879 1110 933; x_wconf 80' lang='lat' dir='ltr'><strong>Theodotionis</strong></span> <span class='ocrx_word' id='word_1_50' title='bbox 1144 880 1410 934; x_wconf 85' lang='lat' dir='ltr'><strong>editiones</strong></span> <span class='ocrx_word' id='word_1_51' title='bbox 1456 882 1524 935; x_wconf 91' lang='lat' dir='ltr'><strong>ab</strong></span> <span class='ocrx_word' id='word_1_52' title='bbox 1566 881 1800 952; x_wconf 82' lang='lat' dir='ltr'><strong>Origene</strong></span> <span class='ocrx_word' id='word_1_53' title='bbox 1853 884 2021 940; x_wconf 83' lang='lat' dir='ltr'><strong>fuisse</strong></span> <span class='ocrx_word' id='word_1_54' title='bbox 2053 900 2139 938; x_wconf 91' lang='lat' dir='ltr'><strong>re-</strong></span> 
     </span>
    </p>
   </div>
   <div class='ocr_carea' id='block_1_9' title="bbox 561 968 2139 1036">
    <p class='ocr_par' dir='ltr' id='par_1_9' title="bbox 561 968 2139 1036">
     <span class='ocr_line' id='line_1_9' title="bbox 561 968 2139 1036; baseline 0.003 -16"><span class='ocrx_word' id='word_1_55' title='bbox 561 978 741 1034; x_wconf 86' lang='lat' dir='ltr'><strong>pertas</strong></span> <span class='ocrx_word' id='word_1_56' title='bbox 769 968 987 1035; x_wconf 82' lang='lat' dir='ltr'><strong>probari</strong></span> <span class='ocrx_word' id='word_1_57' title='bbox 1014 969 1236 1022; x_wconf 91' lang='lat' dir='ltr'><strong>minime</strong></span> <span class='ocrx_word' id='word_1_58' title='bbox 1262 978 1443 1036; x_wconf 85' lang='lat' dir='ltr'><strong>potest</strong></span> <span class='ocrx_word' id='word_1_59' title='bbox 1471 983 1487 1032; x_wconf 90' lang='lat'><strong>;</strong></span> <span class='ocrx_word' id='word_1_60' title='bbox 1519 985 1616 1024; x_wconf 88' lang='lat' dir='ltr'><strong>nec</strong></span> <span class='ocrx_word' id='word_1_61' title='bbox 1644 970 1808 1024; x_wconf 81' lang='lat' dir='ltr'><strong>ullam</strong></span> <span class='ocrx_word' id='word_1_62' title='bbox 1841 986 1906 1026; x_wconf 87' lang='lat' dir='ltr'><strong>ex</strong></span> <span class='ocrx_word' id='word_1_63' title='bbox 1945 971 2011 1025; x_wconf 90' lang='lat' dir='ltr'><strong>iis</strong></span> <span class='ocrx_word' id='word_1_64' title='bbox 2040 971 2139 1025; x_wconf 90' lang='lat' dir='ltr'><strong>tri-</strong></span> 
     </span>
    </p>
   </div>
   <div class='ocr_carea' id='block_1_10' title="bbox 560 1059 2138 1128">
    <p class='ocr_par' dir='ltr' id='par_1_10' title="bbox 560 1059 2138 1128">
     <span class='ocr_line' id='line_1_10' title="bbox 560 1059 2138 1128; baseline 0.005 -17"><span class='ocrx_word' id='word_1_65' title='bbox 560 1061 660 1113; x_wconf 91' lang='lat' dir='ltr'><strong>bus</strong></span> <span class='ocrx_word' id='word_1_66' title='bbox 684 1059 926 1128; x_wconf 87' lang='lat' dir='ltr'><strong>Nicopoli</strong></span> <span class='ocrx_word' id='word_1_67' title='bbox 983 1062 1259 1115; x_wconf 85' lang='lat' dir='ltr'><strong>inventam</strong></span> <span class='ocrx_word' id='word_1_68' title='bbox 1292 1061 1460 1116; x_wconf 89' lang='lat' dir='ltr'><strong>fuisse</strong></span> <span class='ocrx_word' id='word_1_69' title='bbox 1501 1078 1686 1116; x_wconf 81' lang='lat' dir='ltr'><strong>verum</strong></span> <span class='ocrx_word' id='word_1_70' title='bbox 1719 1074 1824 1128; x_wconf 87' lang='lat' dir='ltr'><strong>est,</strong></span> <span class='ocrx_word' id='word_1_71' title='bbox 1864 1065 1956 1118; x_wconf 92' lang='lat' dir='ltr'><strong>sed</strong></span> <span class='ocrx_word' id='word_1_72' title='bbox 2013 1080 2138 1118; x_wconf 88' lang='lat' dir='ltr'><strong>sex-</strong></span> 
     </span>
    </p>
   </div>
   <div class='ocr_carea' id='block_1_11' title="bbox 565 1152 2137 1224">
    <p class='ocr_par' dir='ltr' id='par_1_11' title="bbox 565 1152 2137 1224">
     <span class='ocr_line' id='line_1_11' title="bbox 565 1152 2137 1224; baseline 0.004 -21"><span class='ocrx_word' id='word_1_73' title='bbox 565 1159 695 1204; x_wconf 91' lang='lat' dir='ltr'><strong>tam.</strong></span> <span class='ocrx_word' id='word_1_74' title='bbox 723 1152 960 1207; x_wconf 86' lang='lat' dir='ltr'><strong>Omnino</strong></span> <span class='ocrx_word' id='word_1_75' title='bbox 992 1169 1124 1207; x_wconf 88' lang='lat' dir='ltr'><strong>vero</strong></span> <span class='ocrx_word' id='word_1_76' title='bbox 1148 1156 1459 1224; x_wconf 86' lang='lat' dir='ltr'><strong>turpissime</strong></span> <span class='ocrx_word' id='word_1_77' title='bbox 1486 1158 1690 1209; x_wconf 90' lang='lat' dir='ltr'><strong>erravit</strong></span> <span class='ocrx_word' id='word_1_78' title='bbox 1719 1156 1907 1211; x_wconf 77' lang='lat' dir='ltr'><strong>Sixlns</strong></span> <span class='ocrx_word' id='word_1_79' title='bbox 1931 1157 2137 1214; x_wconf 87' lang='lat' dir='ltr'><strong>Senen-</strong></span> 
     </span>
    </p>
   </div>
   <div class='ocr_carea' id='block_1_12' title="bbox 566 1242 2134 1315">
    <p class='ocr_par' dir='ltr' id='par_1_12' title="bbox 566 1242 2134 1315">
     <span class='ocr_line' id='line_1_12' title="bbox 566 1242 2134 1315; baseline 0.003 -20"><span class='ocrx_word' id='word_1_80' title='bbox 566 1243 643 1295; x_wconf 89' lang='lat' dir='ltr'><strong>sis</strong></span> <span class='ocrx_word' id='word_1_81' title='bbox 661 1242 754 1296; x_wconf 86' lang='lat' dir='ltr'><strong>lib.</strong></span> <span class='ocrx_word' id='word_1_82' title='bbox 781 1260 835 1297; x_wconf 89' lang='lat' dir='ltr'><strong>tv</strong></span> <span class='ocrx_word' id='word_1_83' title='bbox 865 1255 916 1300; x_wconf 90' lang='lat' dir='ltr'><strong>et</strong></span> <span class='ocrx_word' id='word_1_84' title='bbox 941 1261 1032 1299; x_wconf 82' lang='lat' dir='ltr'><strong>vni</strong></span> <span class='ocrx_word' id='word_1_85' title='bbox 1050 1245 1326 1313; x_wconf 80' lang='lat' dir='ltr'><strong>Bibliolh.,</strong></span> <span class='ocrx_word' id='word_1_86' title='bbox 1352 1248 1442 1315; x_wconf 91' lang='lat' dir='ltr'><strong>qui</strong></span> <span class='ocrx_word' id='word_1_87' title='bbox 1466 1247 1710 1313; x_wconf 82' lang='lat' dir='ltr'><strong>Tetrapla</strong></span> <span class='ocrx_word' id='word_1_88' title='bbox 1729 1263 1850 1301; x_wconf 91' lang='lat' dir='ltr'><strong>cum</strong></span> <span class='ocrx_word' id='word_1_89' title='bbox 1880 1246 2134 1315; x_wconf 70' lang='lat' dir='ltr'><strong>Hexaplis</strong></span> 
     </span>
    </p>
   </div>
   <div class='ocr_carea' id='block_1_13' title="bbox 561 1333 2134 1409">
    <p class='ocr_par' dir='ltr' id='par_1_13' title="bbox 561 1333 2134 1409">
     <span class='ocr_line' id='line_1_13' title="bbox 561 1333 2134 1409; baseline 0.004 -21"><span class='ocrx_word' id='word_1_90' title='bbox 561 1333 843 1389; x_wconf 91' lang='lat' dir='ltr'><strong>confundit</strong></span> <span class='ocrx_word' id='word_1_91' title='bbox 876 1347 931 1390; x_wconf 90' lang='lat' dir='ltr'><strong>et</strong></span> <span class='ocrx_word' id='word_1_92' title='bbox 983 1339 1321 1406; x_wconf 87' lang='lat' dir='ltr'><strong>permiscuit,</strong></span> <span class='ocrx_word' id='word_1_93' title='bbox 1354 1339 1596 1409; x_wconf 76' lang='lat' dir='ltr'><strong>Hexapla</strong></span> <span class='ocrx_word' id='word_1_94' title='bbox 1628 1355 1759 1393; x_wconf 89' lang='lat' dir='ltr'><strong>vero</strong></span> <span class='ocrx_word' id='word_1_95' title='bbox 1799 1339 1867 1393; x_wconf 89' lang='lat' dir='ltr'><strong>ab</strong></span> <span class='ocrx_word' id='word_1_96' title='bbox 1896 1337 2134 1398; x_wconf 78' lang='lat' dir='ltr'><strong>Octaplis</strong></span> 
     </span>
    </p>
   </div>
   <div class='ocr_carea' id='block_1_14' title="bbox 560 1427 2134 1499">
    <p class='ocr_par' dir='ltr' id='par_1_14' title="bbox 560 1427 2134 1499">
     <span class='ocr_line' id='line_1_14' title="bbox 560 1427 2134 1499; baseline 0.003 -19"><span class='ocrx_word' id='word_1_97' title='bbox 560 1427 841 1491; x_wconf 84' lang='lat' dir='ltr'><strong>discrevit,</strong></span> <span class='ocrx_word' id='word_1_98' title='bbox 864 1430 1112 1499; x_wconf 86' lang='lat' dir='ltr'><strong>idemque</strong></span> <span class='ocrx_word' id='word_1_99' title='bbox 1132 1439 1186 1484; x_wconf 95' lang='lat' dir='ltr'><strong>ut</strong></span> <span class='ocrx_word' id='word_1_100' title='bbox 1205 1431 1408 1485; x_wconf 90' lang='lat' dir='ltr'><strong>faceret</strong></span> <span class='ocrx_word' id='word_1_101' title='bbox 1436 1432 1551 1483; x_wconf 91' lang='lat' dir='ltr'><strong>viro</strong></span> <span class='ocrx_word' id='word_1_102' title='bbox 1569 1431 1782 1485; x_wconf 82' lang='lat' dir='ltr'><strong>cuidam</strong></span> <span class='ocrx_word' id='word_1_103' title='bbox 1801 1445 1994 1496; x_wconf 76' lang='lat' dir='ltr'><strong>magno</strong></span> <span class='ocrx_word' id='word_1_104' title='bbox 2013 1446 2134 1498; x_wconf 88' lang='lat' dir='ltr'><strong>pcr-</strong></span> 
     </span>
    </p>
   </div>
   <div class='ocr_carea' id='block_1_15' title="bbox 560 1521 2131 1592">
    <p class='ocr_par' dir='ltr' id='par_1_15' title="bbox 560 1521 2131 1592">
     <span class='ocr_line' id='line_1_15' title="bbox 560 1521 2131 1592; baseline 0.001 -20"><span class='ocrx_word' id='word_1_105' title='bbox 560 1521 778 1588; x_wconf 85' lang='lat' dir='ltr'><strong>suasit;</strong></span> <span class='ocrx_word' id='word_1_106' title='bbox 814 1523 1014 1591; x_wconf 81' lang='lat' dir='ltr'><strong>quique</strong></span> <span class='ocrx_word' id='word_1_107' title='bbox 1059 1523 1349 1592; x_wconf 84' lang='lat' dir='ltr'><strong>septimam</strong></span> <span class='ocrx_word' id='word_1_108' title='bbox 1395 1523 1689 1577; x_wconf 88' lang='lat' dir='ltr'><strong>editionem</strong></span> <span class='ocrx_word' id='word_1_109' title='bbox 1731 1537 1830 1576; x_wconf 92' lang='lat' dir='ltr'><strong>nec</strong></span> <span class='ocrx_word' id='word_1_110' title='bbox 1864 1522 1915 1575; x_wconf 94' lang='lat' dir='ltr'><strong>in</strong></span> <span class='ocrx_word' id='word_1_111' title='bbox 1951 1521 2131 1576; x_wconf 74' lang='lat' dir='ltr'><strong>flexa-</strong></span> 
     </span>
    </p>
   </div>
   <div class='ocr_carea' id='block_1_16' title="bbox 554 1613 2130 1685">
    <p class='ocr_par' dir='ltr' id='par_1_16' title="bbox 554 1613 2130 1685">
     <span class='ocr_line' id='line_1_16' title="bbox 554 1613 2130 1685; baseline 0.001 -20"><span class='ocrx_word' id='word_1_112' title='bbox 554 1613 681 1683; x_wconf 76' lang='lat' dir='ltr'><strong>plis,</strong></span> <span class='ocrx_word' id='word_1_113' title='bbox 710 1629 809 1668; x_wconf 91' lang='lat' dir='ltr'><strong>nec</strong></span> <span class='ocrx_word' id='word_1_114' title='bbox 847 1615 897 1668; x_wconf 94' lang='lat' dir='ltr'><strong>in</strong></span> <span class='ocrx_word' id='word_1_115' title='bbox 953 1614 1192 1681; x_wconf 76' lang='lat' dir='ltr'><strong>Octaplis</strong></span> <span class='ocrx_word' id='word_1_116' title='bbox 1254 1631 1488 1685; x_wconf 86' lang='lat' dir='ltr'><strong>unquam</strong></span> <span class='ocrx_word' id='word_1_117' title='bbox 1544 1614 1714 1669; x_wconf 86' lang='lat' dir='ltr'><strong>fuisse</strong></span> <span class='ocrx_word' id='word_1_118' title='bbox 1753 1615 2082 1668; x_wconf 80' lang='lat' dir='ltr'><strong>asseveravit</strong></span> <span class='ocrx_word' id='word_1_119' title='bbox 2115 1632 2130 1681; x_wconf 87' lang='lat'><strong>;</strong></span> 
     </span>
    </p>
   </div>
   <div class='ocr_carea' id='block_1_17' title="bbox 559 1707 2128 1763">
    <p class='ocr_par' dir='ltr' id='par_1_17' title="bbox 559 1707 2128 1763">
     <span class='ocr_line' id='line_1_17' title="bbox 559 1707 2128 1763; baseline 0.003 -5"><span class='ocrx_word' id='word_1_120' title='bbox 559 1707 897 1760; x_wconf 83' lang='lat' dir='ltr'><strong>contrarium</strong></span> <span class='ocrx_word' id='word_1_121' title='bbox 931 1707 1159 1762; x_wconf 85' lang='lat' dir='ltr'><strong>disertis</strong></span> <span class='ocrx_word' id='word_1_122' title='bbox 1186 1709 1371 1763; x_wconf 87' lang='lat' dir='ltr'><strong>verbis</strong></span> <span class='ocrx_word' id='word_1_123' title='bbox 1395 1708 1708 1762; x_wconf 89' lang='lat' dir='ltr'><strong>afﬁrmante</strong></span> <span class='ocrx_word' id='word_1_124' title='bbox 1749 1707 1982 1763; x_wconf 89' lang='lat' dir='ltr'><strong>Eusebio</strong></span> <span class='ocrx_word' id='word_1_125' title='bbox 2036 1707 2128 1762; x_wconf 79' lang='lat' dir='ltr'><strong>lib.</strong></span> 
     </span>
    </p>
   </div>
   <div class='ocr_carea' id='block_1_18' title="bbox 553 1797 1078 1868">
    <p class='ocr_par' dir='ltr' id='par_1_18' title="bbox 553 1797 1078 1868">
     <span class='ocr_line' id='line_1_18' title="bbox 553 1797 1078 1868; baseline 0.002 -17"><span class='ocrx_word' id='word_1_126' title='bbox 553 1811 608 1851; x_wconf 73' lang='lat' dir='ltr'><strong>vr</strong></span> <span class='ocrx_word' id='word_1_127' title='bbox 637 1797 800 1864; x_wconf 79' lang='lat' dir='ltr'><strong>Hist.,</strong></span> <span class='ocrx_word' id='word_1_128' title='bbox 837 1815 958 1868; x_wconf 88' lang='lat' dir='ltr'><strong>cap.</strong></span> <span class='ocrx_word' id='word_1_129' title='bbox 993 1799 1078 1854; x_wconf 79' lang='grc'><strong>16.</strong></span> 
     </span>
    </p>
   </div>
   <div class='ocr_carea' id='block_1_19' title="bbox 627 1888 2129 1962">
    <p class='ocr_par' dir='ltr' id='par_1_19' title="bbox 627 1888 2129 1962">
     <span class='ocr_line' id='line_1_19' title="bbox 627 1888 2129 1962; baseline 0.001 -20"><span class='ocrx_word' id='word_1_130' title='bbox 627 1888 736 1944; x_wconf 82' lang='lat' dir='ltr'><strong>Vll.</strong></span> <span class='ocrx_word' id='word_1_131' title='bbox 804 1891 966 1944; x_wconf 81' lang='lat' dir='ltr'><strong>Aliud</strong></span> <span class='ocrx_word' id='word_1_132' title='bbox 1027 1902 1287 1960; x_wconf 75' lang='lat' dir='ltr'><strong>przeterea</strong></span> <span class='ocrx_word' id='word_1_133' title='bbox 1365 1893 1655 1962; x_wconf 73' lang='lat' dir='ltr'><strong>diligentia:</strong></span> <span class='ocrx_word' id='word_1_134' title='bbox 1703 1890 1952 1961; x_wconf 86' lang='lat' dir='ltr'><strong>Origenis</strong></span> <span class='ocrx_word' id='word_1_135' title='bbox 2015 1905 2129 1944; x_wconf 83' lang='lat' dir='ltr'><strong>rno-</strong></span> 
     </span>
    </p>
   </div>
   <div class='ocr_carea' id='block_1_20' title="bbox 552 1982 2130 2052">
    <p class='ocr_par' dir='ltr' id='par_1_20' title="bbox 552 1982 2130 2052">
     <span class='ocr_line' id='line_1_20' title="bbox 552 1982 2130 2052; baseline 0 -16"><span class='ocrx_word' id='word_1_136' title='bbox 552 1995 871 2036; x_wconf 78' lang='lat' dir='ltr'><strong>nnmentum</strong></span> <span class='ocrx_word' id='word_1_137' title='bbox 938 1982 1182 2051; x_wconf 76' lang='lat' dir='ltr'><strong>Hexapla</strong></span> <span class='ocrx_word' id='word_1_138' title='bbox 1251 1983 1633 2052; x_wconf 70' lang='lat' dir='ltr'><strong>przeferehant.</strong></span> <span class='ocrx_word' id='word_1_139' title='bbox 1684 1983 1980 2037; x_wconf 83' lang='lat' dir='ltr'><strong>Notaverat</strong></span> <span class='ocrx_word' id='word_1_140' title='bbox 2040 1983 2130 2036; x_wconf 91' lang='lat' dir='ltr'><strong>ille</strong></span> 
     </span>
    </p>
   </div>
   <div class='ocr_carea' id='block_1_21' title="bbox 554 2074 2130 2146">
    <p class='ocr_par' dir='ltr' id='par_1_21' title="bbox 554 2074 2130 2146">
     <span class='ocr_line' id='line_1_21' title="bbox 554 2074 2130 2146; baseline -0.001 -16"><span class='ocrx_word' id='word_1_141' title='bbox 554 2075 730 2131; x_wconf 87' lang='lat' dir='ltr'><strong>Senes</strong></span> <span class='ocrx_word' id='word_1_142' title='bbox 764 2074 1118 2146; x_wconf 85' lang='lat' dir='ltr'><strong>Septuaginta</strong></span> <span class='ocrx_word' id='word_1_143' title='bbox 1155 2091 1313 2132; x_wconf 90' lang='lat' dir='ltr'><strong>voces</strong></span> <span class='ocrx_word' id='word_1_144' title='bbox 1362 2075 1609 2144; x_wconf 88' lang='lat' dir='ltr'><strong>aliquas,</strong></span> <span class='ocrx_word' id='word_1_145' title='bbox 1637 2093 1757 2145; x_wconf 74' lang='lat' dir='ltr'><strong>quae</strong></span> <span class='ocrx_word' id='word_1_146' title='bbox 1786 2077 1840 2130; x_wconf 94' lang='lat' dir='ltr'><strong>in</strong></span> <span class='ocrx_word' id='word_1_147' title='bbox 1902 2077 2130 2130; x_wconf 70' lang='lat' dir='ltr'><strong>Hebrazo</strong></span> 
     </span>
    </p>
   </div>
   <div class='ocr_carea' id='block_1_22' title="bbox 550 2167 2128 2239">
    <p class='ocr_par' dir='ltr' id='par_1_22' title="bbox 550 2167 2128 2239">
     <span class='ocr_line' id='line_1_22' title="bbox 550 2167 2128 2239; baseline 0 -18"><span class='ocrx_word' id='word_1_148' title='bbox 550 2167 908 2231; x_wconf 83' lang='lat' dir='ltr'><strong>haberentur,</strong></span> <span class='ocrx_word' id='word_1_149' title='bbox 935 2168 1340 2238; x_wconf 85' lang='lat' dir='ltr'><strong>interpretando</strong></span> <span class='ocrx_word' id='word_1_150' title='bbox 1370 2169 1696 2239; x_wconf 81' lang='lat' dir='ltr'><strong>neglexisse,</strong></span> <span class='ocrx_word' id='word_1_151' title='bbox 1725 2168 2007 2223; x_wconf 90' lang='lat' dir='ltr'><strong>nonnullas</strong></span> <span class='ocrx_word' id='word_1_152' title='bbox 2032 2183 2128 2221; x_wconf 86' lang='lat' dir='ltr'><strong>au-</strong></span> 
     </span>
    </p>
   </div>
   <div class='ocr_carea' id='block_1_23' title="bbox 549 2260 2126 2332">
    <p class='ocr_par' dir='ltr' id='par_1_23' title="bbox 549 2260 2126 2332">
     <span class='ocr_line' id='line_1_23' title="bbox 549 2260 2126 2332; baseline 0.001 -20"><span class='ocrx_word' id='word_1_153' title='bbox 549 2269 659 2314; x_wconf 91' lang='lat' dir='ltr'><strong>tem</strong></span> <span class='ocrx_word' id='word_1_154' title='bbox 699 2260 765 2315; x_wconf 92' lang='lat' dir='ltr'><strong>de</strong></span> <span class='ocrx_word' id='word_1_155' title='bbox 798 2275 895 2315; x_wconf 90' lang='lat' dir='ltr'><strong>suo</strong></span> <span class='ocrx_word' id='word_1_156' title='bbox 924 2261 1242 2326; x_wconf 87' lang='lat' dir='ltr'><strong>inseruisse,</strong></span> <span class='ocrx_word' id='word_1_157' title='bbox 1297 2263 1556 2332; x_wconf 90' lang='lat' dir='ltr'><strong>variaque</strong></span> <span class='ocrx_word' id='word_1_158' title='bbox 1600 2262 1841 2331; x_wconf 89' lang='lat' dir='ltr'><strong>ipsorum</strong></span> <span class='ocrx_word' id='word_1_159' title='bbox 1886 2261 2126 2315; x_wconf 88' lang='lat' dir='ltr'><strong>circum-</strong></span> 
     </span>
    </p>
   </div>
   <div class='ocr_carea' id='block_1_24' title="bbox 547 2351 2126 2422">
    <p class='ocr_par' dir='ltr' id='par_1_24' title="bbox 547 2351 2126 2422">
     <span class='ocr_line' id='line_1_24' title="bbox 547 2351 2126 2422; baseline -0.003 -16"><span class='ocrx_word' id='word_1_160' title='bbox 547 2352 690 2406; x_wconf 83' lang='lat' dir='ltr'><strong>ferri</strong></span> <span class='ocrx_word' id='word_1_161' title='bbox 729 2351 1058 2422; x_wconf 77' lang='lat' dir='ltr'><strong>exemplaria</strong></span> <span class='ocrx_word' id='word_1_162' title='bbox 1089 2353 1229 2407; x_wconf 89' lang='lat' dir='ltr'><strong>inter</strong></span> <span class='ocrx_word' id='word_1_163' title='bbox 1258 2369 1318 2408; x_wconf 92' lang='lat' dir='ltr'><strong>se</strong></span> <span class='ocrx_word' id='word_1_164' title='bbox 1340 2353 1582 2418; x_wconf 85' lang='lat' dir='ltr'><strong>diversa,</strong></span> <span class='ocrx_word' id='word_1_165' title='bbox 1631 2362 1687 2406; x_wconf 92' lang='lat' dir='ltr'><strong>et</strong></span> <span class='ocrx_word' id='word_1_166' title='bbox 1737 2353 1853 2406; x_wconf 88' lang='lat' dir='ltr'><strong>sive</strong></span> <span class='ocrx_word' id='word_1_167' title='bbox 1874 2367 1941 2406; x_wconf 88' lang='lat' dir='ltr'><strong>ex</strong></span> <span class='ocrx_word' id='word_1_168' title='bbox 1975 2352 2126 2420; x_wconf 91' lang='lat' dir='ltr'><strong>supi-</strong></span> 
     </span>
    </p>
   </div>
   <div class='ocr_carea' id='block_1_25' title="bbox 549 2444 2125 2509">
    <p class='ocr_par' dir='ltr' id='par_1_25' title="bbox 549 2444 2125 2509">
     <span class='ocr_line' id='line_1_25' title="bbox 549 2444 2125 2509; baseline 0.001 -10"><span class='ocrx_word' id='word_1_169' title='bbox 549 2445 720 2499; x_wconf 81' lang='lat' dir='ltr'><strong>nitate</strong></span> <span class='ocrx_word' id='word_1_170' title='bbox 777 2444 1160 2509; x_wconf 88' lang='lat' dir='ltr'><strong>librariorum,</strong></span> <span class='ocrx_word' id='word_1_171' title='bbox 1220 2446 1335 2501; x_wconf 87' lang='lat' dir='ltr'><strong>sive</strong></span> <span class='ocrx_word' id='word_1_172' title='bbox 1364 2461 1431 2500; x_wconf 87' lang='lat' dir='ltr'><strong>ex</strong></span> <span class='ocrx_word' id='word_1_173' title='bbox 1467 2446 1780 2501; x_wconf 89' lang='lat' dir='ltr'><strong>criticorum</strong></span> <span class='ocrx_word' id='word_1_174' title='bbox 1819 2446 2125 2501; x_wconf 86' lang='lat' dir='ltr'><strong>temeritate</strong></span> 
     </span>
    </p>
   </div>
   <div class='ocr_carea' id='block_1_26' title="bbox 549 2537 2121 2609">
    <p class='ocr_par' dir='ltr' id='par_1_26' title="bbox 549 2537 2121 2609">
     <span class='ocr_line' id='line_1_26' title="bbox 549 2537 2121 2609; baseline 0.003 -20"><span class='ocrx_word' id='word_1_175' title='bbox 549 2538 788 2592; x_wconf 89' lang='lat' dir='ltr'><strong>vitiata:</strong></span> <span class='ocrx_word' id='word_1_176' title='bbox 846 2539 972 2594; x_wconf 90' lang='lat' dir='ltr'><strong>hinc</strong></span> <span class='ocrx_word' id='word_1_177' title='bbox 1019 2539 1311 2594; x_wconf 72' lang='lat' dir='ltr'><strong>calumnias</strong></span> <span class='ocrx_word' id='word_1_178' title='bbox 1369 2555 1556 2594; x_wconf 85' lang='lat' dir='ltr'><strong>ansam</strong></span> <span class='ocrx_word' id='word_1_179' title='bbox 1609 2541 1853 2609; x_wconf 87' lang='lat' dir='ltr'><strong>arripere</strong></span> <span class='ocrx_word' id='word_1_180' title='bbox 1880 2537 2121 2603; x_wconf 69' lang='lat' dir='ltr'><strong>Judaeos,</strong></span> 
     </span>
    </p>
   </div>
   <div class='ocr_carea' id='block_1_27' title="bbox 547 2625 2122 2696">
    <p class='ocr_par' dir='ltr' id='par_1_27' title="bbox 547 2625 2122 2696">
     <span class='ocr_line' id='line_1_27' title="bbox 547 2625 2122 2696; baseline 0.001 -17"><span class='ocrx_word' id='word_1_181' title='bbox 547 2625 812 2696; x_wconf 75' lang='lat' dir='ltr'><strong>ejusmodi</strong></span> <span class='ocrx_word' id='word_1_182' title='bbox 839 2628 1339 2696; x_wconf 88' lang='lat' dir='ltr'><strong>interpretationem</strong></span> <span class='ocrx_word' id='word_1_183' title='bbox 1369 2629 1420 2682; x_wconf 93' lang='lat' dir='ltr'><strong>in</strong></span> <span class='ocrx_word' id='word_1_184' title='bbox 1456 2627 1893 2683; x_wconf 90' lang='lat' dir='ltr'><strong>Christianorum</strong></span> <span class='ocrx_word' id='word_1_185' title='bbox 1942 2627 2122 2683; x_wconf 84' lang='lat' dir='ltr'><strong>eccle-</strong></span> 
     </span>
    </p>
   </div>
   <div class='ocr_carea' id='block_1_28' title="bbox 548 2717 2122 2788">
    <p class='ocr_par' dir='ltr' id='par_1_28' title="bbox 548 2717 2122 2788">
     <span class='ocr_line' id='line_1_28' title="bbox 548 2717 2122 2788; baseline -0.001 -14"><span class='ocrx_word' id='word_1_186' title='bbox 548 2719 646 2774; x_wconf 82' lang='lat' dir='ltr'><strong>siis</strong></span> <span class='ocrx_word' id='word_1_187' title='bbox 674 2717 888 2787; x_wconf 68' lang='lat' dir='ltr'><strong>prmlegi</strong></span> <span class='ocrx_word' id='word_1_188' title='bbox 922 2717 1098 2773; x_wconf 91' lang='lat' dir='ltr'><strong>solere</strong></span> <span class='ocrx_word' id='word_1_189' title='bbox 1123 2728 1432 2784; x_wconf 84' lang='lat' dir='ltr'><strong>causantes,</strong></span> <span class='ocrx_word' id='word_1_190' title='bbox 1457 2734 1579 2788; x_wconf 87' lang='lat' dir='ltr'><strong>quae</strong></span> <span class='ocrx_word' id='word_1_191' title='bbox 1601 2719 1881 2774; x_wconf 69' lang='lat' dir='ltr'><strong>llebraicaa</strong></span> <span class='ocrx_word' id='word_1_192' title='bbox 1909 2717 2122 2774; x_wconf 80' lang='lat' dir='ltr'><strong>veritati</strong></span> 
     </span>
    </p>
   </div>
   <div class='ocr_carea' id='block_1_29' title="bbox 554 2811 2122 2882">
    <p class='ocr_par' dir='ltr' id='par_1_29' title="bbox 554 2811 2122 2882">
     <span class='ocr_line' id='line_1_29' title="bbox 554 2811 2122 2882; baseline 0.001 -16"><span class='ocrx_word' id='word_1_193' title='bbox 554 2813 608 2866; x_wconf 91' lang='lat' dir='ltr'><strong>in</strong></span> <span class='ocrx_word' id='word_1_194' title='bbox 639 2811 890 2866; x_wconf 89' lang='lat' dir='ltr'><strong>omnibus</strong></span> <span class='ocrx_word' id='word_1_195' title='bbox 913 2827 1019 2864; x_wconf 91' lang='lat' dir='ltr'><strong>non</strong></span> <span class='ocrx_word' id='word_1_196' title='bbox 1048 2812 1406 2867; x_wconf 91' lang='lat' dir='ltr'><strong>consentiret.</strong></span> <span class='ocrx_word' id='word_1_197' title='bbox 1431 2812 1804 2868; x_wconf 81' lang='lat' dir='ltr'><strong>Consulantur</strong></span> <span class='ocrx_word' id='word_1_198' title='bbox 1835 2813 2007 2882; x_wconf 90' lang='lat' dir='ltr'><strong>ipsius</strong></span> <span class='ocrx_word' id='word_1_199' title='bbox 2041 2823 2122 2868; x_wconf 89' lang='lat' dir='ltr'><strong>to-</strong></span> 
     </span>
    </p>
   </div>
   <div class='ocr_carea' id='block_1_30' title="bbox 544 2903 2122 2973">
    <p class='ocr_par' dir='ltr' id='par_1_30' title="bbox 544 2903 2122 2973">
     <span class='ocr_line' id='line_1_30' title="bbox 544 2903 2122 2973; baseline 0.001 -16"><span class='ocrx_word' id='word_1_200' title='bbox 544 2919 665 2958; x_wconf 86' lang='lat' dir='ltr'><strong>mus</strong></span> <span class='ocrx_word' id='word_1_201' title='bbox 688 2904 743 2957; x_wconf 81' lang='lat' dir='ltr'><strong>in</strong></span> <span class='ocrx_word' id='word_1_202' title='bbox 778 2903 1090 2957; x_wconf 75' lang='lat' dir='ltr'><strong>Matthwum</strong></span> <span class='ocrx_word' id='word_1_203' title='bbox 1120 2905 1366 2958; x_wconf 88' lang='lat' dir='ltr'><strong>decimus</strong></span> <span class='ocrx_word' id='word_1_204' title='bbox 1399 2906 1644 2973; x_wconf 86' lang='lat' dir='ltr'><strong>quintus,</strong></span> <span class='ocrx_word' id='word_1_205' title='bbox 1679 2914 1733 2958; x_wconf 88' lang='lat' dir='ltr'><strong>et</strong></span> <span class='ocrx_word' id='word_1_206' title='bbox 1777 2904 2017 2973; x_wconf 80' lang='lat' dir='ltr'><strong>Epislofa</strong></span> <span class='ocrx_word' id='word_1_207' title='bbox 2051 2906 2122 2959; x_wconf 86' lang='lat' dir='ltr'><strong>ad</strong></span> 
     </span>
    </p>
   </div>
   <div class='ocr_carea' id='block_1_31' title="bbox 545 2994 2117 3066">
    <p class='ocr_par' dir='ltr' id='par_1_31' title="bbox 545 2994 2117 3066">
     <span class='ocr_line' id='line_1_31' title="bbox 545 2994 2117 3066; baseline 0.001 -17"><span class='ocrx_word' id='word_1_208' title='bbox 545 2997 877 3065; x_wconf 64' lang='lat' dir='ltr'><strong>Africanum,</strong></span> <span class='ocrx_word' id='word_1_209' title='bbox 911 2995 1000 3049; x_wconf 89' lang='lat' dir='ltr'><strong>ubi</strong></span> <span class='ocrx_word' id='word_1_210' title='bbox 1030 2997 1095 3050; x_wconf 92' lang='lat' dir='ltr'><strong>de</strong></span> <span class='ocrx_word' id='word_1_211' title='bbox 1116 2997 1504 3066; x_wconf 89' lang='lat' dir='ltr'><strong>exemplarium</strong></span> <span class='ocrx_word' id='word_1_212' title='bbox 1518 2995 1630 3049; x_wconf 84' lang='grc' dir='ltr'><strong>τῶν</strong></span> <span class='ocrx_word' id='word_1_213' title='bbox 1666 2994 1720 3049; x_wconf 89' lang='lat' dir='ltr'><strong>O&#39;</strong></span> <span class='ocrx_word' id='word_1_214' title='bbox 1749 2997 2117 3066; x_wconf 89' lang='lat' dir='ltr'><strong>corruptione,</strong></span> 
     </span>
    </p>
   </div>
   <div class='ocr_carea' id='block_1_32' title="bbox 541 3085 2122 3145">
    <p class='ocr_par' dir='ltr' id='par_1_32' title="bbox 541 3085 2122 3145">
     <span class='ocr_line' id='line_1_32' title="bbox 541 3085 2122 3145; baseline 0.001 -3"><span class='ocrx_word' id='word_1_215' title='bbox 541 3097 599 3142; x_wconf 93' lang='lat' dir='ltr'><strong>et</strong></span> <span class='ocrx_word' id='word_1_216' title='bbox 626 3085 935 3143; x_wconf 70' lang='lat' dir='ltr'><strong>.ludaaorum</strong></span> <span class='ocrx_word' id='word_1_217' title='bbox 973 3088 1261 3143; x_wconf 89' lang='lat' dir='ltr'><strong>calumniis</strong></span> <span class='ocrx_word' id='word_1_218' title='bbox 1287 3089 1524 3143; x_wconf 87' lang='lat' dir='ltr'><strong>disserit.</strong></span> <span class='ocrx_word' id='word_1_219' title='bbox 1553 3087 1648 3145; x_wconf 83' lang='lat' dir='ltr'><strong>liis</strong></span> <span class='ocrx_word' id='word_1_220' title='bbox 1679 3090 2038 3145; x_wconf 90' lang='lat' dir='ltr'><strong>incommodis</strong></span> <span class='ocrx_word' id='word_1_221' title='bbox 2062 3098 2122 3144; x_wconf 91' lang='lat' dir='ltr'><strong>ut</strong></span> 
     </span>
    </p>
   </div>
   <div class='ocr_carea' id='block_1_33' title="bbox 541 3181 2117 3253">
    <p class='ocr_par' dir='ltr' id='par_1_33' title="bbox 541 3181 2117 3253">
     <span class='ocr_line' id='line_1_33' title="bbox 541 3181 2117 3253; baseline 0 -17"><span class='ocrx_word' id='word_1_222' title='bbox 541 3189 896 3246; x_wconf 86' lang='lat' dir='ltr'><strong>occurreret,</strong></span> <span class='ocrx_word' id='word_1_223' title='bbox 955 3181 1464 3251; x_wconf 89' lang='lat' dir='ltr'><strong>interpretationem</strong></span> <span class='ocrx_word' id='word_1_224' title='bbox 1512 3181 1864 3253; x_wconf 84' lang='lat' dir='ltr'><strong>Septuaginta</strong></span> <span class='ocrx_word' id='word_1_225' title='bbox 1916 3182 2117 3238; x_wconf 90' lang='lat' dir='ltr'><strong>Senum</strong></span> 
     </span>
    </p>
   </div>
   <div class='ocr_carea' id='block_1_34' title="bbox 2246 608 3810 676">
    <p class='ocr_par' dir='ltr' id='par_1_34' title="bbox 2246 608 3810 676">
     <span class='ocr_line' id='line_1_34' title="bbox 2246 608 3810 676; baseline 0.001 -16"><span class='ocrx_word' id='word_1_226' title='bbox 2246 622 2549 675; x_wconf 82' lang='lat' dir='ltr'><strong>norumque</strong></span> <span class='ocrx_word' id='word_1_227' title='bbox 2581 609 2924 676; x_wconf 84' lang='lat' dir='ltr'><strong>poematibus</strong></span> <span class='ocrx_word' id='word_1_228' title='bbox 2969 609 3341 672; x_wconf 88' lang='lat' dir='ltr'><strong>inveniuntur,</strong></span> <span class='ocrx_word' id='word_1_229' title='bbox 3382 627 3400 660; x_wconf 74' lang='grc' dir='ltr'><strong><em>ι</em></strong></span> <span class='ocrx_word' id='word_1_230' title='bbox 3443 608 3587 662; x_wconf 89' lang='lat' dir='ltr'><strong>unde</strong></span> <span class='ocrx_word' id='word_1_231' title='bbox 3632 616 3686 661; x_wconf 91' lang='lat' dir='ltr'><strong>et</strong></span> <span class='ocrx_word' id='word_1_232' title='bbox 3741 609 3810 662; x_wconf 89' lang='lat' dir='ltr'><strong>ab</strong></span> 
     </span>
    </p>
   </div>
   <div class='ocr_carea' id='block_1_35' title="bbox 2241 695 3814 766">
    <p class='ocr_par' dir='ltr' id='par_1_35' title="bbox 2241 695 3814 766">
     <span class='ocr_line' id='line_1_35' title="bbox 2241 695 3814 766; baseline -0.001 -15"><span class='ocrx_word' id='word_1_233' title='bbox 2241 695 2472 765; x_wconf 89' lang='lat' dir='ltr'><strong>Origene</strong></span> <span class='ocrx_word' id='word_1_234' title='bbox 2506 697 2769 751; x_wconf 86' lang='lat' dir='ltr'><strong>translata</strong></span> <span class='ocrx_word' id='word_1_235' title='bbox 2804 707 2952 754; x_wconf 90' lang='lat' dir='ltr'><strong>sunt.</strong></span> <span class='ocrx_word' id='word_1_236' title='bbox 2983 697 3114 763; x_wconf 54' lang='lat' dir='ltr'><strong>Quae</strong></span> <span class='ocrx_word' id='word_1_237' title='bbox 3162 698 3230 752; x_wconf 89' lang='lat' dir='ltr'><strong>de</strong></span> <span class='ocrx_word' id='word_1_238' title='bbox 3285 697 3547 752; x_wconf 90' lang='lat' dir='ltr'><strong>lemnisco</strong></span> <span class='ocrx_word' id='word_1_239' title='bbox 3593 697 3814 766; x_wconf 74' lang='lat' dir='ltr'><strong>subiicit</strong></span> 
     </span>
    </p>
   </div>
   <div class='ocr_carea' id='block_1_36' title="bbox 2239 787 3812 858">
    <p class='ocr_par' dir='ltr' id='par_1_36' title="bbox 2239 787 3812 858">
     <span class='ocr_line' id='line_1_36' title="bbox 2239 787 3812 858; baseline 0.002 -18"><span class='ocrx_word' id='word_1_240' title='bbox 2239 787 2571 858; x_wconf 87' lang='lat' dir='ltr'><strong>Epiphanius</strong></span> <span class='ocrx_word' id='word_1_241' title='bbox 2597 790 2689 844; x_wconf 89' lang='lat' dir='ltr'><strong>lib.</strong></span> <span class='ocrx_word' id='word_1_242' title='bbox 2723 789 2798 843; x_wconf 80' lang='lat' dir='ltr'><strong>De</strong></span> <span class='ocrx_word' id='word_1_243' title='bbox 2831 791 3050 858; x_wconf 82' lang='lat' dir='ltr'><strong>ponder.</strong></span> <span class='ocrx_word' id='word_1_244' title='bbox 3077 803 3124 844; x_wconf 84' lang='lat' dir='ltr'><strong>et</strong></span> <span class='ocrx_word' id='word_1_245' title='bbox 3155 805 3319 844; x_wconf 81' lang='lat' dir='ltr'><strong>mem.</strong></span> <span class='ocrx_word' id='word_1_246' title='bbox 3341 831 3357 856; x_wconf 93' lang='lat'><strong>,</strong></span> <span class='ocrx_word' id='word_1_247' title='bbox 3385 803 3504 857; x_wconf 89' lang='lat' dir='ltr'><strong>cap.</strong></span> <span class='ocrx_word' id='word_1_248' title='bbox 3535 789 3622 854; x_wconf 76' lang='grc'><strong>17,</strong></span> <span class='ocrx_word' id='word_1_249' title='bbox 3659 789 3812 843; x_wconf 85' lang='lat' dir='ltr'><strong>valde</strong></span> 
     </span>
    </p>
   </div>
   <div class='ocr_carea' id='block_1_37' title="bbox 2244 880 3809 951">
    <p class='ocr_par' dir='ltr' id='par_1_37' title="bbox 2244 880 3809 951">
     <span class='ocr_line' id='line_1_37' title="bbox 2244 880 3809 951; baseline -0.003 -14"><span class='ocrx_word' id='word_1_250' title='bbox 2244 893 2503 951; x_wconf 88' lang='lat' dir='ltr'><strong>corrupta</strong></span> <span class='ocrx_word' id='word_1_251' title='bbox 2539 893 2593 938; x_wconf 92' lang='lat' dir='ltr'><strong>et</strong></span> <span class='ocrx_word' id='word_1_252' title='bbox 2622 882 2843 936; x_wconf 88' lang='lat' dir='ltr'><strong>confusa</strong></span> <span class='ocrx_word' id='word_1_253' title='bbox 2867 890 2995 935; x_wconf 92' lang='lat' dir='ltr'><strong>sunt</strong></span> <span class='ocrx_word' id='word_1_254' title='bbox 3021 899 3035 946; x_wconf 92' lang='lat'><strong>;</strong></span> <span class='ocrx_word' id='word_1_255' title='bbox 3064 882 3203 936; x_wconf 92' lang='lat' dir='ltr'><strong>unde</strong></span> <span class='ocrx_word' id='word_1_256' title='bbox 3234 881 3319 934; x_wconf 88' lang='lat' dir='ltr'><strong>vix</strong></span> <span class='ocrx_word' id='word_1_257' title='bbox 3345 881 3480 934; x_wconf 89' lang='lat' dir='ltr'><strong>certi</strong></span> <span class='ocrx_word' id='word_1_258' title='bbox 3516 880 3809 949; x_wconf 88' lang='lat' dir='ltr'><strong>quidquam</strong></span> 
     </span>
    </p>
   </div>
   <div class='ocr_carea' id='block_1_38' title="bbox 2238 957 3804 1042">
    <p class='ocr_par' dir='ltr' id='par_1_38' title="bbox 2238 957 3804 1042">
     <span class='ocr_line' id='line_1_38' title="bbox 2238 957 3804 1042; baseline -0.003 -14"><span class='ocrx_word' id='word_1_259' title='bbox 2238 957 2415 1042; x_wconf 79' lang='lat' dir='ltr'><strong>possis</strong></span> <span class='ocrx_word' id='word_1_260' title='bbox 2431 974 2748 1028; x_wconf 88' lang='lat' dir='ltr'><strong>extundere.</strong></span> <span class='ocrx_word' id='word_1_261' title='bbox 2769 971 2825 1026; x_wconf 90' lang='lat' dir='ltr'><strong>ld</strong></span> <span class='ocrx_word' id='word_1_262' title='bbox 2861 972 2964 1026; x_wconf 91' lang='lat' dir='ltr'><strong>sibi</strong></span> <span class='ocrx_word' id='word_1_263' title='bbox 2995 981 3172 1025; x_wconf 86' lang='lat' dir='ltr'><strong>tamen</strong></span> <span class='ocrx_word' id='word_1_264' title='bbox 3194 972 3408 1026; x_wconf 92' lang='lat' dir='ltr'><strong>videtur</strong></span> <span class='ocrx_word' id='word_1_265' title='bbox 3427 971 3584 1035; x_wconf 90' lang='lat' dir='ltr'><strong>velle,</strong></span> <span class='ocrx_word' id='word_1_266' title='bbox 3614 970 3804 1025; x_wconf 89' lang='lat' dir='ltr'><strong>lemni-</strong></span> 
     </span>
    </p>
   </div>
   <div class='ocr_carea' id='block_1_39' title="bbox 2237 1062 3806 1133">
    <p class='ocr_par' dir='ltr' id='par_1_39' title="bbox 2237 1062 3806 1133">
     <span class='ocr_line' id='line_1_39' title="bbox 2237 1062 3806 1133; baseline -0.002 -16"><span class='ocrx_word' id='word_1_267' title='bbox 2237 1079 2361 1118; x_wconf 88' lang='lat' dir='ltr'><strong>scos</strong></span> <span class='ocrx_word' id='word_1_268' title='bbox 2399 1066 2717 1133; x_wconf 81' lang='lat' dir='ltr'><strong>ascripsisse</strong></span> <span class='ocrx_word' id='word_1_269' title='bbox 2760 1064 3066 1132; x_wconf 90' lang='lat' dir='ltr'><strong>Origcuem,</strong></span> <span class='ocrx_word' id='word_1_270' title='bbox 3092 1064 3517 1131; x_wconf 90' lang='lat' dir='ltr'><strong>quotiescunque</strong></span> <span class='ocrx_word' id='word_1_271' title='bbox 3545 1063 3650 1114; x_wconf 93' lang='lat' dir='ltr'><strong>duo</strong></span> <span class='ocrx_word' id='word_1_272' title='bbox 3690 1062 3806 1130; x_wconf 90' lang='lat' dir='ltr'><strong>plu-</strong></span> 
     </span>
    </p>
   </div>
   <div class='ocr_carea' id='block_1_40' title="bbox 2238 1155 3804 1225">
    <p class='ocr_par' dir='ltr' id='par_1_40' title="bbox 2238 1155 3804 1225">
     <span class='ocr_line' id='line_1_40' title="bbox 2238 1155 3804 1225; baseline -0.001 -15"><span class='ocrx_word' id='word_1_273' title='bbox 2238 1172 2366 1210; x_wconf 89' lang='lat' dir='ltr'><strong>rave</strong></span> <span class='ocrx_word' id='word_1_274' title='bbox 2406 1157 2554 1223; x_wconf 85' lang='lat' dir='ltr'><strong>paria</strong></span> <span class='ocrx_word' id='word_1_275' title='bbox 2598 1157 2946 1223; x_wconf 88' lang='lat' dir='ltr'><strong>interpretum</strong></span> <span class='ocrx_word' id='word_1_276' title='bbox 2996 1156 3118 1225; x_wconf 92' lang='lat' dir='ltr'><strong>(hos</strong></span> <span class='ocrx_word' id='word_1_277' title='bbox 3172 1156 3316 1210; x_wconf 90' lang='lat' dir='ltr'><strong>enim</strong></span> <span class='ocrx_word' id='word_1_278' title='bbox 3370 1155 3422 1208; x_wconf 92' lang='lat' dir='ltr'><strong>in</strong></span> <span class='ocrx_word' id='word_1_279' title='bbox 3458 1155 3674 1224; x_wconf 87' lang='lat' dir='ltr'><strong>triginta</strong></span> <span class='ocrx_word' id='word_1_280' title='bbox 3704 1169 3804 1208; x_wconf 71' lang='lat' dir='ltr'><strong>ser</strong></span> 
     </span>
    </p>
   </div>
   <div class='ocr_carea' id='block_1_41' title="bbox 2237 1234 3802 1314">
    <p class='ocr_par' dir='ltr' id='par_1_41' title="bbox 2237 1234 3802 1314">
     <span class='ocr_line' id='line_1_41' title="bbox 2237 1234 3802 1314; baseline -0.001 -14"><span class='ocrx_word' id='word_1_281' title='bbox 2237 1249 2388 1314; x_wconf 90' lang='lat' dir='ltr'><strong>paria</strong></span> <span class='ocrx_word' id='word_1_282' title='bbox 2420 1234 2586 1301; x_wconf 75' lang='lat' dir='ltr'><strong>fuisse</strong></span> <span class='ocrx_word' id='word_1_283' title='bbox 2630 1247 2916 1308; x_wconf 77' lang='lat' dir='ltr'><strong>discretos,</strong></span> <span class='ocrx_word' id='word_1_284' title='bbox 2949 1255 3004 1299; x_wconf 92' lang='lat' dir='ltr'><strong>et</strong></span> <span class='ocrx_word' id='word_1_285' title='bbox 3033 1246 3085 1299; x_wconf 93' lang='lat' dir='ltr'><strong>in</strong></span> <span class='ocrx_word' id='word_1_286' title='bbox 3114 1245 3363 1299; x_wconf 87' lang='lat' dir='ltr'><strong>omnibus</strong></span> <span class='ocrx_word' id='word_1_287' title='bbox 3411 1243 3523 1297; x_wconf 87' lang='lat' dir='ltr'><strong>fere</strong></span> <span class='ocrx_word' id='word_1_288' title='bbox 3570 1260 3802 1298; x_wconf 83' lang='lat' dir='ltr'><strong>consen-</strong></span> 
     </span>
    </p>
   </div>
   <div class='ocr_carea' id='block_1_42' title="bbox 2236 1332 3805 1404">
    <p class='ocr_par' dir='ltr' id='par_1_42' title="bbox 2236 1332 3805 1404">
     <span class='ocr_line' id='line_1_42' title="bbox 2236 1332 3805 1404; baseline 0 -16"><span class='ocrx_word' id='word_1_289' title='bbox 2236 1336 2374 1389; x_wconf 89' lang='lat' dir='ltr'><strong>sisse</strong></span> <span class='ocrx_word' id='word_1_290' title='bbox 2413 1345 2677 1396; x_wconf 86' lang='lat' dir='ltr'><strong>autumat,</strong></span> <span class='ocrx_word' id='word_1_291' title='bbox 2709 1351 2830 1388; x_wconf 89' lang='lat' dir='ltr'><strong>cum</strong></span> <span class='ocrx_word' id='word_1_292' title='bbox 2866 1334 3200 1404; x_wconf 84' lang='lat' dir='ltr'><strong>Scripturam</strong></span> <span class='ocrx_word' id='word_1_293' title='bbox 3231 1349 3440 1388; x_wconf 87' lang='lat' dir='ltr'><strong>sacram</strong></span> <span class='ocrx_word' id='word_1_294' title='bbox 3489 1334 3542 1388; x_wconf 90' lang='lat' dir='ltr'><strong>in</strong></span> <span class='ocrx_word' id='word_1_295' title='bbox 3571 1332 3805 1404; x_wconf 64' lang='lat' dir='ltr'><strong>{Egypto</strong></span> 
     </span>
    </p>
   </div>
   <div class='ocr_carea' id='block_1_43' title="bbox 2238 1427 3807 1497">
    <p class='ocr_par' dir='ltr' id='par_1_43' title="bbox 2238 1427 3807 1497">
     <span class='ocr_line' id='line_1_43' title="bbox 2238 1427 3807 1497; baseline -0.001 -16"><span class='ocrx_word' id='word_1_296' title='bbox 2238 1428 2755 1497; x_wconf 84' lang='lat' dir='ltr'><strong>interpretarentur)</strong></span> <span class='ocrx_word' id='word_1_297' title='bbox 2787 1443 2973 1482; x_wconf 86' lang='lat' dir='ltr'><strong>vocem</strong></span> <span class='ocrx_word' id='word_1_298' title='bbox 3028 1427 3266 1496; x_wconf 84' lang='lat' dir='ltr'><strong>aliquam</strong></span> <span class='ocrx_word' id='word_1_299' title='bbox 3319 1436 3692 1494; x_wconf 88' lang='lat' dir='ltr'><strong>usurpassent,</strong></span> <span class='ocrx_word' id='word_1_300' title='bbox 3736 1427 3807 1480; x_wconf 82' lang='lat' dir='ltr'><strong>ab</strong></span> 
     </span>
    </p>
   </div>
   <div class='ocr_carea' id='block_1_44' title="bbox 2238 1515 3806 1587">
    <p class='ocr_par' dir='ltr' id='par_1_44' title="bbox 2238 1515 3806 1587">
     <span class='ocr_line' id='line_1_44' title="bbox 2238 1515 3806 1587; baseline -0.002 -15"><span class='ocrx_word' id='word_1_301' title='bbox 2238 1535 2301 1572; x_wconf 91' lang='lat' dir='ltr'><strong>ea</strong></span> <span class='ocrx_word' id='word_1_302' title='bbox 2331 1520 2603 1572; x_wconf 84' lang='lat' dir='ltr'><strong>diversam</strong></span> <span class='ocrx_word' id='word_1_303' title='bbox 2633 1519 2894 1587; x_wconf 84' lang='lat' dir='ltr'><strong>(ejusdem</strong></span> <span class='ocrx_word' id='word_1_304' title='bbox 2920 1518 3045 1572; x_wconf 84' lang='lat' dir='ltr'><strong>licet</strong></span> <span class='ocrx_word' id='word_1_305' title='bbox 3074 1515 3514 1587; x_wconf 86' lang='lat' dir='ltr'><strong>significationis)</strong></span> <span class='ocrx_word' id='word_1_306' title='bbox 3569 1531 3672 1584; x_wconf 93' lang='lat' dir='ltr'><strong>qua</strong></span> <span class='ocrx_word' id='word_1_307' title='bbox 3724 1517 3806 1570; x_wconf 88' lang='lat' dir='ltr'><strong>usi</strong></span> 
     </span>
    </p>
   </div>
   <div class='ocr_carea' id='block_1_45' title="bbox 2241 1607 3804 1680">
    <p class='ocr_par' dir='ltr' id='par_1_45' title="bbox 2241 1607 3804 1680">
     <span class='ocr_line' id='line_1_45' title="bbox 2241 1607 3804 1680; baseline 0 -19"><span class='ocrx_word' id='word_1_308' title='bbox 2241 1609 2472 1663; x_wconf 84' lang='lat' dir='ltr'><strong>fuissent</strong></span> <span class='ocrx_word' id='word_1_309' title='bbox 2504 1609 2698 1678; x_wconf 88' lang='lat' dir='ltr'><strong>reliqui</strong></span> <span class='ocrx_word' id='word_1_310' title='bbox 2768 1609 3095 1676; x_wconf 89' lang='lat' dir='ltr'><strong>interpretes</strong></span> <span class='ocrx_word' id='word_1_311' title='bbox 3132 1608 3294 1680; x_wconf 89' lang='lat' dir='ltr'><strong>(quod</strong></span> <span class='ocrx_word' id='word_1_312' title='bbox 3341 1607 3517 1676; x_wconf 90' lang='lat' dir='ltr'><strong>ipsum</strong></span> <span class='ocrx_word' id='word_1_313' title='bbox 3567 1607 3678 1662; x_wconf 85' lang='lat' dir='ltr'><strong>fere</strong></span> <span class='ocrx_word' id='word_1_314' title='bbox 3712 1608 3804 1661; x_wconf 88' lang='lat' dir='ltr'><strong>ha-</strong></span> 
     </span>
    </p>
   </div>
   <div class='ocr_carea' id='block_1_46' title="bbox 2234 1698 3795 1772">
    <p class='ocr_par' dir='ltr' id='par_1_46' title="bbox 2234 1698 3795 1772">
     <span class='ocr_line' id='line_1_46' title="bbox 2234 1698 3795 1772; baseline -0.003 -15"><span class='ocrx_word' id='word_1_315' title='bbox 2234 1701 2365 1757; x_wconf 84' lang='lat' dir='ltr'><strong>bent</strong></span> <span class='ocrx_word' id='word_1_316' title='bbox 2389 1701 2688 1772; x_wconf 79' lang='lat' dir='ltr'><strong>Hesychius</strong></span> <span class='ocrx_word' id='word_1_317' title='bbox 2711 1701 2762 1755; x_wconf 91' lang='lat' dir='ltr'><strong>in</strong></span> <span class='ocrx_word' id='word_1_318' title='bbox 2785 1701 3048 1768; x_wconf 89' lang='lat' dir='ltr'><strong>psalmum</strong></span> <span class='ocrx_word' id='word_1_319' title='bbox 3082 1717 3182 1764; x_wconf 74' lang='lat' dir='ltr'><strong>xu,</strong></span> <span class='ocrx_word' id='word_1_320' title='bbox 3214 1701 3270 1764; x_wconf 69' lang='grc'><strong>4,</strong></span> <span class='ocrx_word' id='word_1_321' title='bbox 3298 1710 3352 1755; x_wconf 90' lang='lat' dir='ltr'><strong>et</strong></span> <span class='ocrx_word' id='word_1_322' title='bbox 3393 1700 3630 1755; x_wconf 86' lang='lat' dir='ltr'><strong>Isidorus</strong></span> <span class='ocrx_word' id='word_1_323' title='bbox 3669 1698 3795 1754; x_wconf 77' lang='grc' dir='ltr'><strong>Ονὶο</strong></span> 
     </span>
    </p>
   </div>
   <div class='ocr_carea' id='block_1_47' title="bbox 2233 1791 3799 1864">
    <p class='ocr_par' dir='ltr' id='par_1_47' title="bbox 2233 1791 3799 1864">
     <span class='ocr_line' id='line_1_47' title="bbox 2233 1791 3799 1864; baseline -0.001 -16"><span class='ocrx_word' id='word_1_324' title='bbox 2233 1795 2341 1864; x_wconf 83' lang='lat' dir='ltr'><strong>gin.</strong></span> <span class='ocrx_word' id='word_1_325' title='bbox 2377 1792 2470 1847; x_wconf 94' lang='lat' dir='ltr'><strong>lib.</strong></span> <span class='ocrx_word' id='word_1_326' title='bbox 2501 1808 2539 1855; x_wconf 86' lang='grc' dir='ltr'><strong>ι,</strong></span> <span class='ocrx_word' id='word_1_327' title='bbox 2570 1806 2688 1860; x_wconf 90' lang='lat' dir='ltr'><strong>cap.</strong></span> <span class='ocrx_word' id='word_1_328' title='bbox 2717 1791 2845 1861; x_wconf 76' lang='lat'><strong>20);</strong></span> <span class='ocrx_word' id='word_1_329' title='bbox 2870 1791 3302 1862; x_wconf 88' lang='lat' dir='ltr'><strong>hypolemniseos</strong></span> <span class='ocrx_word' id='word_1_330' title='bbox 3329 1807 3455 1846; x_wconf 89' lang='lat' dir='ltr'><strong>vero</strong></span> <span class='ocrx_word' id='word_1_331' title='bbox 3482 1792 3799 1856; x_wconf 89' lang='lat' dir='ltr'><strong>adnotasse,</strong></span> 
     </span>
    </p>
   </div>
   <div class='ocr_carea' id='block_1_48' title="bbox 2231 1883 3805 1953">
    <p class='ocr_par' dir='ltr' id='par_1_48' title="bbox 2231 1883 3805 1953">
     <span class='ocr_line' id='line_1_48' title="bbox 2231 1883 3805 1953; baseline 0 -14"><span class='ocrx_word' id='word_1_332' title='bbox 2231 1887 2274 1939; x_wconf 82' lang='lat' dir='ltr'><strong>si</strong></span> <span class='ocrx_word' id='word_1_333' title='bbox 2306 1884 2522 1953; x_wconf 90' lang='lat' dir='ltr'><strong>quando</strong></span> <span class='ocrx_word' id='word_1_334' title='bbox 2550 1899 2736 1937; x_wconf 90' lang='lat' dir='ltr'><strong>vocem</strong></span> <span class='ocrx_word' id='word_1_335' title='bbox 2766 1883 3071 1952; x_wconf 73' lang='lat' dir='ltr'><strong>huiusmodi</strong></span> <span class='ocrx_word' id='word_1_336' title='bbox 3105 1897 3203 1950; x_wconf 90' lang='lat' dir='ltr'><strong>par</strong></span> <span class='ocrx_word' id='word_1_337' title='bbox 3247 1886 3466 1938; x_wconf 90' lang='lat' dir='ltr'><strong>unicum</strong></span> <span class='ocrx_word' id='word_1_338' title='bbox 3520 1884 3805 1939; x_wconf 85' lang='lat' dir='ltr'><strong>adhibuis-</strong></span> 
     </span>
    </p>
   </div>
   <div class='ocr_carea' id='block_1_49' title="bbox 2232 1975 3804 2046">
    <p class='ocr_par' dir='ltr' id='par_1_49' title="bbox 2232 1975 3804 2046">
     <span class='ocr_line' id='line_1_49' title="bbox 2232 1975 3804 2046; baseline 0 -14"><span class='ocrx_word' id='word_1_339' title='bbox 2232 1987 2333 2032; x_wconf 86' lang='lat' dir='ltr'><strong>set.</strong></span> <span class='ocrx_word' id='word_1_340' title='bbox 2365 1977 2572 2043; x_wconf 85' lang='lat' dir='ltr'><strong>Quibus</strong></span> <span class='ocrx_word' id='word_1_341' title='bbox 2626 1976 2972 2046; x_wconf 87' lang='lat' dir='ltr'><strong>signilicatur</strong></span> <span class='ocrx_word' id='word_1_342' title='bbox 3020 1976 3308 2046; x_wconf 79' lang='lat' dir='ltr'><strong>Origenem</strong></span> <span class='ocrx_word' id='word_1_343' title='bbox 3343 1975 3412 2030; x_wconf 78' lang='lat'><strong>&#39;56</strong></span> <span class='ocrx_word' id='word_1_344' title='bbox 3448 1977 3804 2046; x_wconf 88' lang='lat' dir='ltr'><strong>interpretum</strong></span> 
     </span>
    </p>
   </div>
   <div class='ocr_carea' id='block_1_50' title="bbox 2230 2064 3808 2135">
    <p class='ocr_par' dir='ltr' id='par_1_50' title="bbox 2230 2064 3808 2135">
     <span class='ocr_line' id='line_1_50' title="bbox 2230 2064 3808 2135; baseline -0.001 -15"><span class='ocrx_word' id='word_1_345' title='bbox 2230 2065 2568 2135; x_wconf 81' lang='lat' dir='ltr'><strong>exemplaria</strong></span> <span class='ocrx_word' id='word_1_346' title='bbox 2607 2065 2767 2118; x_wconf 92' lang='lat' dir='ltr'><strong>simul</strong></span> <span class='ocrx_word' id='word_1_347' title='bbox 2798 2064 3118 2120; x_wconf 89' lang='lat' dir='ltr'><strong>contulisse.</strong></span> <span class='ocrx_word' id='word_1_348' title='bbox 3161 2065 3243 2120; x_wconf 83' lang='lat' dir='ltr'><strong>Ab</strong></span> <span class='ocrx_word' id='word_1_349' title='bbox 3275 2064 3574 2135; x_wconf 89' lang='lat' dir='ltr'><strong>Epiphanio</strong></span> <span class='ocrx_word' id='word_1_350' title='bbox 3600 2068 3808 2122; x_wconf 87' lang='lat' dir='ltr'><strong>dissen-</strong></span> 
     </span>
    </p>
   </div>
   <div class='ocr_carea' id='block_1_51' title="bbox 2232 2156 3808 2220">
    <p class='ocr_par' dir='ltr' id='par_1_51' title="bbox 2232 2156 3808 2220">
     <span class='ocr_line' id='line_1_51' title="bbox 2232 2156 3808 2220; baseline 0.001 -8"><span class='ocrx_word' id='word_1_351' title='bbox 2232 2159 2296 2212; x_wconf 88' lang='lat' dir='ltr'><strong>tit</strong></span> <span class='ocrx_word' id='word_1_352' title='bbox 2320 2159 2564 2212; x_wconf 87' lang='lat' dir='ltr'><strong>Audreas</strong></span> <span class='ocrx_word' id='word_1_353' title='bbox 2591 2156 2791 2211; x_wconf 83' lang='lat' dir='ltr'><strong>Masius</strong></span> <span class='ocrx_word' id='word_1_354' title='bbox 2822 2156 3038 2212; x_wconf 70' lang='lat' dir='ltr'><strong>Praefat.</strong></span> <span class='ocrx_word' id='word_1_355' title='bbox 3071 2157 3123 2211; x_wconf 91' lang='lat' dir='ltr'><strong>in</strong></span> <span class='ocrx_word' id='word_1_356' title='bbox 3152 2157 3330 2213; x_wconf 62' lang='lat' dir='ltr'><strong>Graec.</strong></span> <span class='ocrx_word' id='word_1_357' title='bbox 3363 2159 3491 2213; x_wconf 90' lang='lat' dir='ltr'><strong>edit.</strong></span> <span class='ocrx_word' id='word_1_358' title='bbox 3519 2157 3705 2220; x_wconf 84' lang='lat' dir='ltr'><strong>Josue,</strong></span> <span class='ocrx_word' id='word_1_359' title='bbox 3747 2167 3808 2214; x_wconf 87' lang='lat' dir='ltr'><strong>et</strong></span> 
     </span>
    </p>
   </div>
   <div class='ocr_carea' id='block_1_52' title="bbox 2229 2249 3806 2319">
    <p class='ocr_par' dir='ltr' id='par_1_52' title="bbox 2229 2249 3806 2319">
     <span class='ocr_line' id='line_1_52' title="bbox 2229 2249 3806 2319; baseline 0.003 -17"><span class='ocrx_word' id='word_1_360' title='bbox 2229 2251 2416 2304; x_wconf 91' lang='lat' dir='ltr'><strong>adnot.</strong></span> <span class='ocrx_word' id='word_1_361' title='bbox 2465 2250 2601 2313; x_wconf 87' lang='lat' dir='ltr'><strong>suis,</strong></span> <span class='ocrx_word' id='word_1_362' title='bbox 2639 2259 2695 2303; x_wconf 89' lang='lat' dir='ltr'><strong>et</strong></span> <span class='ocrx_word' id='word_1_363' title='bbox 2727 2250 2878 2319; x_wconf 90' lang='lat' dir='ltr'><strong>paria</strong></span> <span class='ocrx_word' id='word_1_364' title='bbox 2907 2249 2994 2303; x_wconf 90' lang='lat' dir='ltr'><strong>illa</strong></span> <span class='ocrx_word' id='word_1_365' title='bbox 3033 2250 3413 2318; x_wconf 89' lang='lat' dir='ltr'><strong>interpretum,</strong></span> <span class='ocrx_word' id='word_1_366' title='bbox 3442 2251 3587 2306; x_wconf 86' lang='lat' dir='ltr'><strong>velut</strong></span> <span class='ocrx_word' id='word_1_367' title='bbox 3629 2251 3806 2307; x_wconf 82' lang='lat' dir='ltr'><strong>aniles</strong></span> 
     </span>
    </p>
   </div>
   <div class='ocr_carea' id='block_1_53' title="bbox 2229 2341 3799 2413">
    <p class='ocr_par' dir='ltr' id='par_1_53' title="bbox 2229 2341 3799 2413">
     <span class='ocr_line' id='line_1_53' title="bbox 2229 2341 3799 2413; baseline 0.003 -17"><span class='ocrx_word' id='word_1_368' title='bbox 2229 2341 2440 2397; x_wconf 71' lang='lat' dir='ltr'><strong>fabulas</strong></span> <span class='ocrx_word' id='word_1_369' title='bbox 2470 2343 2697 2411; x_wconf 91' lang='lat' dir='ltr'><strong>respuit,</strong></span> <span class='ocrx_word' id='word_1_370' title='bbox 2722 2354 2944 2412; x_wconf 88' lang='lat' dir='ltr'><strong>tumque</strong></span> <span class='ocrx_word' id='word_1_371' title='bbox 2976 2343 3251 2412; x_wconf 88' lang='lat' dir='ltr'><strong>appositos</strong></span> <span class='ocrx_word' id='word_1_372' title='bbox 3294 2354 3447 2413; x_wconf 88' lang='lat' dir='ltr'><strong>putat</strong></span> <span class='ocrx_word' id='word_1_373' title='bbox 3477 2345 3799 2402; x_wconf 89' lang='lat' dir='ltr'><strong>lemniscum</strong></span> 
     </span>
    </p>
   </div>
   <div class='ocr_carea' id='block_1_54' title="bbox 2226 2434 3802 2506">
    <p class='ocr_par' dir='ltr' id='par_1_54' title="bbox 2226 2434 3802 2506">
     <span class='ocr_line' id='line_1_54' title="bbox 2226 2434 3802 2506; baseline 0.003 -18"><span class='ocrx_word' id='word_1_374' title='bbox 2226 2445 2282 2488; x_wconf 92' lang='lat' dir='ltr'><strong>et</strong></span> <span class='ocrx_word' id='word_1_375' title='bbox 2305 2434 2795 2506; x_wconf 90' lang='lat' dir='ltr'><strong>hypolemniscum,</strong></span> <span class='ocrx_word' id='word_1_376' title='bbox 2819 2448 2940 2487; x_wconf 91' lang='lat' dir='ltr'><strong>cum</strong></span> <span class='ocrx_word' id='word_1_377' title='bbox 2961 2435 3138 2490; x_wconf 88' lang='lat' dir='ltr'><strong>varias</strong></span> <span class='ocrx_word' id='word_1_378' title='bbox 3164 2434 3375 2506; x_wconf 86' lang='lat' dir='ltr'><strong>aliquas</strong></span> <span class='ocrx_word' id='word_1_379' title='bbox 3402 2436 3659 2493; x_wconf 87' lang='lat' dir='ltr'><strong>lectiones</strong></span> <span class='ocrx_word' id='word_1_380' title='bbox 3683 2438 3802 2506; x_wconf 89' lang='lat' dir='ltr'><strong>plu-</strong></span> 
     </span>
    </p>
   </div>
   <div class='ocr_carea' id='block_1_55' title="bbox 2228 2527 3794 2596">
    <p class='ocr_par' dir='ltr' id='par_1_55' title="bbox 2228 2527 3794 2596">
     <span class='ocr_line' id='line_1_55' title="bbox 2228 2527 3794 2596; baseline 0.003 -16"><span class='ocrx_word' id='word_1_381' title='bbox 2228 2541 2316 2582; x_wconf 86' lang='lat' dir='ltr'><strong>res</strong></span> <span class='ocrx_word' id='word_1_382' title='bbox 2345 2527 2698 2596; x_wconf 85' lang='lat' dir='ltr'><strong>paueioresve</strong></span> <span class='ocrx_word' id='word_1_383' title='bbox 2719 2527 2934 2584; x_wconf 87' lang='lat' dir='ltr'><strong>codices</strong></span> <span class='ocrx_word' id='word_1_384' title='bbox 2964 2537 3293 2584; x_wconf 89' lang='lat' dir='ltr'><strong>assererent.</strong></span> <span class='ocrx_word' id='word_1_385' title='bbox 3329 2530 3504 2584; x_wconf 84' lang='lat' dir='ltr'><strong>Alium</strong></span> <span class='ocrx_word' id='word_1_386' title='bbox 3537 2540 3794 2585; x_wconf 89' lang='lat' dir='ltr'><strong>notarum</strong></span> 
     </span>
    </p>
   </div>
   <div class='ocr_carea' id='block_1_56' title="bbox 2227 2618 3798 2690">
    <p class='ocr_par' dir='ltr' id='par_1_56' title="bbox 2227 2618 3798 2690">
     <span class='ocr_line' id='line_1_56' title="bbox 2227 2618 3798 2690; baseline 0.004 -19"><span class='ocrx_word' id='word_1_387' title='bbox 2227 2618 2442 2674; x_wconf 91' lang='lat' dir='ltr'><strong>illarum</strong></span> <span class='ocrx_word' id='word_1_388' title='bbox 2480 2634 2637 2674; x_wconf 92' lang='lat' dir='ltr'><strong>usum</strong></span> <span class='ocrx_word' id='word_1_389' title='bbox 2668 2619 2877 2690; x_wconf 89' lang='lat' dir='ltr'><strong>profert</strong></span> <span class='ocrx_word' id='word_1_390' title='bbox 2895 2619 3131 2675; x_wconf 78' lang='lat' dir='ltr'><strong>Joannes</strong></span> <span class='ocrx_word' id='word_1_391' title='bbox 3159 2619 3442 2676; x_wconf 87' lang='lat' dir='ltr'><strong>Curterins</strong></span> <span class='ocrx_word' id='word_1_392' title='bbox 3472 2621 3690 2677; x_wconf 69' lang='lat' dir='ltr'><strong>Prmfat.</strong></span> <span class='ocrx_word' id='word_1_393' title='bbox 3727 2624 3798 2678; x_wconf 89' lang='lat' dir='ltr'><strong>ad</strong></span> 
     </span>
    </p>
   </div>
   <div class='ocr_carea' id='block_1_57' title="bbox 2227 2709 3797 2784">
    <p class='ocr_par' dir='ltr' id='par_1_57' title="bbox 2227 2709 3797 2784">
     <span class='ocr_line' id='line_1_57' title="bbox 2227 2709 3797 2784; baseline 0.003 -19"><span class='ocrx_word' id='word_1_394' title='bbox 2227 2710 2458 2780; x_wconf 87' lang='lat' dir='ltr'><strong>Proc0p.</strong></span> <span class='ocrx_word' id='word_1_395' title='bbox 2491 2709 2798 2766; x_wconf 87' lang='lat' dir='ltr'><strong>Comment.</strong></span> <span class='ocrx_word' id='word_1_396' title='bbox 2822 2713 2878 2765; x_wconf 85' lang='lat' dir='ltr'><strong>in</strong></span> <span class='ocrx_word' id='word_1_397' title='bbox 2908 2710 3136 2777; x_wconf 77' lang='lat' dir='ltr'><strong>Isaiam,</strong></span> <span class='ocrx_word' id='word_1_398' title='bbox 3166 2727 3266 2767; x_wconf 91' lang='lat' dir='ltr'><strong>nec</strong></span> <span class='ocrx_word' id='word_1_399' title='bbox 3305 2713 3452 2767; x_wconf 89' lang='lat' dir='ltr'><strong>aliud</strong></span> <span class='ocrx_word' id='word_1_400' title='bbox 3483 2714 3797 2784; x_wconf 89' lang='lat' dir='ltr'><strong>signiﬁcare</strong></span> 
     </span>
    </p>
   </div>
   <div class='ocr_carea' id='block_1_58' title="bbox 2226 2805 3799 2879">
    <p class='ocr_par' dir='ltr' id='par_1_58' title="bbox 2226 2805 3799 2879">
     <span class='ocr_line' id='line_1_58' title="bbox 2226 2805 3799 2879; baseline 0.004 -19"><span class='ocrx_word' id='word_1_401' title='bbox 2226 2805 2556 2862; x_wconf 88' lang='lat' dir='ltr'><strong>lemniscum</strong></span> <span class='ocrx_word' id='word_1_402' title='bbox 2587 2817 2741 2876; x_wconf 90' lang='lat' dir='ltr'><strong>putat</strong></span> <span class='ocrx_word' id='word_1_403' title='bbox 2775 2823 2937 2878; x_wconf 90' lang='lat' dir='ltr'><strong>quam</strong></span> <span class='ocrx_word' id='word_1_404' title='bbox 2979 2809 3158 2865; x_wconf 86' lang='lat' dir='ltr'><strong>verbis</strong></span> <span class='ocrx_word' id='word_1_405' title='bbox 3189 2811 3502 2865; x_wconf 91' lang='lat' dir='ltr'><strong>consentire</strong></span> <span class='ocrx_word' id='word_1_406' title='bbox 3528 2812 3799 2879; x_wconf 85' lang='lat' dir='ltr'><strong>interpre-</strong></span> 
     </span>
    </p>
   </div>
   <div class='ocr_carea' id='block_1_59' title="bbox 2226 2900 3798 2972">
    <p class='ocr_par' dir='ltr' id='par_1_59' title="bbox 2226 2900 3798 2972">
     <span class='ocr_line' id='line_1_59' title="bbox 2226 2900 3798 2972; baseline 0.003 -19"><span class='ocrx_word' id='word_1_407' title='bbox 2226 2909 2309 2955; x_wconf 87' lang='lat' dir='ltr'><strong>tes</strong></span> <span class='ocrx_word' id='word_1_408' title='bbox 2343 2900 2900 2970; x_wconf 85' lang='lat' dir='ltr'><strong>aliquos,discrepare</strong></span> <span class='ocrx_word' id='word_1_409' title='bbox 2933 2916 3096 2957; x_wconf 90' lang='lat' dir='ltr'><strong>sensu</strong></span> <span class='ocrx_word' id='word_1_410' title='bbox 3119 2920 3132 2964; x_wconf 87' lang='lat'>;</span> <span class='ocrx_word' id='word_1_411' title='bbox 3155 2902 3614 2972; x_wconf 86' lang='lat' dir='ltr'><strong>hypolemniscum</strong></span> <span class='ocrx_word' id='word_1_412' title='bbox 3642 2917 3798 2967; x_wconf 88' lang='lat' dir='ltr'><strong>vero,</strong></span> 
     </span>
    </p>
   </div>
   <div class='ocr_carea' id='block_1_60' title="bbox 2223 2993 3799 3064">
    <p class='ocr_par' dir='ltr' id='par_1_60' title="bbox 2223 2993 3799 3064">
     <span class='ocr_line' id='line_1_60' title="bbox 2223 2993 3799 3064; baseline 0.004 -22"><span class='ocrx_word' id='word_1_413' title='bbox 2223 3005 2384 3062; x_wconf 91' lang='lat' dir='ltr'><strong>quam</strong></span> <span class='ocrx_word' id='word_1_414' title='bbox 2414 3006 2574 3046; x_wconf 90' lang='lat' dir='ltr'><strong>sensu</strong></span> <span class='ocrx_word' id='word_1_415' title='bbox 2611 3006 2704 3046; x_wconf 91' lang='lat' dir='ltr'><strong>eos</strong></span> <span class='ocrx_word' id='word_1_416' title='bbox 2735 3001 2792 3047; x_wconf 92' lang='lat' dir='ltr'><strong>et</strong></span> <span class='ocrx_word' id='word_1_417' title='bbox 2833 2993 3015 3046; x_wconf 85' lang='lat' dir='ltr'><strong>verbis</strong></span> <span class='ocrx_word' id='word_1_418' title='bbox 3044 2993 3345 3048; x_wconf 88' lang='lat' dir='ltr'><strong>dissonare.</strong></span> <span class='ocrx_word' id='word_1_419' title='bbox 3386 2994 3497 3064; x_wconf 87' lang='lat'><strong>(98)</strong></span> <span class='ocrx_word' id='word_1_420' title='bbox 3527 2993 3633 3048; x_wconf 89' lang='lat' dir='ltr'><strong>Sed</strong></span> <span class='ocrx_word' id='word_1_421' title='bbox 3664 2993 3799 3050; x_wconf 82' lang='lat' dir='ltr'><strong>mihi</strong></span> 
     </span>
    </p>
   </div>
   <div class='ocr_carea' id='block_1_61' title="bbox 2224 3083 3795 3142">
    <p class='ocr_par' dir='ltr' id='par_1_61' title="bbox 2224 3083 3795 3142">
     <span class='ocr_line' id='line_1_61' title="bbox 2224 3083 3795 3142; baseline 0.003 -6"><span class='ocrx_word' id='word_1_422' title='bbox 2224 3083 2570 3138; x_wconf 89' lang='lat' dir='ltr'><strong>verisimilior</strong></span> <span class='ocrx_word' id='word_1_423' title='bbox 2593 3083 2805 3139; x_wconf 88' lang='lat' dir='ltr'><strong>videtur</strong></span> <span class='ocrx_word' id='word_1_424' title='bbox 2855 3083 3006 3138; x_wconf 80' lang='lat' dir='ltr'><strong>Masii</strong></span> <span class='ocrx_word' id='word_1_425' title='bbox 3057 3087 3344 3140; x_wconf 89' lang='lat' dir='ltr'><strong>sententia.</strong></span> <span class='ocrx_word' id='word_1_426' title='bbox 3397 3087 3795 3142; x_wconf 82' lang='lat' dir='ltr'><strong>Asteriscorum</strong></span> 
     </span>
    </p>
   </div>
   <div class='ocr_carea' id='block_1_62' title="bbox 2224 3175 3799 3248">
    <p class='ocr_par' dir='ltr' id='par_1_62' title="bbox 2224 3175 3799 3248">
     <span class='ocr_line' id='line_1_62' title="bbox 2224 3175 3799 3248; baseline 0.001 -18"><span class='ocrx_word' id='word_1_427' title='bbox 2224 3175 2475 3240; x_wconf 92' lang='lat' dir='ltr'><strong>illorum,</strong></span> <span class='ocrx_word' id='word_1_428' title='bbox 2501 3175 2804 3241; x_wconf 85' lang='lat' dir='ltr'><strong>ohelorum,</strong></span> <span class='ocrx_word' id='word_1_429' title='bbox 2833 3176 3215 3230; x_wconf 89' lang='lat' dir='ltr'><strong>lemniscorum</strong></span> <span class='ocrx_word' id='word_1_430' title='bbox 3261 3185 3314 3232; x_wconf 91' lang='lat' dir='ltr'><strong>et</strong></span> <span class='ocrx_word' id='word_1_431' title='bbox 3362 3178 3799 3248; x_wconf 82' lang='lat' dir='ltr'><strong>hypolemniseo-</strong></span> 
     </span>
    </p>
   </div>
   <div class='ocr_carea' id='block_1_63' title="bbox 540 3252 3798 3342">
    <p class='ocr_par' dir='ltr' id='par_1_63' title="bbox 540 3252 3798 3342">
     <span class='ocr_line' id='line_1_63' title="bbox 540 3252 3798 3342; baseline 0.001 -19"><span class='ocrx_word' id='word_1_432' title='bbox 540 3270 854 3324; x_wconf 86' lang='lat' dir='ltr'><strong>emendavit</strong></span> <span class='ocrx_word' id='word_1_433' title='bbox 888 3285 952 3324; x_wconf 82' lang='lat' dir='ltr'><strong>ex</strong></span> <span class='ocrx_word' id='word_1_434' title='bbox 981 3273 1308 3340; x_wconf 89' lang='lat' dir='ltr'><strong>optimorum</strong></span> <span class='ocrx_word' id='word_1_435' title='bbox 1345 3252 1738 3341; x_wconf 80' lang='lat' dir='ltr'><strong>exemplarium</strong></span> <span class='ocrx_word' id='word_1_436' title='bbox 1768 3271 1874 3326; x_wconf 88' lang='lat' dir='ltr'><strong>ﬁde</strong></span> <span class='ocrx_word' id='word_1_437' title='bbox 1899 3315 1913 3339; x_wconf 93' lang='lat'><strong>,</strong></span> <span class='ocrx_word' id='word_1_438' title='bbox 1956 3282 2120 3342; x_wconf 90' lang='lat' dir='ltr'><strong>atque</strong></span> <span class='ocrx_word' id='word_1_439' title='bbox 2150 3252 2192 3310; x_wconf 70' lang='grc' dir='ltr'>ο</span> <span class='ocrx_word' id='word_1_440' title='bbox 2232 3285 2349 3322; x_wconf 90' lang='lat' dir='ltr'><strong>rum</strong></span> <span class='ocrx_word' id='word_1_441' title='bbox 2382 3267 2586 3324; x_wconf 81' lang='lat' dir='ltr'><strong>formas</strong></span> <span class='ocrx_word' id='word_1_442' title='bbox 2617 3278 2768 3324; x_wconf 86' lang='lat' dir='ltr'><strong>notat</strong></span> <span class='ocrx_word' id='word_1_443' title='bbox 2799 3269 3156 3338; x_wconf 87' lang='lat' dir='ltr'><strong>Epiphanius,</strong></span> <span class='ocrx_word' id='word_1_444' title='bbox 3187 3278 3242 3324; x_wconf 89' lang='lat' dir='ltr'><strong>et</strong></span> <span class='ocrx_word' id='word_1_445' title='bbox 3285 3270 3562 3323; x_wconf 87' lang='lat' dir='ltr'><strong>nominum</strong></span> <span class='ocrx_word' id='word_1_446' title='bbox 3587 3270 3798 3340; x_wconf 81' lang='lat' dir='ltr'><strong>signiﬁ-</strong></span> 
     </span>
    </p>
   </div>
   <div class='ocr_carea' id='block_1_64' title="bbox 540 3359 2118 3432">
    <p class='ocr_par' dir='ltr' id='par_1_64' title="bbox 540 3359 2118 3432">
     <span class='ocr_line' id='line_1_64' title="bbox 540 3359 2118 3432; baseline 0.003 -20"><span class='ocrx_word' id='word_1_447' title='bbox 540 3359 658 3427; x_wconf 79' lang='lat' dir='ltr'><strong>ejus</strong></span> <span class='ocrx_word' id='word_1_448' title='bbox 683 3361 980 3429; x_wconf 63' lang='lat' dir='ltr'><strong>praesertim</strong></span> <span class='ocrx_word' id='word_1_449' title='bbox 1014 3361 1157 3430; x_wconf 88' lang='lat' dir='ltr'><strong>quod</strong></span> <span class='ocrx_word' id='word_1_450' title='bbox 1207 3362 1260 3414; x_wconf 93' lang='lat' dir='ltr'><strong>in</strong></span> <span class='ocrx_word' id='word_1_451' title='bbox 1293 3361 1532 3430; x_wconf 91' lang='lat' dir='ltr'><strong>Serapeo</strong></span> <span class='ocrx_word' id='word_1_452' title='bbox 1555 3363 1915 3427; x_wconf 85' lang='lat' dir='ltr'><strong>servabatur,</strong></span> <span class='ocrx_word' id='word_1_453' title='bbox 1947 3363 2118 3432; x_wconf 90' lang='lat' dir='ltr'><strong>quod-</strong></span> 
     </span>
    </p>
   </div>
   <div class='ocr_carea' id='block_1_65' title="bbox 541 3449 2117 3523">
    <p class='ocr_par' dir='ltr' id='par_1_65' title="bbox 541 3449 2117 3523">
     <span class='ocr_line' id='line_1_65' title="bbox 541 3449 2117 3523; baseline 0.003 -20"><span class='ocrx_word' id='word_1_454' title='bbox 541 3466 648 3520; x_wconf 89' lang='lat' dir='ltr'><strong>que</strong></span> <span class='ocrx_word' id='word_1_455' title='bbox 670 3452 842 3519; x_wconf 89' lang='lat' dir='ltr'><strong>ipsum</strong></span> <span class='ocrx_word' id='word_1_456' title='bbox 881 3449 992 3504; x_wconf 86' lang='grc' dir='ltr'><strong>τῶν</strong></span> <span class='ocrx_word' id='word_1_457' title='bbox 1025 3450 1078 3504; x_wconf 86' lang='grc'>0⁸</span> <span class='ocrx_word' id='word_1_458' title='bbox 1115 3452 1461 3523; x_wconf 79' lang='grc' dir='ltr'><strong>αὐτόγραφον</strong></span> <span class='ocrx_word' id='word_1_459' title='bbox 1504 3452 1670 3506; x_wconf 90' lang='lat' dir='ltr'><strong>fuisse</strong></span> <span class='ocrx_word' id='word_1_460' title='bbox 1705 3451 1980 3507; x_wconf 85' lang='lat' dir='ltr'><strong>afﬁrmant</strong></span> <span class='ocrx_word' id='word_1_461' title='bbox 2021 3468 2117 3508; x_wconf 80' lang='lat' dir='ltr'><strong>ve-</strong></span> 
     </span>
    </p>
   </div>
   <div class='ocr_carea' id='block_1_66' title="bbox 545 3546 2115 3615">
    <p class='ocr_par' dir='ltr' id='par_1_66' title="bbox 545 3546 2115 3615">
     <span class='ocr_line' id='line_1_66' title="bbox 545 3546 2115 3615; baseline 0.003 -17"><span class='ocrx_word' id='word_1_462' title='bbox 545 3553 692 3599; x_wconf 90' lang='lat' dir='ltr'><strong>teres</strong></span> <span class='ocrx_word' id='word_1_463' title='bbox 726 3546 996 3599; x_wconf 92' lang='lat' dir='ltr'><strong>nonnulli.</strong></span> <span class='ocrx_word' id='word_1_464' title='bbox 1029 3547 1336 3600; x_wconf 85' lang='lat' dir='ltr'><strong>Asteriscos</strong></span> <span class='ocrx_word' id='word_1_465' title='bbox 1367 3556 1656 3615; x_wconf 64' lang='lat' dir='ltr'><strong>praeterea,</strong></span> <span class='ocrx_word' id='word_1_466' title='bbox 1691 3548 1778 3601; x_wconf 91' lang='lat' dir='ltr'><strong>ubi</strong></span> <span class='ocrx_word' id='word_1_467' title='bbox 1809 3547 1936 3615; x_wconf 89' lang='lat' dir='ltr'><strong>quid</strong></span> <span class='ocrx_word' id='word_1_468' title='bbox 1963 3548 2115 3602; x_wconf 85' lang='lat' dir='ltr'><strong>dees-</strong></span> 
     </span>
    </p>
   </div>
   <div class='ocr_carea' id='block_1_67' title="bbox 541 3637 2120 3707">
    <p class='ocr_par' dir='ltr' id='par_1_67' title="bbox 541 3637 2120 3707">
     <span class='ocr_line' id='line_1_67' title="bbox 541 3637 2120 3707; baseline 0.002 -16"><span class='ocrx_word' id='word_1_469' title='bbox 541 3646 646 3700; x_wconf 87' lang='lat' dir='ltr'><strong>set,</strong></span> <span class='ocrx_word' id='word_1_470' title='bbox 671 3652 795 3692; x_wconf 87' lang='lat' dir='ltr'><strong>cum</strong></span> <span class='ocrx_word' id='word_1_471' title='bbox 829 3637 1208 3707; x_wconf 68' lang='lat' dir='ltr'><strong>praetermissis</strong></span> <span class='ocrx_word' id='word_1_472' title='bbox 1260 3638 1483 3692; x_wconf 89' lang='lat' dir='ltr'><strong>vocibus</strong></span> <span class='ocrx_word' id='word_1_473' title='bbox 1511 3638 1778 3704; x_wconf 90' lang='lat' dir='ltr'><strong>inseruit;</strong></span> <span class='ocrx_word' id='word_1_474' title='bbox 1813 3653 1934 3707; x_wconf 64' lang='lat' dir='ltr'><strong>qua:</strong></span> <span class='ocrx_word' id='word_1_475' title='bbox 1988 3653 2120 3694; x_wconf 91' lang='lat' dir='ltr'><strong>vero</strong></span> 
     </span>
    </p>
   </div>
   <div class='ocr_carea' id='block_1_68' title="bbox 542 3728 2119 3799">
    <p class='ocr_par' dir='ltr' id='par_1_68' title="bbox 542 3728 2119 3799">
     <span class='ocr_line' id='line_1_68' title="bbox 542 3728 2119 3799; baseline 0 -15"><span class='ocrx_word' id='word_1_476' title='bbox 542 3728 619 3784; x_wconf 89' lang='lat' dir='ltr'><strong>illi</strong></span> <span class='ocrx_word' id='word_1_477' title='bbox 648 3741 844 3799; x_wconf 66' lang='lat' dir='ltr'><strong>praeter</strong></span> <span class='ocrx_word' id='word_1_478' title='bbox 875 3729 1264 3784; x_wconf 81' lang='lat' dir='ltr'><strong>llebraicorum</strong></span> <span class='ocrx_word' id='word_1_479' title='bbox 1294 3728 1454 3783; x_wconf 88' lang='lat' dir='ltr'><strong>ﬁdem</strong></span> <span class='ocrx_word' id='word_1_480' title='bbox 1493 3729 1824 3798; x_wconf 89' lang='lat' dir='ltr'><strong>adjecissent</strong></span> <span class='ocrx_word' id='word_1_481' title='bbox 1851 3771 1865 3795; x_wconf 96' lang='lat'><strong>,</strong></span> <span class='ocrx_word' id='word_1_482' title='bbox 1899 3729 2119 3798; x_wconf 74' lang='lat' dir='ltr'><strong>praeﬁxo</strong></span> 
     </span>
    </p>
   </div>
   <div class='ocr_carea' id='block_1_69' title="bbox 541 3822 2120 3895">
    <p class='ocr_par' dir='ltr' id='par_1_69' title="bbox 541 3822 2120 3895">
     <span class='ocr_line' id='line_1_69' title="bbox 541 3822 2120 3895; baseline -0.001 -16"><span class='ocrx_word' id='word_1_483' title='bbox 541 3823 700 3880; x_wconf 86' lang='lat' dir='ltr'><strong>obelo</strong></span> <span class='ocrx_word' id='word_1_484' title='bbox 721 3823 992 3894; x_wconf 81' lang='lat' dir='ltr'><strong>signavit;</strong></span> <span class='ocrx_word' id='word_1_485' title='bbox 1030 3841 1048 3875; x_wconf 82' lang='lat'><strong>¢</strong></span> <span class='ocrx_word' id='word_1_486' title='bbox 1095 3822 1224 3890; x_wconf 65' lang='lat' dir='ltr'><strong>Quae</strong></span> <span class='ocrx_word' id='word_1_487' title='bbox 1263 3823 1440 3894; x_wconf 88' lang='lat' dir='ltr'><strong>signa,</strong></span> <span class='ocrx_word' id='word_1_488' title='bbox 1473 3842 1493 3876; x_wconf 76' lang='grc' dir='ltr'><strong><em>ι</em></strong></span> <span class='ocrx_word' id='word_1_489' title='bbox 1528 3823 1708 3893; x_wconf 91' lang='lat' dir='ltr'><strong>inquit</strong></span> <span class='ocrx_word' id='word_1_490' title='bbox 1757 3822 2120 3895; x_wconf 86' lang='lat' dir='ltr'><strong>Hieronymus</strong></span> 
     </span>
    </p>
   </div>
   <div class='ocr_carea' id='block_1_70' title="bbox 613 3978 2114 4055">
    <p class='ocr_par' dir='ltr' id='par_1_70' title="bbox 613 3978 2114 4055">
     <span class='ocr_line' id='line_1_70' title="bbox 613 3978 2114 4055; baseline -0.002 -16"><span class='ocrx_word' id='word_1_491' title='bbox 613 3981 724 4055; x_wconf 65' lang='lat'><strong>(98)</strong></span> <span class='ocrx_word' id='word_1_492' title='bbox 761 3981 867 4037; x_wconf 87' lang='lat' dir='ltr'><strong>Sed</strong></span> <span class='ocrx_word' id='word_1_493' title='bbox 896 3980 1395 4055; x_wconf 79' lang='lat' dir='ltr'><strong>mihi_ver_isimilio_r</strong></span> <span class='ocrx_word' id='word_1_494' title='bbox 1419 3981 1628 4055; x_wconf 71' lang='lat' dir='ltr'><strong>videtur</strong></span> <span class='ocrx_word' id='word_1_495' title='bbox 1653 3978 1814 4055; x_wconf 83' lang='lat' dir='ltr'><strong>asii</strong></span> <span class='ocrx_word' id='word_1_496' title='bbox 1838 3981 2114 4055; x_wconf 73' lang='lat' dir='ltr'><strong>sententia.</strong></span> 
     </span>
    </p>
   </div>
   <div class='ocr_carea' id='block_1_71' title="bbox 543 4051 2116 4118">
    <p class='ocr_par' dir='ltr' id='par_1_71' title="bbox 543 4051 2116 4118">
     <span class='ocr_line' id='line_1_71' title="bbox 543 4051 2116 4118; baseline -0.002 -11"><span class='ocrx_word' id='word_1_497' title='bbox 543 4051 659 4108; x_wconf 81' lang='lat' dir='ltr'><strong>Non</strong></span> <span class='ocrx_word' id='word_1_498' title='bbox 693 4051 764 4107; x_wconf 90' lang='lat' dir='ltr'><strong>ita</strong></span> <span class='ocrx_word' id='word_1_499' title='bbox 795 4055 1004 4106; x_wconf 88' lang='lat' dir='ltr'><strong>videtur</strong></span> <span class='ocrx_word' id='word_1_500' title='bbox 1031 4053 1092 4106; x_wconf 91' lang='lat' dir='ltr'><strong>D.</strong></span> <span class='ocrx_word' id='word_1_501' title='bbox 1131 4053 1406 4106; x_wconf 81' lang='lat' dir='ltr'><strong>Bernardo</strong></span> <span class='ocrx_word' id='word_1_502' title='bbox 1439 4051 1506 4106; x_wconf 87' lang='lat' dir='ltr'><strong>de</strong></span> <span class='ocrx_word' id='word_1_503' title='bbox 1540 4051 1904 4114; x_wconf 79' lang='lat' dir='ltr'><strong>Monti‘aucon,</strong></span> <span class='ocrx_word' id='word_1_504' title='bbox 1945 4053 2034 4118; x_wconf 88' lang='lat' dir='ltr'><strong>qui</strong></span> <span class='ocrx_word' id='word_1_505' title='bbox 2066 4051 2116 4104; x_wconf 94' lang='lat' dir='ltr'><strong>in</strong></span> 
     </span>
    </p>
   </div>
   <div class='ocr_carea' id='block_1_72' title="bbox 541 4121 2115 4190">
    <p class='ocr_par' dir='ltr' id='par_1_72' title="bbox 541 4121 2115 4190">
     <span class='ocr_line' id='line_1_72' title="bbox 541 4121 2115 4190; baseline -0.003 -12"><span class='ocrx_word' id='word_1_506' title='bbox 541 4123 1002 4178; x_wconf 69' lang='lat' dir='ltr'><strong>Prteliminaribus</strong></span> <span class='ocrx_word' id='word_1_507' title='bbox 1030 4124 1082 4176; x_wconf 92' lang='lat' dir='ltr'><strong>in</strong></span> <span class='ocrx_word' id='word_1_508' title='bbox 1111 4121 1353 4189; x_wconf 73' lang='lat' dir='ltr'><strong>Hexapla</strong></span> <span class='ocrx_word' id='word_1_509' title='bbox 1375 4121 1626 4190; x_wconf 82' lang='lat' dir='ltr'><strong>Origeuis</strong></span> <span class='ocrx_word' id='word_1_510' title='bbox 1656 4137 1774 4189; x_wconf 90' lang='lat' dir='ltr'><strong>cap.</strong></span> <span class='ocrx_word' id='word_1_511' title='bbox 1797 4121 1854 4186; x_wconf 69' lang='grc'><strong>4,</strong></span> <span class='ocrx_word' id='word_1_512' title='bbox 1885 4137 2032 4175; x_wconf 90' lang='lat' dir='ltr'><strong>num.</strong></span> <span class='ocrx_word' id='word_1_513' title='bbox 2061 4122 2115 4183; x_wconf 75' lang='grc'><strong>4.</strong></span> 
     </span>
    </p>
   </div>
   <div class='ocr_carea' id='block_1_73' title="bbox 540 4191 2114 4261">
    <p class='ocr_par' dir='ltr' id='par_1_73' title="bbox 540 4191 2114 4261">
     <span class='ocr_line' id='line_1_73' title="bbox 540 4191 2114 4261; baseline -0.002 -13"><span class='ocrx_word' id='word_1_514' title='bbox 540 4195 621 4248; x_wconf 88' lang='lat' dir='ltr'><strong>sic</strong></span> <span class='ocrx_word' id='word_1_515' title='bbox 651 4210 803 4247; x_wconf 91' lang='lat' dir='ltr'><strong>suam</strong></span> <span class='ocrx_word' id='word_1_516' title='bbox 837 4194 1160 4246; x_wconf 86' lang='lat' dir='ltr'><strong>sententiam</strong></span> <span class='ocrx_word' id='word_1_517' title='bbox 1201 4193 1416 4261; x_wconf 91' lang='lat' dir='ltr'><strong>aperit:</strong></span> <span class='ocrx_word' id='word_1_518' title='bbox 1459 4211 1476 4243; x_wconf 76' lang='grc' dir='ltr'>ι</span> <span class='ocrx_word' id='word_1_519' title='bbox 1537 4191 1824 4256; x_wconf 86' lang='lat' dir='ltr'><strong>Existimo,</strong></span> <span class='ocrx_word' id='word_1_520' title='bbox 1853 4192 2114 4257; x_wconf 84' lang='lat' dir='ltr'><strong>quemad-</strong></span> 
     </span>
    </p>
   </div>
   <div class='ocr_carea' id='block_1_74' title="bbox 541 4263 2109 4330">
    <p class='ocr_par' dir='ltr' id='par_1_74' title="bbox 541 4263 2109 4330">
     <span class='ocr_line' id='line_1_74' title="bbox 541 4263 2109 4330; baseline -0.003 -13"><span class='ocrx_word' id='word_1_521' title='bbox 541 4263 758 4317; x_wconf 88' lang='lat' dir='ltr'><strong>modum</strong></span> <span class='ocrx_word' id='word_1_522' title='bbox 794 4263 1084 4318; x_wconf 87' lang='lat' dir='ltr'><strong>asteriscus</strong></span> <span class='ocrx_word' id='word_1_523' title='bbox 1127 4263 1194 4316; x_wconf 88' lang='lat' dir='ltr'><strong>ad</strong></span> <span class='ocrx_word' id='word_1_524' title='bbox 1234 4263 1456 4324; x_wconf 87' lang='lat' dir='ltr'><strong>omissa.</strong></span> <span class='ocrx_word' id='word_1_525' title='bbox 1513 4278 1634 4330; x_wconf 64' lang='lat' dir='ltr'><strong>quae</strong></span> <span class='ocrx_word' id='word_1_526' title='bbox 1683 4264 2062 4317; x_wconf 86' lang='lat' dir='ltr'><strong>inserebantur</strong></span> <span class='ocrx_word' id='word_1_527' title='bbox 2093 4301 2109 4326; x_wconf 93' lang='lat'><strong>,</strong></span> 
     </span>
    </p>
   </div>
   <div class='ocr_carea' id='block_1_75' title="bbox 543 4332 2108 4400">
    <p class='ocr_par' dir='ltr' id='par_1_75' title="bbox 543 4332 2108 4400">
     <span class='ocr_line' id='line_1_75' title="bbox 543 4332 2108 4400; baseline -0.003 -13"><span class='ocrx_word' id='word_1_528' title='bbox 543 4334 868 4397; x_wconf 87' lang='lat' dir='ltr'><strong>adnotanda,</strong></span> <span class='ocrx_word' id='word_1_529' title='bbox 895 4345 949 4386; x_wconf 91' lang='lat' dir='ltr'><strong>et</strong></span> <span class='ocrx_word' id='word_1_530' title='bbox 976 4333 1161 4387; x_wconf 91' lang='lat' dir='ltr'><strong>obelus</strong></span> <span class='ocrx_word' id='word_1_531' title='bbox 1190 4336 1256 4386; x_wconf 87' lang='lat' dir='ltr'><strong>ad</strong></span> <span class='ocrx_word' id='word_1_532' title='bbox 1291 4348 1373 4392; x_wconf 87' lang='lat' dir='ltr'><strong>ea,</strong></span> <span class='ocrx_word' id='word_1_533' title='bbox 1417 4348 1540 4400; x_wconf 76' lang='lat' dir='ltr'><strong>qua:</strong></span> <span class='ocrx_word' id='word_1_534' title='bbox 1599 4334 1995 4395; x_wconf 86' lang='lat' dir='ltr'><strong>redundabant,</strong></span> <span class='ocrx_word' id='word_1_535' title='bbox 2022 4332 2108 4394; x_wconf 84' lang='lat' dir='ltr'><strong>ju-</strong></span> 
     </span>
    </p>
   </div>
   <div class='ocr_carea' id='block_1_76' title="bbox 541 4401 2109 4473">
    <p class='ocr_par' dir='ltr' id='par_1_76' title="bbox 541 4401 2109 4473">
     <span class='ocr_line' id='line_1_76' title="bbox 541 4401 2109 4473; baseline 0 -17"><span class='ocrx_word' id='word_1_536' title='bbox 541 4405 794 4473; x_wconf 88' lang='lat' dir='ltr'><strong>gulauda,</strong></span> <span class='ocrx_word' id='word_1_537' title='bbox 820 4413 876 4456; x_wconf 93' lang='lat' dir='ltr'><strong>ut</strong></span> <span class='ocrx_word' id='word_1_538' title='bbox 915 4405 991 4457; x_wconf 86' lang='lat' dir='ltr'><strong>ait</strong></span> <span class='ocrx_word' id='word_1_539' title='bbox 1024 4403 1404 4473; x_wconf 82' lang='lat' dir='ltr'><strong>Hieronymus,</strong></span> <span class='ocrx_word' id='word_1_540' title='bbox 1435 4402 1663 4473; x_wconf 90' lang='lat' dir='ltr'><strong>appositi</strong></span> <span class='ocrx_word' id='word_1_541' title='bbox 1710 4413 1874 4464; x_wconf 82' lang='lat' dir='ltr'><strong>sunt;</strong></span> <span class='ocrx_word' id='word_1_542' title='bbox 1903 4402 1974 4473; x_wconf 90' lang='lat' dir='ltr'><strong>it_a</strong></span> <span class='ocrx_word' id='word_1_543' title='bbox 2005 4401 2109 4456; x_wconf 60' lang='grc' dir='ltr'><strong>[δεδ-</strong></span> 
     </span>
    </p>
   </div>
   <div class='ocr_carea' id='block_1_77' title="bbox 543 4471 2114 4542">
    <p class='ocr_par' dir='ltr' id='par_1_77' title="bbox 543 4471 2114 4542">
     <span class='ocr_line' id='line_1_77' title="bbox 543 4471 2114 4542; baseline -0.003 -13"><span class='ocrx_word' id='word_1_544' title='bbox 543 4471 807 4529; x_wconf 77' lang='lat' dir='ltr'><strong>iuniscum</strong></span> <span class='ocrx_word' id='word_1_545' title='bbox 853 4473 1149 4528; x_wconf 88' lang='lat' dir='ltr'><strong>adhibitum</strong></span> <span class='ocrx_word' id='word_1_546' title='bbox 1198 4471 1387 4542; x_wconf 74' lang='lat' dir='ltr'><strong>fuisse,</strong></span> <span class='ocrx_word' id='word_1_547' title='bbox 1417 4471 1518 4527; x_wconf 84' lang='lat' dir='ltr'><strong>ubi</strong></span> <span class='ocrx_word' id='word_1_548' title='bbox 1555 4472 1906 4542; x_wconf 86' lang='lat' dir='ltr'><strong>Septuaginta</strong></span> <span class='ocrx_word' id='word_1_549' title='bbox 1939 4471 2114 4525; x_wconf 89' lang='lat' dir='ltr'><strong>Inter-</strong></span> 
     </span>
    </p>
   </div>
   <div class='ocr_carea' id='block_1_78' title="bbox 541 4541 2108 4614">
    <p class='ocr_par' dir='ltr' id='par_1_78' title="bbox 541 4541 2108 4614">
     <span class='ocr_line' id='line_1_78' title="bbox 541 4541 2108 4614; baseline -0.003 -16"><span class='ocrx_word' id='word_1_550' title='bbox 541 4555 722 4614; x_wconf 87' lang='lat' dir='ltr'><strong>pretes</strong></span> <span class='ocrx_word' id='word_1_551' title='bbox 745 4544 1023 4598; x_wconf 89' lang='lat' dir='ltr'><strong>lectionem</strong></span> <span class='ocrx_word' id='word_1_552' title='bbox 1063 4543 1281 4612; x_wconf 89' lang='lat' dir='ltr'><strong>quidem</strong></span> <span class='ocrx_word' id='word_1_553' title='bbox 1309 4541 1630 4614; x_wconf 88' lang='lat' dir='ltr'><strong>Hebraieam</strong></span> <span class='ocrx_word' id='word_1_554' title='bbox 1684 4541 2063 4610; x_wconf 79' lang='lat' dir='ltr'><strong>exprimebant</strong></span> <span class='ocrx_word' id='word_1_555' title='bbox 2093 4581 2108 4606; x_wconf 93' lang='lat'><strong>,</strong></span> 
     </span>
    </p>
   </div>
   <div class='ocr_carea' id='block_1_79' title="bbox 2227 3361 3800 3431">
    <p class='ocr_par' dir='ltr' id='par_1_79' title="bbox 2227 3361 3800 3431">
     <span class='ocr_line' id='line_1_79' title="bbox 2227 3361 3800 3431; baseline -0.001 -13"><span class='ocrx_word' id='word_1_556' title='bbox 2227 3362 2504 3429; x_wconf 88' lang='lat' dir='ltr'><strong>cationes;</strong></span> <span class='ocrx_word' id='word_1_557' title='bbox 2539 3361 2650 3431; x_wconf 90' lang='lat'><strong>(99)</strong></span> <span class='ocrx_word' id='word_1_558' title='bbox 2677 3361 3013 3431; x_wconf 90' lang='lat' dir='ltr'><strong>multumque</strong></span> <span class='ocrx_word' id='word_1_559' title='bbox 3049 3361 3284 3427; x_wconf 88' lang='lat' dir='ltr'><strong>fallitur,</strong></span> <span class='ocrx_word' id='word_1_560' title='bbox 3311 3377 3431 3418; x_wconf 92' lang='lat' dir='ltr'><strong>cum</strong></span> <span class='ocrx_word' id='word_1_561' title='bbox 3459 3363 3800 3430; x_wconf 87' lang='lat' dir='ltr'><strong>vocabulum,</strong></span> 
     </span>
    </p>
   </div>
   <div class='ocr_carea' id='block_1_80' title="bbox 2227 3453 3797 3527">
    <p class='ocr_par' dir='ltr' id='par_1_80' title="bbox 2227 3453 3797 3527">
     <span class='ocr_line' id='line_1_80' title="bbox 2227 3453 3797 3527; baseline 0.001 -18"><span class='ocrx_word' id='word_1_562' title='bbox 2227 3455 2524 3527; x_wconf 80' lang='grc' dir='ltr'><strong>λημνίσκος</strong></span> <span class='ocrx_word' id='word_1_563' title='bbox 2549 3455 2756 3510; x_wconf 89' lang='lat' dir='ltr'><strong>derivat</strong></span> <span class='ocrx_word' id='word_1_564' title='bbox 2786 3471 2816 3509; x_wconf 90' lang='lat' dir='ltr'><strong>a</strong></span> <span class='ocrx_word' id='word_1_565' title='bbox 2850 3453 3038 3510; x_wconf 74' lang='lat' dir='ltr'><strong>Graeco</strong></span> <span class='ocrx_word' id='word_1_566' title='bbox 3073 3454 3383 3526; x_wconf 76' lang='grc' dir='ltr'><strong>λιμνάζεινο</strong></span> <span class='ocrx_word' id='word_1_567' title='bbox 3410 3469 3532 3510; x_wconf 84' lang='lat' dir='ltr'><strong>nam</strong></span> <span class='ocrx_word' id='word_1_568' title='bbox 3560 3456 3797 3527; x_wconf 82' lang='lat' dir='ltr'><strong>Syracu-</strong></span> 
     </span>
    </p>
   </div>
   <div class='ocr_carea' id='block_1_81' title="bbox 2228 3546 3802 3617">
    <p class='ocr_par' dir='ltr' id='par_1_81' title="bbox 2228 3546 3802 3617">
     <span class='ocr_line' id='line_1_81' title="bbox 2228 3546 3802 3617; baseline 0 -15"><span class='ocrx_word' id='word_1_569' title='bbox 2228 3549 2364 3602; x_wconf 90' lang='lat' dir='ltr'><strong>siam</strong></span> <span class='ocrx_word' id='word_1_570' title='bbox 2388 3562 2510 3602; x_wconf 89' lang='lat' dir='ltr'><strong>esse</strong></span> <span class='ocrx_word' id='word_1_571' title='bbox 2543 3561 2730 3603; x_wconf 89' lang='lat' dir='ltr'><strong>vocem</strong></span> <span class='ocrx_word' id='word_1_572' title='bbox 2757 3555 2990 3602; x_wconf 84' lang='lat' dir='ltr'><strong>constat.</strong></span> <span class='ocrx_word' id='word_1_573' title='bbox 3019 3546 3245 3616; x_wconf 83' lang='lat' dir='ltr'><strong>Reliqua</strong></span> <span class='ocrx_word' id='word_1_574' title='bbox 3297 3548 3416 3602; x_wconf 88' lang='lat' dir='ltr'><strong>fuse</strong></span> <span class='ocrx_word' id='word_1_575' title='bbox 3455 3549 3802 3617; x_wconf 88' lang='lat' dir='ltr'><strong>persequitur</strong></span> 
     </span>
    </p>
   </div>
   <div class='ocr_carea' id='block_1_82' title="bbox 2228 3638 3801 3711">
    <p class='ocr_par' dir='ltr' id='par_1_82' title="bbox 2228 3638 3801 3711">
     <span class='ocr_line' id='line_1_82' title="bbox 2228 3638 3801 3711; baseline -0.001 -16"><span class='ocrx_word' id='word_1_576' title='bbox 2228 3640 2568 3711; x_wconf 86' lang='lat' dir='ltr'><strong>Epiphanius</strong></span> <span class='ocrx_word' id='word_1_577' title='bbox 2597 3639 2650 3693; x_wconf 94' lang='lat' dir='ltr'><strong>in</strong></span> <span class='ocrx_word' id='word_1_578' title='bbox 2677 3640 2865 3694; x_wconf 92' lang='lat' dir='ltr'><strong>eodem</strong></span> <span class='ocrx_word' id='word_1_579' title='bbox 2891 3638 3028 3693; x_wconf 90' lang='lat' dir='ltr'><strong>libro</strong></span> <span class='ocrx_word' id='word_1_580' title='bbox 3057 3657 3071 3693; x_wconf 90' lang='lat'><strong>:</strong></span> <span class='ocrx_word' id='word_1_581' title='bbox 3105 3655 3205 3694; x_wconf 89' lang='lat' dir='ltr'><strong>nec</strong></span> <span class='ocrx_word' id='word_1_582' title='bbox 3227 3640 3386 3695; x_wconf 90' lang='lat' dir='ltr'><strong>docet</strong></span> <span class='ocrx_word' id='word_1_583' title='bbox 3411 3650 3590 3696; x_wconf 88' lang='lat' dir='ltr'><strong>tamen</strong></span> <span class='ocrx_word' id='word_1_584' title='bbox 3615 3649 3801 3694; x_wconf 88' lang='lat' dir='ltr'><strong>utrum</strong></span> 
     </span>
    </p>
   </div>
   <div class='ocr_carea' id='block_1_83' title="bbox 2227 3731 3801 3802">
    <p class='ocr_par' dir='ltr' id='par_1_83' title="bbox 2227 3731 3801 3802">
     <span class='ocr_line' id='line_1_83' title="bbox 2227 3731 3801 3802; baseline -0.001 -14"><span class='ocrx_word' id='word_1_585' title='bbox 2227 3748 2347 3802; x_wconf 80' lang='lat' dir='ltr'><strong>qua:</strong></span> <span class='ocrx_word' id='word_1_586' title='bbox 2381 3731 2636 3802; x_wconf 65' lang='lat' dir='ltr'><strong>Hexaplis</strong></span> <span class='ocrx_word' id='word_1_587' title='bbox 2671 3733 2876 3787; x_wconf 83' lang='lat' dir='ltr'><strong>intexta</strong></span> <span class='ocrx_word' id='word_1_588' title='bbox 2907 3741 2988 3788; x_wconf 87' lang='lat' dir='ltr'><strong>est</strong></span> <span class='ocrx_word' id='word_1_589' title='bbox 3010 3733 3384 3802; x_wconf 83' lang='lat' dir='ltr'><strong>interpretatio</strong></span> <span class='ocrx_word' id='word_1_590' title='bbox 3431 3732 3538 3786; x_wconf 85' lang='grc' dir='ltr'><strong>τῶν</strong></span> <span class='ocrx_word' id='word_1_591' title='bbox 3579 3733 3636 3786; x_wconf 93' lang='lat'><strong>0&#39;</strong></span> <span class='ocrx_word' id='word_1_592' title='bbox 3657 3731 3801 3801; x_wconf 83' lang='lat' dir='ltr'><strong>ejus-</strong></span> 
     </span>
    </p>
   </div>
   <div class='ocr_carea' id='block_1_84' title="bbox 2227 3824 3802 3898">
    <p class='ocr_par' dir='ltr' id='par_1_84' title="bbox 2227 3824 3802 3898">
     <span class='ocr_line' id='line_1_84' title="bbox 2227 3824 3802 3898; baseline 0.001 -18"><span class='ocrx_word' id='word_1_593' title='bbox 2227 3825 2372 3882; x_wconf 87' lang='lat' dir='ltr'><strong>modi</strong></span> <span class='ocrx_word' id='word_1_594' title='bbox 2399 3826 2547 3882; x_wconf 87' lang='lat' dir='ltr'><strong>notis</strong></span> <span class='ocrx_word' id='word_1_595' title='bbox 2571 3824 2738 3880; x_wconf 84' lang='lat' dir='ltr'><strong>fuerit</strong></span> <span class='ocrx_word' id='word_1_596' title='bbox 2762 3825 3037 3896; x_wconf 82' lang='lat' dir='ltr'><strong>insignis:</strong></span> <span class='ocrx_word' id='word_1_597' title='bbox 3093 3826 3187 3881; x_wconf 87' lang='lat' dir='ltr'><strong>sed</strong></span> <span class='ocrx_word' id='word_1_598' title='bbox 3222 3826 3274 3880; x_wconf 91' lang='lat' dir='ltr'><strong>id</strong></span> <span class='ocrx_word' id='word_1_599' title='bbox 3324 3827 3667 3898; x_wconf 88' lang='lat' dir='ltr'><strong>perspicuum</strong></span> <span class='ocrx_word' id='word_1_600' title='bbox 3714 3837 3802 3882; x_wconf 88' lang='lat' dir='ltr'><strong>est</strong></span> 
     </span>
    </p>
   </div>
   <div class='ocr_carea' id='block_1_85' title="bbox 2226 3979 3799 4050">
    <p class='ocr_par' dir='ltr' id='par_1_85' title="bbox 2226 3979 3799 4050">
     <span class='ocr_line' id='line_1_85' title="bbox 2226 3979 3799 4050; baseline -0.002 -15"><span class='ocrx_word' id='word_1_601' title='bbox 2226 3979 2581 4050; x_wconf 78' lang='lat' dir='ltr'><strong>Montfaucon</strong></span> <span class='ocrx_word' id='word_1_602' title='bbox 2606 3979 2802 4034; x_wconf 86' lang='lat' dir='ltr'><strong>ibidem</strong></span> <span class='ocrx_word' id='word_1_603' title='bbox 2827 3995 2934 4050; x_wconf 92' lang='lat' dir='ltr'><strong>quo</strong></span> <span class='ocrx_word' id='word_1_604' title='bbox 2967 3994 3151 4048; x_wconf 91' lang='lat' dir='ltr'><strong>supra,</strong></span> <span class='ocrx_word' id='word_1_605' title='bbox 3184 3980 3310 4047; x_wconf 85' lang='lat' dir='ltr'><strong>quid</strong></span> <span class='ocrx_word' id='word_1_606' title='bbox 3336 3980 3536 4033; x_wconf 90' lang='lat' dir='ltr'><strong>sentiat</strong></span> <span class='ocrx_word' id='word_1_607' title='bbox 3570 3981 3652 4032; x_wconf 94' lang='lat' dir='ltr'><strong>vir</strong></span> <span class='ocrx_word' id='word_1_608' title='bbox 3669 3994 3799 4034; x_wconf 85' lang='lat' dir='ltr'><strong>eru-</strong></span> 
     </span>
    </p>
   </div>
   <div class='ocr_carea' id='block_1_86' title="bbox 2227 4049 3797 4118">
    <p class='ocr_par' dir='ltr' id='par_1_86' title="bbox 2227 4049 3797 4118">
     <span class='ocr_line' id='line_1_86' title="bbox 2227 4049 3797 4118; baseline 0.001 -15"><span class='ocrx_word' id='word_1_609' title='bbox 2227 4052 2528 4105; x_wconf 89' lang='lat' dir='ltr'><strong>ditissimus</strong></span> <span class='ocrx_word' id='word_1_610' title='bbox 2555 4049 2614 4102; x_wconf 84' lang='lat' dir='ltr'><strong>B.</strong></span> <span class='ocrx_word' id='word_1_611' title='bbox 2655 4049 2864 4104; x_wconf 78' lang='lat' dir='ltr'><strong>Moneta</strong></span> <span class='ocrx_word' id='word_1_612' title='bbox 2907 4053 3118 4118; x_wconf 85' lang='lat' dir='ltr'><strong>paucis.</strong></span> <span class='ocrx_word' id='word_1_613' title='bbox 3164 4061 3221 4104; x_wconf 91' lang='lat' dir='ltr'><strong>ut</strong></span> <span class='ocrx_word' id='word_1_614' title='bbox 3250 4053 3316 4104; x_wconf 88' lang='lat' dir='ltr'><strong>ab</strong></span> <span class='ocrx_word' id='word_1_615' title='bbox 3351 4065 3416 4104; x_wconf 91' lang='lat' dir='ltr'><strong>eo</strong></span> <span class='ocrx_word' id='word_1_616' title='bbox 3448 4051 3653 4118; x_wconf 88' lang='lat' dir='ltr'><strong>accepi,</strong></span> <span class='ocrx_word' id='word_1_617' title='bbox 3701 4065 3797 4105; x_wconf 89' lang='lat' dir='ltr'><strong>ex-</strong></span> 
     </span>
    </p>
   </div>
   <div class='ocr_carea' id='block_1_87' title="bbox 2233 4119 3796 4190">
    <p class='ocr_par' dir='ltr' id='par_1_87' title="bbox 2233 4119 3796 4190">
     <span class='ocr_line' id='line_1_87' title="bbox 2233 4119 3796 4190; baseline 0 -15"><span class='ocrx_word' id='word_1_618' title='bbox 2233 4136 2499 4189; x_wconf 86' lang='lat' dir='ltr'><strong>promam.</strong></span> <span class='ocrx_word' id='word_1_619' title='bbox 2528 4121 2822 4190; x_wconf 72' lang='lat' dir='ltr'><strong>Athenaeus</strong></span> <span class='ocrx_word' id='word_1_620' title='bbox 2854 4135 2973 4189; x_wconf 86' lang='lat' dir='ltr'><strong>pag.</strong></span> <span class='ocrx_word' id='word_1_621' title='bbox 3003 4120 3109 4174; x_wconf 78' lang='lat'><strong>200</strong></span> <span class='ocrx_word' id='word_1_622' title='bbox 3162 4119 3414 4190; x_wconf 87' lang='lat' dir='ltr'><strong>editionis</strong></span> <span class='ocrx_word' id='word_1_623' title='bbox 3470 4120 3796 4190; x_wconf 86' lang='lat' dir='ltr'><strong>Lugdunen-</strong></span> 
     </span>
    </p>
   </div>
   <div class='ocr_carea' id='block_1_88' title="bbox 2225 4189 3799 4260">
    <p class='ocr_par' dir='ltr' id='par_1_88' title="bbox 2225 4189 3799 4260">
     <span class='ocr_line' id='line_1_88' title="bbox 2225 4189 3799 4260; baseline -0.002 -16"><span class='ocrx_word' id='word_1_624' title='bbox 2225 4192 2303 4246; x_wconf 89' lang='lat' dir='ltr'><strong>sis</strong></span> <span class='ocrx_word' id='word_1_625' title='bbox 2345 4192 2398 4260; x_wconf 89' lang='lat' dir='ltr'><strong>in</strong></span> <span class='ocrx_word' id='word_1_626' title='bbox 2437 4191 2647 4258; x_wconf 82' lang='lat' dir='ltr'><strong>prolixo</strong></span> <span class='ocrx_word' id='word_1_627' title='bbox 2671 4189 2936 4244; x_wconf 83' lang='lat' dir='ltr'><strong>Callixeui</strong></span> <span class='ocrx_word' id='word_1_628' title='bbox 2990 4190 3180 4245; x_wconf 78' lang='lat' dir='ltr'><strong>Rhodii</strong></span> <span class='ocrx_word' id='word_1_629' title='bbox 3215 4189 3355 4254; x_wconf 93' lang='lat' dir='ltr'><strong>loco,</strong></span> <span class='ocrx_word' id='word_1_630' title='bbox 3419 4189 3604 4244; x_wconf 88' lang='lat' dir='ltr'><strong>vocem</strong></span> <span class='ocrx_word' id='word_1_631' title='bbox 3635 4189 3799 4260; x_wconf 79' lang='grc' dir='ltr'><strong>λημί-</strong></span> 
     </span>
    </p>
   </div>
   <div class='ocr_carea' id='block_1_89' title="bbox 2223 4259 3796 4330">
    <p class='ocr_par' dir='ltr' id='par_1_89' title="bbox 2223 4259 3796 4330">
     <span class='ocr_line' id='line_1_89' title="bbox 2223 4259 3796 4330; baseline 0.001 -17"><span class='ocrx_word' id='word_1_632' title='bbox 2223 4277 2374 4324; x_wconf 86' lang='grc' dir='ltr'>σκοις</span> <span class='ocrx_word' id='word_1_633' title='bbox 2387 4259 2566 4323; x_wconf 85' lang='lat' dir='ltr'><strong>habet,</strong></span> <span class='ocrx_word' id='word_1_634' title='bbox 2585 4275 2704 4329; x_wconf 71' lang='lat' dir='ltr'><strong>quae</strong></span> <span class='ocrx_word' id='word_1_635' title='bbox 2725 4261 2777 4314; x_wconf 92' lang='lat' dir='ltr'><strong>in</strong></span> <span class='ocrx_word' id='word_1_636' title='bbox 2793 4261 3035 4330; x_wconf 88' lang='lat' dir='ltr'><strong>margine</strong></span> <span class='ocrx_word' id='word_1_637' title='bbox 3053 4260 3131 4314; x_wconf 90' lang='lat' dir='ltr'><strong>sic</strong></span> <span class='ocrx_word' id='word_1_638' title='bbox 3153 4265 3487 4322; x_wconf 88' lang='lat' dir='ltr'><strong>emendatur.</strong></span> <span class='ocrx_word' id='word_1_639' title='bbox 3512 4259 3796 4325; x_wconf 72' lang='grc' dir='ltr'><strong>λινίσκὸις,</strong></span> 
     </span>
    </p>
   </div>
   <div class='ocr_carea' id='block_1_90' title="bbox 2219 4330 3796 4398">
    <p class='ocr_par' dir='ltr' id='par_1_90' title="bbox 2219 4330 3796 4398">
     <span class='ocr_line' id='line_1_90' title="bbox 2219 4330 3796 4398; baseline 0.001 -14"><span class='ocrx_word' id='word_1_640' title='bbox 2219 4344 2386 4398; x_wconf 87' lang='lat' dir='ltr'><strong>atque</strong></span> <span class='ocrx_word' id='word_1_641' title='bbox 2417 4332 2489 4385; x_wconf 91' lang='lat' dir='ltr'><strong>ita</strong></span> <span class='ocrx_word' id='word_1_642' title='bbox 2551 4330 2681 4398; x_wconf 86' lang='lat' dir='ltr'><strong>legit</strong></span> <span class='ocrx_word' id='word_1_643' title='bbox 2739 4331 3051 4384; x_wconf 86' lang='lat' dir='ltr'><strong>Eustathius</strong></span> <span class='ocrx_word' id='word_1_644' title='bbox 3106 4330 3160 4385; x_wconf 90' lang='lat' dir='ltr'><strong>in</strong></span> <span class='ocrx_word' id='word_1_645' title='bbox 3220 4345 3434 4384; x_wconf 89' lang='lat' dir='ltr'><strong>versum</strong></span> <span class='ocrx_word' id='word_1_646' title='bbox 3463 4331 3568 4384; x_wconf 81' lang='grc'>570</span> <span class='ocrx_word' id='word_1_647' title='bbox 3601 4333 3796 4387; x_wconf 89' lang='lat' dir='ltr'><strong>decimi</strong></span> 
     </span>
    </p>
   </div>
   <div class='ocr_carea' id='block_1_91' title="bbox 2218 4401 3802 4470">
    <p class='ocr_par' dir='ltr' id='par_1_91' title="bbox 2218 4401 3802 4470">
     <span class='ocr_line' id='line_1_91' title="bbox 2218 4401 3802 4470; baseline 0.001 -16"><span class='ocrx_word' id='word_1_648' title='bbox 2218 4402 2397 4455; x_wconf 88' lang='lat' dir='ltr'><strong>octavi</strong></span> <span class='ocrx_word' id='word_1_649' title='bbox 2435 4401 2554 4454; x_wconf 92' lang='lat' dir='ltr'><strong>libri</strong></span> <span class='ocrx_word' id='word_1_650' title='bbox 2585 4401 2813 4465; x_wconf 82' lang='lat' dir='ltr'><strong>Iliados,</strong></span> <span class='ocrx_word' id='word_1_651' title='bbox 2837 4401 2925 4455; x_wconf 91' lang='lat' dir='ltr'><strong>ubi</strong></span> <span class='ocrx_word' id='word_1_652' title='bbox 2967 4402 3110 4454; x_wconf 92' lang='lat' dir='ltr'><strong>hunc</strong></span> <span class='ocrx_word' id='word_1_653' title='bbox 3136 4402 3310 4470; x_wconf 90' lang='lat' dir='ltr'><strong>ipsum</strong></span> <span class='ocrx_word' id='word_1_654' title='bbox 3333 4403 3402 4456; x_wconf 90' lang='lat' dir='ltr'><strong>ab</strong></span> <span class='ocrx_word' id='word_1_655' title='bbox 3427 4402 3689 4457; x_wconf 63' lang='lat' dir='ltr'><strong>Athenaeo</strong></span> <span class='ocrx_word' id='word_1_656' title='bbox 3721 4403 3802 4456; x_wconf 89' lang='lat' dir='ltr'><strong>al-</strong></span> 
     </span>
    </p>
   </div>
   <div class='ocr_carea' id='block_1_92' title="bbox 2220 4470 3798 4528">
    <p class='ocr_par' dir='ltr' id='par_1_92' title="bbox 2220 4470 3798 4528">
     <span class='ocr_line' id='line_1_92' title="bbox 2220 4470 3798 4528; baseline 0 -3"><span class='ocrx_word' id='word_1_657' title='bbox 2220 4471 2388 4526; x_wconf 89' lang='lat' dir='ltr'><strong>latum</strong></span> <span class='ocrx_word' id='word_1_658' title='bbox 2441 4471 2617 4525; x_wconf 90' lang='lat' dir='ltr'><strong>locum</strong></span> <span class='ocrx_word' id='word_1_659' title='bbox 2675 4471 2864 4526; x_wconf 88' lang='lat' dir='ltr'><strong>refert.</strong></span> <span class='ocrx_word' id='word_1_660' title='bbox 2912 4470 3128 4526; x_wconf 89' lang='lat' dir='ltr'><strong>Isaaeus</strong></span> <span class='ocrx_word' id='word_1_661' title='bbox 3163 4487 3290 4525; x_wconf 90' lang='lat' dir='ltr'><strong>vero</strong></span> <span class='ocrx_word' id='word_1_662' title='bbox 3333 4472 3689 4528; x_wconf 79' lang='lat' dir='ltr'><strong>Casauhouus</strong></span> <span class='ocrx_word' id='word_1_663' title='bbox 3739 4475 3798 4526; x_wconf 88' lang='lat' dir='ltr'><strong>in</strong></span> 
     </span>
    </p>
   </div>
   <div class='ocr_carea' id='block_1_93' title="bbox 2219 4539 3800 4612">
    <p class='ocr_par' dir='ltr' id='par_1_93' title="bbox 2219 4539 3800 4612">
     <span class='ocr_line' id='line_1_93' title="bbox 2219 4539 3800 4612; baseline 0.002 -18"><span class='ocrx_word' id='word_1_664' title='bbox 2219 4541 2372 4595; x_wconf 77' lang='lat' dir='ltr'><strong>Notis</strong></span> <span class='ocrx_word' id='word_1_665' title='bbox 2420 4551 2512 4594; x_wconf 85' lang='lat' dir='ltr'><strong>aut</strong></span> <span class='ocrx_word' id='word_1_666' title='bbox 2543 4541 2890 4611; x_wconf 82' lang='grc' dir='ltr'><strong>λεμνίσκοις,</strong></span> <span class='ocrx_word' id='word_1_667' title='bbox 2921 4550 3017 4612; x_wconf 86' lang='lat' dir='ltr'><strong>aut</strong></span> <span class='ocrx_word' id='word_1_668' title='bbox 3058 4539 3319 4605; x_wconf 83' lang='grc' dir='ltr'><strong>λινίσκοις</strong></span> <span class='ocrx_word' id='word_1_669' title='bbox 3354 4542 3635 4612; x_wconf 81' lang='lat' dir='ltr'><strong>legendum</strong></span> <span class='ocrx_word' id='word_1_670' title='bbox 3676 4557 3800 4597; x_wconf 86' lang='lat' dir='ltr'><strong>esse</strong></span> 
     </span>
    </p>
   </div>
   <div class='ocr_carea' id='block_1_94' title="bbox 541 4611 3790 4681">
    <p class='ocr_par' dir='ltr' id='par_1_94' title="bbox 541 4611 3790 4681">
     <span class='ocr_line' id='line_1_94' title="bbox 541 4611 3790 4681; baseline 0 -13"><span class='ocrx_word' id='word_1_671' title='bbox 541 4611 635 4669; x_wconf 78' lang='lat' dir='ltr'><strong>sed</strong></span> <span class='ocrx_word' id='word_1_672' title='bbox 671 4629 772 4667; x_wconf 85' lang='lat' dir='ltr'><strong>non</strong></span> <span class='ocrx_word' id='word_1_673' title='bbox 807 4615 880 4667; x_wconf 89' lang='lat' dir='ltr'><strong>ita</strong></span> <span class='ocrx_word' id='word_1_674' title='bbox 917 4611 1170 4668; x_wconf 85' lang='lat' dir='ltr'><strong>accurate</strong></span> <span class='ocrx_word' id='word_1_675' title='bbox 1238 4622 1397 4681; x_wconf 86' lang='lat' dir='ltr'><strong>atque</strong></span> <span class='ocrx_word' id='word_1_676' title='bbox 1457 4613 1709 4667; x_wconf 85' lang='lat' dir='ltr'><strong>distincte</strong></span> <span class='ocrx_word' id='word_1_677' title='bbox 1738 4630 1752 4666; x_wconf 88' lang='lat'><strong>:</strong></span> <span class='ocrx_word' id='word_1_678' title='bbox 1788 4628 1907 4681; x_wconf 70' lang='lat' dir='ltr'><strong>qua:</strong></span> <span class='ocrx_word' id='word_1_679' title='bbox 1948 4627 2108 4666; x_wconf 90' lang='lat' dir='ltr'><strong>causa</strong></span> <span class='ocrx_word' id='word_1_680' title='bbox 2149 4623 2192 4677; x_wconf 83' lang='lat'><strong>1)</strong></span> <span class='ocrx_word' id='word_1_681' title='bbox 2225 4612 2374 4676; x_wconf 81' lang='lat' dir='ltr'><strong>dicit,</strong></span> <span class='ocrx_word' id='word_1_682' title='bbox 2401 4611 2494 4666; x_wconf 91' lang='lat' dir='ltr'><strong>sed</strong></span> <span class='ocrx_word' id='word_1_683' title='bbox 2521 4623 2768 4665; x_wconf 87' lang='lat' dir='ltr'><strong>neutram</strong></span> <span class='ocrx_word' id='word_1_684' title='bbox 2795 4611 2951 4666; x_wconf 83' lang='lat' dir='ltr'><strong>alteri</strong></span> <span class='ocrx_word' id='word_1_685' title='bbox 2976 4611 3262 4665; x_wconf 90' lang='lat' dir='ltr'><strong>lectionem</strong></span> <span class='ocrx_word' id='word_1_686' title='bbox 3298 4611 3555 4681; x_wconf 68' lang='lat' dir='ltr'><strong>praeferre</strong></span> <span class='ocrx_word' id='word_1_687' title='bbox 3604 4613 3790 4669; x_wconf 90' lang='lat' dir='ltr'><strong>audet.</strong></span> 
     </span>
    </p>
   </div>
   <div class='ocr_carea' id='block_1_95' title="bbox 540 4683 2118 4751">
    <p class='ocr_par' dir='ltr' id='par_1_95' title="bbox 540 4683 2118 4751">
     <span class='ocr_line' id='line_1_95' title="bbox 540 4683 2118 4751; baseline -0.001 -13"><span class='ocrx_word' id='word_1_688' title='bbox 540 4696 661 4739; x_wconf 90' lang='lat' dir='ltr'><strong>erat</strong></span> <span class='ocrx_word' id='word_1_689' title='bbox 691 4694 748 4737; x_wconf 90' lang='lat' dir='ltr'><strong>ut</strong></span> <span class='ocrx_word' id='word_1_690' title='bbox 773 4685 863 4738; x_wconf 89' lang='lat' dir='ltr'><strong>illa</strong></span> <span class='ocrx_word' id='word_1_691' title='bbox 896 4685 946 4737; x_wconf 90' lang='lat' dir='ltr'><strong>in</strong></span> <span class='ocrx_word' id='word_1_692' title='bbox 981 4693 1127 4737; x_wconf 89' lang='lat' dir='ltr'><strong>textu</strong></span> <span class='ocrx_word' id='word_1_693' title='bbox 1161 4683 1368 4746; x_wconf 81' lang='lat' dir='ltr'><strong>relicta,</strong></span> <span class='ocrx_word' id='word_1_694' title='bbox 1402 4683 1570 4737; x_wconf 88' lang='lat' dir='ltr'><strong>altera</strong></span> <span class='ocrx_word' id='word_1_695' title='bbox 1605 4699 1724 4751; x_wconf 73' lang='lat' dir='ltr'><strong>qua:</strong></span> <span class='ocrx_word' id='word_1_696' title='bbox 1757 4683 1946 4737; x_wconf 90' lang='lat' dir='ltr'><strong>mellor</strong></span> <span class='ocrx_word' id='word_1_697' title='bbox 1973 4684 2118 4738; x_wconf 87' lang='lat' dir='ltr'><strong>vide-</strong></span> 
     </span>
    </p>
   </div>
   <div class='ocr_carea' id='block_1_96' title="bbox 541 4752 2117 4823">
    <p class='ocr_par' dir='ltr' id='par_1_96' title="bbox 541 4752 2117 4823">
     <span class='ocr_line' id='line_1_96' title="bbox 541 4752 2117 4823; baseline -0.003 -15"><span class='ocrx_word' id='word_1_698' title='bbox 541 4754 725 4819; x_wconf 83' lang='lat' dir='ltr'><strong>batur,</strong></span> <span class='ocrx_word' id='word_1_699' title='bbox 761 4772 828 4809; x_wconf 85' lang='lat' dir='ltr'><strong>ex</strong></span> <span class='ocrx_word' id='word_1_700' title='bbox 861 4755 982 4808; x_wconf 89' lang='lat' dir='ltr'><strong>aliis</strong></span> <span class='ocrx_word' id='word_1_701' title='bbox 1006 4754 1396 4823; x_wconf 86' lang='lat' dir='ltr'><strong>interpretibus</strong></span> <span class='ocrx_word' id='word_1_702' title='bbox 1430 4754 1625 4823; x_wconf 86' lang='lat' dir='ltr'><strong>petita,</strong></span> <span class='ocrx_word' id='word_1_703' title='bbox 1656 4755 1781 4808; x_wconf 89' lang='lat' dir='ltr'><strong>huic</strong></span> <span class='ocrx_word' id='word_1_704' title='bbox 1824 4752 2117 4822; x_wconf 79' lang='lat' dir='ltr'><strong>subjunge-</strong></span> 
     </span>
    </p>
   </div>
   <div class='ocr_carea' id='block_1_97' title="bbox 541 4823 2116 4894">
    <p class='ocr_par' dir='ltr' id='par_1_97' title="bbox 541 4823 2116 4894">
     <span class='ocr_line' id='line_1_97' title="bbox 541 4823 2116 4894; baseline -0.002 -16"><span class='ocrx_word' id='word_1_705' title='bbox 541 4837 713 4878; x_wconf 85' lang='lat' dir='ltr'><strong>retur.</strong></span> <span class='ocrx_word' id='word_1_706' title='bbox 752 4825 936 4894; x_wconf 83' lang='lat' dir='ltr'><strong>Neque</strong></span> <span class='ocrx_word' id='word_1_707' title='bbox 961 4824 1106 4878; x_wconf 91' lang='lat' dir='ltr'><strong>enim</strong></span> <span class='ocrx_word' id='word_1_708' title='bbox 1137 4824 1432 4894; x_wconf 89' lang='lat' dir='ltr'><strong>putandum</strong></span> <span class='ocrx_word' id='word_1_709' title='bbox 1477 4834 1583 4886; x_wconf 86' lang='lat' dir='ltr'><strong>est,</strong></span> <span class='ocrx_word' id='word_1_710' title='bbox 1620 4823 2116 4894; x_wconf 13' lang='lat' dir='ltr'><strong>Origenemivirum</strong></span> 
     </span>
    </p>
   </div>
   <div class='ocr_carea' id='block_1_98' title="bbox 539 4893 2120 4964">
    <p class='ocr_par' dir='ltr' id='par_1_98' title="bbox 539 4893 2120 4964">
     <span class='ocr_line' id='line_1_98' title="bbox 539 4893 2120 4964; baseline -0.001 -17"><span class='ocrx_word' id='word_1_711' title='bbox 539 4895 830 4950; x_wconf 85' lang='lat' dir='ltr'><strong>admodum</strong></span> <span class='ocrx_word' id='word_1_712' title='bbox 851 4893 1205 4960; x_wconf 74' lang='lat' dir='ltr'><strong>accuratum,</strong></span> <span class='ocrx_word' id='word_1_713' title='bbox 1236 4895 1328 4963; x_wconf 90' lang='lat' dir='ltr'><strong>qui</strong></span> <span class='ocrx_word' id='word_1_714' title='bbox 1383 4904 1490 4948; x_wconf 89' lang='lat' dir='ltr'><strong>tam</strong></span> <span class='ocrx_word' id='word_1_715' title='bbox 1542 4893 1825 4964; x_wconf 86' lang='lat' dir='ltr'><strong>diligenter</strong></span> <span class='ocrx_word' id='word_1_716' title='bbox 1848 4893 1930 4946; x_wconf 89' lang='lat' dir='ltr'><strong>vel</strong></span> <span class='ocrx_word' id='word_1_717' title='bbox 1962 4893 2120 4947; x_wconf 85' lang='lat' dir='ltr'><strong>levis-</strong></span> 
     </span>
    </p>
   </div>
   <div class='ocr_carea' id='block_1_99' title="bbox 539 4965 2120 5035">
    <p class='ocr_par' dir='ltr' id='par_1_99' title="bbox 539 4965 2120 5035">
     <span class='ocr_line' id='line_1_99' title="bbox 539 4965 2120 5035; baseline -0.003 -17"><span class='ocrx_word' id='word_1_718' title='bbox 539 4967 672 5034; x_wconf 75' lang='lat' dir='ltr'><strong>sima</strong></span> <span class='ocrx_word' id='word_1_719' title='bbox 697 4981 816 5035; x_wconf 72' lang='lat' dir='ltr'><strong>qua:</strong></span> <span class='ocrx_word' id='word_1_720' title='bbox 841 4967 1179 5019; x_wconf 85' lang='lat' dir='ltr'><strong>addebantur</strong></span> <span class='ocrx_word' id='word_1_721' title='bbox 1200 4965 1484 5025; x_wconf 84' lang='lat' dir='ltr'><strong>asterisco.</strong></span> <span class='ocrx_word' id='word_1_722' title='bbox 1502 4975 1557 5018; x_wconf 89' lang='lat' dir='ltr'><strong>et</strong></span> <span class='ocrx_word' id='word_1_723' title='bbox 1579 4979 1696 5033; x_wconf 75' lang='lat' dir='ltr'><strong>qua:</strong></span> <span class='ocrx_word' id='word_1_724' title='bbox 1714 4965 1974 5018; x_wconf 83' lang='lat' dir='ltr'><strong>demenda</strong></span> <span class='ocrx_word' id='word_1_725' title='bbox 1989 4972 2120 5035; x_wconf 86' lang='lat' dir='ltr'><strong>erat</strong></span> 
     </span>
    </p>
   </div>
   <div class='ocr_carea' id='block_1_100' title="bbox 537 5034 2120 5110">
    <p class='ocr_par' dir='ltr' id='par_1_100' title="bbox 537 5034 2120 5110">
     <span class='ocr_line' id='line_1_100' title="bbox 537 5034 2120 5110; baseline -0.001 -20"><span class='ocrx_word' id='word_1_726' title='bbox 537 5034 1213 5110; x_wconf 40' lang='lat' dir='ltr'><strong>obelo;It.otabat,_nnilam_</strong></span> <span class='ocrx_word' id='word_1_727' title='bbox 1239 5036 1560 5110; x_wconf 81' lang='lat' dir='ltr'><strong>apposuisse</strong></span> <span class='ocrx_word' id='word_1_728' title='bbox 1588 5047 1788 5110; x_wconf 76' lang='lat' dir='ltr'><strong>notam</strong></span> <span class='ocrx_word' id='word_1_729' title='bbox 1809 5035 1876 5088; x_wconf 87' lang='lat' dir='ltr'><strong>iis</strong></span> <span class='ocrx_word' id='word_1_730' title='bbox 1902 5035 1952 5087; x_wconf 91' lang='lat' dir='ltr'><strong>in</strong></span> <span class='ocrx_word' id='word_1_731' title='bbox 1987 5034 2120 5088; x_wconf 86' lang='lat' dir='ltr'><strong>locis</strong></span> 
     </span>
    </p>
   </div>
   <div class='ocr_carea' id='block_1_101' title="bbox 538 5106 2117 5175">
    <p class='ocr_par' dir='ltr' id='par_1_101' title="bbox 538 5106 2117 5175">
     <span class='ocr_line' id='line_1_101' title="bbox 538 5106 2117 5175; baseline -0.002 -16"><span class='ocrx_word' id='word_1_732' title='bbox 538 5122 671 5160; x_wconf 85' lang='lat' dir='ltr'><strong>sane</strong></span> <span class='ocrx_word' id='word_1_733' title='bbox 704 5106 1101 5174; x_wconf 79' lang='lat' dir='ltr'><strong>frequentibus,</strong></span> <span class='ocrx_word' id='word_1_734' title='bbox 1128 5106 1216 5159; x_wconf 88' lang='lat' dir='ltr'><strong>ubi</strong></span> <span class='ocrx_word' id='word_1_735' title='bbox 1249 5107 1437 5160; x_wconf 86' lang='lat' dir='ltr'><strong>relicta</strong></span> <span class='ocrx_word' id='word_1_736' title='bbox 1470 5106 1636 5175; x_wconf 88' lang='lat' dir='ltr'><strong>priori</strong></span> <span class='ocrx_word' id='word_1_737' title='bbox 1670 5106 1900 5159; x_wconf 90' lang='lat' dir='ltr'><strong>lectione</strong></span> <span class='ocrx_word' id='word_1_738' title='bbox 1924 5120 2117 5158; x_wconf 83' lang='lat' dir='ltr'><strong>novam</strong></span> 
     </span>
    </p>
   </div>
   <div class='ocr_carea' id='block_1_102' title="bbox 540 5175 2112 5244">
    <p class='ocr_par' dir='ltr' id='par_1_102' title="bbox 540 5175 2112 5244">
     <span class='ocr_line' id='line_1_102' title="bbox 540 5175 2112 5244; baseline -0.003 -14"><span class='ocrx_word' id='word_1_739' title='bbox 540 5186 717 5231; x_wconf 86' lang='lat' dir='ltr'><strong>tamen</strong></span> <span class='ocrx_word' id='word_1_740' title='bbox 749 5177 979 5230; x_wconf 80' lang='lat' dir='ltr'><strong>addebat</strong></span> <span class='ocrx_word' id='word_1_741' title='bbox 1019 5190 1084 5229; x_wconf 88' lang='lat' dir='ltr'><strong>ex</strong></span> <span class='ocrx_word' id='word_1_742' title='bbox 1113 5175 1293 5243; x_wconf 87' lang='lat' dir='ltr'><strong>aliquo</strong></span> <span class='ocrx_word' id='word_1_743' title='bbox 1323 5177 1679 5244; x_wconf 89' lang='lat' dir='ltr'><strong>interpretum</strong></span> <span class='ocrx_word' id='word_1_744' title='bbox 1715 5177 2112 5243; x_wconf 69' lang='lat' dir='ltr'><strong>desumptam.»</strong></span> 
     </span>
    </p>
   </div>
   <div class='ocr_carea' id='block_1_103' title="bbox 540 5247 2117 5314">
    <p class='ocr_par' dir='ltr' id='par_1_103' title="bbox 540 5247 2117 5314">
     <span class='ocr_line' id='line_1_103' title="bbox 540 5247 2117 5314; baseline -0.001 -14"><span class='ocrx_word' id='word_1_745' title='bbox 540 5248 740 5301; x_wconf 83' lang='lat' dir='ltr'><strong>Deinde</strong></span> <span class='ocrx_word' id='word_1_746' title='bbox 767 5285 782 5305; x_wconf 85' lang='lat'><strong>.</strong></span> <span class='ocrx_word' id='word_1_747' title='bbox 847 5247 1010 5300; x_wconf 83' lang='lat' dir='ltr'><strong>allato</strong></span> <span class='ocrx_word' id='word_1_748' title='bbox 1057 5251 1288 5313; x_wconf 86' lang='lat' dir='ltr'><strong>quodam</strong></span> <span class='ocrx_word' id='word_1_749' title='bbox 1321 5249 1570 5314; x_wconf 84' lang='lat' dir='ltr'><strong>exemplo</strong></span> <span class='ocrx_word' id='word_1_750' title='bbox 1623 5247 1762 5300; x_wconf 89' lang='lat' dir='ltr'><strong>unde</strong></span> <span class='ocrx_word' id='word_1_751' title='bbox 1793 5247 2117 5299; x_wconf 90' lang='lat' dir='ltr'><strong>sententiam</strong></span> 
     </span>
    </p>
   </div>
   <div class='ocr_carea' id='block_1_104' title="bbox 540 5318 2120 5387">
    <p class='ocr_par' dir='ltr' id='par_1_104' title="bbox 540 5318 2120 5387">
     <span class='ocr_line' id='line_1_104' title="bbox 540 5318 2120 5387; baseline 0.001 -18"><span class='ocrx_word' id='word_1_752' title='bbox 540 5333 692 5371; x_wconf 87' lang='lat' dir='ltr'><strong>suam</strong></span> <span class='ocrx_word' id='word_1_753' title='bbox 729 5319 1034 5381; x_wconf 84' lang='lat' dir='ltr'><strong>confirmat,</strong></span> <span class='ocrx_word' id='word_1_754' title='bbox 1056 5321 1134 5371; x_wconf 91' lang='lat' dir='ltr'><strong>sic</strong></span> <span class='ocrx_word' id='word_1_755' title='bbox 1165 5319 1512 5387; x_wconf 85' lang='lat' dir='ltr'><strong>prosequitur</strong></span> <span class='ocrx_word' id='word_1_756' title='bbox 1531 5319 1779 5372; x_wconf 85' lang='lat' dir='ltr'><strong>eruditus</strong></span> <span class='ocrx_word' id='word_1_757' title='bbox 1798 5318 1880 5369; x_wconf 90' lang='lat' dir='ltr'><strong>vir</strong></span> <span class='ocrx_word' id='word_1_758' title='bbox 1909 5334 1922 5368; x_wconf 91' lang='lat'><strong>:</strong></span> <span class='ocrx_word' id='word_1_759' title='bbox 1959 5318 2120 5370; x_wconf 65' lang='grc' dir='ltr'><strong>«υνθυ</strong></span> 
     </span>
    </p>
   </div>
   <div class='ocr_carea' id='block_1_105' title="bbox 541 5387 2117 5457">
    <p class='ocr_par' dir='ltr' id='par_1_105' title="bbox 541 5387 2117 5457">
     <span class='ocr_line' id='line_1_105' title="bbox 541 5387 2117 5457; baseline -0.001 -17"><span class='ocrx_word' id='word_1_760' title='bbox 541 5389 725 5441; x_wconf 84' lang='lat' dir='ltr'><strong>derem</strong></span> <span class='ocrx_word' id='word_1_761' title='bbox 755 5389 1222 5457; x_wconf 84' lang='lat' dir='ltr'><strong>hypolemniscum</strong></span> <span class='ocrx_word' id='word_1_762' title='bbox 1269 5397 1393 5441; x_wconf 93' lang='lat' dir='ltr'><strong>tunc</strong></span> <span class='ocrx_word' id='word_1_763' title='bbox 1435 5391 1741 5457; x_wconf 87' lang='lat' dir='ltr'><strong>appositum</strong></span> <span class='ocrx_word' id='word_1_764' title='bbox 1775 5387 1958 5446; x_wconf 85' lang='lat' dir='ltr'><strong>fuisse,</strong></span> <span class='ocrx_word' id='word_1_765' title='bbox 1996 5402 2117 5438; x_wconf 72' lang='lat' dir='ltr'><strong>cum</strong></span> 
     </span>
    </p>
   </div>
   <div class='ocr_carea' id='block_1_106' title="bbox 540 5457 2117 5528">
    <p class='ocr_par' dir='ltr' id='par_1_106' title="bbox 540 5457 2117 5528">
     <span class='ocr_line' id='line_1_106' title="bbox 540 5457 2117 5528; baseline 0 -19"><span class='ocrx_word' id='word_1_766' title='bbox 540 5457 700 5511; x_wconf 90' lang='lat' dir='ltr'><strong>lectio</strong></span> <span class='ocrx_word' id='word_1_767' title='bbox 755 5457 841 5511; x_wconf 90' lang='lat' dir='ltr'><strong>illa</strong></span> <span class='ocrx_word' id='word_1_768' title='bbox 902 5470 1127 5523; x_wconf 88' lang='lat' dir='ltr'><strong>notata,</strong></span> <span class='ocrx_word' id='word_1_769' title='bbox 1167 5458 1523 5528; x_wconf 80' lang='lat' dir='ltr'><strong>Septuaginta</strong></span> <span class='ocrx_word' id='word_1_770' title='bbox 1564 5460 1924 5528; x_wconf 86' lang='lat' dir='ltr'><strong>lnterpretutn</strong></span> <span class='ocrx_word' id='word_1_771' title='bbox 1946 5457 2117 5510; x_wconf 89' lang='lat' dir='ltr'><strong>solum</strong></span> 
     </span>
    </p>
   </div>
   <div class='ocr_carea' id='block_1_107' title="bbox 540 5527 2122 5598">
    <p class='ocr_par' dir='ltr' id='par_1_107' title="bbox 540 5527 2122 5598">
     <span class='ocr_line' id='line_1_107' title="bbox 540 5527 2122 5598; baseline 0 -19"><span class='ocrx_word' id='word_1_772' title='bbox 540 5537 679 5590; x_wconf 85' lang='lat' dir='ltr'><strong>erat,</strong></span> <span class='ocrx_word' id='word_1_773' title='bbox 716 5532 854 5596; x_wconf 89' lang='lat' dir='ltr'><strong>quod</strong></span> <span class='ocrx_word' id='word_1_774' title='bbox 890 5545 996 5584; x_wconf 93' lang='lat' dir='ltr'><strong>uno</strong></span> <span class='ocrx_word' id='word_1_775' title='bbox 1042 5531 1231 5583; x_wconf 86' lang='lat' dir='ltr'><strong>subtus</strong></span> <span class='ocrx_word' id='word_1_776' title='bbox 1269 5527 1463 5582; x_wconf 86' lang='lat' dir='ltr'><strong>lineam</strong></span> <span class='ocrx_word' id='word_1_777' title='bbox 1487 5530 1660 5598; x_wconf 86' lang='lat' dir='ltr'><strong>posito</strong></span> <span class='ocrx_word' id='word_1_778' title='bbox 1695 5538 1892 5597; x_wconf 87' lang='lat' dir='ltr'><strong>puncto</strong></span> <span class='ocrx_word' id='word_1_779' title='bbox 1917 5527 2122 5580; x_wconf 84' lang='lat' dir='ltr'><strong>iudica-</strong></span> 
     </span>
    </p>
   </div>
   <div class='ocr_carea' id='block_1_108' title="bbox 539 5600 2119 5667">
    <p class='ocr_par' dir='ltr' id='par_1_108' title="bbox 539 5600 2119 5667">
     <span class='ocr_line' id='line_1_108' title="bbox 539 5600 2119 5667; baseline -0.001 -16"><span class='ocrx_word' id='word_1_780' title='bbox 539 5600 700 5651; x_wconf 88' lang='lat' dir='ltr'><strong>batur</strong></span> <span class='ocrx_word' id='word_1_781' title='bbox 757 5617 769 5650; x_wconf 92' lang='lat'><strong>:</strong></span> <span class='ocrx_word' id='word_1_782' title='bbox 826 5600 1142 5654; x_wconf 89' lang='lat' dir='ltr'><strong>lemniscum</strong></span> <span class='ocrx_word' id='word_1_783' title='bbox 1215 5613 1343 5653; x_wconf 91' lang='lat' dir='ltr'><strong>vero</strong></span> <span class='ocrx_word' id='word_1_784' title='bbox 1414 5615 1537 5654; x_wconf 92' lang='lat' dir='ltr'><strong>cum</strong></span> <span class='ocrx_word' id='word_1_785' title='bbox 1594 5600 1808 5654; x_wconf 85' lang='lat' dir='ltr'><strong>duobus</strong></span> <span class='ocrx_word' id='word_1_786' title='bbox 1867 5600 2119 5667; x_wconf 85' lang='lat' dir='ltr'><strong>punctis,</strong></span> 
     </span>
    </p>
   </div>
   <div class='ocr_carea' id='block_1_109' title="bbox 542 5668 2120 5740">
    <p class='ocr_par' dir='ltr' id='par_1_109' title="bbox 542 5668 2120 5740">
     <span class='ocr_line' id='line_1_109' title="bbox 542 5668 2120 5740; baseline 0.001 -20"><span class='ocrx_word' id='word_1_787' title='bbox 542 5669 898 5740; x_wconf 74' lang='lat' dir='ltr'><strong>quandonon</strong></span> <span class='ocrx_word' id='word_1_788' title='bbox 930 5670 1284 5738; x_wconf 84' lang='lat' dir='ltr'><strong>Septuaginta</strong></span> <span class='ocrx_word' id='word_1_789' title='bbox 1320 5668 1686 5740; x_wconf 86' lang='lat' dir='ltr'><strong>lnterpretum</strong></span> <span class='ocrx_word' id='word_1_790' title='bbox 1738 5680 1967 5735; x_wconf 87' lang='lat' dir='ltr'><strong>tantum,</strong></span> <span class='ocrx_word' id='word_1_791' title='bbox 2026 5668 2120 5723; x_wconf 85' lang='lat' dir='ltr'><strong>sed</strong></span> 
     </span>
    </p>
   </div>
   <div class='ocr_carea' id='block_1_110' title="bbox 540 5739 1335 5794">
    <p class='ocr_par' dir='ltr' id='par_1_110' title="bbox 540 5739 1335 5794">
     <span class='ocr_line' id='line_1_110' title="bbox 540 5739 1335 5794; baseline -0.003 -2"><span class='ocrx_word' id='word_1_792' title='bbox 540 5740 706 5792; x_wconf 73' lang='lat' dir='ltr'><strong>etiam</strong></span> <span class='ocrx_word' id='word_1_793' title='bbox 731 5739 1118 5794; x_wconf 86' lang='lat' dir='ltr'><strong>Theodotionis</strong></span> <span class='ocrx_word' id='word_1_794' title='bbox 1157 5752 1292 5793; x_wconf 90' lang='lat' dir='ltr'><strong>erat.</strong></span> <span class='ocrx_word' id='word_1_795' title='bbox 1318 5759 1335 5790; x_wconf 74' lang='grc' dir='ltr'><strong>ι</strong></span> 
     </span>
    </p>
   </div>
   <div class='ocr_carea' id='block_1_111' title="bbox 615 5807 2121 5878">
    <p class='ocr_par' dir='ltr' id='par_1_111' title="bbox 615 5807 2121 5878">
     <span class='ocr_line' id='line_1_111' title="bbox 615 5807 2121 5878; baseline -0.001 -16"><span class='ocrx_word' id='word_1_796' title='bbox 615 5809 728 5877; x_wconf 86' lang='grc'><strong>(99)</strong></span> <span class='ocrx_word' id='word_1_797' title='bbox 763 5808 1093 5878; x_wconf 79' lang='lat' dir='ltr'><strong>Multumque</strong></span> <span class='ocrx_word' id='word_1_798' title='bbox 1122 5809 1364 5878; x_wconf 79' lang='lat' dir='ltr'><strong>fallitur,</strong></span> <span class='ocrx_word' id='word_1_799' title='bbox 1397 5826 1513 5863; x_wconf 86' lang='lat' dir='ltr'><strong>cum</strong></span> <span class='ocrx_word' id='word_1_800' title='bbox 1565 5809 1872 5863; x_wconf 73' lang='lat' dir='ltr'><strong>vocabulum</strong></span> <span class='ocrx_word' id='word_1_801' title='bbox 1925 5807 2121 5878; x_wconf 79' lang='grc' dir='ltr'><strong>λημνί-</strong></span> 
     </span>
    </p>
   </div>
   <div class='ocr_carea' id='block_1_112' title="bbox 544 5880 2121 5948">
    <p class='ocr_par' dir='ltr' id='par_1_112' title="bbox 544 5880 2121 5948">
     <span class='ocr_line' id='line_1_112' title="bbox 544 5880 2121 5948; baseline 0.003 -20"><span class='ocrx_word' id='word_1_802' title='bbox 544 5895 696 5946; x_wconf 71' lang='grc' dir='ltr'><strong>οιιος,</strong></span> <span class='ocrx_word' id='word_1_803' title='bbox 725 5891 832 5934; x_wconf 85' lang='lat' dir='ltr'><strong>etc.</strong></span> <span class='ocrx_word' id='word_1_804' title='bbox 873 5898 890 5930; x_wconf 81' lang='grc' dir='ltr'>ι</span> <span class='ocrx_word' id='word_1_805' title='bbox 932 5881 1005 5934; x_wconf 86' lang='lat' dir='ltr'><strong>Dc</strong></span> <span class='ocrx_word' id='word_1_806' title='bbox 1035 5880 1192 5947; x_wconf 68' lang='lat' dir='ltr'><strong>huius</strong></span> <span class='ocrx_word' id='word_1_807' title='bbox 1218 5881 1451 5934; x_wconf 83' lang='lat' dir='ltr'><strong>nominis</strong></span> <span class='ocrx_word' id='word_1_808' title='bbox 1477 5890 1683 5948; x_wconf 86' lang='lat' dir='ltr'><strong>etymo,</strong></span> <span class='ocrx_word' id='word_1_809' title='bbox 1732 5881 1904 5948; x_wconf 81' lang='lat' dir='ltr'><strong>inquit</strong></span> <span class='ocrx_word' id='word_1_810' title='bbox 1952 5880 2014 5932; x_wconf 84' lang='grc' dir='ltr'><strong>υ.</strong></span> <span class='ocrx_word' id='word_1_811' title='bbox 2057 5883 2121 5935; x_wconf 89' lang='lat' dir='ltr'><strong>de</strong></span> 
     </span>
    </p>
   </div>
   <div class='ocr_carea' id='block_1_113' title="bbox 2221 4681 3800 4752">
    <p class='ocr_par' dir='ltr' id='par_1_113' title="bbox 2221 4681 3800 4752">
     <span class='ocr_line' id='line_1_113' title="bbox 2221 4681 3800 4752; baseline 0.003 -17"><span class='ocrx_word' id='word_1_812' title='bbox 2221 4681 2440 4735; x_wconf 72' lang='lat' dir='ltr'><strong>Certum</strong></span> <span class='ocrx_word' id='word_1_813' title='bbox 2468 4691 2552 4735; x_wconf 84' lang='lat' dir='ltr'><strong>est</strong></span> <span class='ocrx_word' id='word_1_814' title='bbox 2584 4693 2785 4748; x_wconf 91' lang='lat' dir='ltr'><strong>autem,</strong></span> <span class='ocrx_word' id='word_1_815' title='bbox 2828 4696 3012 4736; x_wconf 87' lang='lat' dir='ltr'><strong>vocem</strong></span> <span class='ocrx_word' id='word_1_816' title='bbox 3048 4681 3369 4752; x_wconf 81' lang='grc' dir='ltr'><strong>λημνίσκος,</strong></span> <span class='ocrx_word' id='word_1_817' title='bbox 3409 4697 3529 4752; x_wconf 71' lang='lat' dir='ltr'><strong>quas</strong></span> <span class='ocrx_word' id='word_1_818' title='bbox 3547 4686 3800 4751; x_wconf 86' lang='lat' dir='ltr'><strong>primitus</strong></span> 
     </span>
    </p>
   </div>
   <div class='ocr_carea' id='block_1_114' title="bbox 2221 4751 3794 4823">
    <p class='ocr_par' dir='ltr' id='par_1_114' title="bbox 2221 4751 3794 4823">
     <span class='ocr_line' id='line_1_114' title="bbox 2221 4751 3794 4823; baseline 0.003 -20"><span class='ocrx_word' id='word_1_819' title='bbox 2221 4765 2504 4819; x_wconf 85' lang='lat' dir='ltr'><strong>angustam</strong></span> <span class='ocrx_word' id='word_1_820' title='bbox 2540 4751 2766 4806; x_wconf 86' lang='lat' dir='ltr'><strong>fasciam</strong></span> <span class='ocrx_word' id='word_1_821' title='bbox 2812 4751 3175 4823; x_wconf 85' lang='lat' dir='ltr'><strong>signiﬁcabat,</strong></span> <span class='ocrx_word' id='word_1_822' title='bbox 3195 4768 3261 4807; x_wconf 88' lang='lat' dir='ltr'><strong>ex</strong></span> <span class='ocrx_word' id='word_1_823' title='bbox 3285 4751 3610 4823; x_wconf 66' lang='grc' dir='ltr'><strong>νοοελῆνος,</strong></span> <span class='ocrx_word' id='word_1_824' title='bbox 3648 4754 3794 4820; x_wconf 80' lang='lat' dir='ltr'><strong>lana,</strong></span> 
     </span>
    </p>
   </div>
   <div class='ocr_carea' id='block_1_115' title="bbox 2222 4822 3798 4893">
    <p class='ocr_par' dir='ltr' id='par_1_115' title="bbox 2222 4822 3798 4893">
     <span class='ocr_line' id='line_1_115' title="bbox 2222 4822 3798 4893; baseline 0.001 -17"><span class='ocrx_word' id='word_1_825' title='bbox 2222 4823 2522 4876; x_wconf 89' lang='lat' dir='ltr'><strong>derivatam</strong></span> <span class='ocrx_word' id='word_1_826' title='bbox 2543 4837 2689 4888; x_wconf 87' lang='lat' dir='ltr'><strong>esse,</strong></span> <span class='ocrx_word' id='word_1_827' title='bbox 2723 4824 2850 4892; x_wconf 88' lang='lat' dir='ltr'><strong>quia</strong></span> <span class='ocrx_word' id='word_1_828' title='bbox 2875 4822 2960 4877; x_wconf 81' lang='lat' dir='ltr'><strong>ab</strong></span> <span class='ocrx_word' id='word_1_829' title='bbox 2988 4824 3103 4893; x_wconf 89' lang='lat' dir='ltr'><strong>ipsa</strong></span> <span class='ocrx_word' id='word_1_830' title='bbox 3132 4824 3339 4891; x_wconf 84' lang='lat' dir='ltr'><strong>origine</strong></span> <span class='ocrx_word' id='word_1_831' title='bbox 3395 4822 3580 4878; x_wconf 73' lang='lat' dir='ltr'><strong>fascia:</strong></span> <span class='ocrx_word' id='word_1_832' title='bbox 3611 4826 3798 4892; x_wconf 87' lang='lat' dir='ltr'><strong>hujus-</strong></span> 
     </span>
    </p>
   </div>
   <div class='ocr_carea' id='block_1_116' title="bbox 2221 4893 3797 4965">
    <p class='ocr_par' dir='ltr' id='par_1_116' title="bbox 2221 4893 3797 4965">
     <span class='ocr_line' id='line_1_116' title="bbox 2221 4893 3797 4965; baseline 0.003 -19"><span class='ocrx_word' id='word_1_833' title='bbox 2221 4893 2362 4965; x_wconf 73' lang='lat' dir='ltr'><strong>[nodi</strong></span> <span class='ocrx_word' id='word_1_834' title='bbox 2394 4893 2563 4948; x_wconf 76' lang='lat' dir='ltr'><strong>lanea:</strong></span> <span class='ocrx_word' id='word_1_835' title='bbox 2597 4904 2772 4947; x_wconf 77' lang='lat' dir='ltr'><strong>erant.</strong></span> <span class='ocrx_word' id='word_1_836' title='bbox 2812 4893 2949 4965; x_wconf 73' lang='lat' dir='ltr'><strong>Hinc</strong></span> <span class='ocrx_word' id='word_1_837' title='bbox 2975 4907 3103 4965; x_wconf 72' lang='lat' dir='ltr'><strong>vero</strong></span> <span class='ocrx_word' id='word_1_838' title='bbox 3142 4893 3471 4965; x_wconf 83' lang='lat' dir='ltr'><strong>Syracusani</strong></span> <span class='ocrx_word' id='word_1_839' title='bbox 3531 4895 3797 4961; x_wconf 75' lang='lat' dir='ltr'><strong>singulari</strong></span> 
     </span>
    </p>
   </div>
   <div class='ocr_carea' id='block_1_117' title="bbox 2221 4963 3798 5036">
    <p class='ocr_par' dir='ltr' id='par_1_117' title="bbox 2221 4963 3798 5036">
     <span class='ocr_line' id='line_1_117' title="bbox 2221 4963 3798 5036; baseline 0.002 -21"><span class='ocrx_word' id='word_1_840' title='bbox 2221 4963 2566 5036; x_wconf 80' lang='lat' dir='ltr'><strong>formatione,</strong></span> <span class='ocrx_word' id='word_1_841' title='bbox 2600 4965 2719 5018; x_wconf 92' lang='lat' dir='ltr'><strong>loco</strong></span> <span class='ocrx_word' id='word_1_842' title='bbox 2744 4963 2839 5017; x_wconf 81' lang='grc' dir='ltr'><strong>τοῦ</strong></span> <span class='ocrx_word' id='word_1_843' title='bbox 2866 4963 3123 5036; x_wconf 13' lang='grc' dir='ltr'><strong>ληνγισκος</strong></span> <span class='ocrx_word' id='word_1_844' title='bbox 3149 4963 3363 5036; x_wconf 85' lang='lat' dir='ltr'><strong>inserto</strong></span> <span class='ocrx_word' id='word_1_845' title='bbox 3405 4982 3463 5036; x_wconf 84' lang='grc' dir='ltr'>μ,</span> <span class='ocrx_word' id='word_1_846' title='bbox 3497 4965 3798 5035; x_wconf 83' lang='grc' dir='ltr'>λημνίσκος</span> 
     </span>
    </p>
   </div>
   <div class='ocr_carea' id='block_1_118' title="bbox 2221 5035 3799 5106">
    <p class='ocr_par' dir='ltr' id='par_1_118' title="bbox 2221 5035 3799 5106">
     <span class='ocr_line' id='line_1_118' title="bbox 2221 5035 3799 5106; baseline 0.001 -20"><span class='ocrx_word' id='word_1_847' title='bbox 2221 5035 2467 5106; x_wconf 76' lang='lat' dir='ltr'><strong>fecerunt</strong></span> <span class='ocrx_word' id='word_1_848' title='bbox 2499 5051 2513 5086; x_wconf 92' lang='lat'>:</span> <span class='ocrx_word' id='word_1_849' title='bbox 2549 5049 2672 5102; x_wconf 77' lang='lat' dir='ltr'><strong>quae</strong></span> <span class='ocrx_word' id='word_1_850' title='bbox 2701 5049 2864 5106; x_wconf 70' lang='lat' dir='ltr'><strong>causa</strong></span> <span class='ocrx_word' id='word_1_851' title='bbox 2906 5035 3008 5088; x_wconf 86' lang='lat' dir='ltr'><strong>fuit</strong></span> <span class='ocrx_word' id='word_1_852' title='bbox 3055 5045 3113 5106; x_wconf 87' lang='lat' dir='ltr'><strong>ut</strong></span> <span class='ocrx_word' id='word_1_853' title='bbox 3145 5035 3263 5106; x_wconf 56' lang='lat' dir='ltr'><strong>ha’c</strong></span> <span class='ocrx_word' id='word_1_854' title='bbox 3293 5050 3394 5088; x_wconf 89' lang='lat' dir='ltr'><strong>vox</strong></span> <span class='ocrx_word' id='word_1_855' title='bbox 3431 5050 3528 5102; x_wconf 93' lang='lat' dir='ltr'><strong>pro</strong></span> <span class='ocrx_word' id='word_1_856' title='bbox 3563 5043 3799 5106; x_wconf 71' lang='lat' dir='ltr'><strong>Syracu-</strong></span> 
     </span>
    </p>
   </div>
   <div class='ocr_carea' id='block_1_119' title="bbox 2221 5103 3798 5176">
    <p class='ocr_par' dir='ltr' id='par_1_119' title="bbox 2221 5103 3798 5176">
     <span class='ocr_line' id='line_1_119' title="bbox 2221 5103 3798 5176; baseline 0.003 -21"><span class='ocrx_word' id='word_1_857' title='bbox 2221 5119 2351 5176; x_wconf 62' lang='lat' dir='ltr'><strong>sana</strong></span> <span class='ocrx_word' id='word_1_858' title='bbox 2384 5105 2696 5176; x_wconf 85' lang='lat' dir='ltr'><strong>haberetur.</strong></span> <span class='ocrx_word' id='word_1_859' title='bbox 2723 5103 3046 5176; x_wconf 77' lang='lat' dir='ltr'><strong>Hesychius,</strong></span> <span class='ocrx_word' id='word_1_860' title='bbox 3077 5105 3414 5175; x_wconf 86' lang='grc' dir='ltr'><strong>λημνίσκους</strong></span> <span class='ocrx_word' id='word_1_861' title='bbox 3459 5106 3559 5168; x_wconf 76' lang='grc' dir='ltr'>τὰς</span> <span class='ocrx_word' id='word_1_862' title='bbox 3603 5103 3798 5168; x_wconf 58' lang='lat' dir='ltr'><strong>aravit;</strong></span> 
     </span>
    </p>
   </div>
   <div class='ocr_carea' id='block_1_120' title="bbox 2222 5174 3797 5246">
    <p class='ocr_par' dir='ltr' id='par_1_120' title="bbox 2222 5174 3797 5246">
     <span class='ocr_line' id='line_1_120' title="bbox 2222 5174 3797 5246; baseline 0.001 -21"><span class='ocrx_word' id='word_1_863' title='bbox 2222 5174 2580 5246; x_wconf 65' lang='grc' dir='ltr'><strong>Συρακούσιοι</strong></span> <span class='ocrx_word' id='word_1_864' title='bbox 2608 5174 2846 5238; x_wconf 64' lang='grc' dir='ltr'><strong>ταινίαςζ</strong></span> <span class='ocrx_word' id='word_1_865' title='bbox 2878 5174 3223 5245; x_wconf 71' lang='lat' dir='ltr'><strong>subintellige</strong></span> <span class='ocrx_word' id='word_1_866' title='bbox 3247 5176 3489 5244; x_wconf 78' lang='grc' dir='ltr'><strong>λέγουσι.</strong></span> <span class='ocrx_word' id='word_1_867' title='bbox 3533 5177 3671 5231; x_wconf 89' lang='lat' dir='ltr'><strong>llinc</strong></span> <span class='ocrx_word' id='word_1_868' title='bbox 3722 5177 3797 5246; x_wconf 83' lang='lat' dir='ltr'><strong>ad</strong></span> 
     </span>
    </p>
   </div>
   <div class='ocr_carea' id='block_1_121' title="bbox 2222 5245 3795 5317">
    <p class='ocr_par' dir='ltr' id='par_1_121' title="bbox 2222 5245 3795 5317">
     <span class='ocr_line' id='line_1_121' title="bbox 2222 5245 3795 5317; baseline 0.002 -21"><span class='ocrx_word' id='word_1_869' title='bbox 2222 5245 2326 5297; x_wconf 84' lang='lat' dir='ltr'><strong>alia</strong></span> <span class='ocrx_word' id='word_1_870' title='bbox 2362 5246 2713 5313; x_wconf 76' lang='lat' dir='ltr'><strong>signiﬁcanda</strong></span> <span class='ocrx_word' id='word_1_871' title='bbox 2746 5255 3002 5317; x_wconf 83' lang='lat' dir='ltr'><strong>usurpata</strong></span> <span class='ocrx_word' id='word_1_872' title='bbox 3037 5260 3140 5300; x_wconf 81' lang='lat' dir='ltr'><strong>vox</strong></span> <span class='ocrx_word' id='word_1_873' title='bbox 3175 5249 3316 5312; x_wconf 86' lang='lat' dir='ltr'><strong>fuit;</strong></span> <span class='ocrx_word' id='word_1_874' title='bbox 3355 5263 3547 5316; x_wconf 88' lang='lat' dir='ltr'><strong>nempe</strong></span> <span class='ocrx_word' id='word_1_875' title='bbox 3582 5263 3679 5317; x_wconf 91' lang='lat' dir='ltr'><strong>pro</strong></span> <span class='ocrx_word' id='word_1_876' title='bbox 3709 5245 3795 5299; x_wconf 86' lang='lat' dir='ltr'><strong>fa-</strong></span> 
     </span>
    </p>
   </div>
   <div class='ocr_carea' id='block_1_122' title="bbox 2221 5315 3799 5386">
    <p class='ocr_par' dir='ltr' id='par_1_122' title="bbox 2221 5315 3799 5386">
     <span class='ocr_line' id='line_1_122' title="bbox 2221 5315 3799 5386; baseline 0.001 -17"><span class='ocrx_word' id='word_1_877' title='bbox 2221 5317 2371 5379; x_wconf 85' lang='lat' dir='ltr'><strong>sciis,</strong></span> <span class='ocrx_word' id='word_1_878' title='bbox 2403 5318 2599 5384; x_wconf 88' lang='lat' dir='ltr'><strong>quibus</strong></span> <span class='ocrx_word' id='word_1_879' title='bbox 2634 5331 2852 5370; x_wconf 73' lang='lat' dir='ltr'><strong>corona:</strong></span> <span class='ocrx_word' id='word_1_880' title='bbox 2879 5315 3436 5386; x_wconf 88' lang='lat' dir='ltr'><strong>circumplicabantur</strong></span> <span class='ocrx_word' id='word_1_881' title='bbox 3456 5315 3596 5386; x_wconf 59' lang='lat' dir='ltr'><strong>{pro</strong></span> <span class='ocrx_word' id='word_1_882' title='bbox 3625 5318 3799 5371; x_wconf 83' lang='lat' dir='ltr'><strong>linea-</strong></span> 
     </span>
    </p>
   </div>
   <div class='ocr_carea' id='block_1_123' title="bbox 2224 5386 3799 5457">
    <p class='ocr_par' dir='ltr' id='par_1_123' title="bbox 2224 5386 3799 5457">
     <span class='ocr_line' id='line_1_123' title="bbox 2224 5386 3799 5457; baseline 0.002 -20"><span class='ocrx_word' id='word_1_883' title='bbox 2224 5398 2406 5440; x_wconf 81' lang='lat' dir='ltr'><strong>meuto</strong></span> <span class='ocrx_word' id='word_1_884' title='bbox 2435 5387 2726 5440; x_wconf 88' lang='lat' dir='ltr'><strong>convolnlo</strong></span> <span class='ocrx_word' id='word_1_885' title='bbox 2748 5386 3061 5441; x_wconf 89' lang='lat' dir='ltr'><strong>vulneribus</strong></span> <span class='ocrx_word' id='word_1_886' title='bbox 3094 5389 3422 5457; x_wconf 87' lang='lat' dir='ltr'><strong>inserendo;</strong></span> <span class='ocrx_word' id='word_1_887' title='bbox 3473 5390 3799 5457; x_wconf 87' lang='lat' dir='ltr'><strong>demumque</strong></span> 
     </span>
    </p>
   </div>
   <div class='ocr_carea' id='block_1_124' title="bbox 2223 5455 3797 5524">
    <p class='ocr_par' dir='ltr' id='par_1_124' title="bbox 2223 5455 3797 5524">
     <span class='ocr_line' id='line_1_124' title="bbox 2223 5455 3797 5524; baseline 0.001 -17"><span class='ocrx_word' id='word_1_888' title='bbox 2223 5471 2321 5524; x_wconf 90' lang='lat' dir='ltr'><strong>pro</strong></span> <span class='ocrx_word' id='word_1_889' title='bbox 2347 5465 2468 5509; x_wconf 85' lang='lat' dir='ltr'><strong>nota</strong></span> <span class='ocrx_word' id='word_1_890' title='bbox 2495 5457 2776 5523; x_wconf 89' lang='lat' dir='ltr'><strong>librorum,</strong></span> <span class='ocrx_word' id='word_1_891' title='bbox 2811 5459 2877 5510; x_wconf 90' lang='lat' dir='ltr'><strong>de</strong></span> <span class='ocrx_word' id='word_1_892' title='bbox 2907 5473 3012 5524; x_wconf 89' lang='lat' dir='ltr'><strong>qua</strong></span> <span class='ocrx_word' id='word_1_893' title='bbox 3042 5457 3275 5512; x_wconf 86' lang='lat' dir='ltr'><strong>Isidorus</strong></span> <span class='ocrx_word' id='word_1_894' title='bbox 3300 5476 3314 5510; x_wconf 90' lang='lat'><strong>:</strong></span> <span class='ocrx_word' id='word_1_895' title='bbox 3349 5455 3648 5511; x_wconf 79' lang='lat' dir='ltr'><strong>Limniscus</strong></span> <span class='ocrx_word' id='word_1_896' title='bbox 3671 5498 3686 5519; x_wconf 96' lang='lat'><strong>,</strong></span> <span class='ocrx_word' id='word_1_897' title='bbox 3710 5455 3721 5457; x_wconf 57' lang='grc'><em>’</em></span> <span class='ocrx_word' id='word_1_898' title='bbox 3744 5458 3797 5509; x_wconf 86' lang='lat' dir='ltr'><strong>id</strong></span> 
     </span>
    </p>
   </div>
   <div class='ocr_carea' id='block_1_125' title="bbox 2221 5527 3800 5597">
    <p class='ocr_par' dir='ltr' id='par_1_125' title="bbox 2221 5527 3800 5597">
     <span class='ocr_line' id='line_1_125' title="bbox 2221 5527 3800 5597; baseline 0.001 -20"><span class='ocrx_word' id='word_1_899' title='bbox 2221 5538 2317 5591; x_wconf 83' lang='lat' dir='ltr'><strong>est,</strong></span> <span class='ocrx_word' id='word_1_900' title='bbox 2344 5527 2547 5595; x_wconf 84' lang='lat' dir='ltr'><strong>virgula</strong></span> <span class='ocrx_word' id='word_1_901' title='bbox 2571 5528 2709 5578; x_wconf 67' lang='lat' dir='ltr'><strong>inter</strong></span> <span class='ocrx_word' id='word_1_902' title='bbox 2727 5529 2974 5597; x_wconf 62' lang='lat' dir='ltr'><strong>geminos</strong></span> <span class='ocrx_word' id='word_1_903' title='bbox 3003 5540 3222 5594; x_wconf 69' lang='lat' dir='ltr'><strong>puncto:</strong></span> <span class='ocrx_word' id='word_1_904' title='bbox 3241 5527 3430 5597; x_wconf 81' lang='lat' dir='ltr'><strong>jacens</strong></span> <span class='ocrx_word' id='word_1_905' title='bbox 3457 5570 3469 5592; x_wconf 92' lang='lat'><strong>,</strong></span> <span class='ocrx_word' id='word_1_906' title='bbox 3513 5529 3800 5597; x_wconf 79' lang='lat' dir='ltr'><strong>apponitur</strong></span> 
     </span>
    </p>
   </div>
   <div class='ocr_carea' id='block_1_126' title="bbox 2223 5596 3798 5666">
    <p class='ocr_par' dir='ltr' id='par_1_126' title="bbox 2223 5596 3798 5666">
     <span class='ocr_line' id='line_1_126' title="bbox 2223 5596 3798 5666; baseline -0.001 -16"><span class='ocrx_word' id='word_1_907' title='bbox 2223 5598 2277 5650; x_wconf 72' lang='lat' dir='ltr'><strong>in</strong></span> <span class='ocrx_word' id='word_1_908' title='bbox 2306 5599 2372 5650; x_wconf 78' lang='lat' dir='ltr'><strong>iis</strong></span> <span class='ocrx_word' id='word_1_909' title='bbox 2404 5598 2551 5660; x_wconf 81' lang='lat' dir='ltr'><strong>locis,</strong></span> <span class='ocrx_word' id='word_1_910' title='bbox 2584 5614 2700 5666; x_wconf 73' lang='lat' dir='ltr'><strong>qua:</strong></span> <span class='ocrx_word' id='word_1_911' title='bbox 2721 5613 2889 5650; x_wconf 75' lang='lat' dir='ltr'><strong>sacrm</strong></span> <span class='ocrx_word' id='word_1_912' title='bbox 2939 5596 3250 5665; x_wconf 11' lang='lat' dir='ltr'><strong>Scriptura,</strong></span> <span class='ocrx_word' id='word_1_913' title='bbox 3277 5598 3582 5663; x_wconf 77' lang='lat' dir='ltr'><strong>interpretes</strong></span> <span class='ocrx_word' id='word_1_914' title='bbox 3617 5596 3798 5650; x_wconf 81' lang='lat' dir='ltr'><strong>eodem</strong></span> 
     </span>
    </p>
   </div>
   <div class='ocr_carea' id='block_1_127' title="bbox 2222 5666 3799 5729">
    <p class='ocr_par' dir='ltr' id='par_1_127' title="bbox 2222 5666 3799 5729">
     <span class='ocr_line' id='line_1_127' title="bbox 2222 5666 3799 5729; baseline -0.002 -8"><span class='ocrx_word' id='word_1_915' title='bbox 2222 5684 2396 5729; x_wconf 83' lang='lat' dir='ltr'><strong>sensu.</strong></span> <span class='ocrx_word' id='word_1_916' title='bbox 2433 5669 2521 5720; x_wconf 84' lang='lat' dir='ltr'><strong>sed</strong></span> <span class='ocrx_word' id='word_1_917' title='bbox 2575 5669 2798 5722; x_wconf 72' lang='lat' dir='ltr'><strong>diversis</strong></span> <span class='ocrx_word' id='word_1_918' title='bbox 2830 5667 3162 5721; x_wconf 72' lang='lat' dir='ltr'><strong>sermonibus</strong></span> <span class='ocrx_word' id='word_1_919' title='bbox 3220 5666 3629 5721; x_wconf 73' lang='lat' dir='ltr'><strong>transtulerunt.</strong></span> <span class='ocrx_word' id='word_1_920' title='bbox 3685 5667 3799 5719; x_wconf 78' lang='lat' dir='ltr'><strong>llac</strong></span> 
     </span>
    </p>
   </div>
   <div class='ocr_carea' id='block_1_128' title="bbox 2227 5736 3799 5807">
    <p class='ocr_par' dir='ltr' id='par_1_128' title="bbox 2227 5736 3799 5807">
     <span class='ocr_line' id='line_1_128' title="bbox 2227 5736 3799 5807; baseline -0.002 -16"><span class='ocrx_word' id='word_1_921' title='bbox 2227 5739 2421 5806; x_wconf 86' lang='lat' dir='ltr'><strong>triplici</strong></span> <span class='ocrx_word' id='word_1_922' title='bbox 2456 5738 2850 5806; x_wconf 86' lang='lat' dir='ltr'><strong>signiﬁcatione</strong></span> <span class='ocrx_word' id='word_1_923' title='bbox 2880 5752 2980 5790; x_wconf 81' lang='lat' dir='ltr'><strong>vox</strong></span> <span class='ocrx_word' id='word_1_924' title='bbox 3008 5736 3307 5807; x_wconf 80' lang='grc' dir='ltr'><strong>λημνίσκος</strong></span> <span class='ocrx_word' id='word_1_925' title='bbox 3341 5749 3596 5804; x_wconf 85' lang='lat' dir='ltr'><strong>usurpata</strong></span> <span class='ocrx_word' id='word_1_926' title='bbox 3652 5736 3799 5800; x_wconf 88' lang='lat' dir='ltr'><strong>fuit,</strong></span> 
     </span>
    </p>
   </div>
   <div class='ocr_carea' id='block_1_129' title="bbox 2224 5807 3797 5878">
    <p class='ocr_par' dir='ltr' id='par_1_129' title="bbox 2224 5807 3797 5878">
     <span class='ocr_line' id='line_1_129' title="bbox 2224 5807 3797 5878; baseline -0.001 -17"><span class='ocrx_word' id='word_1_927' title='bbox 2224 5823 2416 5877; x_wconf 84' lang='lat' dir='ltr'><strong>nempe</strong></span> <span class='ocrx_word' id='word_1_928' title='bbox 2444 5812 2510 5862; x_wconf 90' lang='lat' dir='ltr'><strong>ad</strong></span> <span class='ocrx_word' id='word_1_929' title='bbox 2550 5825 2638 5862; x_wconf 88' lang='lat' dir='ltr'><strong>res</strong></span> <span class='ocrx_word' id='word_1_930' title='bbox 2661 5809 3048 5878; x_wconf 71' lang='lat' dir='ltr'><strong>signiﬁcantius</strong></span> <span class='ocrx_word' id='word_1_931' title='bbox 3079 5810 3323 5878; x_wconf 76' lang='lat' dir='ltr'><strong>angustis</strong></span> <span class='ocrx_word' id='word_1_932' title='bbox 3357 5807 3541 5862; x_wconf 84' lang='lat' dir='ltr'><strong>fasciis</strong></span> <span class='ocrx_word' id='word_1_933' title='bbox 3568 5807 3797 5869; x_wconf 84' lang='lat' dir='ltr'><strong>similes,</strong></span> 
     </span>
    </p>
   </div>
   <div class='ocr_carea' id='block_1_130' title="bbox 2226 5877 3802 5950">
    <p class='ocr_par' dir='ltr' id='par_1_130' title="bbox 2226 5877 3802 5950">
     <span class='ocr_line' id='line_1_130' title="bbox 2226 5877 3802 5950; baseline -0.001 -18"><span class='ocrx_word' id='word_1_934' title='bbox 2226 5894 2362 5948; x_wconf 83' lang='lat' dir='ltr'><strong>quas</strong></span> <span class='ocrx_word' id='word_1_935' title='bbox 2395 5880 2717 5950; x_wconf 75' lang='lat' dir='ltr'><strong>Syracusani</strong></span> <span class='ocrx_word' id='word_1_936' title='bbox 2749 5877 3075 5948; x_wconf 81' lang='grc' dir='ltr'>λεμνίσκους</span> <span class='ocrx_word' id='word_1_937' title='bbox 3103 5877 3386 5935; x_wconf 82' lang='lat' dir='ltr'><strong>vocabant.</strong></span> <span class='ocrx_word' id='word_1_938' title='bbox 3418 5877 3542 5934; x_wconf 86' lang='lat' dir='ltr'><strong>lude</strong></span> <span class='ocrx_word' id='word_1_939' title='bbox 3578 5888 3802 5932; x_wconf 76' lang='lat' dir='ltr'><strong>vocatus</strong></span> 
     </span>
    </p>
   </div>
  </div>
