4152 6432
375 416 515 471 1245

1224 411 1794 470 ORIGENIANORUM
1836 418 1962 473 LIB.
2004 419 2094 485 Ill,
2137 422 2289 477 CAP.
2331 423 2397 486 ll,
2436 422 2632 477 SECT.
2676 421 2764 478 IV.

3492 425 3628 481 1246

373 542 444 581 ex
467 523 724 580 Romanis
757 523 990 579 Scholiis
1017 525 1124 576 τῶν
1169 523 1223 577 0'
1262 526 1316 578 in
1368 525 1384 578 l
1418 526 1551 597 Reg.
1579 543 1690 592 xw,
1716 530 1770 595 4,
1806 531 1940 600 μᾶλ-

2042 535 2273 604 γρὰφοις
2297 537 2394 606 τῆς
2418 536 2656 598 Παλαιᾶς
2677 535 2951 605 Διαθήκης
2976 535 3280 604 διαφανίαν,
3299 537 3432 590 Θεοῦ
3465 538 3630 592 διδόν-

371 621 462 674 λον
488 619 662 699 ταῦτα
687 619 744 669 ἐν
761 616 839 688 τῷ
882 615 1130 687 Ἐξαπλῷ
1158 619 1494 690 ἡστέρισται,
1520 620 1596 684 ὡς
1646 622 1712 674 ὲκ
1758 621 1943 676 Θεοδο-

372 716 567 777 τίωνος
606 712 996 785 προστεθέντα.
1025 731 1042 763 t
1076 713 1186 768 lmo
1213 715 1327 768 haec
1359 716 1410 767 in
1427 715 1667 780 Hexaplo
1682 719 1941 774 asterisco

375 817 559 859 notata
589 816 735 869 sunt,
797 814 983 873 utpote
1034 820 1154 874 qua:
1201 821 1268 860 ex
1311 806 1683 864 Theodotione
1729 810 1940 880 adjecta

374 897 482 951 sint
511 917 524 951 :
571 916 589 949 ι
621 905 675 950 et
704 911 770 952 ex
813 897 930 951 istis
970 897 1309 969 Hieronymi,
1335 915 1454 968 quae
1490 903 1682 968 repetit
1711 902 1938 958 Ruﬁnus

375 987 572 1043 Invect.
605 1004 642 1043 ιι
679 1007 692 1042 :
727 1008 745 1040 ι
794 987 899 1042 Sed
944 1000 998 1043 et
1024 987 1283 1060 Origenes
1338 992 1626 1048 asteriscos
1665 993 1811 1058 fecit,
1873 1010 1937 1050 ex

375 1082 727 1135 translatione
761 1080 1149 1138 Theodotionis
1205 1099 1506 1151 assumens,
1554 1096 1611 1139 ut
1651 1102 1941 1157 compone-

374 1183 460 1227 ret
487 1174 761 1228 volumina
785 1189 905 1242 quae
929 1175 1268 1244 appellantur
1293 1176 1559 1244 Hexapla.
1596 1198 1615 1232 ι
1645 1179 1782 1234 Tum
1815 1183 1943 1236 sub-

369 1262 592 1334 jungit:
634 1281 653 1316 ι
683 1265 819 1330 Quia
847 1264 1184 1336 frequenter,
1218 1269 1263 1323 si
1300 1269 1591 1338 disputatio
1613 1257 1897 1327 accidisset
1921 1314 1936 1338 ,

371 1356 456 1409 vel
480 1357 758 1411 immutata
795 1373 916 1412 esse
939 1359 1236 1428 aliquanta,
1264 1363 1347 1415 vel
1381 1364 1590 1427 deesse,
1645 1366 1730 1418 vel
1778 1365 1942 1419 abun-

374 1450 504 1504 dare
535 1449 589 1502 in
615 1449 816 1504 nostris
844 1451 1143 1519 Scripturis
1172 1454 1597 1520 mentiebantur,
1626 1455 1793 1509 voluit
1817 1456 1941 1512 Ori-

371 1555 538 1611 genes
572 1543 774 1596 nostris
817 1544 1126 1609 ostendere,
1156 1545 1334 1612 qualis
1362 1547 1503 1613 apud
1545 1546 1760 1602 Judaaos
1799 1548 1941 1603 Scri-

372 1642 653 1702 pturarum
685 1633 844 1688 lectio
869 1643 1170 1698 teneretur,
1201 1643 1255 1690 et
1277 1637 1328 1688 in
1358 1637 1590 1706 propriis
1621 1639 1828 1708 paginis
1855 1641 1940 1692 vel

371 1723 674 1778 columellis
705 1725 975 1780 editiones
1020 1741 1209 1780 eorum
1261 1729 1505 1797 singulas
1555 1744 1801 1798 quasque
1843 1732 1909 1784 de

369 1815 620 1884 scripsit;
650 1826 707 1872 et
739 1833 800 1871 ea
833 1833 954 1886 quas
983 1820 1123 1887 apud
1157 1819 1278 1874 illos
1316 1829 1444 1874 sunt
1481 1821 1660 1874 addita
1715 1821 1798 1874 vel
1840 1822 1936 1876 de-

369 1917 580 1976 cerpta,
608 1910 774 1964 certis
804 1912 1114 1979 quibusque
1142 1913 1316 1982 signis
1343 1912 1541 1968 additis
1579 1915 1644 1967 ad
1696 1915 1938 1970 versicu-

368 1998 540 2055 lorum
580 2002 755 2071 capita
781 2002 1085 2072 designavit
1105 2021 1119 2068 ;
1138 2013 1194 2057 et
1217 2003 1269 2057 in
1292 2004 1490 2068 alieno,
1520 2020 1624 2058 non
1652 2021 1750 2061 suo
1775 2019 1938 2075 opere

367 2106 494 2146 suas
527 2096 902 2151 tantummodo
930 2106 1089 2150 notas
1118 2097 1270 2162 ﬁxit;
1299 2107 1357 2151 ut
1383 2097 1649 2151 sciremus
1679 2111 1783 2150 non
1807 2098 1936 2166 quid

367 2185 564 2251 nobis,
625 2188 719 2241 sed
780 2188 914 2257 quid
969 2187 1170 2243 Judaiis
1229 2191 1516 2243 adversum
1567 2204 1664 2243 nos
1714 2197 1930 2243 certan-

369 2277 514 2332 tibus
544 2288 636 2331 aut
661 2280 850 2334 deesse
877 2290 968 2334 aut
995 2282 1270 2336 abundare
1298 2281 1601 2335 videretur:
1628 2291 1708 2334 iet
1737 2281 1930 2334 iterum

363 2371 566 2425 existis
582 2370 891 2443 Hieronymi
911 2373 962 2426 in
979 2373 1190 2427 Praefat.
1212 2372 1446 2440 Paralip.
1462 2374 1530 2426 ad
1549 2372 1935 2426 Chromatium:

370 2478 391 2512 σ
431 2461 496 2517 Et
527 2473 674 2516 certe
699 2461 965 2535 Origenes
988 2479 1093 2518 non
1118 2465 1292 2519 solum
1340 2464 1584 2528 chapla
1632 2463 1938 2532 composuit

364 2558 598 2618 quatuor
625 2553 944 2618 editionum,
988 2569 1018 2608 e
1058 2556 1279 2625 regione
1301 2557 1509 2622 singula
1537 2555 1699 2608 verba
1727 2553 1935 2608 descri-

363 2641 516 2707 bens,
537 2652 596 2696 ut
617 2659 758 2698 unus
773 2645 1103 2700 dissentiens
1130 2646 1317 2700 statim
1339 2646 1554 2700 caeteris
1578 2645 1720 2698 inter
1738 2658 1797 2698 se
1814 2659 1937 2697 con-

363 2733 724 2790 sentientibus
756 2745 1016 2805 arguatur
1048 2755 1062 2791 :
1120 2735 1216 2792 sed
1265 2737 1406 2806 quod
1442 2736 1663 2805 majoris
1698 2735 1935 2790 audacire

362 2833 467 2888 est,
496 2825 548 2878 in
583 2825 821 2880 editione
851 2825 1202 2897 Septuaginta
1234 2827 1616 2882 Theodotionis
1644 2826 1932 2881 editionem

365 2912 603 2979 miscuit,
637 2915 917 2971 asteriscis
944 2916 1234 2984 designans
1274 2931 1392 2985 quae
1421 2917 1598 2971 minus
1624 2918 1856 2979 fuerant,
1883 2925 1938 2970 et

360 3002 586 3071 virgulis
609 3019 730 3074 quas
750 3021 814 3060 ex
842 3006 1111 3076 superﬂuo
1132 3008 1450 3062 videbantur
1477 3008 1737 3077 apposita.
1772 3025 1790 3058 ι
1827 3005 1934 3059 Sed

363 3093 650 3166 Origenem
684 3100 859 3168 ipsum
901 3101 1088 3154 audire
1117 3114 1297 3169 opera:
1323 3101 1552 3170 pretium
1583 3109 1664 3152 est
1700 3113 1714 3150 :
1740 3097 1818 3152 sic
1848 3096 1937 3149 ille

363 3201 497 3248 tom.
528 3209 594 3246 xv
625 3194 680 3246 in
703 3191 918 3260 Matth.,
956 3208 1106 3247 num.
1141 3193 1224 3255 14,
1249 3209 1370 3262 pag.
1403 3191 1498 3245 671
1535 3210 1548 3245 :
1589 3190 1722 3245 Novi.
1750 3189 1807 3242 δὲ
1844 3189 1938 3258 δη-

360 3284 534 3339 λονότι
557 3284 725 3355 πολλὴ
754 3283 974 3353 γέγονεν
995 3287 1027 3355 ἡ
1056 3283 1163 3338 τῶν
1183 3284 1528 3355 ἀντιγράφων
1545 3281 1792 3354 διαφορὰ,
1825 3279 1934 3334 εἴτε

362 3378 471 3433 ἀπὸ
505 3378 775 3450 ῥᾳθυμίας
800 3378 962 3432 τινῶν
982 3379 1260 3449 γραφέων,
1294 3378 1402 3430 εἴτε
1420 3377 1528 3432 ἀπὸ
1546 3377 1748 3447 τόλμης
1777 3374 1936 3429 τινῶν

366 3473 644 3544 μοχθηρᾶς
670 3473 770 3542 τῆς
803 3471 1137 3543 διορθώσεως
1171 3471 1279 3524 τῶν
1306 3469 1685 3542 γραφομένων,
1711 3467 1821 3522 εἴτε
1845 3467 1940 3521 καὶ

363 3563 472 3618 ἀπὸ
489 3565 596 3619 τῶν
611 3565 679 3618 τὰ
705 3567 916 3628 ἑαυτοῖς
954 3564 1212 3619 δοκοῦντα
1242 3565 1302 3617 ὲν
1321 3566 1388 3634 τῇ
1414 3545 1696 3634 διορθῶσει
1717 3577 1940 3631 προστι-

363 3656 563 3711 Θέντων
603 3656 636 3729 ἢ
683 3656 1089 3729 ἀφαιρούντων·
1142 3656 1241 3729 τὴν
1280 3656 1377 3727 μὲν
1411 3651 1502 3710 οὖν
1531 3656 1588 3708 ὲν
1631 3655 1748 3717 τοῖς
1790 3653 1941 3706 ἀντι-

437 3774 482 3805 "
511 3772 702 3843 Epipb.
731 3773 822 3828 lib.
859 3773 932 3827 De
959 3773 1148 3842 pand.,
1178 3787 1298 3844 cap.
1327 3771 1386 3827 2.

363 3868 676 3934 l‘emniscus,
715 3870 829 3923 sive
859 3870 998 3925 linea
1048 3871 1195 3925 vittae
1237 3884 1390 3924 more
1435 3869 1640 3937 depicta
1663 3883 1782 3922 cum
1814 3866 1945 3920 duo-

366 3942 466 3993 bus
493 3942 724 4007 punctis.
757 3939 926 3994 altero
977 3955 1228 4008 superne,
1283 3940 1454 3995 altero
1497 3939 1703 3995 inferne
1755 3937 1948 4007 positis

364 4011 445 4063 sic
469 4024 533 4066 -ι-
567 4009 1001 4080 hypolemniseus
1045 4026 1173 4065 vero
1202 4019 1328 4064 tunc
1382 4020 1606 4064 vocatur
1644 4023 1772 4080 eum
1841 4021 1948 4060 uno

365 4080 539 4133 solum
604 4091 802 4147 puncto
869 4081 1007 4134 linea
1054 4081 1298 4150 signatur
1333 4081 1412 4135 sic
1447 4094 1509 4134 -:—
1538 4079 1814 4150 obelorum
1853 4091 1950 4150 au—

366 4158 474 4220 tem
508 4158 562 4202 et
594 4151 979 4204 asteriscorum
1011 4147 1125 4204 haec
1151 4161 1242 4220 est
1278 4151 1442 4220 ﬁgura
1469 4168 1484 4216 ;
1516 4149 1790 4204 obelorum
1828 4147 1951 4215 qui-

367 4219 487 4272 dem
512 4219 592 4274 sic
620 4233 681 4276 -ι-
715 4221 1098 4275 asteriseorum
1130 4219 1260 4274 vero
1284 4219 1362 4275 sic
1389 4223 1454 4290 Χ
1482 4235 1600 4290 qua:
1649 4229 1771 4290 post
1805 4229 1950 4290 aste-

366 4291 566 4361 riseum
621 4292 996 4361 ponebantur,
1048 4291 1228 4361 inquit
1271 4306 1390 4361 cap.
1444 4287 1679 4355 unum}
1700 4289 1764 4361 ξ,
1803 4287 1944 4342 idem

366 4359 431 4414 D.
463 4358 768 4414 Bernardus
793 4361 859 4414 de
891 4358 1227 4414 Montl‘aueon
1255 4400 1270 4423 ,
1320 4358 1387 4416 ex
1420 4362 1654 4418 editione
1699 4358 1946 4412 Theodo-

371 4431 530 4500 tion_is
561 4440 619 4483 ut
650 4430 939 4500 plurimum
971 4442 1227 4500 excerpta
1259 4441 1440 4493 erant,
1482 4446 1587 4485 non
1629 4427 1945 4500 infrequen-

368 4509 452 4569 ter
474 4494 540 4555 ex
569 4494 760 4569 Aquila
783 4517 808 4567 ;-
854 4494 1154 4562 interdum,
1191 4503 1284 4555 sed
1337 4501 1533 4566 rarius,
1569 4513 1632 4553 ex
1693 4494 1945 4569 Symma-

367 4567 505 4650 εἶδος
535 4567 1019 4650 n9_rinunqnam_e_x
1070 4569 1276 4625 duobus
1303 4571 1386 4650 vel
1445 4587 1511 4650 es
1541 4567 1944 4650 tribusgsimul.
1979 4567 2024 4622 D
2052 4567 2282 4650 AquiIa';
2322 4578 2404 4631 vel

367 4639 612 4710 Exempli
668 4637 828 4694 causa
869 4639 1036 4700 :Job.
1078 4656 1252 4701 xxxii,
1301 4641 1397 4710 δὲ.
1444 4641 1598 4708 )(9.
1652 4637 1951 4710 καὶμέχρι

366 4709 522 4783 ὑμῶν
545 4708 556 4710 ἡ
581 4711 960 4783 συνήσωδνκαὶ
1007 4711 1116 4764 ἰδοὺ
1155 4713 1255 4764 οὐκ
1295 4708 1363 4783 ἦν
1410 4711 1500 4783 τῷ
1523 4710 1653 4783 Ἱῲϐ-
1693 4709 1947 4783 ἐλέγχων,

368 4779 598 4866 ἀνω-χ(
635 4779 1021 4866 ποκρινόμενος
1066 4779 1504 4866 ρᾖματαέαύητοῦ
1548 4779 1617 4866 ἐς
1635 4780 1786 4866 ςιμῶν
1807 4795 1820 4808 ⁸
1864 4779 1950 4866 ἵνα

371 4851 459 4925 μὴλ
481 4851 698 4923 εἴπητε,
716 4851 974 4925 εὕρωμεν»
984 4851 1173 4925 σοφίαν
1182 4852 1275 4905 τοῦ
1291 4852 1426 4925 Θεοῦ
1449 4851 1825 4925 προσθέμενον
1859 4851 1946 4925 ubi

372 4919 799 4985 animadvertas,
852 4919 972 4974 cum
1005 4919 1205 4991 aliquid
1242 4923 1324 4974 vel
1360 4937 1422 4976 ex
1465 4919 1834 4976 Theodotiune
1867 4919 1949 4991 vel

369 5005 432 5044 ex
469 4992 590 5046 aliis
612 4991 1020 5058 adjicerelur,si
1054 4990 1179 5046 idin
1215 4992 1388 5054 initio,
1415 4993 1528 5046 sive
1558 4992 1610 5043 in
1646 4991 1839 5054 medio,
1876 4990 1948 5042 si-

369 5077 439 5115 ve
464 5062 520 5132 in
554 5063 660 5115 line
710 5063 862 5115 lineae
883 5063 1093 5130 jaceret
1136 5064 1410 5132 praamisso
1439 5075 1654 5128 semper
1686 5062 1948 5132 asterisco

373 5131 614 5186 additum
638 5132 824 5197 fuisse,
860 5134 1120 5202 appositis
1140 5131 1262 5201 post
1290 5134 1716 5202 additamentum
1741 5131 1948 5202 duobus

370 5202 606 5271 punctis.
637 5202 692 5256 Si
728 5217 855 5256 vero
882 5201 1306 5257 additamentum
1359 5203 1487 5256 illud
1540 5201 1607 5254 ad
1651 5201 1832 5269 plures
1881 5201 1946 5253 li-

373 5286 508 5325 neas
535 5273 938 5336 extraheretur,
968 5274 1122 5328 initio
1152 5273 1440 5338 cujuslibet
1463 5272 1617 5324 linere
1647 5271 1944 5324 asteriscus

373 5342 765 5410 appingebatur
818 5345 993 5398 donec
1049 5353 1222 5396 totum
1276 5343 1570 5405 desineret,
1610 5341 1790 5407 ibique
1841 5342 1945 5394 duo

373 5422 572 5480 puncta
599 5413 867 5466 crassiora
906 5415 970 5466 de
999 5429 1148 5467 more
1178 5412 1540 5481 piugebantur
1573 5427 1587 5462 :
1620 5426 1740 5478 qua:
1764 5421 1941 5463 tamen

371 5482 694 5550 plerumque
727 5484 1068 5552 negliguntur
1107 5483 1159 5552 in
1191 5482 1593 5550 manuscriptis.
1646 5481 1941 5549 praesertim

375 5553 594 5616 quando
649 5551 1016 5606 additamenta
1053 5551 1357 5618 huiusmodi
1418 5552 1746 5618 longiuscula
1797 5562 1940 5603 sunt.

373 5619 433 5673 lu
461 5622 850 5675 vetustissimis
885 5623 1163 5676 codicibus
1197 5622 1547 5681 Coisliniano,
1569 5621 1942 5675 Claromouta-

376 5706 473 5754 no,
523 5692 639 5744 sive
703 5691 816 5745 ΗΒ.
880 5692 980 5746 PP.
1030 5691 1358 5745 Jesuitarum
1418 5690 1639 5757 Collegii
1687 5687 1942 5744 Ludovici

376 5761 551 5830 Magni
573 5771 627 5814 et
653 5761 793 5823 aliis,
820 5773 941 5830 post
970 5761 1257 5816 asteriscos
1286 5762 1502 5814 nomina
1537 5764 1886 5828 interpretum
1909 5775 1938 5811 a

355 5832 582 5902 primis
617 5830 811 5888 litteris
855 5833 1251 5897 describuntur,
1285 5832 1358 5887 ita
1409 5843 1467 5886 ut
1507 5831 1942 5899 frequentissime

2042 642 2154 689 τος,
2191 626 2422 696 εὕρομεν
2482 625 2755 689 ἰάσασθαι,
2812 625 3078 695 κριτηρίῳ
3125 627 3459 696 χρησάμενοι
3507 631 3630 693 ταῖς

2043 715 2253 780 λοιπαῖς
2295 717 2599 770 ἐκδόσεσινο
2638 716 2744 768 τῶν
2793 715 3423 786 γὰρὰμφιϐαλλομένων
3477 717 3632 788 παρά

2043 812 2154 872 τοῖς
2196 809 2596 879 Ἐϐδομήκοντα
2642 807 2728 861 διὰ
2761 807 2858 877 τὴν
2899 807 3007 860 τῶν
3049 808 3396 878 ἀντιγράφων
3426 809 3631 877 διαφω-

2041 899 2179 962 νίαν,
2215 897 2314 969 τὴν
2350 898 2528 969 κρίσιν
2558 899 2912 968 ποιησάμενοι
2949 897 3057 951 ἀπὸ
3101 899 3208 951 τῶν
3242 899 3444 952 λοιπῶν
3477 901 3628 952 ἐκδό-

2043 1007 2199 1051 σεων,
2229 989 2290 1042 τὸ
2316 989 2537 1060 συνᾷδον
2583 990 2817 1051 ἐκείναις
2843 988 3186 1059 ὲφυλάξαμεν
3208 1029 3221 1051 ,
3257 991 3350 1042 καὶ
3380 989 3503 1042 τινὰ
3527 991 3625 1059 μὲν

2041 1080 2376 1150 ὠϐελίσαμεν
2405 1083 2462 1133 ὲν
2488 1080 2567 1151 τῷ
2601 1081 2871 1151 Ἑϐραῖκῷ
2898 1083 3147 1152 κείμενοι,
3177 1083 3238 1134 οὺ
3259 1082 3626 1154 τολμήσαντες

2041 1173 2178 1226 αὐτὰ
2195 1173 2367 1244 πάντη
2399 1174 2666 1244 περιελεῖν
2689 1192 2702 1204 ·
2730 1175 2851 1228 τινὰ
2878 1176 2934 1228 δὲ
2959 1177 3073 1246 μετ’
3094 1177 3432 1246 ἀστερίσκων
3455 1193 3627 1246 προσ-

2040 1266 2334 1336 εθήκαμεν,
2370 1265 2456 1318 ἵνα
2505 1265 2661 1335 δῆλον
2792 1268 2874 1320 ὃτι
2921 1267 2994 1337 μὴ
3047 1267 3272 1337 κείμενα
3317 1267 3466 1339 παρὰ
3514 1270 3627 1332 τοῖς

2053 1355 2469 1426 Ἐὅδομήκοντα,
2494 1358 2557 1410 ὲκ
2582 1357 2690 1410 τῶν
2705 1358 2904 1410 λοιπῶν
2935 1359 3197 1412 ἐκδόσεων
3225 1361 3521 1428 συμφώνως
3545 1357 3626 1430 τῷ

2054 1447 2324 1519 Ἐϐραῖκῷ
2348 1448 2782 1520 προσεθήκαμεν.
2815 1449 2888 1503 Ex
2920 1451 3022 1504 hoc
3047 1450 3164 1504 loco
3185 1451 3446 1519 suspicari
3476 1451 3621 1514 licet,

2041 1558 2147 1594 non
2197 1556 2264 1594 ex
2293 1541 2666 1595 Tlieodotione
2701 1541 2896 1607 Solum,
2947 1544 3040 1596 sed
3063 1554 3116 1596 et
3149 1543 3268 1596 aliis
3298 1543 3622 1598 editionibus

2039 1636 2291 1689 nonnulla
2331 1635 2496 1689 fuisse
2524 1637 2784 1704 inspersa.
2828 1635 3169 1704 Quapropter
3201 1636 3530 1706 Epiphanius
3552 1640 3618 1705 η,

2041 1744 2069 1778 a
2103 1742 2210 1795 quo
2241 1742 2418 1780 rerum
2452 1727 2664 1781 illarum
2719 1738 2975 1781 accurate
3026 1728 3224 1782 tradita
3265 1729 3486 1783 historia
3513 1739 3617 1793 est,

2047 1817 2337 1870 desiderari
2372 1817 2447 1870 ait
2495 1831 2524 1869 a
2578 1817 2824 1885 plurimis
2855 1818 2992 1886 apud
3030 1817 3353 1884 lnterpretes
3394 1818 3621 1888 Septua-

1976 1877 2018 1932 Β
2047 1906 2194 1974 ginta
2216 1921 2346 1975 qua:
2393 1921 2460 1961 ex
2491 1906 2727 1961 Hebraeis
2755 1905 2958 1960 referre
2991 1877 3619 1977 przetermiserunt'ipsi,

2042 1996 2235 2066 Aquila
2264 2012 2411 2063 vero,
2466 2008 2521 2052 et
2548 1998 2926 2069 Symmachus,
2965 2013 3030 2050 ac
3064 1998 3251 2066 reliqui
3301 2000 3620 2067 interpretes

2045 2097 2506 2158 repraesentarunt
2535 2107 2550 2145 :
2579 2105 2642 2144 ex
2682 2105 2790 2143 uno
2820 2099 2999 2143 autem
3024 2089 3392 2144 Theodotione
3439 2092 3620 2146 addita

2041 2191 2160 2234 esse
2185 2195 2289 2234 non
2317 2181 2585 2249 apposuit.
2618 2181 2931 2234 Emendatio
2961 2181 3077 2234 haec
3101 2179 3206 2234 τῶν
3233 2183 3287 2233 0'
3313 2197 3408 2249 per
3434 2181 3622 2238 obelos

2040 2281 2094 2326 et
2119 2272 2431 2340 asteriscos,
2455 2288 2631 2328 causa:
2663 2273 2762 2326 luit
2785 2272 3112 2342 Hieronymo
3136 2289 3234 2325 cur
3263 2274 3336 2326 ita
3364 2275 3620 2342 Augusti-

2041 2381 2168 2419 num
2203 2364 2566 2434 alloqueretnr
2596 2367 2750 2434 epist.
2788 2365 2877 2430 89,
2905 2379 3022 2433 cap.
3042 2364 3074 2417 6
3100 2383 3113 2418 :
3151 2383 3170 2414 ι
3196 2364 3360 2418 Miror
3389 2381 3618 2434 quomo-

2041 2458 2106 2512 do
2128 2457 2482 2528 Septuaginta
2508 2456 2863 2526 lnterpretum
2894 2456 3060 2510 libros
3082 2457 3252 2524 legas,
3280 2472 3383 2511 non
3421 2473 3606 2527 puros,

2040 2559 2100 2604 ut
2125 2550 2194 2604 ab
2216 2551 2294 2604 eis
2322 2549 2453 2604 editi
2490 2560 2634 2613 sunt,
2669 2551 2763 2604 sed
2796 2551 2862 2603 ab
2886 2550 3117 2619 Origene
3144 2549 3473 2614 emendatos,
3505 2551 3619 2606 sive

2038 2653 2325 2710 corruptos
2355 2658 2452 2711 per
2477 2643 2666 2698 obelos
2694 2653 2750 2697 et
2780 2644 3090 2705 asteriscus,
3121 2654 3176 2699 et
3201 2643 3490 2699 Christiani
3528 2645 3619 2701 ho-

2039 2735 2201 2788 minis
2228 2734 2823 2801 interpretatiunculam
2865 2750 2974 2789 non
3009 2735 3286 2802 sequaris;
3321 2739 3614 2804 prmsertim

2039 2841 2163 2880 cum
2223 2840 2284 2880 ea
2334 2841 2454 2894 qua:
2483 2825 2663 2879 addita
2711 2835 2857 2891 sunt,
2900 2840 2966 2880 ex
2997 2827 3231 2880 hominis
3263 2825 3430 2881 δυόεί
3458 2837 3620 2896 atque

2040 2917 2362 2986 blasphemi,
2387 2927 2510 2986 pust
2558 2918 2865 2985 passionem
2899 2917 3124 2976 Christi.
3159 2919 3395 2973 editione
3438 2929 3618 2974 trans.

2043 3010 2241 3065 tulerit.
2274 3029 2294 3062 ι
2364 3010 2656 3078 Corruptos
2709 3010 2839 3064 dicit
2900 3009 3066 3064 libros
3111 3011 3458 3082 Septuaginta
3526 3011 3616 3066 in-

2043 3111 2363 3173 terpretum.
2426 3112 2648 3172 propter
2701 3101 3066 3156 additamenta
3136 3117 3168 3156 e
3225 3103 3614 3170 Theodotione,

1966 3221 2010 3280 ρ
2041 3209 2163 3248 cum
2215 3195 2432 3262 inicap.
2488 3206 2619 3247 Lvttt
2687 3191 2833 3246 Isaia}
2879 3195 3160 3248 emendata
3222 3210 3287 3249 ac
3333 3210 3460 3249 vera
3516 3210 3613 3264 ap-

2044 3285 2200 3355 pellet
2228 3285 2586 3352 Hexaplorum
2635 3285 2984 3354 exemplaria,
3025 3300 3146 3354 qua:
3196 3286 3382 3340 eadem
3404 3286 3616 3340 addita-

2045 3390 2226 3433 menta
2268 3377 2658 3448 praelerebant;
2710 3393 2833 3430 nam
2895 3378 3154 3448 neglectis
3211 3380 3488 3434 asteriscis
3523 3381 3617 3449 qui

2043 3471 2130 3527 vel
2183 3471 2234 3525 in
2280 3469 2522 3539 legendo,
2584 3469 2668 3522 vel
2723 3469 2774 3522 in
2840 3469 3194 3524 describendo
3245 3470 3436 3540 negligi
3465 3481 3617 3539 pote-

2046 3572 2190 3625 rant,
2238 3562 2472 3616 maxima
2532 3561 2827 3617 exsistebat
2854 3561 3240 3616 Theodotionis
3275 3579 3396 3619 cum
3426 3565 3538 3626 τοῖς
3560 3565 3618 3618 0'

2044 3653 2293 3710 conlusio
2327 3672 2341 3708 :
2379 3663 2433 3708 at
2484 3653 2770 3709 observata
2823 3653 3208 3708 asteriscorum
3267 3654 3620 3712 distinctione

2047 3880 2344 3936 asteriscus
2399 3889 2593 3930 nomen
2625 3875 2932 3943 prmeedat,
2993 3875 3170 3929 rarius
3200 3883 3379 3928 autem
3421 3887 3612 3927 nomen

2046 3951 2391 4006 asteriscum.
2427 3945 2618 4000 Utrum
2650 3945 2910 4012 veroipse
2935 3945 3194 4012 Origenes
3235 3945 3452 3996 nomina
3487 3958 3612 4012 cum

2047 4019 2325 4076 asteriscis
2362 4018 2415 4070 in
2449 4023 2594 4068 textu
2626 4028 2737 4068 sum
2774 4011 3307 4081 editionis'posuerit,
3352 4029 3418 4064 an
3467 4011 3518 4068 id
3557 4013 3612 4065 in

2015 4149 2017 4151 ,
2047 4086 2396 4157 subsequenti
2431 4100 2544 4157 aevo
2572 4083 2844 4157 abiisqui
2880 4083 3239 4157 Hexaplorum
3265 4081 3613 4157 collectiones

2047 4150 2413 4228 collegerunt,
2431 4163 2486 4208 et
2527 4155 2580 4207 in
2600 4150 2803 4228 _Bibliis
2829 4161 3155 4228 po_snerunt,_
3193 4150 3607 4228 factutnluerit,

2053 4246 2158 4284 non
2186 4217 2260 4283 ita
2296 4226 2452 4280 facile
2471 4233 2555 4278 est
2583 4217 2847 4276 divinare:
2875 4223 3032 4277 Certe
3059 4223 3224 4275 codex
3257 4222 3344 4274 ille
3366 4220 3478 4274 RR.
3504 4217 3609 4278 PP.

2051 4299 2376 4355 Jesuitarum
2407 4296 2462 4348 in
2489 4294 2720 4348 Jeremia
2762 4304 2808 4346 et
2849 4294 2904 4346 in
2931 4291 3202 4344 Ezechiele
3249 4307 3389 4359 sape
3419 4291 3612 4361 aste_ri-

2069 4384 2194 4425 Sros
2221 4369 2271 4421 in
2302 4369 2417 4435 ipso
2453 4373 2596 4418 textu
2618 4364 2792 4435 ponit,
2816 4364 3097 4431 subjuncto
3125 4362 3437 4435 plerumque
3449 4378 3480 4435 _a
3501 4362 3612 4435 pri-

2057 4456 2140 4494 ma
2175 4430 2344 4494 solum
2397 4437 2570 4489 littera
2621 4430 2840 4487 nomine
2889 4430 3198 4499 interpretis
3229 4447 3294 4485 ex
3323 4448 3427 4498 quo
3449 4430 3611 4486 lectio

2055 4511 2144 4564 illa
2192 4507 2463 4578 adjectitia
2523 4504 2816 4578 desumpta
2839 4503 2955 4568 fuit,
2987 4504 3067 4578 sic
3097 4503 3165 4570 ἃ(
3194 4502 3259 4555 Α.
3293 4501 3505 4578 (ιιιιιριιο
3541 4517 3608 4555 ex

2431 4579 2497 4641 χ(
2519 4573 2583 4627 Θ.
2610 4574 2653 4627 si
2671 4589 2735 4626 ex
2756 4573 3159 4634 Theodotione;
3185 4581 3279 4624 aut
3303 4573 3368 4638 χ(
3394 4571 3453 4624 Σ.
3486 4585 3608 4624 cum

2050 4641 2130 4704 ex'
2153 4650 2478 4718 Symmacho
2505 4663 2534 4718 ;_
2551 4643 2636 4697 vel
2651 4644 2896 4718 denique
2918 4647 2984 4712 x
3003 4644 3052 4695 ot
3078 4642 3136 4707 Γ,
3153 4641 3196 4695 si
3224 4655 3287 4718 ex_
3309 4641 3478 4718 tribus
3506 4641 3611 4694 illis

2051 4711 2210 4774 simul
2237 4715 2622 4787 interpretibus
2650 4711 2927 4787 Iectigiilla
2946 4721 3210 4787 excerpta
3245 4711 3334 4787 sit.
3357 4711 3610 4765 Fortasse

2051 4805 2182 4844 vero
2213 4789 2340 4856 quia
2372 4781 2432 4841 ut
2456 4783 3168 4856 plurimumTheodoyonis
3197 4781 3454 4856 lectiones
3486 4795 3610 4834 cum

2051 4851 2334 4914 asteriscis
2362 4851 2624 4911 afferebat
2670 4851 2951 4922 Origenes,
2987 4851 3371 4922 Theodotionis
3415 4864 3608 4922 nomen

2051 4945 2155 4982 non
2181 4929 2391 4983 solebat
2411 4927 2747 4994 exprimere;
2768 4921 2994 4994 V’Aquilzc
3023 4938 3148 4977 vero
3178 4921 3304 4989 quia
3335 4921 3529 4982 rarius,
3552 4927 3610 4972 et

2052 4998 2366 5068 Symmachi
2419 4993 2547 5068 quia
2596 4993 2910 5068 rarissime,
2975 4994 3446 5068 interpretationes
3481 5003 3605 5068 cum

2049 5059 2326 5122 asteriscis
2355 5059 2648 5127 inserebat,
2681 5064 2896 5116 nomina
2934 5078 2961 5114 a
3002 5064 3169 5130 prima
3204 5059 3378 5112 littera
3416 5060 3609 5130 depin-

2048 5139 2230 5207 gebat,
2265 5147 2326 5190 ut
2357 5137 2623 5207 indicaret
2653 5148 2773 5207 _non
2807 5148 2871 5186 ex
2907 5128 3278 5207 Theodotione
3309 5144 3405 5196 pro
3449 5128 3609 5207 solito

2047 5196 2485 5275 Verba'decerpi.
2521 5205 2626 5258 Sed
2653 5204 2754 5256 hoc
2784 5217 2849 5255 ex
2885 5203 3440 5275 cotijectura__lattt_utn
3478 5196 3609 5250 dici-

2049 5288 2157 5330 tur.
2192 5268 2484 5339 Caeteruin,
2511 5275 2684 5342 inquit
2717 5288 2864 5324 num.
2893 5273 2946 5330 4,
2993 5287 3061 5324 ex
3088 5268 3454 5342 rsimilitudine
3485 5281 3605 5332 quae

2049 5347 2423 5400 intercedebat
2455 5337 2641 5399 ebelos
2687 5343 2830 5395 inter
2860 5352 2914 5394 et
2937 5341 3224 5395 lemniscos
3248 5347 3408 5404 atque
3439 5337 3609 5404 hypo—

2050 5417 2366 5480 lemniscos,
2420 5431 2524 5468 non
2575 5414 2747 5467 solum
2796 5424 3056 5486 quantum
3109 5411 3175 5464 ad
3216 5405 3608 5486 lorlnatn,_sed

2048 5488 2212 5539 etiam
2244 5477 2502 5556 quantum
2528 5487 2592 5556 ad
2620 5477 3034 5556 usumffactum
3063 5491 3146 5534 est
3170 5477 3492 5556 “Lienllll§C_l
3513 5487 3611 5542 pro

2043 5556 2213 5609 ohelis
2256 5546 2365 5608 sint
2416 5554 2605 5609 habiti.
2635 5553 2766 5606 Nam
2809 5567 2916 5604 uno
2957 5562 3186 5625 excepto
3214 5547 3428 5616 Esychii
3468 5546 3607 5625 loco,

2045 5626 2244 5678 nullam
2279 5642 2363 5678 me
2389 5625 2767 5678 lemniscorum
2803 5615 3130 5694 mentionem
3153 5635 3181 5671 a
3215 5615 3452 5694 tempore
3478 5615 3606 5694 Epi-

2045 5696 2230 5761 phanii
2255 5705 2308 5748 et
2347 5694 2662 5763 Hieronymi
2708 5693 2916 5760 uspiam
2955 5691 3193 5763 reperire
3217 5687 3497 5763 ‘meminih;
3550 5687 3608 5738 in

2044 5756 2230 5818 Bibliis
2258 5765 2468 5820 scilicet
2506 5756 2909 5832 manuscriptis,
2963 5756 3264 5821 iri—Catenis
3288 5767 3343 5812 et
3371 5758 3424 5807 in
3446 5756 3613 5808 Cm».

2044 5837 2339 5891 mentariis.
2373 5853 2392 5886 ι
