4152 6416
561 405 698 463 1247

1835 394 1916 468 ςι).
1957 386 2552 448 DANIELlS-‘HUETII

3683 380 3822 436 ηδε

564 527 801 597 legitima
829 522 938 577 τῶν
969 523 1026 574 0'
1060 521 1224 575 verba
1254 532 1283 573 a
1331 517 1702 573 'l'lteodotione
1732 523 1990 571 accurate
2044 527 2132 568 se-

2237 523 2367 576 engo
2396 508 2565 577 magis
2612 505 2892 575 magisque
2937 503 3038 558 hac
3076 501 3336 569 editione,
3378 502 3664 558 restituere
3696 520 3819 558 eatn

562 616 948 672 cernebantur.
1012 612 1196 680 Itaque
1236 624 1332 678 pro
1360 609 1585 680 legentis
1611 607 1906 662 attentione
1937 615 1990 660 et
2020 605 2136 659 dili-

565 707 741 777 gentia
797 713 1050 772 corrupta
1079 712 1258 768 erant,
1291 701 1373 756 vel
1428 701 1735 754 emendata.
1784 698 2050 765 Quocirca
2083 697 2137 752 in

565 802 750 854 eadem
781 798 850 850 ad
899 794 1254 864 Augustinum
1297 791 1520 862 epistola
1553 793 1627 846 ita
1664 791 1838 861 pergit
1877 791 2140 861 Hierony-

565 903 684 942 mus
733 903 746 939 :
785 904 805 936 ι
829 887 924 941 Vis
958 895 1170 938 amator
1204 897 1326 938 esse
1369 896 1531 936 verus
1566 882 1916 950 Septuaginta
1966 879 2138 934 Inter-

562 976 812 1046 pretum?
847 974 960 1028 Non
985 975 1129 1044 legas
1155 988 1217 1026 ea
1251 986 1371 1042 qua:
1399 970 1500 1026 sub
1525 971 1798 1026 asteriscis
1824 978 1950 1026 sunt
1973 987 1987 1036 ;
2029 969 2139 1024 into

563 1071 692 1122 rade
720 1069 786 1122 de
812 1067 1195 1122 voluminibus.
1222 1084 1240 1117 ι
1445 1127 1452 1134 ε

637 1158 870 1212 Editioui
909 1155 1017 1208 τῶν
1044 1153 1120 1222 0',
1154 1169 1273 1224 quae
1302 1163 1418 1207 erat
1445 1154 1498 1207 in
1527 1153 1809 1222 Tetraplia,
1833 1151 2038 1208 scholia
2070 1153 2136 1208 ad

561 1249 786 1304 limbum
819 1249 998 1318 aliqua
1047 1248 1311 1317 adjecisse
1339 1247 1623 1316 Origenem
1653 1246 1911 1300 discimus
1930 1262 1996 1299 ex
2025 1260 2138 1300 me-

561 1351 771 1396 morato
804 1342 988 1395 codice
1023 1338 1303 1401 Marchali,
1358 1354 1519 1408 quem
1572 1338 1776 1393 habent
1814 1337 2136 1392 Claromon-

559 1434 670 1488 tani
711 1432 901 1487 Patres
946 1432 1232 1486 Societatis
1272 1429 1396 1485 Jesu
1455 1431 1814 1485 :adnotatum
1853 1430 1997 1484 enim
2051 1439 2138 1484 est

559 1535 686 1578 ante
719 1523 1082 1586 Ezechielem,
1119 1524 1318 1576 librum
1366 1522 1510 1575 hunc
1553 1537 1618 1575 ex
1645 1519 1900 1590 liexaplir
1927 1521 2135 1576 descri-

557 1627 709 1688 ptum
737 1631 885 1676 esse;
913 1626 1217 1670 correctum
1272 1629 1400 1668 vero
1429 1616 1495 1668 ad
1530 1613 1894 1681 Tetraplorum
1926 1615 2083 1667 [idem
2118 1633 2132 1668 :

559 1707 898 1777 postmodum
945 1707 1170 1760 subest:
1211 1706 1404 1758 ’Ἄτινα
1441 1706 1535 1758 καὶ
1575 1704 1739 1758 αὐτοῦ
1771 1704 2134 1777 (Ὠριγένους)

559 1800 700 1871 χειρὶ
725 1798 1018 1870 διὼροωτο,
1053 1797 1146 1850 καὶ
1179 1796 1676 1867 ἐσχολιογράφητο·
1717 1797 1840 1850 ὅθεν
1877 1796 2136 1860 Εὐσέϐιος

559 1892 671 1962 ἐγὼ
718 1891 786 1944 τὰ
830 1892 1015 1962 σχόλια
1057 1890 1366 1960 παρέθηκα·
1401 1890 1683 1960 Πάμφιλος
1729 1891 1822 1943 καὶ
1869 1889 2140 1953 Ἐυσέὂιος

557 1983 959 2056 διωρθώσαντο.
1011 2001 1028 2032 ι
1054 1982 1183 2046 Qum
1207 1979 1274 2046 (Τ
1276 1978 1497 2050 etrapla)
1523 1981 1687 2049 ipsius
1709 1979 1998 2049 (Origenis)
2027 1993 2140 2030 ma-

559 2091 631 2131 ttu
661 2076 968 2137 emendata,
999 2081 1050 2127 et
1079 2072 1298 2126 scholiis
1321 2071 1595 2125 succincta
1625 2079 1780 2124 erant
1805 2088 1819 2123 :
1842 2069 1978 2139 (99‘)
2000 2069 2140 2124 unde

556 2181 658 2237 ego
696 2166 956 2220 Eusebius
1001 2163 1201 2219 scholia
1235 2162 1454 2232 apposui
1494 2180 1507 2216 :
1541 2160 1851 2231 Pamphilus
1884 2169 1941 2216 et
1970 2159 2140 2214 Euse-

558 2259 680 2315 bius
707 2258 1081 2312 emendaruut.
1105 2275 1122 2306 ι

628 2350 763 2407 Vill.
796 2350 947 2418 Apud
999 2349 1196 2406 multos
1244 2350 1385 2404 hanc
1412 2347 1723 2418 Opinionem
1762 2347 2140 2416 percrebuisse

556 2442 738 2507 video,
766 2439 1054 2510 Origenem
1086 2454 1194 2509 quo
1229 2439 1524 2508 parabilior
1549 2447 1694 2493 esset
1713 2442 1998 2492 emendata
2025 2455 2052 2489 υ
2081 2453 2140 2492 se

556 2533 722 2587 editio
751 2533 1036 2586 Seniorum
1061 2530 1441 2601 Septuaginta,
1468 2531 1701 2586 edidisse
1724 2543 1846 2584 eam
1866 2545 2136 2593 seorsum,

557 2633 614 2678 et
652 2640 716 2678 ex
758 2624 962 2694 ingenti
995 2622 1358 2692 Hexaplorum
1398 2620 1538 2676 mole
1567 2621 1871 2686 exemisse;
1919 2624 2054 2676 adeo
2081 2629 2140 2675 ut

558 2715 798 2769 solitaria
850 2715 960 2778 illa,
993 2715 1218 2770 alterius
1266 2730 1387 2786 qua:
1420 2714 1727 2769 habebatur
1778 2714 1830 2768 in
1879 2711 2140 2782 Hexaplis

556 2807 702 2862 unde
723 2816 840 2862 erat
865 2805 1124 2876 profecta,
1152 2820 1408 2876 germana
1435 2814 1600 2868 esset.
1633 2816 1688 2860 et
1717 2807 1864 2859 omni
1895 2820 1963 2859 ex
1989 2816 2139 2874 parte

555 2899 767 2954 similis.
801 2897 962 2953 Ratio
1008 2899 1165 2953 istius
1195 2898 1463 2966 opinionis
1488 2897 1663 2952 valida
1702 2897 1842 2950 nulla
1889 2896 2134 2951 aﬂ‘ertur.

555 2989 899 3044 Probabilior
929 2988 1058 3042 tnilti
1097 2989 1312 3042 videtur
1367 2987 1634 3042 sententia
1680 2985 1906 3042 Joannis
1952 2986 2135 3056 Bapti-

555 3093 654 3137 sta:
696 3082 886 3136 Morini
908 3081 974 3148 “,
1007 3081 1112 3135 viri
1151 3079 1472 3146 doctissimi,
1507 3081 1800 3136 editionem
1831 3080 1991 3144 .illam
2026 3081 2136 3134 τῶν

552 3173 610 3228 O’
644 3191 709 3229 ex
739 3172 1082 3244 Origeniauis
1115 3171 1371 3241 Ilexaplis
1418 3173 1746 3242 descriptam
1803 3171 1870 3226 ab
1906 3173 2136 3227 Eusebio

549 3277 608 3322 et
657 3265 968 3335 Pamphilo,
1025 3275 1086 3318 et
1133 3267 1364 3334 primum
1415 3265 1718 3334 evulgatam
1768 3265 2128 3330 arbitrantis;

547 3358 704 3429 juxta
751 3357 880 3412 illud
934 3356 1244 3425 llierOuymi
1295 3356 1348 3409 in
1398 3355 1615 3409 Przel'at.
1666 3355 1733 3409 ad
1789 3353 2022 3422 Paralip.
2063 3356 2133 3408 od

551 3449 912 3504 Chromatium
947 3461 964 3499 :
1015 3466 1032 3498 t
1056 3447 1380 3502 Alexandria
1415 3456 1467 3501 et
1495 3445 1760 3515 Egyplus
1799 3445 1854 3500 in
1900 3446 2132 3516 Septua-

553 3543 701 3610 ginta
730 3541 844 3595 suis
870 3539 1196 3610 llesychium
1214 3538 1396 3592 laudat
1426 3547 1722 3592 auctorem.
1752 3539 2134 3594 Constantino-

553 3633 694 3702 polis
733 3645 900 3698 usque
945 3629 1287 3683 Antiochiam
1321 3626 1543 3682 Luciani
1584 3629 1836 3699 martyris
1859 3629 2131 3700 exempla-

554 3724 632 3780 ria
668 3724 880 3794 probat.
937 3721 1123 3775 Mediae
1161 3721 1300 3774 inter
1334 3720 1433 3774 has
1474 3721 1766 3789 provinciae
1818 3721 2133 3778 Palaestinos

553 3816 768 3872 codices
795 3816 1020 3885 legunt;
1073 3828 1210 3881 quos
1244 3813 1311 3867 ab
1358 3811 1590 3882 Origene
1637 3813 1942 3870 elaboratos
1965 3815 2132 3871 Euse-

552 3909 674 3965 bius
703 3917 757 3962 et
783 3905 1097 3975 Pamphilus
1118 3905 1488 3975 vulgaverunt.
1517 3924 1536 3957 ι
1570 3905 1702 3960 Nam
1729 3923 1850 3962 cum
1886 3906 2132 3979 frequen-

553 4010 638 4056 ter
665 3999 1110 4055 exscriberentur
1133 3997 1375 4066 llexapla
1416 3998 1468 4052 in
1509 3997 1894 4066 Ecclesiarum,
1940 4003 2129 4058 docto-

551 4106 782 4162 rumque
818 4091 1094 4144 hominum
1132 4105 1311 4155 usuut,
1345 4089 1498 4145 novis
1522 4091 1574 4146 in
1613 4091 1727 4147 dies
1751 4092 2129 4150 deformaban-

553 4196 642 4241 tur
669 4188 906 4241 sordium
943 4186 1402 4255 inquinamentis;
1456 4201 1577 4241 cum
1605 4191 1903 4256 pmsertim
1939 4192 2128 4245 asteri-

552 4293 770 4333 scoruut
796 4288 849 4332 et
882 4279 1164 4333 obelorum
1197 4279 1598 4334 adnotationem
1618 4281 1700 4336 vel
1729 4283 2125 4350 insnperhabe-

551 4377 675 4422 rent
722 4368 948 4429 librarii.
997 4367 1079 4421 vel
1122 4381 1226 4422 non
1265 4368 1401 4423 satis
1439 4369 1725 4438 diligenter
1777 4373 2130 4427 administra-

549 4468 709 4513 rent:
737 4459 877 4512 unde
907 4458 1094 4527 ingens
1116 4458 1386 4513 incidebat
1409 4473 1587 4512 rerum
1612 4461 1965 4530 perturbatio,
2001 4477 2132 4516 cou-

2241 601 2418 656 conati
2467 609 2595 655 sunt
2629 598 2890 653 Eusebius
2921 606 2977 651 et
3013 593 3353 661 Pamphilus,
3387 609 3453 650 ex
3501 595 3620 665 ipso
3660 598 3823 650 αὺτο-

2240 695 2463 766 γράφῳ,
2489 695 2632 762 quod
2660 699 2779 745 erat
2808 689 2860 742 in
2900 685 3219 742 Caesariensi
3255 686 3616 750 bibliotheca;
3658 688 3824 742 resti-

2240 798 2411 842 tutam
2439 802 2570 842 vero
2589 794 2644 840 et
2668 797 2913 840 seorsum
2944 796 3138 851 magna
3165 780 3446 850 diligentia
3489 781 3819 849 descriptam

2240 880 2680 950 publicaverunt.
2712 875 2889 945 Atque
2928 889 2991 929 ea
3021 874 3187 930 editio
3216 873 3502 929 Palaestina
3530 874 3674 927 dicta
3709 885 3818 928 est.

2239 973 2466 1025 Summo
2488 969 2693 1026 scilicet
2730 969 2991 1037 applausu
3039 965 3140 1019 l'uit
3165 975 3412 1034 excepta,
3436 974 3492 1020 et
3513 962 3566 1020 in
3594 964 3820 1021 Jeroso-

2239 1061 2397 1134 lytnte
2447 1061 2678 1129 aliisque
2707 1058 2943 1115 Orientis
2985 1057 3242 1113 Ecclesiis
3287 1058 3562 1112 decantari
3613 1067 3820 1127 empta,

2238 1164 2289 1208 et
2313 1153 2654 1207 librariorum
2683 1166 2826 1220 sepe
2849 1165 2968 1205 eam
3002 1152 3055 1204 in
3082 1150 3328 1220 publicos
3354 1164 3482 1205 usus
3501 1150 3822 1205 exscriben-

2240 1245 2370 1298 tium
2405 1243 2593 1299 labore
2615 1243 2961 1297 disseminata
2999 1243 3197 1312 passim
3225 1255 3288 1295 ac
3309 1253 3640 1312 propagata;
3690 1257 3818 1297 cum

2238 1348 2458 1407 propter
2509 1339 2752 1393 auctoris
2800 1338 3019 1401 famam,
3055 1347 3105 1390 et
3146 1337 3553 1391 emendatorum
3582 1335 3832 1392 nobilem

2237 1431 2560 1496 doctrinam,
2611 1439 2726 1484 tum
2759 1441 2980 1501 propter
3031 1430 3212 1497 operis
3247 1429 3418 1496 ipsius
3476 1429 3819 1499 dignitatem.

2239 1522 2412 1588 Hujus
2437 1522 2692 1578 editionis
2719 1531 2773 1578 et
2825 1522 3219 1576 emendationis
3256 1520 3582 1575 luculentum
3639 1529 3823 1576 exstat

2239 1619 2651 1664 monumentum
2683 1611 2734 1664 in
2765 1612 2951 1666 codice
2978 1610 3170 1665 Reuati
3196 1611 3476 1674 Marchali,
3523 1610 3637 1678 jam
3672 1625 3819 1680 sepe

2238 1699 2455 1755 laudato
2474 1741 2490 1765 ,
2525 1702 2577 1756 in
2601 1717 2709 1770 quo
2734 1701 3124 1769 post-Jeremiat
3148 1704 3341 1757 librum
3368 1703 3680 1756 adnotatum
3705 1711 3826 1769 est,

2239 1793 2568 1861 descriptum
2598 1808 2720 1847 eum
2746 1808 2868 1848 esse
2891 1810 2954 1848 ex
2985 1795 3236 1866 Origeuis
3260 1795 3539 1865 llexaplis,
3560 1805 3614 1850 et
3639 1809 3822 1850 emori.

2171 1871 2214 1925 Β
2242 1885 2426 1938 datum
2475 1901 2540 1939 ex
2577 1885 2834 1953 Tetraplis
2891 1902 3051 1941 manu
3109 1889 3282 1958 ipsius
3321 1888 3600 1955 exaratis;
3653 1889 3821 1958 idque

2239 1992 2401 2048 opera
2426 1977 2690 2047 Pamphili
2714 1988 2770 2033 et
2789 1977 3026 2033 Eusebii.

2309 2071 2387 2123 En
2419 2069 2510 2123 tibi
2543 2072 2656 2139 jam
2699 2073 2882 2142 itaque
2914 2072 3106 2142 triplex
3140 2071 3309 2126 editio
3337 2070 3685 2141 Septuaginta
3717 2073 3820 2128 So-

2239 2177 2403 2228 num;
2447 2163 2783 2236 Origeniaua
2821 2165 2938 2219 hac
2979 2180 3098 2232 qua:
3123 2165 3174 2217 in
3203 2163 3456 2230 llexaplia
3503 2166 3822 2221 contineba-

2239 2262 2365 2319 tur;
2413 2254 2581 2309 altera
2629 2255 2877 2323 privatim
2917 2257 3059 2310 edita
3093 2256 3160 2308 ab
3202 2254 3436 2310 Eusebio
3465 2264 3519 2311 et
3561 2255 3820 2324 Pamphi-

2241 2344 2313 2409 lo,
2364 2360 2485 2416 quae
2527 2346 2722 2414 prioris
2767 2360 2916 2400 mere
2963 2360 3218 2414 germana
3265 2357 3420 2412 erat;
3465 2347 3620 2400 tertia
3660 2356 3820 2400 vetus

2241 2436 2329 2492 illa
2361 2453 2483 2506 qua:
2507 2438 2753 2507 Origenis
2780 2437 3212 2492 emendationem
3246 2439 3544 2506 pra-cessit,
3571 2447 3628 2492 et
3661 2440 3820 2510 κοινὴ

2239 2545 2334 2584 seu
2359 2528 2584 2599 Vulgata
2614 2530 2878 2598 appellata
2925 2538 3029 2593 est,
3057 2543 3286 2598 qureque
3329 2528 3606 2598 multiplex
3651 2539 3707 2583 et
3735 2530 3822 2582 di-

2240 2635 2394 2673 versa
2428 2620 2549 2681 fuit,
2580 2630 2768 2689 utpote
2796 2621 2973 2673 varias
3031 2633 3187 2686 passa
3231 2620 3672 2675 adulterationes.
3697 2619 3818 2674 Non

2239 2709 2345 2765 alia
2386 2721 2562 2764 autem
2600 2712 2945 2781 Septuaginta
2987 2711 3350 2782 lnterpretum
3399 2712 3563 2767 edi-tio
3593 2726 3821 2780 usurpa-

2239 2802 2398 2855 batur
2431 2802 2590 2871 vulgo
2613 2812 2739 2856 aute
2781 2801 3092 2871 Origenem,
3125 2819 3287 2872 quam
3319 2820 3439 2873 quae
3478 2805 3634 2877 κοινὴ
3671 2806 3822 2861 dice-

2238 2893 2418 2949 batur.
2461 2893 2613 2948 llanc
2654 2894 3067 2963 appellationem
3108 2895 3312 2951 idcirco
3349 2907 3638 2952 consecuta
3675 2905 3817 2965 erat,

2237 2985 2380 3054 quod
2419 2985 2558 3039 nulla
2602 3002 2698 3056 per
2724 2987 3001 3042 Orientem
3046 2987 3341 3058 Scriptura:
3366 2989 3534 3044 editio
3560 2989 3818 3060 frequen-

2239 3077 2361 3131 tiori
2398 3094 2495 3131 usu
2545 3087 2941 3134 contereretur.
2999 3082 3117 3150 Quo
3167 3082 3363 3136 factum
3406 3093 3508 3145 est,
3540 3093 3598 3137 ut
3650 3084 3834 3138 editio

2239 3169 2393 3242 κοινὴ
2417 3186 2519 3225 non
2555 3187 2716 3225 unam
2745 3172 2983 3242 aliquam
3019 3187 3069 3229 et
3109 3176 3435 3245 peculiarem
3463 3173 3818 3247 Septuaginta

2241 3261 2440 3317 Senum
2466 3264 2756 3318 editionem
2782 3275 2972 3321 notare
3005 3266 3199 3321 deinde
3223 3268 3472 3336 coeperit,
3509 3267 3602 3322 sed
3643 3268 3822 3336 ipsam

2238 3355 2553 3410 eorumdem
2594 3355 2948 3426 interpretum
2987 3359 3398 3412 conversionem
3446 3359 3683 3430 generali
3717 3376 3818 3430 ap.

2239 3447 2525 3516 pellatione
2566 3448 2970 3518 signiﬁcaverit.
3015 3449 3145 3504 Rem
3211 3465 3318 3505 uno
3363 3453 3529 3507 verbo
3561 3452 3812 3522 expedio.

2243 3537 2577 3593 Vocabulum
2603 3540 2750 3604 illud,
2781 3541 2956 3611 κοινὴ,
2991 3542 3175 3610 generi
3210 3552 3265 3596 et
3298 3543 3497 3611 speciei
3527 3560 3826 3602 commune

2239 3631 2361 3696 fuit,
2393 3643 2449 3684 ut
2479 3631 2598 3685 alia:
2645 3633 2911 3702 pleraeque
2941 3649 3101 3688 voces
3136 3652 3149 3688 :
3195 3636 3400 3702 generi,
3427 3651 3550 3690 cum
3572 3637 3818 3707 qualem—

2237 3739 2450 3792 cunque
2493 3725 2602 3776 τῶν
2634 3728 2689 3776 0'
2720 3725 3011 3780 editionem
3047 3729 3294 3793 notavit;
3347 3729 3567 3798 speciei,
3604 3746 3726 3784 cum
3764 3731 3816 3784 ei

2237 3817 2335 3872 soli
2365 3815 2579 3871 addicta
2627 3827 2728 3884 est,
2759 3832 2877 3886 quae
2921 3829 3046 3873 ante
3087 3819 3337 3889 Origenis
3377 3823 3818 3877 emendationem

2237 3908 2738 3964 circumferebatur.
2782 3908 2990 3977 Speciei
3031 3912 3229 3966 tributa
3271 3922 3356 3967 est
3393 3915 3652 3983 primum,
3689 3915 3818 3969 inde

2237 4004 2302 4057 ad
2352 4017 2522 4073 genus
2578 4003 2750 4070 ipsum
2796 4005 3066 4060 transivit.
3109 4005 3471 4071 Quamobrem
3521 4006 3832 4077 aliquando-

2237 4094 2600 4165 Hieronymus
2625 4096 2752 4159 τοὺς
2777 4099 2852 4163 0',
2888 4097 2954 4150 ab
2978 4096 3209 4168 Origene
3243 4099 3450 4154 scilicet
3477 4102 3816 4166 emendatos,

2237 4204 2266 4242 a
2295 4191 2448 4259 κοινῇ
2479 4188 2797 4258 distinguit;
2830 4190 3119 4259 aliquando
3153 4207 3272 4246 cum
3325 4207 3388 4247 ea
3429 4193 3721 4262 permiscet
3759 4204 3820 4248 et

2236 4281 2537 4336 confundit.
2575 4279 3107 4352 Distinguit'quidem
3132 4283 3184 4338 in
3222 4283 3492 4339 Prommiu
3521 4287 3586 4340 ad
3614 4287 3813 4341 librum

2236 4389 2326 4428 art
2356 4372 2719 4428 Commentar.
2744 4375 2800 4427 in
2836 4373 3058 4434 Isaiam.
3095 4395 3114 4428 ε
3138 4374 3387 4444 Liquida,
3421 4378 3612 4447 inquit,
3646 4379 3821 4433 conli-

2239 4475 2410 4520 tentes
2435 4466 2485 4520 in
2514 4465 2779 4520 llehraico
2811 4481 2914 4520 non
2959 4466 3169 4532 haberi,
3200 4483 3302 4523 nec
3343 4484 3466 4523 esse
3497 4470 3548 4522 in
3580 4469 3817 4539 Septua-

547 4550 682 4605 fusis
708 4561 762 4604 et
781 4551 1061 4620 permistis
1089 4564 1212 4604 cum
1245 4548 1595 4620 Septuaginta
1627 4551 1828 4606 Senum
1857 4551 2120 4619 interpre-
2158 4580 2206 4639 υ
2237 4558 2386 4627 ginta
2419 4555 2836 4625 lnterpretibus,
2866 4560 2959 4613 sed
3005 4559 3056 4613 in
3112 4558 3348 4615 editione
3381 4561 3607 4630 Vulgata
3629 4602 3646 4628 ,
3693 4577 3820 4632 quae

549 4644 754 4698 latione
776 4643 1164 4697 Theodotiouis
1211 4643 1594 4698 additamentis
1637 4661 1658 4697 :
1705 4662 1723 4694 t
1758 4641 2124 4698 Misericordia

546 4745 596 4790 et
643 4738 857 4798 veritas,
890 4736 1065 4804 inquit
1109 4734 1470 4805 Hieronymus
1506 4735 1558 4790 in
1595 4735 1768 4806 Epist.
1805 4739 1871 4792 ad
1901 4738 2037 4796 Sun.
2070 4749 2125 4794 et

547 4826 791 4890 Fretell..
810 4827 1142 4880 obviaveruut
1163 4827 1263 4879 sibi
1290 4826 1333 4857 “
1357 4844 1370 4880 :
1391 4835 1445 4881 et
1465 4827 1646 4882 dicitis
1669 4828 1811 4896 quod
1839 4829 1889 4883 in
1911 4828 2121 4895 Greco,

545 4918 670 4983 sibi,
727 4933 831 4971 non
882 4917 1146 4971 habeatur
1191 4937 1203 4971 :

547 5025 678 5062 σανα
733 5009 918 5073 idest,
959 5006 1325 5063 Misericordia
1366 5017 1414 5062 et
1465 5009 1654 5063 veritas
1711 5025 2125 5080 concurrerunt;

544 5103 624 5155 sic
656 5103 708 5155 in
747 5099 974 5155 Hebraeo
1010 5101 1263 5166 habetur,
1301 5111 1356 5154 et
1403 5101 1544 5169 apud
1579 5100 1928 5171 Septuaginta
1970 5105 2127 5161 obelo

544 5200 900 5261 prazttotatum
937 5199 1070 5245 est:
1118 5205 1238 5260 quae
1273 5190 1423 5259 signa
1477 5192 1602 5244 dum
1653 5207 1747 5260 per
1797 5194 2124 5262 scriptorum

546 5283 934 5354 negligentiam
967 5298 994 5336 a
1043 5282 1316 5351 plerisque
1343 5281 1496 5352 quasi
1521 5283 1787 5351 superﬂua
1813 5284 2129 5354 relinquun-

553 5384 662 5436 tur,
709 5389 939 5441 maguus
975 5375 1027 5428 in
1068 5373 1293 5440 legendo
1328 5387 1481 5425 crror
1525 5372 1790 5426 oboritur.
1815 5392 1832 5424 I
1862 5373 2128 5438 Loquitur

546 5465 611 5517 de
636 5465 870 5520 editione
894 5464 1002 5519 τῶν
1025 5467 1079 5519 0'
1105 5480 1222 5535 qua:
1255 5464 1512 5534 Hexaplia
1538 5465 1727 5520 iuerat.
1757 5466 2126 5537 Degeneraute

1250 4916 1396 4982 ἔλεος
1449 4919 1542 4972 καί
1583 4918 1808 4990 ἀλήθεια
1858 4923 2122 4994 συνήντη-

616 5621 834 5679 “Joan.
859 5625 918 5680 Β.
951 5625 1141 5680 Morio.
1172 5628 1224 5680 in
1258 5627 1417 5681 Praef.
1455 5627 1520 5680 ad
1558 5626 1723 5680 LXX.

616 5719 747 5786 (90')
782 5717 930 5772 Unde
963 5737 1054 5789 ego
1088 5719 1347 5775 Eusebius
1382 5722 1580 5775 scholia
1623 5723 1859 5789 apposui,
1895 5733 1998 5776 etc.
2045 5725 2121 5780 Ex

546 5789 630 5861 his
661 5800 807 5856 patet
841 5789 1102 5861 Tetrupiia
1140 5806 1274 5861 nova
1297 5792 1590 5861 Eusebium
1625 5792 1888 5861 atljecisse
1916 5793 2118 5849 scholia

548 5859 601 5919 in
625 5863 946 5928 quibusdam
973 5859 1163 5914 saltem
1189 5860 1483 5927 Scriptura:
1507 5861 1656 5915 libris
1688 5859 1701 5888 ·’
1724 5861 1883 5931 idque
1913 5862 1965 5916 iu
1993 5863 2130 5932 alio,

2235 4647 2423 4704 Graece
2450 4646 2606 4718 κοινὴ
2657 4647 2876 4715 dicitur,
2910 4657 2964 4704 et
3016 4649 3070 4704 in
3105 4660 3216 4705 toto
3249 4651 3381 4704 orhe
3410 4652 3626 4709 diversa
3654 4664 3760 4710 est.
3789 4673 3810 4706 ι

2235 4739 2582 4808 Septuaginta
2613 4739 2941 4809 lnterpretes
2978 4742 3156 4812 signat
3183 4742 3251 4796 ab
3280 4741 3514 4814 Origene
3553 4745 3816 4801 emenda-

2235 4841 2318 4886 tos
2337 4842 2389 4887 et
2417 4833 2468 4885 in
2499 4831 2736 4901 Epistola
2759 4831 2824 4885 ad
2859 4828 2994 4885 Sun.
3021 4840 3076 4886 et
3097 4833 3313 4888 Fretell.
3341 4854 3355 4890 :
3382 4856 3400 4886 ι
3429 4837 3600 4910 Κοινὴ
3631 4850 3822 4897 autem

2234 4923 2356 4986 ista,
2391 4923 2492 4978 hoc
2532 4935 2615 4978 est
2659 4922 2960 4979 communis
2981 4925 3169 4991 editio,
3209 4925 3322 4994 ipsa
3365 4939 3448 4982 est
3473 4945 3592 5000 quae
3620 4943 3676 4987 et
3715 4935 3820 4989 Se-

2237 5012 2546 5080 ptuaginta;
2584 5014 2678 5067 sed
2709 5014 2811 5070 hoe
2853 5016 3081 5070 interest
3124 5017 3268 5072 inter
3316 5029 3626 5091 utramque,
3667 5029 3813 5093 quod

2240 5104 2391 5174 κοινὴ
2419 5120 2516 5174 pro
2544 5105 2676 5162 locis
2695 5116 2751 5161 et
2775 5109 3136 5178 temporibus,
3168 5120 3224 5166 et
3245 5127 3343 5181 pro
3370 5113 3644 5169 voluntate
3678 5119 3815 5172 scri-

2234 5205 2446 5263 ptorum
2475 5206 2719 5251 veterum
2751 5211 3004 5270 corrupta
3042 5203 3210 5258 editio
3239 5213 3341 5259 est.
3367 5204 3442 5258 Ea
3473 5221 3654 5263 autem
3689 5225 3818 5278 qua:

2237 5285 2471 5340 habetur
2505 5288 2556 5342 itt
2600 5289 2903 5356 Ἐξαπλοῖς,
2939 5302 2992 5347 et
3023 5307 3186 5362 quam
3220 5309 3318 5348 nos
3365 5296 3649 5363 vertimus,
3697 5300 3816 5366 ipsa

2233 5389 2317 5435 est
2339 5395 2459 5449 qua:
2491 5381 2543 5435 in
2574 5384 2906 5438 eruditorum
2937 5385 3091 5440 libris
3129 5387 3438 5458 incorrupta
3469 5399 3527 5444 et
3550 5390 3815 5454 immacu-

2236 5469 2343 5525 lata
2375 5469 2723 5543 Septuaginta
2760 5475 3120 5545 luterpretum
3157 5479 3439 5536 translatio
3475 5494 3811 5539 reservatur.

1802 5628 1847 5658 “
1873 5627 2015 5685 Psal.
2043 5645 2267 5702 Lxmv,
2296 5633 2381 5690 Η.

2226 5742 2282 5785 ut
2309 5731 2543 5806 videturl
2568 5730 3096 5806 qttatn__()rigeniano
3121 5733 3457 5802 exemplari,
3505 5736 3646 5803 quod
3713 5751 3816 5804 po-

2227 5810 2484 5858 streutuut
2509 5799 2772 5872 Pamphili
2797 5813 2848 5859 et
2868 5799 3098 5859 Eusebii
3132 5799 3296 5874 opera
3333 5799 3688 5862 emendatum.
3701 5799 3835 5866 ests-
