4152 6404
304 419 441 476 19.49

1149 400 1723 463 ORICENIANORUM
1760 399 1890 455 LlB.
1930 398 2021 462 1H,
2062 396 2215 452 CAP.
2256 394 2321 459 ll,
2365 392 2561 457 SECT.
2601 391 2684 447 IV.

3432 386 3570 440 1250

305 530 574 604 Quidquid
624 542 753 596 ergo
783 528 851 581 ab
892 528 996 579 hac
1025 523 1317 591 discrepat,
1374 518 1506 574 nulli
1550 517 1774 571 dubium
1805 522 1889 569 est
1918 519 1963 575 Α
1992 511 2103 565 bat.
2134 507 2323 563 Media
2354 521 2513 561 inter-
2544 507 2644 561 has
2676 502 2975 575 provincia:
3004 499 3322 556 Palaestinos
3358 499 3573 555 codices

306 627 435 698 quin
466 626 539 678 ita
573 632 629 679 et
667 621 735 675 ab
780 617 1125 672 Hebraeorum
1174 612 1498 667 auctoritate
1541 608 1833 663 discordet.
1861 624 1880 657 ι

1988 603 2207 672 legunt;
2253 615 2389 670 quos
2440 599 2509 654 ab
2557 598 2794 668 Origene
2850 595 3156 650 elaboratos
3207 592 3472 647 Eusebius
3523 601 3579 646 et

308 685 601 774 Confundit
638 727 765 767 vero
789 712 917 772 τοὺς
947 708 999 761 0’
1022 723 1147 762 cum
1178 704 1405 775 Vulgata
1441 703 1535 757 lib.
1566 715 1622 756 tx
1650 700 1706 753 in
1727 697 1888 752 Isaia:
1985 694 2303 764 Pamphilus
2338 691 2745 761 vulgaverant,
2793 697 3049 757 totusque
3100 685 3251 741 orbis
3296 685 3399 740 hac
3436 685 3579 739 inter

310 828 441 874 xxx,
472 809 564 863 20.
612 825 631 858 t
654 806 904 868 Multum,
948 802 1143 873 inquit,
1180 800 1232 853 in
1258 800 1359 853 hoc
1386 797 1506 851 loco
1537 792 1890 863 Septuaginta

310 902 498 965 editio,
528 897 962 964 Hebraicumque
995 890 1331 947 discordant.
1382 887 1623 943 Primum
1660 897 1795 954 ergo
1826 883 1894 936 de

315 994 543 1063 Vulgata
574 989 953 1044 tractabimus.
984 1005 1002 1039 ›
1043 984 1325 1053 Vulgatatn
1369 980 1661 1035 editionem
1708 975 1897 1047 appel-

314 1090 390 1143 lnl
410 1087 539 1149 τοὺς
570 1086 648 1147 0’,
680 1096 910 1153 quorum
961 1079 1127 1137 verba
1183 1075 1390 1147 profert
1439 1071 1691 1144 :profert
1718 1079 1896 1123 autem

315 1181 384 1235 de
436 1177 717 1245 Hexaptis.
775 1173 839 1228 Et
870 1172 922 1226 in
953 1170 1170 1225 Praefat.
1214 1168 1519 1224 Comment.
1551 1167 1607 1218 in
1644 1162 1850 1216 Daniel.
1880 1177 1895 1214 :

322 1292 340 1324 ι
366 1270 636 1339 Origenes
681 1267 750 1322 de
783 1262 1175 1319 Theodotionis
1204 1274 1368 1331 opere
1395 1258 1462 1325 ,in
1507 1257 1743 1312 editione
1773 1251 1903 1306 Vul-

315 1374 446 1434 gata
480 1359 776 1415 asteriscos
811 1356 1012 1427 posuit.
1046 1372 1065 1406 i
1102 1354 1169 1407 Et
1207 1352 1262 1406 in
1296 1348 1536 1421 Epistola
1571 1347 1637 1402 ad
1677 1345 1903 1401 Suniam

319 1465 373 1509 et
403 1451 629 1507 Fretell.
666 1468 684 1501 ‹
720 1448 874 1502 Licet
900 1447 952 1500 in
984 1443 1338 1514 Septuaginta
1368 1449 1425 1495 et
1466 1441 1519 1494 in
1554 1436 1807 1506 Hexaplis
1833 1435 1906 1489 ita

321 1544 646 1614 repererim.
675 1560 691 1593 ι
733 1540 845 1595 Hoc
881 1547 966 1594 est
999 1538 1051 1591 in
1085 1534 1332 1606 Vulgata,
1365 1542 1419 1587 et
1448 1532 1503 1586 in
1531 1530 1621 1585 Illa
1648 1526 1911 1598 "exopto-

321 1653 460 1691 rum.
505 1633 733 1703 Vulgata
775 1629 1058 1701 speciatim
1094 1635 1151 1681 et
1188 1625 1405 1696 proprie
1447 1623 1592 1678 dicta
1625 1621 1912 1675 utebantur

325 1732 493 1785 Sunia
527 1738 579 1782 et
611 1724 862 1791 Fretella,
895 1721 998 1790 piae
1038 1731 1094 1775 ct
1132 1719 1361 1775 erudita:
1389 1715 1606 1770 femina:
1635 1731 1649 1767 :
1684 1709 1911 1766 multum

324 1824 415 1878 illa
444 1837 472 1875 a
502 1819 826 1890 primigenio
858 1813 1156 1883 exemplari
1180 1809 1497 1866 deﬂexerat.
1535 1805 1629 1860 Ha:
1657 1810 1917 1874 rogarunt

327 1915 741 1981 Hieronymum,
774 1916 833 1962 ut
866 1905 1222 1976 plurimorum
1262 1897 1515 1955 Psalterii
1557 1896 1823 1958 locorum,
1855 1893 1908 1947 in

321 2008 523 2078 quibus
557 2003 744 2059 Graeca
782 2015 810 2053 a
843 1996 1051 2051 Latinis
1093 1992 1465 2056 dissonabant,
1504 1987 1798 2058 legitimam
1834 1983 1910 2039 le-

325 2100 564 2157 ctionem
593 2111 661 2150 ex
692 2093 954 2149 Hebraica
988 2090 1216 2145 veritate
1268 2085 1373 2141 sibi
1406 2084 1661 2139 traderet.
1704 2078 1908 2133 Morem

326 2192 495 2265 gessit
516 2189 900 2259 Hieronymus,
924 2191 980 2237 et
1008 2182 1270 2251 prolixam
1293 2176 1580 2247 rescripsit
1601 2170 1909 2242 epistolam,

329 2264 398 2342 ex
442 2284 599 2354 cujus
638 2279 949 2337 evolutione
997 2276 1197 2337 discas,
1254 2270 1387 2342 quid
1424 2267 1713 2336 Vulgatam
1768 2264 1912 2318 inter

324 2352 644 2436 editionem,
669 2382 725 2425 et
752 2370 897 2424 illam
936 2382 1057 2437 quae.
1085 2364 1307 2434 jacebat
1340 2361 1394 2415 in
1422 2355 1701 2427 Hexaplis,
1726 2352 1913 2410 discri-

334 2470 495 2525 minis
520 2463 851 2523 interfuerit.

402 2601 494 2659 ιχ.
536 2601 673 2656 Dum
707 2599 847 2653 hanc
886 2590 1251 2650 emaculandis
1301 2587 1654 2660 Septuaginta
1685 2582 1913 2639 Senibus

334 2697 613 2753 navabant
660 2706 881 2761 operam
920 2686 1185 2742 Eusebius
1235 2680 1665 2750 etPamphilus;
1717 2675 1914 2732 similis

336 2804 471 2845 cura
517 2780 847 2855 Hesychium
886 2778 1213 2833 monachum
1260 2775 1314 2829 in
1344 2772 1599 2843 Egypto,
1637 2778 1691 2824 et
1716 2766 1912 2823 Lucia-

338 2895 467 2936 num
496 2876 798 2933 Antiochia:
848 2871 1038 2927 eodem
1072 2867 1295 2923 circiter
1337 2876 1576 2933 tempore
1602 2861 1912 2916 exercebat.

340 2972 409 3028 Hi
442 2972 677 3042 priscam
730 2966 878 3020 illam
904 2960 1224 3023 editionem,
1252 2955 1436 3027 κοινὴν
1473 2954 1700 3016 dictam,
1741 2949 1917 3005 defor-

341 3078 483 3119 mem
514 3060 746 3125 mendis,
799 3066 850 3112 et
885 3052 1157 3110 sexcentis
1182 3050 1427 3104 vitiatam
1458 3047 1591 3101 locis
1630 3054 1839 3098 mutare
1863 3042 1916 3095 in

341 3155 535 3211 melius
567 3148 805 3223 aggressi
832 3154 979 3203 sunt.
1016 3142 1288 3200 Adhibitis
1312 3154 1441 3210 ergo
1475 3137 1703 3193 vetustis
1726 3133 1919 3204 Vulga-

1991 801 2052 842 se
2081 784 2287 840 trifaria
2315 784 2582 838 varietate
2607 790 2955 852 eompugnat.
2989 798 3009 832 ι

2064 915 2134 970 Χ.
2163 915 2429 971 Craterum
2462 914 2573 968 veri
2607 912 2739 966 mihi
2765 911 2978 966 videtur
3013 909 3362 976 simillimum,
3386 907 3582 962 Lucia-

1996 1025 2126 1066 num
2154 1008 2353 1078 ipsum,
2391 1014 2445 1060 et
2472 1002 2801 1074 Hesychium
2827 1017 2947 1057 cum
2980 1000 3164 1073 κοινὴν
3197 1001 3578 1062 emendabant,

2000 1110 2058 1155 ut
2084 1097 2337 1169 Origenis
2381 1094 2736 1149 imitabantur
2777 1092 3038 1156 studium,
3076 1093 3146 1146 ita
3187 1090 3583 1147 emendationis

2003 1192 2271 1249 rationem
2310 1188 2568 1253 tenuisse,
2603 1195 2659 1241 et
2691 1185 2865 1241 obelis
2902 1199 2968 1238 ac
2998 1184 3272 1239 asteriscis
3294 1183 3479 1255 κοινὴν
3502 1183 3586 1237 di-

2003 1287 2280 1350 stinxisse,
2309 1284 2467 1354 eique
2494 1281 2879 1337 Theodotionis
2906 1281 3131 1336 lacinias
3162 1279 3418 1335 assuisse.
3447 1276 3583 1333 Cum

2008 1378 2153 1434 enim
2182 1387 2390 1433 certum
2436 1376 2506 1430 sit
2551 1372 2847 1445 Egyptum
2881 1388 2945 1428 ac
2987 1372 3201 1443 Syriant
3246 1371 3588 1445 Hesychiiet

2009 1469 2232 1526 Luciani
2269 1467 2597 1523 editionibus
2629 1482 2750 1522 esse
2785 1482 2946 1531 usas;
2996 1481 3097 1520 nec
3153 1465 3332 1519 minus
3377 1440 3584 1519 certum

2012 1565 2083 1619 sit
2111 1577 2229 1632 quae
2275 1562 2340 1616 iis
2392 1561 2446 1613 in
2494 1560 2810 1630 regionibus
2872 1559 3273 1628 usurpabantur
3323 1558 3588 1612 editiones

2013 1656 2120 1709 τῶν
2144 1657 2216 1718 0’,
2242 1653 2410 1710 obelis
2434 1653 2600 1708 fuisse
2626 1662 2682 1707 et
2699 1652 2976 1707 asteriscis
3003 1653 3262 1723 signatas,
3288 1650 3442 1720 plane
3464 1650 3592 1704 hinc

2016 1748 2242 1805 eﬂicitur
2262 1746 2511 1817 Hesycltii
2536 1756 2590 1801 et
2620 1744 2843 1800 Luciani
2876 1746 3138 1800 editiones
3170 1754 3384 1799 notatas
3423 1744 3593 1799 fuisse

1940 1870 1986 1929 Β
2018 1841 2189 1898 obelis
2227 1850 2281 1894 et
2313 1838 2607 1894 asteriscis.
2644 1837 3006 1908 Hieronymus
3040 1839 3093 1892 in
3125 1836 3397 1894 Prommio
3428 1836 3591 1893 Com-

2018 1942 2185 1989 ment.
2233 1932 2442 1987 Daniel.
2494 1950 2513 1983 i
2541 1931 2647 1985 Sed
2701 1940 2752 1985 et
2798 1928 3059 2001 Origenes
3102 1930 3170 1985 de
3212 1928 3595 1985 Theodotionis

2010 2040 2173 2097 opere
2208 2025 2260 2080 in
2287 2025 2523 2079 editione
2561 2022 2793 2092 Vulgata
2828 2024 3122 2079 asteriscos
3148 2025 3352 2093 posuit,
3394 2023 3597 2079 docens

2011 2120 2247 2175 defuisse
2277 2133 2395 2187 quae
2423 2117 2606 2172 addita
2632 2128 2791 2182 sunt;
2824 2124 2879 2171 et
2905 2131 3093 2171 rursus
3118 2117 3380 2186 quosdam
3408 2132 3597 2172 versus

2011 2212 2538 2282 obelisprzenotavit,
2562 2207 2832 2278 superﬂua
2854 2224 3083 2278 quaeque
3104 2209 3416 2279 designans.
3433 2208 3595 2263 Cum-

2013 2319 2117 2374 que
2146 2318 2334 2359 omnes
2362 2302 2568 2357 Christi
2602 2301 2881 2367 Ecclesiae,
2932 2313 3038 2355 tam
3079 2301 3394 2356 Graecorum
3435 2317 3598 2373 quam

2012 2396 2347 2460 Latinorum,
2384 2394 2762 2466 Syrornmque
2818 2406 2871 2450 et
2896 2394 3303 2467 IEgyptiorum,
3333 2396 3470 2449 hanc
3498 2395 3599 2451 sub

2013 2490 2289 2544 asteriscis
2320 2498 2375 2543 et
2400 2488 2573 2543 obelis
2605 2487 2905 2543 editionem
2943 2489 3144 2559 legant,
3194 2489 3479 2559 ignoscant
3520 2490 3601 2543 itt-

2012 2585 2122 2639 vidi
2176 2583 2352 2639 labori
2403 2599 2545 2648 meo,
2581 2584 2674 2653 qui
2728 2584 2871 2638 volui
2922 2585 3130 2639 habere
3181 2597 3420 2647 ttostros,
3456 2588 3599 2654 quod

2013 2676 2186 2732 Graeci
2240 2679 2292 2731 in
2341 2675 2571 2745 Aquilae,
2632 2686 2686 2731 et
2717 2675 3132 2742 Theodotionis,
3198 2692 3262 2731 ac
3293 2677 3604 2749 Symmachi

2015 2768 2340 2823 editionibus
2372 2768 2658 2823 lectitant:
2696 2787 2716 2819 ι
2749 2778 2804 2824 et
2830 2768 2885 2823 in
2924 2769 3097 2840 Epist.
3134 2769 3224 2835 89,
3256 2770 3603 2840 adAugusti-

2017 2878 2165 2929 num,
2192 2877 2310 2931 cap.
2342 2861 2375 2916 6
2405 2880 2418 2916 :
2451 2880 2472 2913 ι
2502 2862 2593 2917 Vis
2644 2872 2856 2916 amator
2896 2877 3196 2919 esseiverus
3250 2864 3607 2934 Septuaginta

2016 2954 2418 3025 lnterpretum?
2455 2970 2561 3009 non
2594 2956 2740 3025 legas
2772 2970 2834 3009 ea
2863 2971 2983 3025 quae
3018 2957 3116 3010 sub
3151 2957 3434 3010 asteriscis
3457 2966 3606 3021 sunt,

2018 3049 2127 3104 imo
2156 3049 2284 3104 rade
2332 3051 2400 3103 de
2426 3048 2811 3112 voluminibus,
2863 3058 2920 3100 ut
2950 3058 3193 3103 veterum
3242 3059 3292 3104 te
3334 3049 3603 3103 fautorem

2019 3141 2216 3211 probes
2247 3158 2262 3195 :
2296 3140 2438 3209 quod
2466 3140 2510 3194 si
2547 3139 2762 3203 feceris,
2799 3154 2990 3194 omnes
3026 3139 3390 3194 Ecclesiarum
3423 3139 3612 3195 biblio-

343 3259 414 3304 ιω
446 3245 603 3315 hujus
636 3237 1096 3311 interpretationis
1126 3233 1525 3304 exemplaribus
1558 3245 1669 3284 rem
1703 3228 1775 3281 ita
1803 3241 1919 3297 ges-
1948 3221 1989 3279 C
2025 3235 2209 3290 thecas
2258 3234 2520 3288 damnare
2541 3233 2791 3303 casei-is;
2824 3233 2909 3286 vix
2955 3235 3096 3287 enim
3134 3248 3273 3285 unus
3323 3242 3414 3286 αυι
3468 3232 3607 3288 διιεί-

341 3351 552 3404 serunt,
589 3350 645 3394 ut
669 3350 912 3393 recusam
934 3335 1000 3388 ab
1029 3330 1298 3400 Hesychio
1330 3326 1620 3381 editionem
1653 3320 1924 3391 A’Sgyptus

346 3435 596 3506 amplexa
633 3432 705 3486 sit
741 3448 754 3484 :
790 3442 955 3499 quam
978 3439 1107 3480 vero
1148 3421 1356 3477 recoxit
1384 3418 1681 3479 Lucianus,
1711 3413 1779 3466 ab
1805 3410 1926 3466 uni-

344 3503 522 3584 versis
548 3524 770 3594 probata
797 3530 854 3576 et
884 3524 1141 3587 usurpata
1173 3514 1245 3569 sit
1271 3510 1600 3582 regionibus,
1641 3519 1760 3576 quae
1785 3503 1927 3559 Con-

347 3593 754 3686 stantinopolim
809 3621 865 3667 et
892 3608 1236 3665 Antiochiam
1280 3600 1634 3670 interjacent;
1666 3612 1790 3651 nam
1821 3593 1927 3649 He-

349 3711 592 3767 braicam
622 3706 785 3760 etiam
830 3704 1113 3756 veritatem
1141 3694 1480 3753 consuluisse
1517 3690 1713 3753 fertur,
1741 3687 1809 3741 ab
1830 3700 1925 3740 eo-

353 3817 458 3872 que
486 3795 771 3855 emendata
812 3793 979 3849 Vetus
1014 3791 1103 3846 illa
1140 3789 1368 3857 Vulgata
1410 3783 1625 3839 nomine
1657 3781 1823 3851 ipsius
1850 3777 1931 3831 af-

353 3869 493 3948 fet-ta
521 3900 624 3948 est.
658 3889 1020 3957 Hieronymus
1044 3883 1096 3938 in
1126 3881 1297 3950 Epist.
1330 3878 1396 3931 ad
1424 3877 1559 3951 Sun.
1582 3883 1637 3929 et
1670 3869 1925 3927 Fretell.:

356 4003 376 4036 ‹
405 3981 462 4036 lu
503 3995 612 4052 quo
656 3977 896 4033 breviter
941 3971 1073 4027 illud
1103 3972 1392 4032 admoneo,
1427 3976 1486 4019 ut
1532 3963 1719 4019 sciatis
1766 3960 1926 4015 aliam

353 4089 476 4129 esse
507 4051 825 4133 editionem,
863 4079 1025 4135 quam
1055 4062 1315 4132 Origenes
1346 4067 1400 4113 et
1441 4053 1791 4112 Caesariensis
1821 4051 1929 4106 Eu-

357 4166 561 4229 sebius,
601 4172 899 4228 omnesque
929 4154 1154 4210 Graecia:
1186 4160 1503 4206 tractatores
1531 4144 1735 4216 κοινὴν,
1767 4142 1819 4198 id
1850 4151 1934 4198 est

359 4258 699 4314 Communem
741 4248 1032 4320 appellant,
1073 4256 1236 4314 atque
1270 4240 1575 4315 Vulgatam,
1603 4247 1658 4292 et
1684 4252 1713 4290 a
1744 4234 1933 4303 pleris-

358 4367 466 4424 que
514 4364 656 4403 nunc
705 4346 1053 4406 Λουκιάνειος
1099 4338 1336 4399 dicitur;
1383 4332 1541 4385 aliam
1585 4326 1933 4398 Septuaginta

360 4418 743 4512 lnterpretum,
767 4452 887 4509 qua:
908 4444 963 4490 et
993 4435 1046 4488 in
1074 4425 1399 4495 Ἐξαπλοῒς
1426 4423 1703 4479 codicibus
1738 4418 1937 4489 reperi-

362 4546 471 4603 tur,
499 4547 553 4592 et
583 4551 612 4589 a
642 4533 873 4588 nobisin
900 4528 1150 4583 Latinum
1196 4534 1497 4579 sermonem
1528 4515 1757 4571 fideliter
1780 4527 1935 4568 versa

365 4639 469 4693 est,
501 4638 556 4683 et
590 4622 959 4693 Jerosolyntrn,
986 4626 1164 4689 atque
1193 4615 1247 4669 in
1290 4611 1531 4669 Orientis
1558 4605 1818 4663 Ecclesiis
1843 4605 1938 4658 deo

366 4730 636 4778 Cantatur.
668 4736 686 4769 ι

438 4851 607 4923 Igitur
629 4844 949 4918 quintuplex
992 4851 1113 4912 post
1144 4840 1286 4894 hanc
1332 4845 1544 4893 aetatem
1588 4831 1942 4904 Septuaginta

368 4944 726 5013 lnterpretum
751 4938 916 4993 editio
948 4937 1129 4990 habita
1160 4943 1243 4988 est
1266 4949 1281 4997 ;
1315 4928 1543 4999 Vulgata
1567 4938 1739 4991 vetus,
1764 4926 1947 4995 Orige-

372 5038 555 5099 niana,
609 5031 936 5095 Eusebiana,
991 5027 1078 5083 illa
1119 5024 1366 5089 Luciani,
1406 5032 1460 5075 et
1494 5021 1680 5091 quinta
1732 5019 1945 5073 demunt

373 5125 650 5196 llesychii.
688 5124 795 5179 Sed
829 5121 1084 5192 quoniam
1131 5133 1199 5173 ex
1237 5114 1494 5183 Hexaplis
1542 5112 1781 5183 profecta
1827 5119 1947 5164 erat

375 5218 704 5278 Eusebiana,
729 5230 827 5284 pro
861 5229 969 5267 una
1018 5210 1317 5279 eademque
1370 5216 1602 5275 utraque
1637 5202 1816 5258 habita
1842 5211 1945 5256 est.

376 5314 510 5380 Quae
540 5325 669 5367 vero
699 5309 798 5381 τῆς
828 5306 1014 5376 κοινῆς
1052 5301 1378 5369 exemplaria
1414 5306 1731 5369 supererant
1757 5296 1809 5349 in
1837 5306 1950 5350 stu-

378 5408 655 5462 diosorum
700 5399 1044 5456 bibliothecis
1072 5395 1481 5451 delitescebant.
1521 5393 1698 5461 Atque
1726 5392 1797 5443 ita
1826 5388 1953 5443 licet

378 5501 620 5570 quinque
648 5509 835 5549 revera
883 5496 1161 5546 exstarent
1218 5489 1323 5542 hoc
1372 5494 1615 5554 tempore
1664 5483 1950 5546 editiones,

383 5593 544 5646 trium
573 5590 988 5642 duntaxatusus
1024 5589 1142 5636 erat
1166 5580 1219 5633 in
1252 5578 1537 5634 Ecclesiis.
1575 5596 1594 5629 ι
1620 5574 1952 5630 Alexandria

381 5691 437 5734 et
475 5679 760 5748 Egyptus,
810 5676 983 5744 inquit
1012 5673 1395 5743 Hieronymus,
1445 5690 1463 5723 ι
1512 5672 1563 5724 in
1601 5669 1955 5739 Septuaginta

383 5772 498 5827 suis
529 5768 853 5840 Hesychium
910 5766 1091 5820 laudat
1137 5774 1411 5819 auctorem
1462 5760 1960 5831 Constantinopolis

385 5878 557 5933 usque
585 5859 926 5918 Antiochiam
948 5854 1171 5915 Luciani
1199 5857 1455 5924 martyris
1476 5855 1804 5925 exemplaria
1830 5868 1959 5925 pro-

2026 3324 2296 3379 invenitur
2325 3324 2482 3389 liber,
2510 3324 2620 3393 qui
2663 3324 2763 3378 ista
2815 3338 2922 3377 non
2979 3322 3196 3378 habeat.
3224 3340 3243 3373 ι
3291 3321 3496 3393 Quippe
3522 3325 3612 3377 vix

2026 3417 2131 3471 ulla
2163 3416 2399 3486 reperire
2429 3425 2548 3471 erat
2584 3415 2896 3487 Hieronymi
2929 3424 3089 3470 aetate
3110 3416 3462 3485 exemplaria,
3491 3433 3613 3487 qua:

1998 3549 2001 3552 ρ
2027 3524 2136 3563 non
2164 3509 2251 3564 vel
2286 3510 2354 3563 ab
2381 3507 2634 3579 Origene,
2666 3510 2749 3563 vel
2782 3524 2812 3563 a
2856 3508 3116 3572 Luciano,
3137 3508 3221 3563 vel
3252 3513 3318 3563 ab
3346 3507 3617 3579 Hesychio

2027 3602 2255 3658 fuissent
2279 3613 2548 3658 correcta.
2575 3602 2711 3657 Cutn
2745 3604 2929 3673 itaque
2963 3603 3173 3672 vulgata
3220 3605 3403 3657 omnia
3431 3619 3617 3659 exem-

2028 3698 2198 3767 plaria
2231 3698 2559 3753 insedissent
2607 3697 2854 3751 asterisci
2887 3706 2942 3752 et
2974 3698 3139 3764 obeli,
3190 3712 3290 3752 nec
3346 3697 3452 3752 ulla
3505 3697 3619 3754 fere

2029 3798 2209 3843 essent
2232 3789 2284 3842 in
2318 3802 2442 3852 usu,
2473 3804 2636 3857 quam
2669 3802 2788 3857 qua:
2822 3800 2933 3844 tres
2955 3789 3029 3844 illi
3062 3792 3418 3860 castigatores
3439 3806 3623 3845 emen-

2030 3884 2313 3943 daverant,
2348 3881 2594 3948 sequitur
2626 3883 2698 3934 ita
2723 3882 3011 3938 distinctos
3050 3882 3219 3937 fuisse
3258 3884 3495 3950 ipsorum
3526 3898 3621 3938 co-

2031 3972 2198 4026 dices.
2254 3971 2419 4038 Cujus
2474 3971 2962 4027 diseriminationis
3011 3987 3279 4042 quosnam
3340 3974 3624 4042 assignare

2032 4078 2129 4130 par
2154 4071 2237 4115 est
2259 4071 2532 4127 auctores,
2570 4071 2932 4132 pra-terquam
2966 4063 3262 4119 anianum
3319 4065 3520 4134 ipsum,
3566 4076 3624 4123 et

2034 4153 2385 4224 Hesychiutn,
2411 4154 2554 4223 quod
2588 4155 2655 4208 ab
2678 4154 2909 4224 Origene
2951 4158 3185 4226 primum
3223 4158 3405 4213 fuerat
3434 4161 3624 4216 inven-

2037 4258 2150 4301 tum
2174 4247 2458 4316 imitantes
2505 4249 2845 4318 postmodum
2900 4257 2955 4303 et
3000 4249 3349 4306 excolentes?
3386 4251 3525 4318 Quin
3569 4259 3625 4306 et

2037 4342 2103 4395 ad
2132 4341 2394 4396 editiones
2427 4356 2643 4411 quoque
2672 4340 2895 4396 Latinas
2926 4343 3172 4412 pervenit
3205 4343 3465 4413 ejusmodi
3510 4344 3627 4398 στί-

2044 4432 2129 4499 ξις
2154 4449 2168 4496 ;
2206 4448 2327 4487 nam
2356 4432 2718 4504 Hieronymus
2746 4434 2795 4487 in
2834 4433 3005 4503 Epist.
3033 4434 3124 4500 89,
3149 4436 3214 4489 ad
3247 4436 3625 4506 Augustinum,

2041 4540 2162 4595 cap.
2190 4523 2245 4590 6,
2287 4524 2490 4581 Latina:
2513 4541 2623 4581 suae
2660 4525 2767 4579 τῶν
2790 4528 2844 4580 0'
2873 4529 3305 4597 interpretationi
3336 4532 3630 4586 asteriscos

2045 4634 2260 4689 quoque
2285 4628 2341 4673 et
2361 4618 2549 4676 obelos
2578 4634 2701 4675 sese
2723 4620 2994 4675 addidisse
3023 4631 3270 4675 testatur.

2120 4756 2199 4811 Ex
2249 4756 2336 4811 his
2374 4771 2537 4826 porro
2578 4755 2784 4812 Graecis
2825 4756 3175 4821 editionibus,
3220 4758 3303 4813 vel
3328 4774 3391 4813 ea
3433 4775 3630 4830 nempe

2050 4864 2169 4919 qum
2190 4856 2306 4903 erat
2334 4848 2386 4901 in
2418 4847 2695 4914 Hexaplis,
2727 4848 2838 4903 sive
2868 4847 3193 4913 Eusebiana,
3219 4850 3302 4904 vel
3330 4849 3628 4919 Lucianea,

2051 4937 2137 4994 vel
2172 4936 2538 5008 Hesychiana,
2584 4937 2863 4991 hodierna:
2906 4947 3105 4992 nostra:
3148 4953 3337 4992 omnes
3381 4941 3631 4995 videntur

2054 5030 2367 5100 prodiisse:
2413 5032 2517 5083 hac
2549 5030 2715 5094 enim,
2770 5036 2826 5082 ut
2862 5029 2937 5083 ait
2990 5028 3372 5099 Hieronymus,
3422 5031 3627 5086 trilaria

2053 5123 2317 5177 varietate
2356 5131 2502 5177 totus
2556 5124 2706 5178 orbis
2740 5125 3173 5193 compugnabat;
3221 5122 3447 5194 Vulgata
3504 5138 3635 5179 vero

2054 5214 2297 5269 omnium
2326 5214 2761 5283 inquinatissima
2796 5231 2931 5283 pene
2972 5216 3334 5275 obsoleverat.
3369 5217 3503 5272 Cum
3538 5232 3639 5272 au-

2058 5314 2165 5358 tem
2197 5305 2251 5358 in
2299 5315 2511 5359 veteres
2544 5306 2663 5361 illas
2689 5310 2939 5375 magnam
2975 5316 3185 5362 constet
3221 5309 3487 5364 invectam
3514 5323 3637 5363 esse

2057 5396 2430 5453 confusionem
2493 5414 2562 5453 ex
2615 5399 2961 5454 librariorum
3007 5402 3317 5467 oscitantis,
3380 5404 3506 5456 dum
3552 5402 3637 5457 vel

2060 5490 2338 5545 obelorum
2374 5501 2428 5544 et
2454 5492 2839 5547 asteriscorutn
2871 5495 3200 5550 notationem
3224 5497 3524 5566 negligunt,
3553 5496 3641 5551 vel

2061 5595 2157 5636 eos
2177 5582 2294 5636 suis
2325 5596 2430 5636 non
2458 5582 2739 5638 ascribunt
2770 5584 2925 5649 locis,
2969 5586 3153 5655 negari
3186 5601 3290 5640 non
3324 5596 3502 5656 potest
3537 5587 3642 5641 im-

2062 5688 2223 5742 puras
2256 5688 2376 5729 esse
2406 5674 2740 5729 recentiores
2771 5676 3037 5731 editiones
3069 5676 3177 5731 τῶν
3208 5675 3287 5741 O’,
3321 5688 3376 5733 et
3398 5680 3639 5745 vitiatas,

2063 5776 2248 5837 utpote
2282 5782 2404 5836 quae
2425 5781 2491 5820 ex
2515 5767 2755 5834 antiquis
2779 5766 2882 5821 illis
2905 5769 3241 5836 prodierunt.
3270 5768 3401 5823 Nam
3428 5771 3642 5825 etiamsi

2064 5857 2323 5929 profectae
2346 5867 2531 5915 essent
2567 5858 2635 5915 ab
2668 5857 2946 5930 Hexanlis,
2979 5861 3030 5917 in
3070 5862 3265 5932 quibus
3294 5862 3483 5919 scribit
3513 5861 3643 5917 llic-
