4152 6456
519 437 655 493 1251

1802 427 1862 483 Ρ.
1906 425 2221 482 DANIELIS
2261 425 2496 480 HUETII

3637 429 3783 485 19.52

519 567 780 623 ronymus
803 553 847 584 ⁸³
900 550 1064 605 fuisse
1118 548 1462 619 Septuaginta
1529 548 1807 601 emendata
1866 557 1915 600 et
1973 563 2094 600 uera
2123 552 2172 611 Α
2198 559 2322 598 cum
2348 543 2554 612 reliquo
2587 550 2866 608 contextu,
2897 543 3198 599 obliteratis
3239 544 3540 608 asteriscis,
3583 547 3649 599 ad
3681 561 3786 602 nos

517 647 838 716 exemplaria
869 647 972 713 (1).;
993 643 1358 696 additamenta
1383 650 1532 696 certe
1552 638 1963 704 Theodotionis,
1982 653 2101 710 qua:

2209 636 2522 689 transmissa
2542 644 2684 696 sunt.
2707 635 2992 690 editionem
3015 635 3389 689 adulterantet
3405 645 3780 703 corrumpunt.

1647 1204 2026 1266 ORIGENIS
2071 1204 2646 1268 SYNTAGMATA.

598 1510 815 1565 Carms
843 1525 1029 1563 τειιτιι
1057 1522 1335 1583 ρλιιτιτιρ.
1362 1537 1433 1546 ——
1458 1537 1522 1546 —
1556 1507 1783 1563 Gemina
1822 1508 2064 1563 scelione
2115 1505 2414 1583 absolvitur
2457 1508 2603 1583 istud
2630 1517 2811 1583 caput
2842 1524 2857 1562 :
2887 1507 3076 1583 Priore
3116 1510 3326 1581 singula
3359 1510 3610 1581 Origenis
3638 1508 3786 1583 Syn-

529 1591 784 1649 tagmala,
817 1595 1045 1653 quiorum
1094 1580 1355 1653 memoria
1407 1589 1687 1653 superest,
1713 1588 2110 1653 enumerantur
2141 1598 2155 1632 :
2187 1578 2358 1634 altera
2403 1581 2585 1650 agitur
2612 1581 2680 1636 de
2709 1578 2960 1651 Origenis
2999 1578 3368 1653 Syntaginatis
3392 1578 3511 1652 quin
3542 1578 3783 1650 exstant,

528 1647 702 1721 deque
732 1647 957 1706 vetustis
987 1651 1106 1704 libri
1131 1650 1269 1717 Περὶ
1300 1647 1502 1717 ἀρχῶν
1542 1649 2108 1718 interpretationibus.

1063 1937 1305 1995 SECTIO
1343 1937 1574 1994 PRIMA.

601 2044 825 2086 SINGULA
862 2045 1107 2084 ORIGENIS
1132 2043 1508 2088 SYNTAGXIA'I‘A,
1537 2042 1756 2091 ρυοῐιωι
1789 2041 2031 2083 ΙΕΙΟΒΙΛ

941 2115 1210 2154 SUPEREST
1223 2143 1231 2154 .
1269 2114 1666 2154 ΕΝυιιειιΑΝτυιι
1678 2138 1693 2152 ο

530 2184 574 2238 Ι.
628 2185 983 2241 Recensentur
1043 2186 1285 2255 Origenis
1349 2186 1701 2256 Syntagmata
1762 2187 1828 2240 ab
1879 2185 2107 2242 Eusebio

603 2269 1026 2310 commemorata.
1053 2259 1114 2310 ll.
1141 2258 1225 2311 Ea:
1250 2259 1329 2310 Itis
1355 2257 1533 2323 aliqua
1555 2258 1922 2325 expenduntur
1947 2274 2109 2312 accu-

604 2330 805 2390 ratius;
855 2344 917 2380 ac
966 2330 1193 2393 primum
1242 2328 1363 2380 libri
1415 2327 1491 2381 De
1533 2329 1972 2391 resurrectione,
2018 2328 2106 2383 ΙΙΙ.

603 2398 977 2468 Στρωματεῖς,
1007 2397 1094 2452 ιν.
1122 2397 1195 2452 De
1231 2399 1511 2468 martyrio,
1531 2396 1594 2452 ν.
1628 2397 1861 2465 Dialogi,
1886 2395 1967 2452 Vl.
1988 2398 2112 2460 Epi-

605 2467 754 2521 stulae
779 2508 794 2533 ,
825 2468 931 2522 VII.
979 2469 1355 2535 lnterpretatio
1378 2467 1385 2468 “
1412 2467 1798 2521 Hebraicorum
1831 2469 2110 2522 nominum

604 2535 738 2608 Novi
789 2537 1143 2601 Testamenti,
1187 2537 1329 2608 Vill.
1360 2537 1513 2590 Liber
1555 2537 1633 2591 De
1661 2538 1959 2608 Iorationg,
2017 2537 2110 2592 IX.

603 2607 998 2674 Disputationes
1032 2610 1276 2660 adversus
1310 2607 1603 2669 hwretieos.
1639 2607 1696 2660 in
1718 2609 1882 2676 iisque
1904 2607 2114 2663 Parvus

605 2677 989 2747 Labyrinthus.
1021 2677 1090 2731 Χ.
1126 2676 1398 2742 Quwritur
1422 2679 1549 2748 quid
1581 2680 1686 2731 sint
1727 2676 1972 2748 Origenis
2001 2677 2113 2730 Mo-

605 2745 836 2800 nobt'blia
857 2788 871 2811 ,
899 2758 945 2802 et
985 2749 1112 2816 quid
1134 2749 1301 2813 ipsius
1330 2745 1516 2817 prose
1545 2749 1801 2815 Apologia
1826 2745 1858 2800 ὰ
1891 2745 2117 2800 Vincen-

609 2818 682 2871 tio
725 2817 1084 2872 Bellovacensi
1135 2828 1562 2870 commemorata.
1620 2817 1710 2873 XI.
1758 2817 2112 2872 Philocaliam

605 2903 808 2958 quoque
866 2888 924 2942 in
982 2887 1423 2958 Origenianorum
1468 2904 1681 2958 operum
1749 2903 1906 2942 censu
1959 2889 2117 2957 poni-

606 2975 748 3016 mus.

605 3070 650 3125 Ι.
697 3071 962 3125 Eusebius
1005 3069 1259 3140 Origenis
1293 3071 1457 3124 vitam
1489 3068 1630 3124 libro
1669 3077 1833 3124 sexto
1863 3066 2117 3123 Historia:

537 3173 852 3234 pertexens,
878 3161 1162 3231 plerasque
1197 3161 1367 3232 ipsius
1405 3161 1733 3232 scriptiones
1760 3161 1936 3216 obiter
1967 3176 2119 3216 com-

539 3262 824 3317 memorat,
861 3255 1041 3319 plures
1074 3253 1465 3320 prmtermittit,
1506 3260 1696 3321 utpote
1741 3251 1835 3322 qui
1869 3250 1923 3305 in
1960 3251 2117 3305 tertio

546 3342 682 3398 Vita:
735 3341 1002 3412 Pamphili
1052 3342 1194 3396 libro
1243 3341 1487 3413 singulas
1536 3341 1731 3397 luisset
1779 3342 2113 3411 complexus.

536 3431 692 3488 Nunc
722 3448 842 3486 cum
883 3448 949 3486 eo
1005 3447 1292 3488 careamus
1331 3433 1494 3498 libro,
1533 3433 1912 3503 confugiamus
1941 3435 2006 3488 ad
2032 3435 2117 3503 ip-

538 3521 654 3578 sius
703 3521 1034 3586 Historiam,
1082 3531 1135 3576 et
1181 3537 1302 3592 quae
1334 3523 1386 3575 in
1436 3537 1500 3576 ea
1542 3521 1840 3576 laudantur
1868 3522 2118 3593 Origenis

541 3615 915 3686 Syntagmata,
944 3616 1130 3670 eodem
1163 3615 1251 3670 hic
1289 3615 1481 3670 ordine
1511 3631 1918 3671 recenseamus.
1949 3615 2117 3671 Primi

530 3717 836 3761 occurrunt
863 3705 1251 3760 Commentarii
1287 3706 1340 3758 in
1375 3704 1579 3760 Veteres
1603 3706 1958 3777 philosophos,
1985 3722 2119 3777 quo-

542 3813 663 3852 rum
718 3796 1119 3852 lucubrationes
1152 3813 1255 3852 non
1310 3798 1754 3865 praelectiouibus
1805 3804 1983 3864 modo,
2025 3800 2118 3854 sed

541 3889 763 3956 scriptis
793 3889 956 3941 etiam
1003 3889 1054 3942 in
1105 3889 1336 3958 gratiam
1370 3888 1759 3956 discipulorum
1787 3889 2118 3958 explicabat.

542 3979 788 4034 Meminit
822 3995 1010 4034 eorum
1053 3978 1316 4034 Eusebius
1355 3980 1480 4035 libr.
1529 3995 1580 4034 \‘l
1635 3977 1803 4044 Hist.,
1839 3995 1959 4050 cap.
2009 3982 2117 4046 18,

540 4073 720 4142 capite
755 4087 886 4126 vero
925 4071 1036 4136 24,
1082 4072 1310 4125 duorum
1361 4072 1479 4137 ejus
1525 4071 1600 4125 De
1644 4074 2026 4126 resurrectione
2056 4072 2122 4125 li-

540 4163 794 4226 brorum;
849 4175 961 4218 tum
993 4165 1175 4232 operis
1226 4166 1366 4231 Περὶ
1405 4161 1630 4232 ἀρχῶν,
1687 4174 1924 4232 quatuor
1968 4163 2120 4218 libris

540 4249 818 4315 distincti;
862 4252 986 4305 item
1011 4251 1406 4320 Στρωματέων
1438 4268 1663 4306 numero
1692 4255 1911 4317 decem;
1944 4264 2000 4307 et
2030 4267 2123 4306 ca-

542 4344 652 4412 pite
684 4341 754 4395 38
799 4341 923 4395 libri
964 4341 1037 4395 De
1062 4345 1337 4413 martyrio,
1390 4344 1665 4398 Ambrosio
1711 4355 1760 4399 et
1814 4344 2118 4398 Protocteto

541 4434 892 4488 Caesariensis
921 4434 1179 4489 Ecclesia:
1206 4436 1525 4506 presbytero
1561 4436 1906 4502 consecrati;
1943 4445 1999 4491 et
2031 4451 2123 4490 ca-

543 4525 654 4592 pite
678 4524 747 4575 33
781 4524 1213 4594 Disputationum
1242 4542 1377 4596 quas
1403 4543 1524 4581 cum
1571 4527 1790 4599 Beryllo
1837 4527 2120 4583 Bostrensi

543 4617 805 4685 Origenes
833 4621 1078 4673 exercuit
1110 4636 1125 4684 ;
1174 4629 1228 4674 et
1263 4621 1442 4690 capite
1469 4620 1818 4676 361ibrorum
1849 4631 1973 4677 octo
2000 4638 2124 4675 con-
2155 4660 2199 4713 Β

543 4721 628 4762 tra
683 4709 922 4775 Celsum;
968 4721 1023 4765 et
1069 4713 1244 4780 capite
1288 4711 1357 4766 59
1402 4726 1715 4766 sermonum
1764 4712 2122 4781 quorumdam

544 4803 611 4856 iis
641 4803 872 4868 utilium,
897 4805 1093 4872 quibus
1125 4806 1178 4857 in
1211 4806 1497 4858 tormentis
1527 4817 1628 4872 pro
1657 4803 1860 4858 Christi
1899 4805 2004 4860 ﬁde
2039 4815 2124 4859 to-

541 4894 734 4949 leratis
771 4895 1150 4950 consolatione
1182 4912 1318 4966 opus
1346 4907 1529 4962 esset;
1575 4905 1631 4950 et
1679 4895 1879 4965 passim
1919 4896 2124 4965 episto-

543 4987 738 5042 iaruui.
771 4989 893 5044 Harc
919 4989 987 5043 de
1015 4989 1264 5060 Origenis
1292 4989 1672 5059 Syntagmatis
1698 4985 2126 5055 Eusebius,qua:

541 5076 599 5133 in
625 5092 968 5132 antecessum
999 5080 1402 5148 proposuimus,
1437 5079 1815 5133 ﬁdelissimum
1846 5078 2125 5134 buncOri-

616 5262 660 5293 ⁸⁸
693 5259 1004 5330 llieronym.
1041 5259 1096 5312 in
1130 5257 1292 5313 Isaia:
1316 5275 1469 5324 ινιιι,
1496 5258 1581 5314 Η.

614 5445 694 5515 (ι)
724 5445 1095 5499 Additamento
1137 5453 1272 5498 certe
1307 5441 1698 5515 Theodotionis,
1730 5451 1837 5515 etc.
1881 5439 2112 5515 Vide__[).

546 5510 875 5568 Bai-nardum
899 5518 962 5568 de
988 5517 1328 5572 Montl'aucon
1355 5515 1408 5566 in
1446 5512 1903 5566 Praelimiuaribus
1927 5513 1978 5564 in
2005 5510 2112 5564 He-

544 5586 704 5653 παρίω
751 5584 999 5654 Origenis
1029 5603 1149 5657 pag.
1178 5585 1271 5646 40,
1307 5585 1399 5646 45,
1444 5583 1514 5638 44
1547 5582 1707 5657 ζει-45,
1749 5583 1839 5635 ubi
1870 5582 2114 5657 pluribus

546 5658 614 5708 de
635 5657 812 5708 causis
852 5653 1175 5712 recentiores
1201 5657 1464 5709 editiones
1492 5653 1824 5706 adulteratas
1851 5666 1974 5705 esse
2014 5653 2112 5714 ait,

546 5725 600 5777 4⁸
631 5726 756 5791 quia
781 5724 832 5778 in
865 5724 1114 5793 Hexaplis
1155 5725 1404 5779 asterisci
1439 5733 1494 5776 et
1520 5723 1662 5776 obe'li
1701 5737 1730 5774 a
1760 5722 1997 5776 librariis
2022 5738 2115 5773 nc-

546 5796 703 5863 glccti
736 5804 890 5858 sunt;
920 5798 977 5849 2°
1013 5798 1137 5865 quia
1165 5812 1227 5848 ex
1255 5793 1603 5848 similitudine
1625 5807 1745 5861 qua:
1765 5793 1951 5865 obelos
1975 5793 2117 5865 inter

543 5861 911 5922 etlemniscos
946 5861 1105 5933 atque
1144 5865 1574 5935 hypolemniscos
1612 5862 2005 5946 intercedebat,
2036 5861 2117 5916 ia-

2137 1943 2562 2014 Bgenianarum
2633 1959 2818 1999 rerum
2870 1955 3207 2002 narratorem
3265 1961 3377 2017 prae.
3427 1947 3637 2002 exteris
3689 1963 3790 2018 pro

2212 2051 2364 2090 more
2398 2048 2584 2091 nostro
2615 2037 2983 2095 consulentes.

2280 2127 2342 2185 ll.
2365 2127 2518 2182 Nunc
2545 2139 2906 2185 retractemus
2934 2145 2997 2186 ex
3026 2130 3110 2186 his
3135 2129 3336 2202 aliqua,
3355 2143 3407 2188 et
3436 2131 3599 2202 paulo
3624 2148 3791 2189 accu-

2213 2223 2385 2276 ratius
2431 2223 2821 2292 expendamus.
2866 2221 2982 2278 Duo
3013 2225 3278 2280 duntaxat
3304 2223 3382 2279 De
3415 2227 3795 2280 resurrectione

2213 2313 2334 2368 libri
2389 2313 2458 2368 ab
2500 2314 2729 2371 Eusebio
2774 2329 3294 2374 commemorantur.
3337 2316 3794 2389 Atllieronymus

2215 2406 2354 2474 apud
2389 2405 2643 2461 Ruﬁnum
2676 2407 2800 2463 libr.
2827 2423 2864 2462 ll
2891 2407 3112 2475 lnrect.,
3146 2411 3434 2480 scripsisse
3457 2422 3641 2465 narrat
3665 2411 3795 2467 Ori-

2215 2513 2405 2570 genem
2427 2501 2474 2532 “
2512 2519 2531 2552 ι
2563 2498 2640 2554 De
2665 2503 3044 2556 resurrectione
3078 2503 3245 2558 libros
3279 2505 3433 2567 duos,
3461 2513 3515 2559 et
3544 2505 3679 2559 alios
3718 2503 3798 2559 De.

2217 2592 2620 2649 resurrectione
2662 2593 2905 2662 dialogos
2955 2595 3108 2650 duos.
3164 2613 3182 2646 ι
3237 2596 3382 2650 Idem
3433 2595 3795 2669 Hieronymus

2217 2684 2376 2755 epist.
2394 2685 2486 2754 61,
2511 2688 2577 2740 ad
2598 2684 3063 2756 Pammach..cap.
3093 2687 3148 2751 8,
3177 2689 3309 2744 citat
3331 2688 3525 2743 librum
3550 2689 3797 2759 ejusdem

2217 2776 2396 2846 operis
2419 2786 2692 2845 quartum.
2712 2776 2886 2846 Atque
2910 2778 3007 2834 hos
3035 2777 3204 2834 libros
3231 2777 3533 2835 Methodius
3547 2779 3797 2850 ejusdem

2219 2867 2359 2922 tituli
2386 2884 2551 2938 opere
2579 2869 2896 2928 confutavit.

2290 2959 2375 3015 Ill.
2401 2962 2588 3018 Libros
2611 2963 2974 3033 Στρωματεῖς
3001 2964 3264 3036 Origenes
3286 2963 3530 3020 elimavit
3580 2966 3648 3020 ad
3674 2965 3799 3020 Cle-

2219 3055 2420 3108 mentis
2440 3055 2769 3124 exemplum,
2794 3071 2823 3108 a
2847 3073 2955 3126 quo
2983 3059 3132 3127 paris
3158 3059 3464 3129 argumenti
3511 3068 3569 3114 et
3601 3059 3798 3114 inscri-

2219 3145 2421 3216 ptionis
2477 3145 2884 3203 lucubrationes
2931 3150 3094 3206 hodie
3143 3152 3464 3221 superstites
3508 3153 3800 3210 elaboratas

2222 3246 2367 3290 sunt.
2417 3235 2778 3308 Hieronymus
2817 3239 2976 3308 epist.
3014 3240 3114 3305 84,
3155 3256 3276 3312 quae
3327 3253 3411 3299 est
3449 3245 3516 3298 ad
3544 3243 3800 3315 Magnum

2223 3325 2508 3381 Oratorem
2535 3325 2840 3382 Romanum
2874 3343 2889 3382 :
2921 3347 2940 3380 ι
2985 3327 3236 3386 Clemens
3268 3333 3653 3390 Alexandrina
3699 3334 3801 3390 Ec-

2225 3420 2404 3474 clesia:
2437 3422 2740 3492 presbyter,
2773 3437 2892 3476 meo
2945 3423 3152 3492 judicio
3194 3429 3436 3481 omnium
3494 3427 3802 3483 eruditissi-

2226 3527 2367 3578 mus,
2383 3524 2506 3568 octo
2523 3514 2744 3582 scripsit
2763 3514 3092 3570 Stromatum
3110 3517 3297 3586 libros,
3318 3528 3372 3574 et
3391 3520 3610 3576 totidem
3626 3521 3640 3540 '
3653 3523 3803 3576 Υπο-

2224 3607 2560 3675 τυπόσεων,
2581 3621 2636 3664 et
2652 3608 2815 3663 alium
2843 3620 3026 3664 contra
3056 3621 3255 3681 gentes;
3281 3610 3565 3684 Pwdagogi
3591 3629 3804 3686 quoque

2225 3697 2329 3751 tria
2365 3697 2662 3753 volumina.
2688 3698 2830 3766 Quid
2854 3702 2906 3754 in
2941 3700 3047 3754 illis
3079 3702 3404 3757 indoctum?
3444 3704 3573 3774 quid
3620 3721 3727 3760 non
3770 3721 3804 3762 e

2227 3792 2401 3846 media
2426 3792 2762 3863 philosophia
2793 3803 2882 3848 est
2907 3793 2930 3846 ?
2963 3793 3117 3847 Hunc
3152 3793 3392 3850 imitatus
3414 3796 3677 3868 Origenes
3707 3799 3805 3853 de-

2227 3897 2346 3938 cem
2402 3884 2626 3952 scripsit
2663 3883 3003 3939 Stromateas
3031 3924 3046 3949 ,
3077 3882 3514 3940 Christianorum
3547 3894 3602 3941 et
3630 3885 3806 3956 philo-

2226 3974 2522 4043 sophorum
2569 3974 2710 4029 inter
2742 3974 3129 4039 sesenIentias
3165 3989 3511 4043 comparans,
3535 3986 3589 4030 et
3621 3977 3805 4030 omnia

2229 4076 2429 4122 nostra:
2469 4066 2744 4136 religionis
2773 4067 3021 4137 dogmata
3047 4069 3113 4123 de
3147 4067 3372 4122 Platone
3403 4077 3459 4122 et
3485 4068 3803 4132 Aristotele,

2228 4158 2494 4213 Numenio
2547 4157 2894 4230 Cornutoque
2937 4160 3285 4215 conﬁrmans.
3346 4182 3365 4215 ι
3426 4161 3582 4217 Hunc
3626 4163 3805 4232 ipsum

2233 4249 2619 4322 Hieronymum
2650 4251 2846 4306 alicubi
2892 4251 3076 4306 dicere
3126 4255 3201 4307 ait
3237 4254 3482 4318 Ruﬁnus,
3526 4274 3546 4306 ι
3580 4254 3804 4310 Confus-

2229 4344 2446 4398 deratos
2476 4358 2599 4398 esse
2625 4344 2884 4411 quosdam
2908 4342 3132 4414 Origeni
3157 4345 3223 4398 ad
3245 4343 3560 4414 periurium,
3583 4353 3638 4398 et
3661 4345 3808 4400 istud

2231 4435 2472 4506 mystica:
2503 4433 2624 4502 ejus
2653 4435 2966 4488 traditionis
2990 4450 3248 4488 arcanum
3283 4434 3658 4491 absconditum
3684 4450 3808 4491 esse

2231 4527 2284 4581 in
2310 4536 2464 4580 sexto
2506 4525 2830 4581 Stromatum
2864 4527 3040 4592 libro;
3073 4544 3174 4581 nec
3207 4528 3274 4582 ab
3302 4528 3413 4582 ullo
3463 4527 3574 4582 alio
3618 4529 3673 4583 in
3721 4536 3809 4583 tot

2231 4619 2463 4684 seculis,
2493 4619 2596 4674 nisi
2626 4635 2654 4671 a
2677 4633 2737 4673 se
2765 4619 2880 4674 solo
2908 4620 3331 4688 deprehensum.
3373 4640 3392 4672 ι
3441 4623 3502 4674 ιιι
3533 4620 3809 4676 Ριοωιιιίο

2229 4727 2355 4766 vero
2401 4711 2773 4768 Commentar.
2815 4713 2871 4765 in
2923 4711 3094 4781 Epist.
3150 4715 3219 4765 ad
3274 4710 3478 4778 Galat.,
3519 4712 3808 4784 Origenem

2227 4804 2418 4860 scribit
2465 4805 2735 4859 decimum
2787 4804 3123 4859 Slromateon
3167 4819 3389 4860 suorum
3420 4806 3616 4862 librum
3649 4807 3810 4863 Com-

2229 4895 2428 4948 matico
2463 4909 2624 4961 super
2649 4893 3030 4962 explanatione
3067 4895 3323 4966 Epistola:
3347 4897 3415 4952 ad
3447 4897 3668 4954 Galatas
3687 4915 3807 4955 ser-

2229 4999 2388 5039 mone
2412 4984 2766 5054 complevisse
2796 5005 2807 5039 :
2840 4996 2895 5039 et
2924 4987 2976 5040 in
3011 4996 3172 5055 caput
3207 5004 3303 5042 xIII
3371 4989 3610 5044 Danielis
3659 5005 3808 5060 qua:-

2230 5077 2355 5131 dam
2389 5078 2467 5132 ait
2498 5078 2672 5147 ipsum
2717 5079 2770 5130 in
2817 5080 3006 5134 eodem
3048 5077 3386 5135 Stromateon
3421 5080 3560 5136 libro
3603 5081 3672 5137 de
3705 5081 3810 5136 Su-

1661 5259 1706 5290 “
1738 5258 1922 5314 Ruﬁn.
1946 5257 2145 5314 Invect.
2165 5273 2225 5313 II.

2219 5450 2364 5494 ctum
2395 5448 2478 5493 est
2500 5447 2558 5491 ut
2581 5436 2821 5492 lemnisci
2854 5451 2951 5505 pro
2991 5437 3164 5491 obclis
3199 5435 3311 5491 sint
3343 5437 3509 5490 habiti
3541 5453 3554 5500 ;
3599 5436 3658 5492 5·
3685 5437 3807 5504 quia

2220 5511 2523 5564 litterarum
2551 5508 2863 5563 Gmecarum
2893 5509 3035 5562 inter
3057 5523 3115 5562 se
3145 5507 3404 5562 similium
3440 5507 3698 5577 frequens
3725 5507 3807 5559 fa-

2219 5592 2305 5635 cta
2333 5591 2415 5634 est
2446 5579 2831 5643 commutatio;
2860 5577 2918 5630 4ο
2951 5579 3206 5647 denique,
3245 5579 3370 5646 quia
3405 5587 3623 5645 propter
3654 5579 3807 5631 simi-

2220 5651 2499 5704 llllltlillelll
2527 5651 2814 5702 verborum
2838 5659 2889 5702 et
2918 5649 3056 5711 soni,
3090 5664 3187 5716 pro
3210 5647 3448 5716 legitimo
3479 5649 3643 5700 verbo
3666 5647 3809 5718 aliud

2223 5722 2486 5774 interdum
2522 5719 2777 5772 mendose
2812 5721 3133 5785 ponebatur.
3183 5721 3313 5782 Qua:
3354 5719 3809 5772 commutationes

2221 5802 2275 5846 et
2307 5790 2643 5859 negligentia:
2675 5799 2729 5843 ut
2758 5790 3048 5859 plurimum
3081 5791 3135 5844 iu
3169 5787 3447 5844 budicrnis
3479 5789 3806 5844 editionibus

2226 5871 2627 5917 ι’ϐιιιίιιιδθτυιιι.
