4152 6398
329 375 469 432 1255

1177 373 1750 431 ORIGENIANORUM
1788 373 1916 429 LIB.
1959 371 2047 437 III,
2087 371 2240 427 CAP.
2285 371 2373 436 III,
2418 370 2610 427 SECT.
2655 372 2698 426 Ι.

3451 377 3588 433 1254

327 511 512 553 sannze
548 505 601 550 et
626 494 767 551 Belis
800 495 1000 551 fabulis
1031 495 1258 550 dixisse.
1281 496 1420 564 Quin
1451 497 1615 552 etiam
1655 497 1708 550 in
1741 496 1902 565 epist.
1939 499 1982 555 Α
2015 491 2186 546 fuisse
2213 492 2496 559 collectas,
2548 504 2601 547 et
2649 494 2703 547 in
2739 493 2986 564 proprios
3013 493 3180 550 libros
3214 493 3450 566 digestas
3480 506 3590 552 tra-

329 587 422 652 65,
453 587 518 641 ad
552 585 867 643 Pammach.
894 597 947 642 et
977 585 1202 653 Ocean.,
1230 603 1348 656 cap.
1382 588 1438 652 2,
1482 588 1750 642 neminem
1800 585 1904 639 La-

328 677 564 731 tinorum
591 675 818 732 afﬁrmat
846 687 972 731 ante
1013 691 1168 730 suam
1204 686 1421 731 aetatem
1455 678 1621 732 libros
1650 676 1902 748 Origeuis

332 767 407 822 De
435 770 812 823 resurrectione
852 768 991 836 Περὶ
1025 765 1250 837 ἀρχῶν,
1269 765 1622 831 Stromateas,
1647 780 1701 824 et
1729 778 1902 822 tomos

331 859 624 914 transferre
656 859 889 914 voluisse
913 899 928 924 ,
963 868 1185 928 propter
1227 859 1523 913 novitatem
1566 858 1776 914 scilicet
1809 859 1904 913 do-

330 953 538 1006 ctrinae.
588 951 853 1019 Quoniam
889 951 1056 1022 igitur
1103 951 1169 1004 ad
1215 950 1558 1005 Stromateon
1609 949 1904 1005 Clementis

329 1045 633 1114 exemplum
664 1060 792 1099 suos
821 1052 1201 1114 composuerat
1228 1043 1494 1114 Origenes
1517 1083 1534 1108 ,
1574 1052 1633 1097 ut
1679 1057 1904 1097 accura-

324 1139 439 1194 tius
470 1147 807 1208 perspectum
846 1139 1043 1193 habere
1066 1137 1240 1206 possis
1267 1152 1372 1206 quo
1399 1137 1472 1190 illi
1500 1137 1552 1191 in
1581 1149 1904 1209 argumento

329 1233 550 1297 versati,
574 1247 679 1301 qua
707 1241 826 1285 arte
855 1231 1056 1286 conditi
1083 1231 1230 1294 sint,
1287 1230 1406 1301 lege
1454 1229 1772 1284 Eusebianaa
1809 1228 1908 1282 Hi-

331 1326 508 1377 δεον-ἰαί
538 1325 660 1378 libri
696 1325 832 1378 sexti
882 1337 1047 1393 caput
1092 1324 1360 1378 decimum
1413 1324 1634 1378 tertium
1663 1361 1682 1392 ,
1716 1323 1806 1378 ubi
1839 1324 1908 1378 de

332 1418 434 1472 hac
457 1417 748 1472 Clementis
777 1418 1076 1489 scriptione
1099 1417 1407 1471 disseritur.

402 1509 491 1564 IV.
543 1512 696 1578 Quod
724 1511 920 1566 attinet
949 1511 1016 1564 ad
1056 1509 1251 1564 librum
1305 1508 1379 1562 De
1428 1507 1707 1577 martyrio,
1741 1507 1810 1562 de
1844 1522 1908 1562 eo

331 1602 406 1658 ita
465 1602 910 1660 commemoravit
969 1601 1329 1674 Hleronymus
1380 1602 1474 1656 lib.
1531 1602 1607 1656 De
1664 1603 1907 1671 scriptor.

330 1697 642 1760 ecclesiast.,
685 1711 806 1766 cap.
836 1696 936 1764 6'1,
967 1697 1050 1751 his
1076 1697 1255 1752 verbis
1291 1714 1303 1750 :
1343 1713 1362 1747 ι
1402 1693 1718 1750 Ambrosius
1763 1710 1897 1749 con-

331 1789 584 1846 fessionis
613 1791 902 1844 Dominica:
945 1791 1114 1861 gloria
1148 1791 1374 1860 insignis
1413 1788 1516 1842 fuit
1541 1827 1557 1854 ,
1603 1789 1691 1843 cui
1735 1789 1906 1844 Theo-

2005 586 2083 640 dit
2111 585 2378 641 Eusebius
2409 587 2531 640 libr.
2572 603 2624 639 vi
2677 586 2846 651 llist.,
2877 599 2998 657 cap.
3027 589 3115 652 56,
3159 604 3382 644 numero
3409 602 3588 648 autem

2008 677 2177 732 fuisse
2243 679 2360 733 illas
2416 680 2704 750 plusquam
2769 691 3007 733 centum.
3061 680 3592 740 Conﬁcientissimus

2007 771 2201 840 quippe
2230 770 2533 825 litterarum
2581 770 2846 840 Origenes
2893 771 3018 827 fuit.
3049 771 3276 827 Librum
3309 776 3590 832 collectio-

2008 865 2094 918 nis
2128 863 2292 933 hujus
2321 873 2575 931 quartum
2606 865 2738 918 citat
2777 864 3007 918 Ruﬁnus
3038 865 3090 918 in
3128 865 3310 920 libello
3334 867 3413 922 De
3441 869 3590 921 adul-

2009 956 2263 1008 teratione
2314 955 2572 1008 librorum
2625 955 2890 1026 Origenis.
2943 957 3023 1011 Ex
3067 958 3169 1012 hoc
3221 958 3586 1028 Epistolarum

2008 1045 2357 1116 Syntagmate
2388 1047 2520 1101 istas
2548 1048 2616 1101 ab
2649 1048 2886 1104 Eusebio
2932 1061 3391 1107 commemoratas
3419 1054 3463 1085 ⁸⁷
3499 1068 3585 1108 re-

2009 1139 2202 1208 perio:
2239 1139 2408 1207 prima
2448 1139 2494 1169 "
2521 1151 2604 1194 est
2651 1143 2717 1194 ad
2754 1141 3045 1197 Leonidem
3093 1145 3352 1214 martyrio
3405 1147 3588 1216 proxi-

2010 1243 2156 1282 mum
2181 1246 2196 1282 :
2217 1228 2445 1282 alteram
2478 1231 2521 1262 ”
2547 1233 2769 1301 scripsit
2791 1232 3055 1304 Origenes
3079 1237 3343 1292 adversus
3374 1253 3469 1293 eos
3496 1240 3588 1309 qui

2009 1336 2168 1376 suum
2208 1323 2261 1376 in
2299 1321 2516 1377 litteras
2545 1325 2896 1382 humaniores
2941 1328 3181 1382 studium
3223 1329 3588 1384 criminaban-

2012 1425 2131 1479 tur;
2177 1415 2424 1484 proxima
2477 1415 2816 1471 diversarum
2866 1419 3216 1487 epistularum
3253 1436 3589 1478 commemo-

2011 1509 2149 1564 ratio
2194 1520 2275 1563 est
2301 1547 2316 1573 ,
2349 1508 2403 1561 in
2453 1509 2650 1578 quibus
2697 1511 2970 1566 indicatur
3000 1515 3392 1582 persecutionis
3423 1525 3592 1570 sexta:

2013 1610 2246 1670 tempus.
2277 1616 2505 1670 quarum
2559 1612 2740 1658 tamen
2789 1604 3176 1676 inscriptiones
3201 1617 3256 1662 et
3290 1607 3474 1664 titulos
3517 1611 3592 1664 si-

2010 1694 2237 1764 gillatim
2272 1694 2538 1748 Eusebius
2566 1710 2674 1750 non
2711 1697 3057 1766 persequitur
3091 1716 3104 1752 :
3138 1707 3251 1753 tum
3291 1699 3340 1730 "°
3385 1700 3594 1758 mentio

2013 1785 2071 1840 ﬁt
2118 1785 2372 1855 Epistolas
2404 1788 2470 1841 ad
2511 1787 2833 1843 Africanum
2891 1791 2958 1845 de
3007 1790 3270 1846 Susanna:
3305 1792 3529 1848 historia
3571 1809 3591 1852 :

331 1882 498 1937 ctisto
523 1882 842 1954 presbytero
881 1881 1019 1936 liber
1048 1880 1300 1952 Origenis
1325 1879 1399 1934 De
1425 1881 1681 1950 martyrio
1709 1879 1874 1934 scribi
1892 1909 1906 1919 -
1940 1867 1982 1923 Β
2012 1877 2266 1933 laudatur
2293 1879 2491 1935 deinde
2513 1881 2558 1911 '”
2592 1881 2832 1950 Epistola
2858 1884 2924 1936 ad
2949 1882 3256 1954 Philippum
3292 1885 3591 1956 imperato-

333 1983 441 2028 tur.
484 1993 501 2025 ι
542 1974 854 2043 Legendum
888 1974 1153 2028 omnino:
1186 1975 1270 2026 cui
1305 1982 1352 2027 et
1391 1971 1712 2026 Theoctisto.
1754 1971 1813 2027 Id
1860 1973 1905 2027 si

331 2069 556 2124 vidisset
607 2070 878 2139 interpres
912 2065 1133 2122 Graecus
1162 2107 1177 2133 ,
1215 2065 1510 2120 absurdum
1569 2067 1710 2120 hanc
1752 2066 1909 2120 nobis

327 2161 834 2231 interpretationem
874 2161 1184 2230 neutiquam
1226 2161 1464 2214 dedisset
1503 2176 1518 2213 :
1556 2157 1745 2230 Τούτῳ
1780 2158 1910 2211 Θεο-

331 2252 550 2306 κτίστου
575 2252 942 2324 πρεσϐυτέρου
980 2252 1158 2323 βίϐλος
1191 2253 1502 2326 Ὠριγένους
1525 2253 1664 2323 Περὶ
1693 2271 1910 2324 μαρτυ-

323 2347 463 2414 ρίου
490 2345 780 2417 γράφεται.
812 2346 1040 2402 Videtur
1069 2346 1265 2416 legisse
1299 2366 1312 2401 :
1343 2346 1438 2401 Cui
1479 2347 1760 2402 Theoctisti
1791 2365 1908 2416 pre-

331 2441 527 2507 sbyteri
557 2439 710 2502 liber,
748 2450 857 2493 etc.
907 2438 1284 2494 Theoctistum
1337 2441 1592 2494 nominat
1644 2439 1908 2513 Hierony-

322 2517 475 2596 inus,
513 2533 603 2601 qui
640 2534 707 2587 ab
737 2533 970 2587 Eusebio
1006 2532 1348 2588 Protoctetus
1376 2534 1693 2602 appellatur.
1727 2532 1907 2588 Theo-

332 2623 534 2678 ctistus
594 2623 951 2680 C:esariensis
1017 2624 1122 2679 fuit
1175 2624 1505 2695 episcopus;
1563 2624 1910 2680 Protoctetus

331 2715 574 2783 ejusdem
630 2714 886 2770 Ecclesia:
935 2717 1268 2786 presbyter:
1303 2732 1584 2786 perperam
1639 2733 1734 2772 eos
1780 2734 1910 2773 con-

330 2807 510 2862 fundit
543 2808 923 2880 Hieronymus.
958 2809 1271 2865 Protocteto
1295 2851 1310 2876 ,
1348 2826 1455 2866 non
1489 2811 1805 2866 Theoctisto
1830 2813 1910 2866 in-

333 2902 539 2972 criptus
586 2912 669 2958 est
718 2903 856 2957 liber
907 2903 1035 2967 iste,
1065 2902 1143 2973 (2)
1199 2912 1256 2958 ut
1293 2902 1536 2958 ostendit
1567 2903 1686 2974 ejus
1725 2919 1910 2958 exeun-

313 2996 451 3066 plar
481 2998 715 3050 nondum
750 2997 978 3062 editum,
1019 2999 1163 3066 quod
1209 3013 1375 3066 penes
1402 3011 1486 3052 me
1513 3006 1618 3051 est.
1655 2995 1907 3064 Ejusdem

326 3089 637 3159 argumenti
683 3088 980 3158 Epistolam
1013 3089 1077 3142 ad
1121 3088 1334 3144 Patrem
1368 3090 1633 3160 martyrio
1672 3088 1910 3144 destina-

332 3191 443 3236 tum
476 3183 773 3252 scripserat
798 3181 1161 3236 Adamantius
1191 3183 1491 3236 etiamnum
1531 3197 1699 3250 puer;
1756 3181 1909 3249 cujus

329 3274 569 3345 epistola;
621 3275 783 3330 verba
817 3275 1062 3346 quasdam
1108 3277 1304 3343 repetit
1351 3276 1614 3332 Eusebius
1663 3275 1787 3331 libr.
1853 3290 1908 3330 γι

330 3365 561 3432 Histor.,
594 3382 711 3437 cap.
745 3367 802 3422 2.

393 3458 467 3514 Ν.
521 3459 652 3515 Acta
683 3461 1106 3518 concertationis
1154 3462 1372 3533 Origeni
1405 3479 1528 3518 cum
1558 3463 1774 3534 Beryllo
1803 3464 1903 3519 ha-

328 3552 457 3608 bitae
483 3553 728 3608 eamdem
759 3553 930 3609 fuisse
956 3554 1193 3610 arbitror
1214 3565 1375 3624 atque
1403 3555 1679 3625 Dialogum
1709 3557 1910 3612 utrius-

328 3660 454 3716 que,
485 3662 591 3716 quo
620 3648 892 3704 hereseos
919 3649 1164 3721 Beryllus
1185 3649 1522 3720 coarguitur.
1556 3649 1708 3704 Hunc
1749 3659 1909 3705 aetate

329 3750 430 3789 sua
459 3736 730 3792 exstitisse
757 3737 950 3793 scribit
989 3739 1349 3810 Hieronymus
1386 3739 1512 3794 libr.
1548 3738 1624 3794 De
1657 3741 1903 3810 scriptor.

328 3827 516 3883 eccles.
547 3845 666 3900 cap.
707 3831 794 3884 71.
827 3831 1030 3887 Praeter
1089 3834 1232 3887 hunc
1270 3833 1564 3903 dialogum,
1605 3834 1742 3888 alios
1772 3849 1907 3903 quo-

329 3935 435 3990 que
477 3919 672 3975 litteris
701 3922 967 3992 Origenes
995 3924 1284 3978 mandasse
1329 3924 1524 3980 fertur.
1570 3922 1799 3980 Ruﬁnus
1851 3926 1903 3980 in

328 4011 513 4068 libello
566 4013 639 4067 De
684 4015 1073 4069 adulterat-iane
1119 4017 1371 4070 librorum
1413 4016 1680 4087 Origenis,
1716 4031 1906 4088 quem-

329 4107 454 4161 dam
490 4107 556 4161 ab
582 4122 647 4162 eo
669 4109 1057 4178 conscriptum,
1087 4120 1142 4164 et
1164 4126 1194 4164 a
1225 4110 1465 4166 Candido
1490 4113 1746 4166 lueretico
1774 4127 1906 4182 quo-

327 4211 453 4252 cum
512 4198 729 4254 habitus
789 4200 1011 4266 fuerat,
1066 4202 1430 4256 adulteratum
1489 4215 1901 4260 commemorat.

326 4288 823 4344 Circumferebatur
870 4291 956 4346 ille
990 4291 1304 4362 Hieronymi
1335 4294 1692 4362 temporibus,
1730 4295 1784 4349 in
1815 4311 1905 4350 eo-

327 4397 434 4451 que
474 4381 734 4451 Origenes
759 4424 775 4449 ,
821 4393 876 4438 et
920 4384 1194 4439 Candidus
1227 4383 1612 4439 Valentinianus:
1651 4384 1904 4440 defensor

328 4477 598 4530 barreseos
654 4478 796 4532 inter
829 4477 933 4531 alia
963 4478 1349 4548 disputabant,
1394 4477 1634 4533 Filiusue
1666 4490 1811 4534 esset
1841 4477 1906 4533 de

2015 1986 2152 2038 rem,
2185 1971 2292 2026 alia
2319 1972 2385 2027 ad
2416 1972 2702 2043 conjugem
2739 1974 2907 2042 ipsius
2943 1975 3222 2041 Severum,
3254 1977 3362 2032 alia
3396 1979 3463 2033 ad
3491 1977 3593 2032 Fs-

2011 2065 2232 2118 bianum
2263 2079 2456 2134 papam
2484 2105 2501 2130 ,
2542 2066 2660 2120 aliae
2691 2066 2757 2120 ad
2785 2067 2922 2123 alios
2949 2069 3258 2137 complures
3283 2071 3591 2140 episcopos,

2013 2157 2210 2224 quibus
2256 2157 2378 2211 fidei
2412 2158 2680 2227 professio
2707 2161 3124 2227 continebatur;
3156 2169 3212 2216 et
3240 2163 3471 2218 diversa:
3499 2165 3593 2220 de-

2014 2249 2178 2319 nique
2224 2250 2480 2305 distincte
2517 2267 2625 2306 non
2667 2262 2911 2308 notatae:
2950 2257 3296 2324 postmodum
3348 2256 3593 2326 plurima:

2012 2342 2249 2397 citantur
2280 2344 2522 2413 epistola:
2547 2345 2616 2412 ⁷³,
2646 2361 2767 2415 qua:
2812 2347 3168 2402 declarabant
3214 2363 3377 2418 quam
3432 2350 3593 2404 utiles

2014 2433 2082 2487 iis
2112 2447 2392 2491 sermones
2425 2437 2775 2507 reliquisset,
2813 2441 2902 2508 qui
2953 2439 3148 2495 solatio
3181 2442 3234 2494 in
3266 2442 3594 2498 cruciatibus

2014 2526 2346 2596 indigebant.
2411 2528 2537 2584 Haec
2593 2531 2877 2587 Eusebius.
2931 2532 3182 2588 Testatur
3236 2532 3594 2606 Hieronymus

2012 2619 2105 2674 lib.
2136 2619 2212 2674 De
2246 2622 2494 2689 scriptor.
2546 2623 2732 2679 eccles.
2762 2640 2881 2693 cap.
2920 2625 2989 2680 65
3015 2667 3029 2690 ,
3063 2642 3158 2681 sua
3195 2636 3356 2683 aetate
3399 2643 3590 2698 super-

2013 2709 2182 2766 fuisse
2225 2710 2478 2782 Origenis
2513 2714 2782 2784 Epistolas
2828 2718 2894 2770 ad
2944 2716 3273 2788 Philippum,
3320 2720 3596 2790 ipsiusque

2011 2814 2276 2872 matrem;
2323 2822 2446 2860 cum
2493 2806 2758 2864 Eusebius
2797 2825 2828 2864 θ
2874 2825 2981 2878 quo
3031 2811 3176 2866 hunc
3215 2811 3409 2865 librum
3463 2811 3594 2867 Hie-

2012 2910 2270 2967 ronymus
2311 2901 2712 2954 consarcinavit
2734 2941 2751 2966 ,
2809 2903 3037 2966 habeat,
3068 2902 3168 2974 τὴν
3201 2902 3390 2956 τούτου
3417 2921 3594 2976 γαμε-

2009 2989 2133 3061 τήν,
2176 2993 2450 3061 conjugem
2482 2993 2670 3061 ipsius.
2714 2994 2858 3048 Idem
2905 2995 3099 3049 scribit
3143 2995 3208 3050 de
3249 2995 3444 3051 litteris
3469 2995 3593 3052 Ori-

2011 3083 2162 3151 genis
2195 3085 2260 3138 ad
2281 3084 2550 3156 Beryllum
2585 3086 2931 3141 Bostrensem
2967 3087 3280 3156 episcopum
3327 3087 3592 3159 Hierony-

1937 3216 1979 3274 C
2013 3191 2137 3274 mus
2158 3177 2356 3233 ibidem
2387 3193 2512 3248 cap.
2541 3177 2629 3232 7I.
2663 3177 2896 3234 Ruﬁnus
2947 3194 3165 3250 quoque
3213 3180 3267 3233 in
3297 3178 3479 3234 libello
3515 3179 3590 3234 De

2011 3267 2242 3322 adulter.
2276 3268 2459 3326 libror.
2514 3269 2756 3340 Origem's
2809 3272 3134 3327 testimoniis
3180 3271 3350 3326 utitur
3375 3286 3442 3326 ex
3468 3273 3588 3341 epi-

2010 3359 2147 3415 stola
2177 3361 2246 3416 ab
2281 3361 2515 3433 Origene
2547 3363 2614 3416 ad
2650 3364 2856 3419 amicos
2883 3364 3144 3433 quosdam
3196 3378 3324 3418 suos
3354 3363 3593 3416 Alexan-

2010 3451 2198 3507 drinos
2225 3452 2424 3522 scripta
2453 3471 2465 3506 :
2499 3462 2553 3507 et
2581 3452 2807 3506 alteram
2841 3453 3024 3507 laudat
3053 3464 3314 3522 praeterea
3349 3453 3593 3522 ejusdem

2009 3544 2329 3610 argumenti.
2363 3544 2603 3614 Epistola
2648 3543 2890 3612 ejusdem
2933 3547 3000 3600 ad
3043 3546 3366 3617 Gregorium
3412 3545 3598 3601 Thau-

2009 3644 2314 3706 maturgum
2339 3635 2552 3692 decimo
2600 3638 2761 3693 tertio
2790 3636 3106 3692 Philocafia:
3135 3637 3317 3708 capite
3349 3637 3596 3692 continev

2010 3735 2116 3782 tur.
2155 3729 2370 3783 Partem
2405 3729 2640 3799 denique
2671 3729 2914 3799 epistolae
2944 3727 3229 3798 cujusdam
3277 3727 3592 3784 Adamantii

2009 3820 2292 3891 proferunt
2313 3821 2593 3876 Cedrenus
2630 3830 2684 3876 et
2714 3821 2933 3877 Suidas.

2077 3934 2191 3989 VII.
2227 3936 2471 3990 Aliarum
2501 3945 2758 4004 praeterea
2815 3935 3177 4007 quarumdam
3226 3935 3591 4006 scriptionum

2005 4026 2256 4095 Origenis
2307 4029 2634 4084 mentionem
2689 4029 2830 4098 apud
2884 4038 3094 4082 veteres
3149 4027 3386 4082 invenio.
3435 4027 3592 4082 Philo

2005 4118 2222 4174 Judacus
2271 4119 2518 4174 ediderat
2581 4119 2780 4173 librum
2847 4118 3236 4173 Ilebraicorum
3303 4118 3588 4173 nominum

2008 4213 2222 4268 Veteris
2253 4212 2607 4276 Testamenti,
2638 4227 2941 4282 eorumque
2970 4212 3322 4282 etymologias
3347 4220 3401 4265 et
3427 4211 3594 4266 inter-

2005 4307 2340 4376 pretationes
2369 4303 2642 4372 adiecerat
2672 4320 2687 4358 :
2724 4320 2884 4375 quem
2922 4304 3124 4360 librum
3161 4304 3350 4357 Latina
3386 4304 3593 4358 oratio-

2008 4415 2075 4452 ne
2110 4398 2473 4468 Ilieronymus
2500 4412 2788 4466 expressa.
2822 4399 2979 4464 Quod
3013 4399 3066 4453 in
3103 4397 3449 4453 Testamento
3485 4398 3592 4452 Ve-

2009 4493 2108 4546 teri
2145 4493 2352 4547 fecerat
2379 4491 2556 4556 Philo,
2591 4492 2727 4545 idem
2753 4492 2805 4545 in
2830 4492 2980 4546 Novo
3008 4490 3274 4545 factitavit
3297 4487 3584 4560 Origenes,

327 4565 504 4622 Ρθῑτίε
536 4569 866 4635 ευὶιεῑεηηίθν
895 4577 950 4623 ει
981 4579 1161 4622 “lium
1205 4568 1453 4624 diabOIUS
1495 4570 1610 4638 eius
1639 4581 1782 4626 θεεθι
1807 4586 1906 4625 ηδ·
1941 4593 1983 4646 D
2015 4600 2280 4655 suumque
2309 4599 2442 4653 Opus
2471 4585 2538 4637 ad
2565 4598 2700 4651 opus
2729 4582 2971 4638 Philonis
3008 4582 3292 4652 adjunxit;
3336 4581 3388 4635 in
3417 4595 3592 4648 eoque

328 4672 484 4730 tunc,
512 4678 634 4732 quae
685 4663 916 4718 salutem
949 4663 1172 4732 adipisci
1226 4679 1333 4719 non
1374 4675 1574 4734 posset.
1617 4665 1906 4720 Africanus

327 4755 580 4826 Origenis
610 4756 832 4826 aqualis
856 4767 910 4810 et
961 4757 1168 4812 amicus
1200 4757 1354 4813 initio
1389 4757 1664 4826 Epistolas,
1688 4773 1793 4827 qua
1825 4758 1905 4826 ip-

327 4849 440 4905 sius
474 4851 799 4904 seutentiam
828 4851 894 4905 de
925 4849 1190 4905 Susanna:
1225 4851 1453 4906 historia
1507 4853 1756 4922 rogavit,
1788 4851 1905 4905 lau-

327 4943 420 4998 dat
446 4942 726 5012 Dialogum
756 4941 872 5011 ejus
903 4943 970 4995 ad
999 4943 1368 5012 Agnomonem
1399 4983 1415 5008 ,
1450 4943 1501 4995 in
1551 4958 1658 5012 quo
1690 4954 1904 5012 partem

327 5034 472 5090 illam
505 5034 626 5089 libri
648 5032 887 5088 Danielis
920 5035 972 5088 in
1010 5035 1380 5089 testimonium
1425 5033 1740 5098 adduxerat,
1776 5047 1901 5102 qua:

329 5128 596 5182 Susann:e
627 5143 814 5181 casum
863 5137 1069 5181 narrat.
1127 5128 1316 5181 Exstat
1363 5126 1595 5196 denique
1643 5126 1902 5196 Dialogus

325 5221 389 5273 de
423 5231 562 5274 recta
592 5223 646 5274 in
681 5220 846 5274 Deum
886 5220 1012 5288 fide,
1041 5219 1132 5289 qui
1185 5230 1235 5274 et
1285 5228 1468 5273 contra
1522 5217 1900 5272 Marcionistas

327 5313 674 5378 inscribitur;
717 5314 810 5367 sed
841 5314 1058 5382 spurius
1095 5322 1150 5368 et
1191 5312 1568 5381 supposititius
1593 5351 1610 5377 ,
1663 5321 1722 5366 ut
1761 5311 1900 5366 infra

324 5409 842 5463 demonstrabimus.

398 5501 484 5555 \‘I.
513 5501 781 5572 Epistolas
813 5500 1062 5570 Origenis
1104 5509 1367 5569 quotquot
1404 5508 1522 5555 erat
1551 5508 1762 5565 nactus,
1787 5513 1816 5552 a
1841 5514 1901 5555 se

394 5619 438 5649 ⁸⁷
470 5617 663 5673 Euseb.
701 5616 822 5672 libr.
854 5633 906 5672 vn
938 5614 1108 5682 Hist.,
1133 5629 1254 5684 cap.
1278 5615 1333 5668 2.

322 5685 370 5722 τε·
400 5688 528 5743 ibid.
559 5703 682 5758 cap.
715 5688 802 5742 59.
1237 5685 1247 5693 '

394 5803 472 5874 (.2)
519 5805 590 5858 Ut
639 5804 862 5858 ostendit
909 5803 1022 5874 ejus
1075 5805 1342 5871 exemplar
1387 5806 1618 5858 nondum
1667 5806 1892 5870 editum,

315 5879 457 5937 quod
500 5892 654 5945 penes
681 5893 759 5930 me
790 5885 886 5929 est.
932 5876 1063 5933 Vide
1109 5877 1236 5933 tomi
1291 5878 1459 5933 nostri
1513 5878 1711 5945 prioris
1764 5877 1885 5947 pag.

1413 5615 1458 5646 ⁸⁸
1498 5615 1629 5671 ibid.
1659 5631 1780 5686 cap.
1835 5615 1924 5672 19.

2012 4678 2395 4747 Hieronymum
2444 4676 2773 4729 imitatorem
2808 4673 2994 4727 habuit
3024 4691 3038 4726 :
3074 4672 3228 4740 cujus
3278 4672 3440 4725 verba
3475 4670 3591 4724 lucc

2011 4779 2137 4825 sunt
2179 4770 2231 4823 in
2260 4767 2480 4823 Praefat.
2508 4768 2573 4822 ad
2611 4766 2806 4821 librum
2841 4765 3094 4820 llebruic.
3120 4764 3389 4818 nominum
3413 4777 3432 4815 :
3462 4781 3480 4813 ι
3512 4764 3591 4817 Ac

2009 4877 2078 4916 ne
2128 4858 2267 4916 forte
2292 4867 2672 4914 consummato
2699 4859 2932 4914 mdiﬁcio
2975 4861 3130 4926 quasi
3161 4868 3402 4911 extrema
3433 4855 3592 4909 dees-

2009 4962 2095 5008 set
2127 4967 2338 5014 manus,
2375 4951 2511 5008 Novi
2545 4951 2879 5008 Testamenti
2929 4951 3097 5005 verba
3134 4960 3190 5002 et
3236 4947 3455 5001 nomina
3509 4947 3593 5000 in-

2015 5052 2342 5114 terpretatus
2376 5060 2520 5106 sum,
2549 5045 2749 5098 imitari
2775 5043 2962 5098 volens
2987 5057 3050 5095 ex
3081 5050 3240 5110 parte
3273 5036 3590 5108 Origenem,

2015 5151 2174 5206 quem
2215 5146 2334 5204 post
2362 5136 2634 5204 apostolos
2664 5134 3029 5190 Ecclesiarum
3069 5132 3389 5202 magistrum
3431 5144 3592 5185 nemo

2017 5228 2118 5283 nisi
2154 5228 2435 5295 imperitus
2475 5236 2655 5298 negat.
2696 5227 2843 5281 Inter
2875 5236 3072 5281 cauera
3100 5226 3243 5279 enim
3275 5222 3471 5292 ingenii
3507 5221 3590 5276 sui

2009 5321 2270 5390 praeclara
2325 5330 2676 5375 monumenta
2725 5320 2890 5374 etiam
2933 5321 2986 5372 in
3023 5319 3129 5372 hoc
3177 5316 3484 5380 laboravit,
3535 5322 3593 5368 ut

2009 5411 2149 5482 quod
2173 5409 2328 5464 Philo
2355 5409 2514 5479 quasi
2540 5408 2762 5464 Iudaeus
2793 5409 3076 5472 omiserat,
3119 5407 3209 5461 hic
3241 5415 3298 5460 ut
3324 5405 3591 5460 Christia-

2013 5519 2114 5557 nus
2148 5501 2414 5572 impleret.
2446 5519 2465 5552 ι
2498 5500 2645 5555 Libri
2677 5499 2915 5569 ejusdem
2947 5499 3402 5554 meminitauctor
3428 5495 3594 5560 Quie-

2004 5615 2048 5648 ”
2077 5615 2210 5672 ibid.
2240 5630 2360 5686 cap.
2382 5615 2476 5671 28.
2553 5615 2601 5646 ⁷⁰
2633 5615 2768 5671 ibid.
2797 5630 2919 5686 cap.
2943 5614 3032 5668 5|.
3110 5613 3153 5643 ⁷¹
3190 5612 3318 5666 ibid.
3349 5625 3467 5680 cap.
3497 5609 3590 5664 '56.

2003 5805 2130 5869 275,
2179 5805 2268 5862 ubi
2313 5804 2401 5863 hic
2449 5803 2585 5859 liber
2633 5812 2741 5858 tam
2784 5800 2973 5858 Grzece
3013 5814 3172 5872 quam
3223 5797 3414 5853 Latine
3462 5797 3593 5852 edi-

2004 5889 2058 5930 ιιι
2069 5894 2112 5930 1⁸.
