4152 6402
587 372 725 428 ίὲὗδ

1872 363 1933 420 P.
1976 362 2291 417 DANIELIS
2331 362 2563 416 HUETII

3702 366 3841 420 1256

587 495 816 536 suouum
846 477 914 530 ad
944 476 1296 537 orthodoxos,
1332 476 1421 543 qui
1461 473 1595 529 falso
1627 475 1884 529 tribuitur
1917 475 2156 543 Iustino,
2192 486 2240 541 Α
2269 476 2409 528 enim
2459 474 2742 546 exegetica
2796 484 3175 531 enumerasset
3222 474 3606 546 Ilieronymus,
3640 485 3751 529 tum
3784 475 3843 531 in

588 583 781 644 quaest.
816 571 886 627 82
922 580 976 625 et
1002 570 1090 635 86,
1127 570 1177 623 in
1210 584 1382 639 coque
1413 578 1609 637 prazter
1634 568 1895 623 IIebraira
1921 569 2160 633 nomina,

589 679 877 719 mensuras
923 666 1085 716 etiam
1141 662 1522 730 interpretatas
1570 674 1692 713 esse
1741 660 1917 714 docet.
1970 659 2163 713 Videat

585 770 714 825 ergo
741 755 965 808 Rufinus
994 769 1097 822 qua
1133 751 1238 805 Ilde
1262 752 1560 820 scripserit,
1590 750 1790 803 lnvect.
1826 765 1863 803 II
1894 752 1946 804 in
1972 747 2161 805 Hiero-

587 856 830 911 nymum,
864 855 931 894 ne
953 855 1117 894 unum
1149 839 1368 909 quidem
1395 837 1690 908 Scriptura:
1718 840 1940 893 verbum
1966 838 2160 910 Orige-

586 946 708 987 nem
736 932 985 986 vertisse.

660 1023 787 1079 VIII.
821 1023 1044 1077 Librum
1076 1022 1153 1078 De
1178 1023 1416 1077 oratione
1437 1021 1688 1077 emisisse
1720 1022 2010 1093 Origenem
2045 1037 2162 1077 me-

583 1117 772 1169 moria:
816 1114 1053 1184 prodidit
1095 1112 1408 1182 Pamphilus
1442 1111 1495 1164 in
1536 1112 1869 1183 Apologetico
1893 1128 1912 1164 :
1947 1130 1967 1163 ι
2005 1110 2161 1166 Deni-

582 1222 709 1275 que,
744 1205 952 1273 inquit,
1001 1204 1054 1258 in
1107 1213 1214 1257 tam
1265 1204 1489 1269 multis,
1527 1214 1582 1259 et
1611 1214 1721 1257 tam
1767 1205 1997 1259 diversis
2041 1206 2158 1276 ejus

583 1297 871 1367 (Origenis)
905 1295 1057 1349 libris
1086 1309 1348 1362 nusquam
1370 1296 1594 1349 omnino
1616 1295 1890 1350 invenitur
1915 1312 2056 1351 unus
2091 1298 2159 1352 ab

580 1405 648 1445 eo
686 1390 822 1443 liber
846 1388 1059 1457 proprie
1086 1385 1163 1440 De
1194 1386 1378 1438 animo
1428 1386 1799 1454 conscriptus,
1831 1388 1968 1441 sicut
1997 1388 2159 1442 habet

580 1480 665 1535 vel
697 1481 773 1534 De
821 1479 1075 1549 martyrio
1101 1516 1117 1541 ,
1155 1475 1241 1531 vel
1274 1476 1349 1530 De
1384 1478 1621 1531 oratione
1644 1517 1660 1544 ,
1702 1478 1787 1531 vel
1816 1477 1891 1531 De
1920 1494 2156 1532 resurre-

579 1572 772 1624 ctione.
830 1570 948 1637 Quo
1002 1569 1126 1623 licet
1196 1580 1511 1623 careremus
1567 1567 1923 1632 testimonio,
1980 1568 2154 1636 ipsum

578 1676 717 1732 opus
743 1663 885 1731 quod
931 1660 1000 1715 ad
1035 1661 1173 1715 hanc
1208 1659 1352 1713 diem
1398 1667 1684 1728 superest,
1717 1672 1813 1727 per
1856 1672 1915 1713 se
1945 1659 2156 1715 innote-

580 1762 778 1809 sceret.

2274 580 2434 618 unam
2464 567 2694 619 classem
2730 575 3073 635 syntagmata
3124 566 3375 634 conjicit,
3418 565 3486 619 ad
3535 579 3708 633 eaque
3742 578 3844 619 suo

2274 655 2466 709 ordine
2490 660 2856 724 percensenda
2887 657 3172 719 accedens,
3216 675 3235 707 ι
3273 654 3436 721 Item,
3482 656 3677 724 inquit,
3710 656 3843 709 scri-

2268 745 2374 815 psit
2411 745 2755 811 Monobiblia,
2786 746 2923 814 Περὶ
2950 744 3151 813 ἀρχῶν
3179 745 3345 799 libros
3365 755 3617 813 quatuor,
3659 763 3678 796 ι
3708 754 3839 808 etc.;

2269 837 2425 905 quasi
2462 836 2688 891 dixisset
2718 857 2731 891 :
2760 838 2891 892 Item
2922 838 3205 907 sequentia
3234 839 3455 905 scripsit
3484 839 3841 908 Syntagmata

2267 930 2412 998 (quae
2450 938 2507 984 et
2557 930 2813 997 opuscula
2852 930 3046 985 deinde
3086 928 3315 984 Ruﬁnus
3353 928 3607 999 appellat)
3651 942 3842 997 nempe

2264 1024 2431 1079 libros
2461 1024 2603 1093 Περὶ
2634 1023 2857 1093 ἀρχῶν,
2889 1036 2995 1079 etc.
3033 1025 3208 1093 Atque
3245 1024 3380 1090 haec,
3412 1023 3555 1092 quod
3583 1035 3691 1075 non
3708 1020 3841 1075 alio-

2264 1130 2383 1169 rum
2412 1116 2674 1170 librorum
2708 1132 2872 1171 causa
2901 1125 3090 1170 essent
3117 1116 3421 1178 elaborata,
3450 1128 3553 1168 nec
3576 1113 3699 1167 aliis
3743 1111 3842 1165 ad-

2258 1205 2528 1275 iungenda
2564 1217 2749 1262 essent
2778 1208 2933 1262 libris
2954 1249 2969 1273 ,
3000 1206 3304 1275 cuiusmodi
3334 1216 3491 1260 erant
3521 1203 3838 1273 esegetica;

2262 1300 2357 1353 sed
2390 1299 2619 1368 proprio.
2650 1299 3062 1353 continerentur
3094 1307 3439 1367 argumento,
3479 1307 3534 1350 et
3565 1295 3711 1351 circa
3739 1308 3839 1363 pe-

2261 1390 2522 1444 cnliarem
2549 1390 2649 1443 sibi
2681 1390 2965 1442 materiem
3003 1398 3377 1452 versarentur,
3415 1388 3621 1441 idcirco
3652 1385 3843 1438 Mono-

2262 1480 2426 1534 biblia
2454 1480 2720 1549 appellata
2776 1488 2921 1535 sunt.
2966 1477 3071 1534 Sed
3111 1479 3228 1534 hate
3261 1493 3360 1549 pro
3394 1477 3710 1547 conjectura
3746 1476 3840 1530 ha-

2261 1571 2377 1625 beri
2406 1573 2548 1626 volo.

2328 1664 2413 1717 Ad
2449 1674 2784 1733 postremum
2834 1664 3152 1720 Vincentius
3186 1662 3584 1719 Bellovacensis
3625 1659 3840 1731 Speculi

2252 1756 2576 1810 doctrinalis
2610 1757 2738 1812 libr.
2789 1773 2946 1824 xvm,
2988 1773 3108 1829 cap.
3155 1760 3245 1821 45,
3291 1758 3543 1825 Origenis
3581 1756 3841 1810 lucubra-

652 1864 743 1920 IX.
780 1864 1159 1919 Theodoretus
1214 1865 1266 1919 in
1319 1863 1474 1919 libris
1514 1862 1902 1919 Htereticarurn
1942 1862 2153 1933 fabula-
2180 1851 2226 1906 Β
2258 1849 2429 1903 ιίοηεε
2457 1864 2579 1917 qua!
2604 1850 2671 1903 ad
2696 1863 2794 1902 ειη
2816 1863 3181 1919 υετνεηθηηι
3210 1861 3455 1918 ιθιηροτίι
3486 1861 3835 1910 enumerans»

581 1955 1025 2027 rum'Origenem
1070 1971 1213 2026 saepe
1254 1955 1473 2026 allegat,
1514 1966 1567 2010 et
1605 1955 1771 2029 libros
1802 1955 1970 2024 ipsius
1998 1956 2049 2009 in
2079 1966 2157 2009 te-

581 2049 895 2103 stimonium
943 2048 1183 2102 adducit.
1221 2046 1385 2102 Libro
1432 2047 1650 2115 quidem
1703 2046 1888 2116 priore
1917 2060 2040 2115 cap.
2097 2045 2153 2110 2,

580 2141 864 2209 scripsisse
896 2155 1018 2194 eum
1038 2139 1114 2193 ait
1136 2139 1398 2195 adversus
1425 2138 1777 2195 Menandrum
1804 2139 2153 2208 hmreticum;

576 2241 634 2287 et
658 2232 833 2301 capite
862 2230 895 2285 4
921 2233 1181 2286 adversus
1213 2232 1501 2287 Basilidem
1534 2242 1591 2287 et
1616 2232 1920 2297 lsidorum;
1955 2240 2012 2286 et
2064 2245 2155 2285 ca-

579 2323 687 2391 pite
711 2321 742 2373 7
781 2322 1041 2375 adversus
1071 2319 1447 2387 IIelcesaitas,
1482 2332 1537 2375 et
1565 2321 1742 2391 capite
1768 2319 1855 2385 l9,
1895 2320 2156 2375 adversus

577 2412 969 2482 Hermogenem
1001 2423 1055 2467 et
1076 2410 1453 2475 Valentinum;
1491 2412 1739 2480 etcspite
1768 2410 1863 2474 2i,
1895 2411 2155 2466 adversus

577 2503 871 2570 Severum;
903 2514 957 2557 et
987 2503 1163 2573 capite
1194 2502 1287 2568 25,
1331 2503 1592 2557 adversus
1614 2501 1853 2571 Apellem
1886 2519 1900 2555 :
1932 2509 1988 2556 et
2016 2501 2155 2557 libro

572 2611 628 2659 ιι,
660 2595 836 2664 capite
864 2594 930 2656 Ξ.
964 2595 1225 2651 adversus
1260 2595 1508 2650 haeresim
1541 2593 1927 2648 Nazarrcorum
1959 2610 1973 2647 :
2010 2603 2065 2647 et
2090 2591 2154 2646 Ii-

573 2686 675 2739 bro
707 2700 765 2738 III
794 2723 809 2747 ,
841 2685 1015 2752 capite
1046 2683 1111 2748 ι’,
1139 2685 1400 2739 adversus
1454 2683 1769 2738 Nicolaitas.
1821 2680 1988 2737 Libro
2023 2695 2153 2736 vero

572 2776 835 2838 secundo,
866 2776 1044 2844 capite
1073 2775 1137 2840 5,
1177 2776 1338 2829 tradit
1380 2775 1603 2843 Origeni
1637 2775 1878 2829 tribuere
1927 2772 2153 2827 nonnul-

574 2866 654 2921 los
681 2863 914 2919 Parvum
958 2866 1316 2936 labyrinthum
1338 2907 1353 2931 ,
1406 2867 1496 2936 qui
1527 2867 1663 2920 liber
1685 2867 1949 2922 adversus
1976 2864 2154 2919 Theo-

570 2958 759 3012 dowm
794 2958 1107 3013 hairelicum
1138 2959 1374 3028 scriptus
1403 2968 1507 3013 est.
1553 2955 1895 3026 Nicephorus
1929 2971 2147 3027 quoque

568 3047 709 3103 libro
736 3065 790 3113 x,
820 3064 941 3119 cap.
968 3050 1062 3114 56,
1109 3049 1403 3119 Origenem
1441 3060 1669 3105 testatur
1704 3048 1924 3119 scriptis
1958 3048 2153 3103 libellis

568 3136 873 3193 luculenter
901 3138 1167 3194 refellisse
1198 3139 1508 3195 Marcellum
1539 3140 1784 3196 Galatam
1833 3152 1889 3196 et
1920 3140 2155 3212 Porphy-

567 3229 747 3293 rium;
787 3232 961 3299 iisque
986 3230 1141 3285 libris
1166 3231 1217 3285 id
1248 3234 1465 3302 assequi
1495 3243 1747 3287 conatum
1774 3248 1918 3297 esse,
1954 3242 2011 3286 ut
2047 3235 2141 3287 ob-

567 3324 712 3376 scuri
743 3333 797 3375 et
822 3322 1055 3377 intricati
1087 3323 1380 3393 Scriptura:
1422 3326 1523 3379 loci
1550 3366 1565 3390 ,
1597 3327 1792 3395 quibus
1824 3326 1975 3380 abuti
2007 3326 2152 3380 sole-

566 3408 697 3462 bant
718 3410 976 3474 haeretici,
1006 3412 1071 3465 ad
1108 3427 1291 3465 verum
1322 3429 1537 3469 sensum
1565 3414 1999 3470 deﬂecterentur.
2032 3414 2148 3470 Non

568 3500 818 3569 equidem
853 3503 1178 3556 crediderim
1223 3505 1443 3560 totidem
1476 3506 1643 3560 libros
1667 3505 2018 3563 confutandis
2046 3508 2149 3563 ha:-

569 3590 756 3644 reticis
790 3592 1037 3645 emisisse
1081 3591 1372 3659 Origenem
1398 3635 1413 3661 ,
1462 3605 1596 3666 quot
1647 3597 1930 3652 haereticos
1970 3598 2038 3652 ab
2082 3614 2147 3655 eo

569 3679 876 3737 confutatos
927 3693 1117 3738 narrat
1172 3683 1585 3754 Theodoretus;
1641 3690 1733 3743 sed
1788 3689 2051 3759 plurimos
2076 3706 2145 3746 ex

568 3771 676 3826 illis
720 3773 773 3826 in
810 3773 1039 3830 alterius
1064 3778 1372 3848 argumenti
1425 3780 1811 3850 scriptionibus
1848 3782 2025 3836 obiter
2078 3783 2146 3839 ab

566 3863 803 3933 Origene
838 3868 1157 3933 perstrictos
1198 3870 1488 3938 existimo;
1538 3873 1994 3941 quemadmodum
2045 3874 2146 3929 He-

566 3956 871 4013 racleonem
896 3960 949 4013 in
981 3961 1403 4019 Commentariis
1426 3965 1481 4018 in
1516 3964 1779 4018 Joannem
1813 3980 1953 4037 sxrpe
1979 3968 2047 4022 ab
2078 3983 2143 4023 eo

562 4050 876 4121 sugillatum
910 4053 1183 4120 videmus,
1239 4066 1296 4110 et
1352 4056 1551 4126 ubique
1598 4056 1711 4113 fere
1760 4055 2140 4126 Valentinum,

563 4137 856 4197 Basilidem
910 4154 966 4199 et
1004 4144 1355 4202 Marcionem.
1388 4151 1457 4201 At
1497 4150 1709 4219 aliquos
1750 4160 1926 4206 tamen
1957 4151 2143 4206 adver-

562 4248 657 4289 sus
708 4237 988 4293 haereticos
1043 4249 1098 4295 et
1156 4240 1407 4295 ethnicos
1462 4244 1723 4311 quosdam
1782 4258 1846 4297 ex
1896 4244 2142 4299 instituto

562 4327 799 4383 edidisse
834 4340 1040 4384 certum
1078 4342 1162 4387 est
1195 4351 1209 4399 ;
1266 4334 1445 4403 qualis
1502 4344 1586 4389 est
1622 4334 1761 4389 liber
1808 4347 1992 4391 contra
2024 4335 2141 4390 Cel-

560 4433 711 4481 sum;
784 4422 961 4488 qualis
1020 4421 1120 4477 fuit
1166 4423 1373 4479 Parvus
1420 4425 1508 4479 ille
1556 4425 1889 4495 labyrinthus
1944 4429 2138 4483 adver-

2254 1939 2335 1993 sic
2371 1940 2684 2008 auspicatur
2719 1957 2733 1993 :
2776 1941 3034 2009 Apologia
3084 1956 3179 2008 pro
3229 1958 3305 2007 se,
3354 1948 3615 1994 tractatus
3648 1939 3701 1994 1.
3738 1937 3840 1991 Do-

2254 2031 2448 2084 ctrina:
2478 2032 2697 2099 quidem
2729 2045 2841 2085 suae
2874 2033 3250 2088 defensionem
3285 2034 3352 2087 ad
3390 2033 3688 2087 Fabianum
3736 2042 3839 2096 pa-

2253 2136 2378 2192 pam
2408 2125 2624 2179 misisse
2655 2125 2945 2195 Origenem
2995 2140 3157 2195 supra
3188 2128 3499 2179 notavimus
3527 2142 3541 2177 :
3571 2138 3637 2177 an
3661 2136 3725 2177 ea
3749 2121 3840 2177 his

2254 2214 2589 2283 signiﬁcetur
2634 2214 2903 2270 Vineeutii
2951 2217 3136 2271 verbis
3166 2254 3182 2281 ,
3237 2231 3305 2270 an
3360 2216 3507 2271 aliud
3555 2214 3839 2286 quidpiam

2252 2319 2391 2374 opus
2414 2306 2584 2360 lector
2606 2307 2893 2376 perSpicax
2920 2307 3244 2363 arbitretur.

2325 2395 2417 2451 XI.
2448 2396 2669 2452 Minime
2698 2413 2829 2452 vero
2862 2399 2913 2451 in
2941 2398 3085 2453 hunc
3126 2414 3355 2454 censum
3388 2396 3721 2453 conferenda
3748 2394 3836 2449 vi-

2253 2488 2476 2544 deretur
2497 2504 2619 2544 esse
2648 2488 2972 2550 Philocalia,
2990 2499 3050 2542 ut
3074 2504 3195 2559 qua!
3212 2504 3241 2543 a
3262 2489 3463 2543 Basilio
3488 2497 3542 2542 et
3569 2486 3837 2556 Gregorio

2256 2580 2529 2651 'l‘heologo
2557 2582 2776 2636 confuta
2807 2592 2863 2636 et
2891 2582 3272 2636 consarcinata
3307 2582 3400 2635 sit.
3453 2580 3719 2647 Quoniam
3754 2588 3837 2632 ta-

2253 2683 2376 2724 men
2404 2684 2469 2722 ex
2495 2670 2807 2725 Adamantii
2860 2673 3059 2741 pannis
3089 2680 3200 2726 tota
3228 2679 3485 2726 contexta
3514 2680 3597 2725 est
3617 2712 3633 2734 ,
3660 2678 3717 2723 et
3763 2682 3837 2721 ex

2252 2761 2529 2817 ventilatis
2590 2777 2753 2832 supra
2804 2762 3057 2834 Origenis
3118 2765 3379 2832 operibus
3424 2762 3540 2817 fere
3590 2764 3835 2816 detracta

2252 2865 2378 2908 sunt
2408 2854 2715 2925 fragmenta
2764 2858 2969 2925 quibus
3004 2857 3098 2910 illa
3146 2864 3392 2921 constat;
3437 2856 3557 2909 ideo
3589 2870 3695 2909 non
3732 2868 3834 2922 pro

2253 2946 2469 3000 diverso
2500 2946 2685 3015 aliquo
2720 2963 2885 3017 opere
2924 2947 3175 3002 habenda
3221 2955 3341 3011 est,
3369 2947 3466 3000 sed
3498 2960 3597 3015 pro
3639 2944 3833 3013 Orige-

2254 3037 2417 3091 niano
2449 3048 2654 3092 tantum
2687 3050 2919 3094 centone
2941 3080 2956 3105 ,
3003 3041 3058 3093 in
3105 3054 3217 3108 quo
3248 3039 3596 3109 'Origeniana
3644 3038 3831 3092 omnia

2254 3138 2378 3182 sunt
2399 3142 2595 3199 praeter
2627 3138 2937 3185 contextum
2970 3150 2982 3185 :
3017 3142 3417 3203 proptereaque
3466 3130 3519 3184 in
3557 3130 3699 3183 hanc
3733 3142 3829 3183 se-

2256 3220 2390 3274 riem
2421 3236 2451 3274 a
2476 3222 2631 3278 nobis
2657 3224 2997 3281 admittetur.

2868 3360 3113 3419 SECTIO
3149 3363 3210 3418 Il.

2250 3471 2319 3511 DE
2376 3472 2620 3515 ORIGENIS
2674 3474 3043 3515 SYNTAGIATIS
3098 3476 3217 3526 QUE
3270 3475 3597 3525 SUPERSUNT,
3654 3473 3828 3523 DEQUB

2322 3545 2579 3586 vniisns
2627 3546 2896 3587 LIBBORUI
2928 3530 3070 3600 Περὶ
3118 3530 3321 3601 ἀρχῶν
3362 3544 3827 3586 mrsnpusrnto-

2317 3616 2491 3657 NIBUS.

2248 3692 2289 3748 I.
2330 3694 2520 3771 Agitur
2551 3692 2615 3746 de
2662 3693 2812 3747 libris
2855 3692 2928 3747 De
2972 3695 3410 3771 resurrectione,
3444 3694 3509 3771 Il.
3546 3696 3686 3771 ῌερὶ
3724 3697 3828 3771 dg-

2320 3767 2465 3833 χῶν,
2515 3780 2800 3833 eorumque
2863 3776 3077 3819 vetustis
3140 3767 3682 3834 interpretationibus,
3733 3769 3819 3820 ΙΙΙ.

2316 3834 2765 3905 ἓτρωματεῦσι,
2814 3834 2901 3889 IV.
2967 3835 3321 3905 Pratrepticow
3359 3838 3427 3889 ad
3486 3839 3825 3905 martyrium,

2321 3904 2385 3957 V.
2422 3905 2567 3958 libris
2600 3916 2791 3958 contra
2838 3904 3073 3960 Celsum.
3110 3906 3197 3971 Vl,
3275 3904 3549 3975 Epistolis,
3600 3904 3706 3962 VII.
3754 3909 3826 3960 li-

2328 3976 2419 4028 bro
2462 3975 2539 4029 De
2569 3976 2839 4040 oratione,
2887 3974 3016 4031 Vlll.
3051 3988 3097 4029 et
3138 3974 3451 4031 Philocalia.

2316 4065 2357 4120 I.
2396 4065 2474 4121 Ex
2509 4067 2844 4121 enumeratis
2875 4068 3120 4136 proxime
3153 4068 3467 4123 Adamantii
3497 4066 3824 4138 Syntagma-

2246 4154 2314 4210 tis
2368 4156 2481 4211 fere
2535 4156 2807 4222 omnibus,
2854 4158 2935 4211 vel
2986 4158 3082 4212 toti
3130 4157 3275 4223 libri,
3317 4159 3401 4212 vel
3447 4159 3677 4226 insignia
3711 4157 3824 4212 fra-

2244 4258 2479 4316 gmenta,
2530 4248 2617 4303 vel
2670 4250 2948 4318 particulas
2995 4250 3187 4320 aliqua:
3236 4250 3304 4305 ad
3348 4262 3531 4305 nostra
3578 4260 3824 4321 tempora

2240 4350 2621 4409 pervenerunt.
2652 4341 2694 4396 E
2718 4342 2869 4397 libris
2893 4343 3107 4411 quidem
3139 4343 3212 4397 De
3245 4346 3627 4399 resurrectione
3647 4347 3823 4414 primo

2240 4444 2296 4487 et
2330 4433 2567 4486 secundo
2600 4432 2900 4503 fragmenta
2941 4434 3147 4504 aliquot
3207 4437 3476 4504 depromit
3511 4435 3825 4505 Pamphilus

560 4523 657 4562 sus
686 4506 1021 4567 Theodotum
1049 4552 1065 4577 ,
1110 4514 1155 4567 si
1189 4517 1348 4569 modo
1395 4514 1684 4583 Origenem
1731 4525 2008 4572 auctorem
2044 4518 2141 4571 lia—
2171 4541 2213 4597 ι)
2243 4525 2295 4577 in
2329 4524 2686 4593 Apologetico,
2718 4527 2786 4579 ad
2820 4526 3109 4595 septimam
3155 4525 3527 4595 depellendam
3564 4528 3825 4582 crimina-

562 4610 712 4674 buit;
743 4608 913 4677 qualis
946 4606 1042 4661 fuit
1078 4605 1406 4661 Lucubratio
1438 4609 1697 4665 adversus
1732 4609 2071 4666 IIelcesailas
2116 4651 2136 4679 ,

558 4716 699 4771 quos
728 4699 981 4771 peculiari
1016 4713 1178 4768 opere
1208 4700 1483 4754 convictos
1518 4700 1683 4756 fuisse
1705 4704 2001 4758 verisimile
2024 4713 2128 4759 est.

634 4814 702 4869 Χ.
736 4816 1101 4885 Hieronymus
1131 4816 1271 4884 apud
1300 4813 1548 4871 Ruﬁnem
1585 4814 1783 4871 lnvect.
1812 4834 1873 4882 II,
1906 4819 2135 4873 indicem

561 4902 823 4957 librorum
860 4903 1111 4973 Origenis
1146 4914 1435 4973 pertexens
1462 4945 1478 4971 ,
1522 4907 1601 4960 sic
1642 4907 1903 4962 disserit:
1950 4928 1968 4961 t
2012 4909 2139 4964 Vul-

566 4996 632 5048 tis
664 5010 889 5049 noscere
917 5005 1116 5064 quanta
1162 4996 1361 5065 ingenii
1394 4997 1475 5051 sui
1512 4996 1799 5067 reliquerit
1824 5015 2139 5054 monumen-

558 5088 664 5155 ta?
702 5088 947 5156 Sequens
971 5088 1155 5143 titulus
1178 5090 1417 5145 ostendit
1448 5108 1460 5145 :
1501 5089 1731 5158 Scripsit
1780 5091 1833 5145 in
1881 5092 2136 5148 Genesim

562 5178 729 5233 libros
785 5178 1044 5233 tredecim
1092 5196 1106 5232 :
1158 5180 1509 5250 mysticarum
1578 5182 1921 5237 homiliarum
1970 5185 2137 5242 libros

560 5270 695 5324 duos
729 5288 741 5324 :
780 5270 832 5323 in
880 5270 1062 5325 Exodo
1100 5284 1399 5342 excerpta:
1439 5273 1491 5325 in
1548 5272 1788 5339 Levitico
1829 5286 2084 5347 excerpta
2119 5296 2133 5332 :

561 5359 691 5416 item
724 5360 1050 5417 Monobiblia
1073 5404 1088 5427 ,
1138 5365 1279 5432 Περὶ
1319 5364 1522 5433 ἀρχῶν
1554 5365 1726 5422 libros
1762 5376 2011 5437 quatuor,
2059 5367 2138 5422 De

560 5454 939 5506 resurrectione
984 5454 1152 5511 libros
1193 5458 1326 5511 duos
1348 5496 1362 5520 ,
1392 5468 1445 5512 et
1476 5458 1615 5513 alios
1645 5458 1711 5512 de
1738 5460 2138 5517 resurrectione

558 5542 801 5612 dialogos
868 5545 1021 5600 duos.
1066 5565 1085 5598 ι
1135 5546 1272 5613 Quid
1328 5549 1437 5601 sint
1491 5548 1813 5603 Monobiblia
1870 5551 2132 5605 incertum

557 5645 663 5689 est.
692 5634 942 5691 Fortasse
989 5653 1092 5691 non
1132 5638 1406 5706 peculiare
1447 5640 1665 5710 aliquod
1709 5641 1954 5711 Origenis
1998 5657 2134 5711 opus

560 5724 663 5780 hoc
708 5726 925 5780 nomine
960 5728 1236 5799 signatur,
1286 5730 1381 5784 sed
1422 5745 1482 5784 ea
1527 5731 1643 5799 ejus
1686 5732 1967 5801 opuscula,
2015 5748 2135 5801 qua:

558 5831 659 5873 nos
690 5818 1100 5895 Syntagmatum
1131 5822 1497 5891 appellatione
1526 5824 1958 5894 complectimur.
1995 5825 2127 5879 Cum

2246 4616 2467 4680 tionem,
2504 4631 2608 4685 qua
2644 4618 2709 4670 de
2739 4619 3139 4673 resurrectione
3174 4619 3314 4673 male
3356 4620 3591 4673 sensisse
3631 4618 3823 4689 Orige-

2243 4721 2342 4760 nes
2384 4706 2687 4760 dicebatur.
2740 4706 2819 4761 Ex
2874 4709 3062 4763 eodem
3117 4723 3333 4778 quoque
3399 4724 3585 4779 opere,
3628 4710 3822 4779 capitis

2244 4794 2437 4849 decimi
2466 4795 2588 4849 libri
2624 4798 2847 4851 secundi
2880 4798 3020 4867 Περὶ
3050 4796 3275 4867 ἀρχῶν,
3310 4797 3518 4855 fatente
3551 4801 3666 4870 ipso
3692 4799 3820 4856 Ori-

2240 4899 2396 4955 gene,
2427 4900 2553 4953 pars
2588 4886 2767 4955 aliqua
2804 4889 3063 4941 translata
3086 4899 3188 4943 est.

2310 4996 2374 5052 II.
2410 4996 2673 5053 Baronius
2714 5014 2805 5053 an.
2836 4999 2964 5063 232,
3005 5017 3123 5072 cap.
3156 5002 3209 5069 4,
3239 5002 3407 5058 libros
3436 5005 3577 5073 Περὶ
3616 5004 3821 5074 ἀρχῶν

2239 5087 2307 5141 ad
2339 5089 2647 5159 exemplum
2680 5089 2908 5159 Longini
2944 5093 3254 5149 elaboratas
3283 5094 3351 5148 ab
3383 5093 3616 5165 Origene
3636 5098 3818 5165 suspi-

2238 5188 2413 5235 catur.
2454 5180 2755 5249 Longinum
2783 5183 3052 5252 siquidem
3085 5186 3244 5255 hujus
3274 5186 3413 5239 tituli
3449 5188 3647 5241 librum
3680 5188 3818 5242 scri-

2238 5273 2417 5342 psisse
2455 5272 2618 5327 refert
2655 5273 2990 5345 Porphyrius
3025 5277 3077 5330 in
3148 5275 3267 5330 I’ita
3300 5276 3525 5332 Plotini.
3574 5278 3631 5333 Si
3689 5279 3816 5349 quis

2236 5365 2857 5436 econtrario_Longinum
2877 5364 3104 5423 amrmet
3126 5370 3305 5438 operis
3327 5370 3410 5423 sui
3434 5380 3813 5439 argumentum

2236 5457 2305 5510 ab
2347 5455 2577 5527 Origene
2611 5460 2931 5527 sumpsisse,
2966 5474 2997 5514 a
3032 5474 3160 5514 vero
3194 5460 3409 5527 longius
3458 5478 3562 5515 non
3610 5461 3810 5527 abibit;

2235 5562 2386 5615 atque
2414 5549 2558 5602 enim
2600 5561 2892 5619 utrumque
2938 5552 3206 5605 incertum
3254 5563 3361 5609 est.
3411 5551 3561 5606 Libri
3614 5553 3813 5607 inscri-

2234 5640 2471 5707 ptionem
2509 5654 2701 5709 parum
2735 5653 3019 5697 assecutus
3043 5652 3126 5697 est
3168 5645 3416 5708 Rufinus,
3461 5646 3551 5712 qui
3588 5645 3640 5696 in
3674 5642 3814 5697 Pro-

2234 5731 2356 5801 Iogo
2406 5734 2473 5786 ad
2509 5733 2677 5790 libros
2706 5733 2847 5801 Περὶ
2878 5734 3081 5803 ἀρχῶν
3130 5738 3279 5790 reddi
3325 5753 3444 5791 eam
3494 5752 3651 5805 posse
3682 5737 3817 5791 dicit

2242 5823 2322 5880 De
2361 5826 2662 5897 principiis,
2712 5829 2796 5886 vel
2848 5826 2928 5883 De
2965 5830 3334 5896 potestatibus.
3382 5829 3516 5898 Quis
3546 5844 3672 5885 vero
3704 5845 3815 5885 non
