4152 6406
365 438 504 494 1257

1213 435 1782 492 ORIGENIANORUM
1819 436 1947 490 LIB.
1989 434 2078 499 ΙΙΙ,
2118 433 2268 490 CAP.
2310 433 2398 500 Ill,
2443 433 2636 488 SECT.
2679 433 2746 490 ll.

3476 441 3501 494 5
3514 439 3612 493 258

367 563 616 631 intelligit
646 562 969 618 Christiana:
996 560 1296 629 religionis,
1323 575 1387 616 ac
1417 576 1560 616 verte
1583 562 1938 631 philosophia!
1965 571 2013 626 Α
2040 559 2432 624 dissimulatos,
2461 558 2607 613 nullo
2641 558 2788 612 falsa:
2822 557 3289 627 interpretationis
3318 561 3440 617 fuco
3473 565 3613 619 obli-

363 657 628 708 elementa
693 655 795 708 hoc
847 654 986 708 libro
1039 653 1256 707 tradere
1314 653 1650 722 prapositum
1707 652 1933 719 Origeni

366 746 570 800 fuisse?
590 745 952 812 Quamobrem
978 758 1166 798 revera
1193 754 1338 810 sunt,
1364 754 1423 798 ut
1441 744 1660 814 subjicit
1689 746 1932 812 Ruﬁnus,

362 847 418 892 et
445 837 836 898 obscurissimi,
869 847 924 892 et
947 836 1266 893 diliicillimi.
1300 838 1511 891 Addere
1547 847 1758 905 poterat
1792 857 1805 892 :
1848 853 1936 892 er-

367 930 581 984 roribus
609 944 846 998 quoque,
871 937 926 982 et
964 928 1316 1000 ψευδωνύμου
1351 927 1604 996 γνώσεως
1639 931 1937 985 seminibus

366 1019 704 1074 refertissimi
735 1039 745 1072 :
778 1021 830 1074 in
863 1019 930 1072 iis
951 1019 1150 1089 quippe
1173 1020 1440 1089 praecipua
1466 1022 1774 1088 dogmatum
1807 1036 1936 1076 suo-

366 1126 482 1164 rum
533 1109 880 1165 fundamenta
920 1111 1182 1183 Origenes
1231 1112 1430 1179 posuit.
1477 1111 1750 1178 Quocirca
1775 1114 1937 1185 Didy-

363 1218 484 1257 mus
512 1204 764 1256 brevibus
783 1218 878 1258 eos
901 1204 1188 1259 illustravit
1208 1207 1688 1273 commentariolis,
1711 1207 1937 1262 Ruﬁnus

364 1310 494 1349 vero
532 1297 773 1349 Romana
815 1297 1025 1366 loquela
1052 1300 1326 1366 exposuit.
1369 1298 1562 1354 Verum
1600 1310 1659 1354 ιιι
1687 1317 1934 1356 errorum

363 1402 582 1440 suorum
623 1389 802 1457 capita
845 1389 899 1442 in
949 1391 1050 1444 hac
1083 1391 1459 1446 lucubratione
1502 1393 1765 1448 conclusit
1808 1394 1934 1448 Ori-

361 1494 546 1548 genes,
583 1481 656 1533 ita
687 1481 740 1534 in
771 1481 962 1535 eadem
997 1482 1152 1537 male
1180 1499 1293 1538 suae
1335 1491 1387 1536 et
1417 1483 1574 1538 ﬂuxa:
1605 1487 1820 1553 penitus
1851 1487 1935 1540 in-

364 1574 713 1643 terpretando
764 1574 882 1628 ﬁdei
939 1577 1218 1645 egregium
1268 1577 1541 1646 specimen
1588 1579 1747 1632 edere
1797 1579 1937 1634 velle

361 1665 509 1719 visus
537 1675 620 1719 est
643 1665 909 1720 Rufinus:
941 1668 1019 1722 sic
1043 1669 1186 1721 enim
1221 1668 1364 1721 fatur
1386 1668 1440 1722 in
1465 1668 1729 1739 Prologo:
1761 1689 1781 1722 ί
1818 1671 1937 1725 Sic-

365 1759 452 1812 ubi
487 1774 618 1829 ergo
676 1775 772 1814 nos
828 1760 882 1814 in
943 1760 1078 1814 libro
1111 1761 1228 1829 ejus
1259 1761 1433 1832 (Περὶ
1467 1762 1706 1833 ἀρχῶν)
1736 1765 1935 1834 aliquid

364 1849 508 1904 circa
560 1851 613 1904 id
659 1850 980 1916 invenimus,
1013 1853 1154 1921 quod
1191 1854 1260 1908 ab
1296 1854 1413 1922 ipso
1465 1856 1516 1908 in
1555 1857 1768 1912 caeteris
1801 1858 1936 1914 locis

2041 661 2156 716 tos;
2189 651 2336 705 utab
2369 651 2434 704 iis
2461 650 2513 703 in
2539 649 2821 719 pr0patnlo
2842 651 3032 718 positis
3065 651 3277 706 facilius
3304 654 3406 709 sibi
3444 655 3616 712 lector

2036 745 2260 798 faceret.
2290 743 2487 797 Verum
2532 743 2599 797 ad
2640 743 2781 797 hanc
2806 752 3020 798 aetatem
3055 759 3190 800 nova
3223 746 3412 802 isthazc
3439 748 3610 804 inter-

2035 838 2268 905 pretatio
2301 853 2403 889 tton
2440 836 2706 904 pervenit.

2111 926 2308 979 Narrat
2355 942 2420 980 ex
2469 927 2699 980 aliorum
2734 927 2836 981 ﬁde
2871 927 3112 984 Andreas
3159 929 3379 985 ltivetns
3419 929 3609 986 Critici

2035 1021 2176 1072 sacri
2227 1020 2364 1072 libro
2409 1036 2467 1086 ll,
2493 1034 2612 1087 cap.
2661 1020 2759 1084 12,
2799 1020 2964 1074 libros
3004 1022 3142 1088 Περὶ
3179 1022 3381 1091 ἀρχῶν
3423 1023 3610 1079 Graece

2036 1115 2270 1179 scriptos
2299 1124 2516 1165 exstare
2559 1113 2610 1164 in
2639 1113 3349 1180 quibusdam'bibliotltecis.
3388 1115 3606 1171 Falsum

2039 1205 2089 1257 id
2129 1221 2247 1258 esse
2301 1204 2568 1258 afﬁrmare
2619 1207 2835 1258 ausim:
2883 1220 3003 1258 nam
3052 1221 3226 1275 neque
3274 1209 3328 1261 in
3364 1207 3608 1270 Gallicis.

2037 1304 2128 1346 aut
2169 1294 2388 1353 Ilulit‘is,
2434 1305 2528 1348 aut
2563 1293 2924 1359 Germanicis,
2961 1305 3055 1349 aut
3096 1297 3400 1365 llispanicis
3448 1314 3606 1368 repe-

2039 1383 2135 1436 riri
2167 1399 2258 1438 eos
2293 1383 2656 1438 certissimum
2701 1393 2803 1437 est.
2851 1384 3117 1438 Incertum
3164 1400 3290 1439 vero
3337 1395 3420 1440 est
3449 1401 3513 1439 an
3542 1402 3610 1440 ex

2037 1476 2212 1530 aliena
2241 1475 2365 1538 ﬁde.
2397 1491 2464 1529 an
2495 1491 2563 1530 ex
2590 1492 2688 1530 suo
2714 1477 2930 1546 ingenio
2955 1476 3246 1543 conjecerit
3271 1477 3612 1533 Ahrahamus

2038 1570 2310 1625 Scultetus
2335 1570 2402 1635 ⁷³,
2427 1568 2931 1637 Anacephalzeosin,
2957 1585 3076 1638 qua:
3119 1579 3366 1638 quartum
3413 1570 3615 1626 claudit

2039 1659 2232 1714 librum
2277 1660 2460 1728 operis
2499 1658 2572 1712 De
2619 1658 2910 1726 principiis,
2953 1673 3074 1713 esse
3118 1657 3298 1713 Rufini
3341 1660 3420 1713 vel
3457 1659 3613 1713 Pam-

2038 1752 2192 1822 phili.
2229 1750 2382 1816 Quod
2405 1759 2474 1810 ,nt
2519 1750 2666 1805 nullo
2701 1763 2947 1815 auctore,
2985 1751 3128 1804 nulla
3166 1753 3377 1807 ratione
3424 1752 3613 1807 subni-

2040 1861 2167 1898 xum
2201 1845 2540 1914 proponitur,
2586 1843 2660 1897 ita
2707 1843 2856 1899 nullo
2885 1843 3116 1898 adducto
3157 1855 3476 1915 argumento
3530 1859 3615 1899 re-

365 1944 448 2009 pie
469 1944 535 1996 de
570 1941 834 1995 Trinitate
861 1942 1038 1997 fuerat
1061 1945 1368 2010 deﬁnitum,
1396 1946 1542 2001 velut
1571 1948 1930 2005 adulteratam
1964 1927 2008 1985 Β
2035 1938 2310 2007 Ρ¹¹ί¹ί³ι¹¹¹³ο

364 2031 468 2086 ltoc
496 2041 551 2086 et
587 2033 846 2098 alienum,
879 2045 972 2087 aut
999 2037 1465 2103 praetermisimus,
1507 2049 1600 2093 aut
1638 2042 1934 2094 secundum

359 2141 480 2180 eam
519 2126 758 2196 regulam
797 2128 1146 2196 protulimus,
1173 2144 1336 2198 quam
1370 2132 1441 2184 ab
1474 2130 1590 2200 ipso
1625 2131 1937 2202 frequenter

363 2219 666 2275 invenimus
717 2219 1059 2276 aﬂirmatatn.
1113 2223 1171 2277 Si
1220 2239 1328 2294 qua
1377 2239 1509 2280 sane
1547 2225 1691 2280 velut
1746 2227 1937 2296 peritis

353 2309 466 2378 jam
500 2321 554 2366 et
596 2313 896 2368 scientibus
942 2314 1192 2384 loquens,
1237 2317 1367 2371 dum
1413 2318 1654 2373 breviter
1699 2321 1936 2374 transire

360 2402 495 2465 vult,
547 2403 833 2456 obscurius
879 2405 1139 2472 protulit;
1177 2421 1275 2461 nos
1315 2416 1375 2461 ut
1410 2408 1750 2463 manifestior
1785 2411 1937 2465 fieret

359 2493 528 2556 locus,
561 2509 624 2548 ea
647 2510 766 2563 quae
797 2495 862 2550 de
893 2497 1007 2565 ipsa
1037 2513 1095 2552 re
1123 2499 1174 2552 in
1209 2498 1331 2553 aliis
1356 2498 1474 2568 ejus
1507 2501 1658 2554 libris
1690 2503 1934 2570 apertius

358 2585 685 2654 legeramus,
709 2588 1028 2657 adjerimus,
1055 2590 1419 2660 explanationi
1446 2593 1725 2647 studentes
1749 2612 1762 2647 :
1799 2595 1934 2647 nihil

361 2687 537 2730 tamen
575 2688 817 2733 nostrum
843 2679 1097 2744 diximus,
1121 2682 1213 2735 sed
1242 2681 1366 2735 licet
1392 2681 1442 2734 in
1466 2683 1584 2735 aliis
1606 2683 1740 2738 locis
1765 2684 1932 2746 dicta,

362 2778 541 2822 tamen
561 2784 661 2824 sua
679 2771 780 2823 sibi
810 2771 1159 2825 reddidimus.
1189 2791 1207 2822 ι
1227 2773 1326 2839 Qui
1347 2773 1470 2827 licet
1493 2788 1644 2826 suam
1676 2773 1934 2826 voluisset

355 2863 536 2916 celare
567 2863 872 2932 perﬁdiam,
898 2863 1059 2919 facile
1103 2865 1192 2918 illa
1223 2881 1344 2919 sese
1378 2865 1728 2934 prodidisset.
1755 2866 1832 2935 (5)
1856 2867 1930 2919 Ex

355 2969 420 3008 eo
471 2956 669 3025 quippe
714 2955 852 3010 libro
903 2957 1067 3010 multa
1127 2957 1180 3011 in
1226 2957 1622 3024 Apologeticum
1653 2959 1928 3014 transtulit

356 3045 688 3114 Pamphilus,
718 3063 837 3115 qua:
870 3049 922 3101 in
947 3047 1228 3102 Ruﬁniana
1256 3049 1699 3116 interpretatione
1727 3051 1934 3104 deside-

357 3146 544 3192 rantur
573 3156 587 3191 :
621 3137 765 3192 velut
803 3139 858 3192 in
887 3153 952 3192 eo
983 3139 1180 3206 capite,
1212 3139 1304 3192 ubi
1340 3138 1518 3209 agitur
1546 3139 1614 3191 de
1637 3137 1931 3193 Cowterni-

353 3239 457 3283 tate
493 3227 618 3282 Filii
646 3229 762 3294 Dei,
795 3241 842 3282 et
879 3230 1339 3296 iuseparabilitate
1362 3229 1474 3297 ejus
1507 3246 1539 3281 a
1575 3227 1759 3291 Patre,
1794 3228 1933 3282 reci-

2110 2027 2196 2082 lll.
2237 2013 2586 2082 Ostendimus
2617 2041 2778 2095 supra
2819 2035 3042 2081 auctore
3075 2027 3405 2098 Hieronymo
3432 2031 3617 2096 Στρω-

2032 2119 2240 2188 ματεῑς
2267 2117 2538 2188 Origenis,
2584 2118 2650 2171 ad
2689 2117 3028 2172 Stromateon
3057 2117 3352 2173 Clementis
3386 2119 3614 2172 Alexan-

2039 2212 2179 2264 drini
2203 2212 2505 2280 exemplmn
2530 2210 2883 2280 compositos,
2903 2209 3338 2265 Christianorum
3361 2209 3614 2278 dogmata

2041 2317 2162 2356 cum
2206 2301 2652 2371 philosOphorum
2714 2301 3002 2356 sententiis
3050 2301 3367 2365 contulisse,
3410 2302 3610 2372 illaque

2038 2407 2106 2448 cx
2156 2393 2222 2447 iis
2248 2392 2622 2447 conﬁrmasse.
2662 2392 2946 2461 Specimen
2994 2392 3204 2447 illorum
3235 2408 3265 2449 e
3293 2401 3447 2448 sexto
3477 2394 3615 2449 libro

2038 2487 2383 2555 desumptum
2445 2485 2666 2540 exhibet
2725 2484 3082 2556 llieronytnus
3125 2485 3262 2540 libro
3319 2501 3336 2540 ι
3390 2486 3610 2556 Apolog.

2037 2577 2241 2632 advers.
2279 2576 2486 2647 Ruﬁn.,
2518 2592 2642 2646 cap.
2673 2578 2730 2644 4,
2762 2592 2871 2648 quo
2899 2592 3024 2633 cum
3062 2576 3342 2632 Platonem
3375 2579 3616 2634 induxis-

2036 2677 2120 2723 set
2163 2668 2442 2739 Origencs,
2492 2671 2813 2738 probantem
2862 2669 3145 2724 mendacio
3199 2670 3276 2723 uti
3319 2669 3614 2740 aliquando

2037 2759 2222 2826 licere,
2258 2761 2397 2814 idem
2427 2775 2705 2814 sacrorum
2747 2759 3010 2814 librorum
3043 2761 3393 2828 auctoritate,
3424 2771 3479 2816 et
3515 2759 3614 2816 ,ιυ-

2036 2851 2221 2915 dithrc,
2288 2849 2532 2906 Estheraa
2589 2865 2651 2906 ac
2727 2848 2912 2905 Jacobi
2966 2851 3294 2921 patriarchae
3362 2853 3612 2924 exemplo

2035 2946 2255 2999 astruit.

2105 3034 2195 3091 1V.
2237 3035 2621 3104 Fragmentum
2661 3050 2691 3089 e
2723 3034 3053 3102 Protreptico
3079 3035 3330 3106 Origenis
3353 3039 3422 3091 ad
3465 3054 3613 3092 mar-

2036 3126 2231 3195 tyrium
2274 3125 2613 3180 Bibliotheca
2659 3126 2825 3196 Regia
2869 3130 3196 3196 suppeditat.
3238 3128 3434 3184 Totum
3478 3145 3609 3186 vero

2033 3233 2169 3288 opus
2219 3218 2568 3272 illustrissimi
2599 3220 2802 3272 domini
2852 3221 2918 3273 de
2958 3221 3004 3272 la
3031 3218 3224 3286 Barde,
3259 3219 3610 3276 Christianis-

354 3332 498 3376 tatur
515 3323 881 3376 testiinonium
903 3323 1040 3376 istud
1056 3339 1086 3376 e
1111 3322 1248 3376 libro
1266 3324 1473 3391 primo:
1507 3319 1786 3376 Videamus
1809 3337 1930 3390 ergo

2036 3311 2158 3363 simi
2209 3311 2353 3380 regis
2394 3312 2535 3376 apud
2573 3310 3048 3378 l‘lelvetioslegati,
3083 3327 3212 3366 cura
3256 3329 3286 3367 e
3319 3313 3607 3370 Basiliensi

352 3416 481 3485 quid
521 3416 587 3468 sit
637 3413 888 3469 Salvator
923 3425 1120 3472 noster.
1158 3415 1419 3480 Splendor
1465 3414 1662 3467 dicitur
1691 3415 1757 3478 ⁷³,
1802 3423 1930 3473 etc.,

319 3509 495 3577 quod
542 3509 744 3562 frustra
777 3509 827 3562 iu
859 3508 1038 3561 Rufini
1077 3510 1434 3562 conversione
1481 3509 1752 3577 requiras.
1799 3507 1933 3562 Tale

352 3603 409 3648 et
439 3593 566 3649 illud
589 3605 669 3648 est
691 3594 874 3648 elibro
894 3594 1077 3647 itidem
1101 3593 1278 3661 primo
1305 3593 1533 3662 petitum
1565 3609 1578 3644 :
1613 3590 1698 3645 Ex
1713 3609 1772 3644 eo
1792 3593 1932 3660 quod

353 3685 483 3740 dicit
512 3686 782 3754 apostolus
802 3685 1006 3740 Paulus
1037 3701 1086 3738 :i
1110 3683 1223 3737 Non
1249 3685 1316 3738 ab
1337 3684 1644 3738 hominibus
1669 3685 1769 3746 τδρ
1797 3694 1928 3747 etc.,

353 3779 500 3850 quod
541 3779 775 3834 habetur
819 3781 870 3832 in
910 3795 976 3834 eo
1020 3778 1198 3848 capite
1237 3777 1325 3832 ubi
1362 3779 1540 3832 tertia:
1561 3777 1928 3832 criminationi

356 3872 666 3942 Pamphilus
690 3873 1002 3941 respondet.
1032 3871 1190 3925 Aliud
1219 3885 1433 3941 quoque
1461 3871 1699 3925 indidem
1723 3871 1932 3939 profert

354 3966 421 4018 ad
457 3978 709 4034 quartam
745 3965 1179 4019 criminationem
1210 3962 1585 4026 refellendam,
1635 3964 1778 4030 quod
1817 3963 1928 4014 llu-

357 4057 496 4110 linus
524 4059 575 4111 in
602 4058 1047 4126 interpretatione
1073 4057 1282 4110 omisit.
1309 4054 1635 4124 Fragmenta
1667 4069 1926 4124 praeterea

354 4149 666 4204 Philocaliw
696 4165 761 4203 ex
799 4151 900 4204 hoc
931 4164 1095 4218 opere
1118 4156 1357 4201 mutuata
1388 4164 1656 4202 summam
1687 4149 1805 4216 ejus
1838 4163 1928 4200 va-

354 4242 580 4295 nitatem
609 4251 929 4312 coarguunt,
960 4241 1008 4296 si
1033 4255 1157 4294 cum
1194 4240 1365 4310 ipsius
1393 4241 1572 4294 verbis
1595 4243 1927 4294 contendan-

355 4342 462 4388 tur.
511 4333 828 4404 Quanquam
877 4335 1112 4389 dubitari
1153 4343 1328 4404 potest
1374 4350 1554 4388 annon
1599 4334 1780 4403 aliqua
1833 4335 1928 4388 dc-

355 4427 623 4480 traxerint
657 4425 893 4482 Basilius
923 4436 977 4479 et
1021 4425 1314 4496 Gregorius
1355 4424 1673 4480 Philocaliw
1703 4436 1928 4481 contex-

355 4528 520 4584 tores,
546 4534 666 4588 quae
691 4519 758 4571 ab
791 4518 1094 4573 orthodoxa
1133 4518 1236 4573 ﬁde
1267 4518 1642 4574 dissentirent.
1671 4517 1927 4573 Certissi-

354 4629 499 4668 mum
555 4628 680 4668 vero
723 4614 926 4682 petitur
975 4611 1231 4666 indicium
1265 4628 1332 4666 ex
1379 4611 1727 4666 conﬂictione
1777 4611 1922 4665 loco-

352 4723 497 4771 rum,
540 4721 676 4776 quos
712 4721 742 4760 e
785 4705 938 4760 libris
970 4705 1109 4773 Περὶ
1138 4703 1343 4773 ἀρχῶν
1375 4713 1649 4772 acceptos.
1686 4703 1927 4756 Ruﬁnia-

351 4816 546 4856 norum
576 4800 732 4854 valde
763 4799 1061 4855 dissimiles
1091 4797 1435 4852 Justinianus
1471 4797 1524 4850 in
1573 4793 1818 4862 Epistola
1857 4797 1926 4848 ad

355 4893 564 4948 Menam
596 4894 1022 4962 repraesentavit.
1056 4891 1240 4960 Itaque
1270 4905 1337 4943 ex
1373 4891 1474 4944 hac
1521 4887 1699 4941 Rufini
1738 4888 1926 4942 inﬁdev

352 4985 505 5039 litate
535 4993 736 5054 quanta
782 4982 1107 5037 Christiana:
1145 4981 1335 5049 pietati
1383 4989 1438 5034 et
1483 4980 1740 5033 doctrinae
1781 4979 1926 5046 peri-

349 5079 470 5132 cula
533 5079 879 5140 exsisterent,
924 5074 1235 5142 intelligens
1294 5071 1677 5140 Hieronymus,
1729 5083 1924 5124 novam

351 5170 850 5238 in'erpretationem
884 5166 1092 5222 meliori
1139 5166 1244 5220 lide
1279 5165 1584 5230 adornavit,
1620 5171 1676 5216 et
1714 5161 1923 5216 Latinae

349 5264 607 5318 Ecclesia:
654 5261 904 5333 Origenis
946 5259 1209 5315 revelavit
1250 5272 1490 5324 errores,
1527 5255 1690 5310 nullis
1713 5255 1924 5308 artibus

403 5430 469 5474 ι⁷⁸
502 5429 663 5485 Hebr.
699 5447 738 5485 ι.
776 5430 850 5496 3;
887 5429 1016 5500 Sap.
1052 5443 1150 5493 vtt,
1178 5427 1267 5482 26.
1350 5428 1399 5459 "
1429 5427 1608 5483 Galat.
1654 5443 1692 5492 ι,
1729 5425 1782 5479 1.

420 5564 494 5636 (5)
525 5565 608 5617 Ea:
665 5581 725 5636 eo
777 5554 969 5635 quippe
1001 5565 1136 5619 libro
1187 5565 1463 5636 multain
1493 5561 1922 5636 rApologeticum

346 5632 617 5689 transtulit
665 5632 997 5705 Pamphilus,
1035 5648 1141 5689 etc.
1195 5637 1249 5690 In
1303 5635 1535 5705 vulgatis
1578 5632 1924 5705 editionibus

345 5706 614 5774 Apologia’
641 5703 900 5776 Pamphili
931 5707 1184 5776 martyris
1215 5710 1314 5758 tria
1345 5703 1624 5776 sequentia
1648 5704 1760 5756 loca
1804 5716 1923 5776 qua:

345 5782 479 5830 cttat
511 5773 849 5842 lluetius,'ex
892 5776 1044 5832 libris
1065 5773 1204 5845 Περὶ
1237 5773 1440 5845 ἀρχῶν
1487 5775 1767 5841 desumpta
1801 5774 1922 5840 qui-

343 5848 465 5900 dem
494 5848 767 5910 dicuntur,
793 5847 887 5900 sed
927 5862 1237 5916 perperam.
1273 5861 1328 5900 et
1368 5845 1575 5898 incuria
1625 5846 1917 5916 editorum,

343 5923 405 5970 ut
438 5930 538 5972 suo
572 5917 689 5972 loco
724 5912 1040 5974 monuimus
1059 5933 1126 5971 ex
1168 5931 1298 5971 mss.
1333 5917 1579 5970 codicum
1616 5914 1740 5969 ﬁde.
1796 5912 1917 5967 Pri-

662 6013 936 6075 Ρηιιοι..
984 6013 1103 6074 Gn.
1151 6013 1354 6074 XVII.

2034 3403 2358 3458 bibliotheca
2405 3405 2802 3470 depromptum,
2859 3403 2978 3472 ejus
3013 3403 3180 3457 frater
3215 3404 3471 3459 Ecclesize
3510 3407 3612 3460 l’a-

2036 3495 2284 3548 risiensis
2313 3495 2632 3553 canonicos.
2670 3509 2806 3546 rarae
2836 3495 2918 3547 vir
2959 3493 3201 3562 pietatis,
3251 3493 3610 3551 humanitatis

2031 3594 2087 3638 et
2135 3583 2482 3654 integritatis,
2520 3584 2622 3638 mei
2666 3583 2808 3653 juris
2836 3583 2982 3647 fecit,
3033 3599 3238 3652 suoque
3275 3600 3307 3638 a
3351 3601 3438 3641 me
3472 3587 3614 3642 inter

2032 3676 2284 3746 Origenis
2313 3677 2669 3745 Syntagmata
2701 3677 2893 3731 ordine
2926 3676 3304 3732 collocabitur.
3690 3663 3695 3667 ’

2103 3765 2167 3820 ν.
2216 3769 2290 3820 De
2317 3767 2470 3821 libris
2494 3777 2679 3820 contra
2709 3767 2919 3820 Celsum
2961 3768 3036 3820 ita
3078 3767 3316 3836 loquitur
3349 3767 3614 3823 Eusebius

2033 3861 2085 3913 in
2113 3859 2474 3912 Antirrhetico
2510 3861 2771 3913 adversus
2809 3858 3113 3913 Hieroclem
3140 3879 3154 3912 :
3181 3859 3418 3930 Δυνάμει
3440 3859 3483 3912 δ’
3509 3860 3612 3932 ἤδη

2029 3954 2088 4005 οὐ
2125 3953 2262 4025 πρὸς
2287 3953 2384 4022 τῆς
2416 3951 2552 4016 ἰδίας
2583 3953 2703 4005 κατ’
2726 3952 2906 4005 αὐτῶν
2939 3953 3158 4023 γραφῆς
3181 3953 3610 4024 ἀνατέτραπται,

2030 4046 2124 4098 καὶ
2184 4043 2698 4115 προαπελήλεγκται
2746 4045 2805 4097 ἐν
2834 4045 2976 4108 ἅλοις
3013 4046 3159 4098 ὀκτὼ
3193 4045 3608 4117 ξυγγράμμασι,

2028 4139 2138 4199 τοῖς
2163 4135 2423 4208 Ὠριγένει
2446 4139 2724 4208 γραφεῖσι,
2742 4136 2878 4208 πρὸς
2908 4138 3000 4190 τὸν
3018 4138 3496 4210 ἀλαζωνικώτερον
3516 4141 3610 4195 τοῦ

2029 4230 2403 4297 Φιλαλήθους
2425 4229 2901 4300 ἐπιγεγραμμένον
2926 4231 3135 4284 Κέλσου
3153 4230 3364 4302 Ἀληθῆ
3402 4234 3608 4302 λόγον,

2026 4313 2072 4388 ᾧ
2095 4321 2194 4384 τὰς
2227 4319 2455 4384 εὐθύνας
2479 4321 2926 4394 ἀπαραλείπτως,
2963 4327 3021 4377 ὲν
3047 4325 3194 4389 ὅσοις
3223 4326 3556 4398 εὑρήκαμεν,
3580 4329 3612 4382 ὁ

2027 4414 2394 4486 δεδηλωμένος
2411 4413 2751 4486 παραγαγὼν
2773 4416 3073 4490 ξυλλήόδην
3093 4419 3195 4472 ὅσα
3219 4420 3300 4482 εἰς
3321 4418 3419 4490 τὴν
3442 4420 3612 4492 αὐτὴν

2029 4509 2283 4562 ὑπόθεσιν
2312 4508 2472 4563 παντί
2502 4527 2579 4580 τῳ
2617 4509 2834 4582 εἴρηταί
2862 4527 2921 4563 τε
2948 4511 3043 4565 καὶ
3067 4513 3367 4584 εἰρήσεται,
3407 4513 3610 4585 προλα-

2029 4601 2139 4654 ϐὼν
2170 4601 2472 4656 διελύσατο.
2507 4621 2525 4653 ι
2559 4601 2674 4655 Jam
2710 4614 2886 4656 autem
2918 4612 3202 4672 potestate,
3229 4605 3355 4658 licet
3382 4621 3486 4660 non
3517 4608 3612 4662 de.

2030 4697 2230 4749 stinato
2271 4707 2458 4749 contra
2494 4711 2558 4749 ea
2592 4696 2818 4764 scripto,
2855 4697 3054 4750 obtrita
3087 4706 3140 4752 et
3179 4697 3454 4753 confutata
3484 4709 3609 4753 sunt

2029 4788 2266 4858 (scripta
2332 4788 2626 4858 Hieroclis)
2675 4789 2726 4842 in
2781 4799 2902 4843 octo
2952 4789 3106 4845 libris
3158 4803 3294 4859 quos
3349 4790 3610 4860 Origenes

2029 4881 2353 4949 conscripsit
2393 4882 2654 4934 adversus
2719 4880 2861 4936 Celsi
2920 4881 3110 4936 Verum
3156 4899 3466 4945 sermonem,
3519 4884 3606 4954 ja-

2027 4977 2349 5028 ctantiorem
2378 4991 2544 5043 opere
2586 4973 3004 5044 illo(llieroclis)
3041 4975 3130 5044 qui
3171 4975 3488 5029 Philaletltes
3523 4977 3607 5029 itt-

2026 5068 2282 5123 scribitur
2324 5085 2338 5122 :
2396 5068 2448 5120 in
2489 5068 2685 5135 quibus
2727 5083 2920 5121 causas
2960 5083 3152 5122 omnes
3195 5079 3249 5121 et
3292 5077 3605 5136 argumenta

2028 5161 2342 5230 complexus
2370 5162 2452 5214 vir
2483 5160 2591 5226 ille,
2639 5161 2821 5214 omnia
2870 5159 3030 5214 simul
3075 5175 3411 5228 quaecunque
3445 5175 3608 5228 super
3665 5169 3669 5175 '

2029 5268 2092 5308 ea
2123 5268 2184 5308 re
2215 5269 2246 5307 a
2277 5269 2550 5323 quoquam
2584 5253 2666 5309 vel
2701 5255 2844 5308 dicta
2879 5261 3026 5318 sunt,
3063 5254 3144 5308 vel
3182 5253 3431 5308 dicentur
3462 5263 3611 5325 post-

1855 5423 1902 5456 "
1935 5421 2163 5479 Scultet.
2186 5422 2241 5476 in
2277 5420 2497 5476 Medull.
2527 5419 2754 5490 theolag.
2789 5419 2966 5484 Patr.,
3003 5419 3098 5475 lib.
3127 5437 3200 5486 γι,
3226 5436 3347 5488 cap.
3371 5421 3424 5474 4.

2031 5575 2152 5614 mus
2168 5559 2320 5613 locus
2356 5558 2566 5611 eruitur
2599 5573 2665 5612 ex
2697 5557 2917 5613 bomilia
2949 5556 2982 5610 9
3034 5561 3088 5609 in
3138 5555 3423 5609 Jersmiam
3455 5553 3609 5622 cujus

2029 5630 2249 5684 Graecus
2272 5638 2560 5683 contextus
2594 5629 2891 5682 etiamnum
2943 5635 3142 5681 exstat.
3200 5627 3483 5680 Secundus
3538 5642 3604 5679 ex

2029 5700 2185 5755 initio
2225 5699 2346 5753 libri
2381 5697 2954 5770 pritniiinhEpistolam
2982 5694 3316 5770 ad_Galalas,
3345 5697 3607 5770 ctter‘tius

2025 5773 2092 5825 ex
2125 5766 2526 5824 Commentario
2547 5766 3002 5840 in.Epis_tolam_ad
3030 5766 3406 5840 Philemonem.
3424 5767 3605 5820 Adeo-

2025 5855 2131 5910 que
2167 5841 2298 5894 nihil
2327 5847 2508 5893 exstat
2537 5837 2878 5910 in‘Apologia
2912 5837 3177 5910 Pamphili
3209 5839 3350 5906 quod
3397 5853 3503 5890 non
3535 5840 3607 5890 sit

2026 5905 2080 5966 in
2113 5909 2398 5965 Ruﬁniana
2424 5905 2696 5965 librorum
2723 5905 2860 5976 Περὶ
2897 5905 3101 5977 ἀρχῶν
3131 5905 3600 5975 interpretatione.

3222 6002 3299 6062 ItO
