4152 6402
541 445 676 503 ηδε)
1758 438 1817 494 Ρ.
1864 439 2177 495 DANIELIS

2141 443 2177 494 S
2220 439 2449 497 HUETII
3638 443 3771 496 meo

536 571 658 630 hac,
690 569 740 619 itt
773 573 1104 617 antecessum
1129 561 1389 615 dissolvit.
1416 581 1433 612 ι
1462 561 1633 624 Vero;
1661 575 1766 613 non
1793 562 1926 614 alias
1956 562 2098 614 enim
2127 571 2174 624 Α
2205 563 2396 625 solere,
2431 573 2488 616 ιιι
2512 562 2803 626 Candidus,
2831 557 3182 614 Valentiniani
3218 558 3484 628 dogmatis
3517 569 3773 624 sectator,

537 664 744 710 tantam
777 655 1030 708 doctrinae
1065 653 1387 708 Christiana:
1415 662 1468 705 et
1503 652 1742 720 profante
1775 654 2100 717 ubertatem,
2203 654 2540 708 occasionem
2574 654 2699 708 inde
2723 662 2912 707 nactus
2936 653 3009 706 sit
3033 652 3322 705 accusandi
3349 652 3452 715 sui,
3489 653 3630 720 quod
3658 652 3776 704 dia-

542 760 686 802 tanta
719 755 1157 815 argumentorum
1185 746 1420 814 pondera
1446 745 1732 812 expromit.
1769 744 1940 799 Causa
1969 747 2105 801 scri-
2204 745 2383 800 bolum
2424 747 2540 814 ejus
2563 760 2684 799 esse
2717 754 2920 798 naturae
2954 744 3172 807 dixerit,
3201 754 3318 810 qua:
3357 743 3584 797 salutem
3624 759 3754 797 cou-

543 838 701 893 bendi
743 835 931 890 Celsus
981 833 1078 886 fttit
1117 833 1431 901 Epicureus,
1477 835 1567 903 qui
1623 834 1987 888 Christianam
2023 851 2105 891 reo
2204 837 2354 904 sequi
2382 837 2570 905 possit.
2601 837 2735 890 Tum
2765 837 2976 888 initium
3002 835 3241 902 epistola:
3265 850 3294 887 a
3321 834 3520 888 Ruﬁno
3543 845 3769 903 praster-

553 930 803 998 ligionem
868 927 1273 995 itnpugttaverat
1316 925 1450 978 libro
1486 927 1570 980 cui
1620 927 1829 979 titulum
1882 925 2101 992 fecerat,
2206 928 2454 986 missum,
2487 924 2842 994 Hieronymus
2870 924 3091 978 exhibet
3119 938 3146 975 a
3182 938 3240 977 se
3279 937 3627 977 conversum.
3660 922 3771 975 Ru-

552 1019 778 1090 Ἀληθὴς
805 1019 979 1087 λόγος.
1022 1017 1069 1070 ls
1102 1033 1220 1071 cum
1255 1032 1468 1072 summo
1501 1018 1688 1084 plausu
1713 1033 1741 1069 a
1781 1019 1979 1072 Christi
2013 1021 2105 1072 ad-
2206 1020 2314 1072 lino
2355 1027 2502 1072 certe
2534 1031 2722 1086 parum
2765 1017 2851 1070 hic
2899 1031 3087 1084 aequus
3128 1024 3211 1068 est
3252 1015 3648 1084 Hieronymus;
3679 1028 3777 1066 cur

537 1115 796 1168 versariis
850 1111 1038 1165 fuisset
1085 1121 1365 1179 exceptus,
1427 1108 1810 1163 confutandum
1861 1111 2101 1180 suscepit
2203 1111 2345 1165 enim
2378 1125 2502 1164 cum
2541 1108 2876 1162 adulteratos
2905 1107 3152 1176 Origenis
3197 1105 3362 1159 libros
3395 1104 3555 1160 vellet
3596 1115 3776 1158 osten-

533 1206 805 1259 Ambrosii
843 1214 1026 1274 rogatu
1055 1201 1425 1266 Adamantius,
1454 1200 1563 1270 jam
1593 1202 1717 1256 licet
1742 1218 1770 1255 c
1797 1204 1936 1256 vivis
1969 1203 2101 1258 sub-
2203 1203 2352 1263 dere,
2380 1198 2631 1266 ΕρίειοΙεε
2659 1207 2865 1266 partem
2907 1212 2936 1250 a
2967 1198 3241 1265 proposito
3299 1196 3527 1248 alienam
3563 1195 3761 1249 descri-

540 1299 644 1351 lato
670 1298 846 1352 Celso.
2203 1291 2436 1361 psisset?
2477 1290 2552 1342 Ex
2596 1289 2821 1359 epistola
2864 1304 3022 1357 quam
3067 1289 3132 1342 ad
3175 1286 3389 1340 Patrem
3441 1287 3763 1342 Christiana-

612 1387 696 1441 Vl.
735 1388 808 1442 Ex
851 1385 1096 1454 epistolis
1119 1384 1371 1454 Origenis
1400 1388 1533 1439 duas
1575 1385 1798 1440 omnino
1828 1386 2102 1454 integras,
2205 1385 2325 1438 fidei
2371 1398 2533 1437 causa
2580 1381 2843 1450 supplicio
2891 1381 3218 1435 destinatum
3267 1380 3434 1434 etiam
3480 1389 3590 1432 tum
3639 1394 3774 1448 puer

539 1487 595 1531 et
633 1474 773 1532 nulla
825 1476 906 1530 sui
940 1476 1189 1543 portione
1221 1483 1518 1536 truncatas,
1560 1473 1819 1543 quasdam
1857 1489 1923 1528 ex
1957 1483 2106 1543 parte
2203 1476 2422 1544 scripsit
2466 1474 2750 1544 Origenes,
2799 1473 2960 1527 verba
3014 1473 3222 1541 aliquot
3268 1472 3462 1540 repetit
3510 1471 3775 1526 Eusebius

539 1569 802 1622 duntaxat
823 1567 1144 1636 superstites
1171 1567 1450 1618 habemus.
1482 1565 1690 1634 Integra
1716 1574 1961 1634 superest
1989 1566 2104 1636 epi-
2203 1568 2297 1622 lib.
2343 1583 2390 1620 vt
2437 1566 2664 1632 "istan,
2707 1581 2824 1631 cap.
2867 1567 2921 1618 2.
2965 1564 3148 1633 Capite
3186 1579 3313 1618 vero
3382 1563 3590 1618 decimo
3635 1578 3778 1618 nono

539 1661 678 1717 stola
712 1660 998 1714 adJulium
1025 1657 1362 1722 Africanum,
1387 1672 1492 1726 qua
1518 1658 1833 1712 doctissimo
1855 1658 1928 1711 illi
1963 1658 2102 1724 viro,
2203 1659 2460 1729 prolixius
2507 1660 2695 1712 recitat
2738 1656 3096 1732 fragmentum
3139 1654 3404 1723 epistolic,
3445 1670 3608 1723 quam
3651 1669 3774 1724 pur-

540 1755 804 1810 Susattnze
842 1753 1145 1814 historiam,
1190 1765 1310 1820 quae
1354 1751 1406 1804 itt
1443 1750 1678 1804 Danielis
1710 1751 1846 1804 libro
1889 1750 2102 1820 legitur,
2204 1751 2360 1821 gandi
2391 1751 2472 1803 sui
2517 1751 2685 1818 gratia
2734 1750 2996 1803 adversus
3041 1763 3136 1802 eos
3182 1747 3526 1814 conscripsit,
3565 1747 3656 1815 qui
3685 1747 3769 1799 ni-

541 1847 898 1901 adulterittam
933 1843 1251 1914 suspicanti,
1285 1844 1556 1911 ipsiusque
1578 1857 1672 1910 per
1705 1843 1986 1911 epistolam
2019 1857 2103 1896 ro-
2207 1844 2367 1895 mium
2395 1843 2511 1908 ejus
2540 1843 2590 1893 iu
2617 1839 2926 1895 Graecorum
2948 1838 3260 1906 disciplinas
3282 1839 3519 1891 studiunt
3543 1837 3764 1890 damna-

541 1937 686 2008 ganti
729 1936 1050 1990 sententiam
1104 1936 1312 1989 erudite
1348 1933 1646 2000 respondit,
1683 1945 1943 2000 suamque
1976 1947 2101 1984 nar-
2133 1917 2176 1975 Β
2205 1935 2352 1988 bant.
2395 1933 2637 2002 Denique
2677 1931 2944 2001 Georgius
2984 1931 3282 1991 Cedretms,
3311 1931 3365 1982 in
3408 1927 3620 1990 Severo,
3659 1929 3770 1997 epi-

541 2030 736 2083 rationi
767 2028 893 2082 huic
924 2027 1295 2080 auctoritatem
1347 2025 1600 2079 asseruit.
1640 2023 1874 2077 Plurima
1903 2025 2103 2078 utrius-
2204 2024 2353 2074 stolae
2380 2021 2658 2089 cujusdam
2692 2020 2944 2088 Origeuis
2970 2029 3174 2088 partem
3199 2017 3312 2082 dat,
3345 2019 3396 2071 itt
3439 2033 3544 2088 qua
3574 2019 3776 2071 acriter

539 2136 646 2190 que
676 2119 1130 2175 circumferuntur
1154 2118 1343 2172 Grmea
1379 2132 1538 2171 tnanu
1571 2126 1791 2170 exarata
1823 2116 2101 2185 exempla-
2205 2117 2272 2164 ab
2301 2111 2586 2164 Ambrosio
2612 2111 2679 2164 ad
2705 2111 3138 2179 interpretandas
3160 2111 3493 2180 Scripturas,
3521 2126 3584 2164 ac
3613 2111 3778 2165 nimis

545 2218 655 2280 ria;
676 2229 902 2282 quorum
923 2227 1084 2265 unum
1108 2227 1137 2264 a
1161 2227 1218 2264 se
1243 2210 1575 2278 descriptum
1601 2211 1668 2262 ad
1693 2224 1776 2262 me
1802 2209 2103 2262 transmisit
2204 2217 2364 2270 quam
2400 2216 2495 2268 par
2522 2212 2666 2256 esset
2708 2203 2884 2271 urgeri
2926 2217 2984 2255 se
3010 2203 3382 2270 conqueritur.
3412 2201 3666 2256 Eamtletn
3706 2217 3774 2256 ex

532 2306 825 2361 “Emericus
860 2305 1118 2374 Bigotius,
1173 2301 1431 2371 singulari
1464 2302 1545 2353 vir
1574 2301 1915 2355 eruditione:
1943 2300 2019 2371 (ι)
2049 2311 2104 2356 et
2205 2292 2436 2345 Cedreno
2471 2293 2774 2358 decerptam
2799 2301 3149 2359 repraesentat
3195 2292 3410 2345 Suidas-
3444 2292 3518 2345 Ex
3551 2292 3776 2358 epistola

527 2411 641 2452 'nos
671 2397 982 2465 aliquando,
1009 2410 1131 2448 cum
1175 2393 1309 2455 Deo,
1354 2392 1538 2445 ambas
1574 2391 1716 2445 inter
1755 2391 2104 2461 Syntagmata
2205 2383 2456 2452 Origenis
2497 2385 2565 2436 ad
2613 2381 2861 2436 I’ltotiuut
2898 2393 2945 2436 et
2993 2384 3259 2437 Andream
3300 2386 3620 2453 presbyteros
3655 2399 3780 2452 par-

537 2487 898 2556 Jvulgabimus.
924 2486 1131 2553 Integra
1149 2498 1365 2552 quoque
1380 2493 1462 2537 est
1482 2481 1739 2551 Epistola,
1762 2497 1866 2550 qua
1891 2491 2105 2536 constat
2205 2477 2420 2530 ticulam
2453 2475 2729 2545 proferunt
2754 2485 2955 2528 catena:
2981 2485 3186 2529 veteres
3215 2476 3266 2528 itt
3295 2476 3510 2528 Deuter.
3533 2490 3641 2538 xvr,
3673 2473 3769 2529 20.

532 2579 810 2632 decimum
843 2578 1060 2630 tertium
1096 2573 1406 2627 Pliilocalia:
1441 2581 1623 2640 caput,
1655 2588 1866 2642 quaque
1903 2574 2106 2642 Grego-
2208 2568 2288 2638 (5)
2338 2567 2538 2621 Verum
2581 2583 2770 2637 parum
2816 2577 2898 2620 est
2938 2567 3274 2621 auctoritatis
3322 2567 3374 2621 in
3432 2567 3663 2630 catenis,
3721 2575 3784 2622 ut

534 2667 687 2721 ~rium
723 2665 1187 2733 Thaumaturgum
1229 2662 1292 2716 ad
1340 2677 1614 2716 sacrarum
1653 2663 1952 2716 litterarum
1990 2673 2105 2716 stu-
2206 2660 2440 2714 diximus
2472 2660 2634 2726 alibi;
2664 2669 2719 2714 et
2750 2659 2927 2728 quoad
2973 2659 3186 2714 aliunde
3218 2660 3440 2714 accedat
3471 2658 3623 2725 fides,
3650 2659 3763 2713 fra-

530 2757 689 2812 -dium
738 2754 1000 2824 Origenes
1043 2754 1384 2808 adhortatur.
1428 2753 1652 2807 Rufinus
1699 2753 1751 2806 in
1802 2752 1982 2806 libello
2030 2750 2105 2805 De
2207 2761 2485 2822 gmeutum
2515 2753 2616 2806 hoc
2644 2762 2954 2821 suspectum
2984 2759 3124 2806 esto.

532 2848 924 2902 adutteratione
959 2847 1212 2900 librorum
1246 2844 1511 2914 Origenis,
1538 2847 1730 2900 recitat
1767 2855 1970 2916 partem
2001 2844 2108 2912 epi-
2278 2841 2388 2898 Vll.
2436 2844 2596 2898 Liber
2638 2844 2712 2898 De
2743 2847 2979 2898 oratione
3021 2845 3235 2897 hortatu
3280 2843 3548 2898 Ambrosii
3585 2854 3640 2898 et
3672 2843 3777 2898 Ta-

545 2939 720 3002 stolaa,
754 2951 914 3006 quam
957 2937 1134 3006 patria
1173 2936 1423 3005 depulsus
1453 2938 1520 2990 ad
1549 2936 1752 2990 amicos
1791 2936 2107 2990 Alexattdri-
2209 2936 2367 2990 tiana:
2397 2935 2708 2991 lucubratus
2751 2945 2853 2990 est.
2883 2935 3036 2989 Hunc
3089 2951 3186 2990 nos
3208 2950 3239 2988 e
3280 2937 3650 3003 ntanuscripto
3677 2949 3774 2990 co-

533 3045 644 3085 nos
686 3030 1042 3084 Adamantius
1073 3029 1312 3098 scripsit,
1358 3029 1411 3082 in
1459 3043 1561 3097 qua
1596 3028 1732 3082 falso
1767 3027 1973 3094 jactare
2006 3028 2104 3080 ad-
2208 3025 2330 3079 dice
2367 3025 2706 3079 bibliothecae
2739 3023 3057 3080 Holmiensis
3096 3024 3380 3079 Christinie
3439 3025 3633 3094 regina:
3681 3027 3777 3080 de-

539 3121 814 3176 versarios
857 3122 1122 3190 queritur,
1172 3135 1488 3189 persuasum
1533 3133 1655 3173 esse
1699 3117 1828 3181 sibi,
1868 3117 2106 3170 futurum
2208 3115 2539 3184 scripsimus.
2600 3115 2777 3170 Titulo
2833 3117 3052 3184 quidem
3109 3126 3278 3183 caret,
3335 3115 3428 3171 sed
3475 3133 3542 3170 ex
3603 3117 3773 3187 ipsius

532 3220 604 3266 ut
643 3212 871 3266 salutem
910 3211 1158 3266 diabolus
1195 3212 1485 3280 aliquando
1525 3219 1922 3279 consequatur;
1958 3208 2109 3262 addit
2142 3266 2178 3280 Α
2212 3207 2400 3275 Operis
2433 3207 2666 3261 lectione
2707 3219 2918 3270 auctor,
2968 3217 3021 3262 et
3058 3219 3434 3276 argumentum
3489 3210 3648 3264 facile
3679 3211 3780 3263 de-

545 3304 854 3356 ltaareticum
901 3302 1185 3370 quemdam
1238 3266 1618 3370 disputationis
1669 3266 1852 3356 secum
1910 3302 2110 3355 habita:
2138 3266 2181 3323 C
2214 3298 2624 3368 preltenduutur
2653 3315 2670 3355 :
2713 3307 2770 3352 ιιι
2801 3299 2903 3352 alia
2935 3300 3135 3369 quippe
3161 3301 3411 3354 deessent
3445 3301 3663 3366 indicia,
3698 3302 3783 3357 vel

537 3393 676 3447 Acta
706 3393 1076 3457 adulterasse;
1121 3403 1176 3447 et
1203 3406 1262 3447 se
1307 3396 1567 3447 Actorum
1601 3394 1814 3447 misisse
1844 3394 2108 3455 codicem,
2212 3407 2274 3445 ea
2301 3389 2607 3445 sullicerent
2640 3390 2826 3453 verba.
2855 3393 3051 3460 quibus
3078 3391 3391 3445 dissertatio
3423 3392 3727 3447 absolvitur
3759 3415 3772 3448 :

546 3487 689 3540 unde
729 3497 1018 3555 corruptor
1060 3486 1314 3542 falsitatis
1362 3496 1713 3556 argueretur;
1767 3485 1930 3538 alium
1983 3485 2109 3538 item

2212 3483 2395 3536 Ταῦτα
2415 3483 2553 3536 κατὰ
2574 3483 2800 3552 δύναμιν
2820 3483 2958 3553 ἐμὴν
2984 3483 3064 3546 εἰς
3082 3482 3143 3534 τὸ
3163 3483 3260 3552 τῆς
3286 3483 3446 3552 εὐχῆς
3469 3483 3786 3553 πρόϐλημα,

548 3576 882 3636 haereticum,
923 3575 1014 3642 qui
1052 3577 1305 3643 congredi
1339 3591 1522 3629 secum
1562 3575 1976 3638 delrectaverat,
2011 3573 2112 3627 fal-

2212 3578 2307 3629 καὶ
2365 3577 2444 3638 εἰς
2479 3575 2576 3645 τὴν
2620 3577 2678 3627 ὲν
2725 3577 2840 3638 τοῖς
2888 3575 3235 3642 Εὑαγγελίοις
3269 3576 3432 3644 εὐχὴν
3472 3575 3543 3628 τά
3581 3593 3639 3628 τε
3681 3575 3789 3647 πρὸ

545 3680 664 3720 sam
708 3667 1116 3734 disceptationis
1163 3669 1444 3720 historiam
1479 3667 1764 3720 mandasse
1799 3666 2022 3732 litteris,
2058 3673 2113 3720 et

2213 3667 2380 3736 αὐτῆς
2410 3666 2558 3737 παρὰ
2595 3666 2672 3737 τῷ
2710 3666 2972 3738 Ματθαίῳ
3010 3667 3271 3738 εἰρημένα
3308 3669 3441 3736 ἡμῖν
3479 3665 3785 3736 διήθληται,

547 3759 748 3826 passim
788 3757 1054 3826 vulgasse,
1085 3758 1178 3812 sed
1207 3757 1461 3810 vanitatis
1495 3756 1708 3810 tandem
1741 3765 1795 3810 et
1829 3756 2108 3825 impuden-

2213 3759 2661 3830 φιλομαθέστατοι
2696 3758 2788 3810 καὶ
2825 3756 3183 3827 γνησιώτατοι
3214 3759 3271 3809 ὲν
3304 3757 3584 3826 θεοσεϐείᾳ
3625 3755 3785 3808 ἁδελ-

549 3850 636 3901 tim
665 3847 828 3902 fuisse
854 3864 882 3901 a
921 3863 980 3902 se
1013 3849 1337 3902 convictum.
1372 3847 1729 3918 Hieronymus
1760 3861 1887 3902 vero
1940 3846 2034 3899 lib.
2072 3861 2110 3900 ιι

2213 3852 2324 3920 φοι,
2363 3850 2650 3920 ’Λμϐρόσιε
2673 3848 2767 3901 καί
2787 3849 3048 3917 Τατιάνη.
3079 3865 3098 3898 ι
3136 3847 3260 3902 llaec
3284 3866 3311 3899 a
3339 3849 3493 3901 ttobis
3523 3863 3620 3917 pro
3643 3846 3787 3902 virili

546 3938 766 4009 Apolog.
793 3940 996 3994 advers.
1025 3938 1230 4007 Ruﬁn.,
1255 3939 1446 4008 cap.5,
1475 3940 1612 3994 hanc
1637 3941 1804 4009 ipsam
1827 3940 2108 4009 epistolam
2213 3958 2374 4011 super
2416 3943 2714 4012 quaestione
2755 3942 2822 3994 de
2855 3940 3119 4002 oratione,
3149 3951 3200 3994 et
3233 3955 3296 3993 ea
3332 3940 3641 4008 precatione
3665 3954 3788 4008 qna:

546 4047 736 4100 parum
777 4030 1009 4086 fideliter
1051 4047 1078 4084 a
1111 4031 1307 4085 Rufino
1343 4047 1661 4086 conversam
1693 4045 1967 4095 causatur,
2001 4033 2111 4087 dis-
2216 4035 2443 4090 habetur
2495 4035 2547 4088 in
2605 4034 2933 4103 Evangeliis,
2967 4043 3022 4087 et
3064 4048 3184 4101 qua:
3236 4033 3405 4102 ipsam
3457 4033 3600 4102 apud
3649 4031 3788 4084 blat—

547 4121 833 4175 simulasse
860 4122 1056 4190 quippe
1085 4121 1255 4190 ipsum
1300 4121 1367 4174 ab
1394 4119 1625 4190 Origene
1657 4119 1883 4174 lacerari
1918 4121 2111 4174 Dcme-
2218 4127 2413 4180 thteum
2445 4128 2771 4196 praecedunt,
2823 4127 2976 4180 nobis
2999 4125 3269 4179 elaborata
3297 4135 3440 4189 sunt,
3460 4124 3790 4180 studiosissi-

550 4210 710 4264 triuin
742 4210 1165 4264 Alexandrinum
1191 4210 1528 4280 episcopum,
1557 4220 1612 4262 et
1638 4213 1801 4264 totius
1830 4209 1975 4265 orbis
1999 4210 2114 4278 epi-
2215 4218 2287 4272 nti
2315 4218 2782 4288 etgertttanissimi
2805 4217 2855 4271 in
2883 4217 3078 4285 pietate
3100 4215 3315 4282 fratres,
3336 4214 3587 4269 AmbrOsi
3611 4225 3666 4268 et
3679 4213 3790 4268 Ta-

549 4313 743 4366 scopos
780 4314 842 4353 ac
870 4299 1119 4365 clericos,
1162 4315 1190 4353 a
1230 4300 1426 4369 quibus
1454 4300 1704 4354 Ecclesia:
1733 4304 2114 4356 communione
2215 4309 2378 4361 tiana.
2409 4327 2427 4360 ι
2464 4307 2817 4378 (6)}Quaeuam
2844 4323 2906 4362 ea
2961 4307 3121 4361 fuerit
3175 4307 3427 4371 Tatiaua,
3459 4307 3633 4375 deque
3666 4307 3786 4374 ipsa

549 4386 726 4442 fuerat
754 4390 1087 4458 prohibitus;
1133 4391 1325 4444 deinde
1357 4391 1536 4444 dicere
1577 4391 1864 4460 Origeuem
1894 4393 1970 4446 ait
2004 4392 2110 4446 fru-
2216 4398 2593 4451 dissertatione
2633 4398 2766 4452 alias
2794 4417 2823 4451 a
2867 4399 3023 4452 nobis
3057 4398 3423 4466 disputabitur
3461 4398 3793 4464 accuratius,

549 4489 665 4532 stra
708 4495 766 4534 se
797 4481 962 4535 fuisse
988 4481 1055 4534 ab
1080 4481 1320 4535 Ecclesia
1348 4480 1634 4548 deiectum,
1665 4497 1766 4536 nec
1793 4484 1963 4537 vicem
1997 4501 2113 4537 ma-
2216 4501 2336 4541 cum
2372 4488 2510 4541 inter
2545 4489 2892 4560 Syntagmata
2924 4489 3063 4559 typis
3113 4490 3503 4544 committetur.

547 4570 759 4628 lediclis
789 4571 991 4627 referre
1019 4572 1175 4638 velle,
1203 4587 1368 4641 seque
1392 4573 1457 4627 iis
1485 4587 1654 4642 usque
1676 4574 1813 4628 adeo
1837 4574 2114 4628 abstinere
2148 4593 2196 4652 ο
2291 4577 2426 4634 Vlll.
2466 4579 2726 4646 Quoniam
2753 4596 2820 4636 ex
2855 4581 2956 4636 hoc
2994 4580 3116 4635 albo
3151 4578 3508 4634 Pltilocaliam
3557 4594 3664 4635 non
3698 4594 3796 4636 ex-

620 4745 788 4824 (4)E_t
817 4765 910 4824 nos
933 4748 1237 4824 aliquando,
1272 4747 1542 4824 cum_Deo,
1581 4749 1782 4824 ambas,
1811 4759 1920 4806 etc.
1951 4751 2120 4824 ΔΝηιι-
2224 4754 2408 4807 stitum
2433 4769 2697 4808 summam
2722 4757 2861 4810 inter
2885 4756 3006 4811 illos
3045 4756 3403 4812 intervenisse
3451 4757 3792 4824 conjunctio-

549 4819 710 4895 qnam
742 4821 874 4873 duas
901 4821 998 4873 has
1027 4821 1284 4895 epistolas
1311 4819 1549 4895 vulgavit
1579 4819 1805 4875 Huetius
1829 4821 1965 4895 ,θρὰ
1997 4837 2118 4895 θλιῃ-
2226 4839 2345 4876 nem
2365 4825 2693 4895 suaderent,
2722 4826 3082 4895 conjugesque
3107 4829 3294 4890 fuisse,
3322 4825 3425 4880 nisi
3455 4819 3642 4879 contra
3685 4842 3789 4893 ap-

548 4887 632 4964 ba:
659 4899 879 4964 reperta:
901 4899 1037 4964 stmt_
1061 4887 1271 4964 iuejus
1291 4887 1508 4964 scriptis
1533 4904 1661 4964 mss.
1677 4906 1826 4964 quas
1853 4890 1968 4944 BR.
2008 4891 2112 4964 PP.
2222 4894 2489 4964 paruisset
2521 4911 2583 4964 ex
2617 4887 2856 4962 Epistola
2883 4887 2954 4948 ad
2985 4887 3324 4964 Africanum.
3355 4896 3624 4950 Ambrosii
3648 4887 3794 4949 uxo-

549 4955 768 5012 Jesuittc
799 4957 983 5034 Sancti
1018 4955 1273 5012 Ludovici
1319 4955 1643 5011 Parisiensis
1676 4955 1905 5030 benigne
1933 4961 2122 5015 nobis-
2223 4955 2336 5015 rem
2361 4955 2675 5034 Marcellam
2695 4964 2862 5018 fuisse
2901 4955 3243 5034 appellatam.
3277 4965 3504 5019 Videtur
3531 4979 3658 5032 ergo
3699 4982 3798 5018 su-

549 5029 1189 5103 cum“communicarunt.
1481 5099 1492 5103 _
1578 5099 1588 5103 _
1666 5097 1678 5103 _
1810 5029 1821 5030 ί
1905 5099 1917 5103 _
2221 5043 2545 5098 peresse,-ut
2572 5031 2853 5088 Tatiattam
2881 5029 3208 5103 iit-proximo
3233 5029 3632 5101 conjttnctiouis
3651 5072 3667 5096 ,
3697 5051 3789 5087 so—

621 5096 698 5166 (5)
743 5095 929 5149 Verum
954 5113 1138 5172 parum
1170 5107 1243 5172 est
1274 5097 1713 5172 _aucto_ritatis_i_n
1744 5099 1962 5172 catenis,
2004 5109 2113 5153 etc.
2222 5095 2363 5172 roris
2389 5095 2640 5172 nimirum
2676 5105 2843 5172 gradu
2881 5095 3200 5166 statuamus,
3225 5095 3528 5168 praesertim
3560 5095 3680 5156 cum
3721 5119 3793 5157 ex

552 5166 716 5242 [ﬂecte
747 5169 1036 5242 monetjir
1064 5168 1414 5242 doctissimus
1436 5168 1888 5242 Montefalcouius
1927 5180 2112 5223 noster
2217 5167 2464 5242 Origenis
2512 5166 2893 5225 ExhoFtatione
2950 5175 3018 5226 ad
3057 5166 3368 5242 martyrium
3411 5172 3700 5226 Ambrosio
3736 5174 3793 5226 itt

553 5235 886 5312 Bibliotheca:
927 5234 1274 5312 Goisliuiame
1329 5252 1459 5312 pag.
1491 5238 1579 5302 4|,
1631 5238 1918 5312 Origenem
1956 5255 2110 5293 mett-
2217 5234 2762 5312 vinculisconstituto
2784 5243 3062 5312 inscripta,
3089 5234 3236 5296 illum
3267 5259 3370 5297 non
3412 5246 3571 5297 modo
3632 5253 3796 5296 natos

553 5309 679 5376 dose
705 5308 932 5374 positum
970 5309 1133 5360 fuisse
1183 5323 1280 5375 pro
1324 5311 1545 5368 Severo,
1581 5311 1734 5375 cujus
1778 5319 2111 5361 memoratur
2216 5317 2378 5376 atque
2437 5310 2652 5373 fratres,
2707 5312 2800 5363 sed
2861 5323 2916 5366 et
2953 5308 3185 5367 'sorores
3253 5313 3506 5366 habuisse
3553 5323 3788 5367 constet.

555 5375 812 5450 [epistola
831 5376 1247 5450 ad_Photittm_et
1273 5377 1905 5450 Andrea‘mipresbyteros,
1935 5379 1984 5431 in
2012 5393 2108 5450 co-

2217 5375 2354 5442 Qttitt
2400 5381 2561 5432 etiam
2611 5381 2678 5432 ab
2737 5380 2966 5448 Origene
3021 5381 3179 5450 hujus
3239 5381 3360 5435 libri
3415 5381 3556 5448 Περὶ
3600 5381 3795 5449 εὐχῆς

552 5445 669 5520 dice
695 5445 727 5497 8
767 5446 1006 5515 ejusdem
1045 5445 1402 5520 Bibliothecw
1446 5445 1799 5520 Coislirtianie
1849 5462 1977 5520 pag.
2012 5447 2104 5500 44.
2216 5462 2364 5520 tium.
2399 5449 2454 5512 9,
2485 5450 2806 5502 describitur
2829 5445 3052 5504 Tatiana
3079 5445 3331 5520 't'anquam
3366 5445 3635 5518 provecta:
3655 5445 3791 5504 ista;

552 5516 908 5592 Quamobrem
939 5520 1022 5592 ab.
1045 5517 1210 5570 hocce
1241 5518 1580 5592 supposititio
1624 5517 1927 5592 fragmento
1969 5518 2111 5571 inter
2218 5517 2309 5592 tis,
2348 5534 2445 5570 nec
2476 5536 2578 5592 non
2597 5521 2718 5592 ipsa
2733 5521 3120 5592 etAmbrosius
3145 5516 3257 5592 sub,
3277 5516 3432 5592 linem
3461 5521 3640 5592 operi;
3658 5536 3797 5592 γνη-

551 5584 779 5658 genuina
813 5583 1056 5652 Origenis
1081 5602 1241 5653 opera
1277 5583 1601 5658 publicando
1618 5583 1998 5658 abs—tinuimus.
2219 5586 2471 5641 σιώτατοι
2501 5583 2748 5656 ἀδελφοί,
2789 5591 2981 5658 fratres
3027 5591 3260 5658 germani
3297 5583 3565 5643 dicuntur.
3594 5583 3794 5643 Verum

731 5652 980 5715 Quiritum
1010 5673 1070 5707 ea
1103 5652 1256 5721 fuerit
1279 5652 1658 5728 7‘atiana_,_etc.
1696 5655 2110 5728 Vix__‘c0t_tjectu-
2217 5669 2527 5728 quanquam
2559 5652 2671 5711 haec
2701 5652 2985 5713 admodum
3015 5652 3314 5728 probabilia
3356 5673 3517 5722 sunt,
3553 5674 3657 5713 non
3692 5674 3797 5727 pro

553 5721 783 5776 ris-licet
803 5728 1014 5790 assequi
1045 5740 1288 5791 quaenam
1313 5726 1474 5777 fuerit
1502 5725 1746 5777 'l‘atiana.
1781 5721 1964 5793 Elogia
1989 5739 2106 5792 quae
2216 5721 2397 5779 certis
2414 5739 2589 5781 tamen
2614 5727 2795 5781 haberi
2825 5721 3188 5783 velitm'Nihil
3221 5731 3363 5782 enim
3387 5721 3530 5782 vetat
3556 5721 3797 5785 Anth-ro—

547 5805 670 5867 eunt
693 5793 978 5867 Ambrosio
1011 5795 1268 5867 partitur,
1290 5795 1592 5867 communia
1625 5797 1909 5867 utriusque
1954 5811 2108 5846 matt-
2218 5796 2282 5847 sii
2318 5812 2544 5867 uxorem
2569 5813 2689 5866 qua:
2717 5799 2768 5850 itt
2795 5797 3034 5867 Epistola
3066 5800 3134 5851 ad
3158 5800 3472 5867 Africanum
3537 5798 3798 5854 Marcella

558 5861 704 5925 data,
741 5871 791 5914 et
814 5859 1129 5927 obsequium
1165 5862 1381 5930 utrique
1408 5862 1568 5917 simul
1617 5865 1682 5918 ab
1712 5859 1943 5931 Origene
1973 5879 2109 5932 pra:-
2218 5878 2463 5932 vocatur,
2505 5859 2749 5924 Taitana:
2801 5859 3016 5940 quoque
3052 5859 3247 5925 nomen
3286 5869 3560 5925 habuisse.
3606 5869 3799 5940 Neque
