4152 6402
379 474 512 533 1261

1410 473 1980 536 ORIGENIANORUM
2021 473 2147 534 LIB.
2190 478 2276 544 Ill,
2319 475 2470 534 CAP.
2512 476 2602 531 IV.

3488 475 3618 534 19(ῖῖ

372 597 678 666 pungimus,
706 594 894 665 paucis
924 609 1140 667 quoque
1171 597 1239 652 de
1265 613 1326 652 ea
1366 601 1631 668 agendum
1675 610 1780 654 est.
1819 600 1943 653 Phi-
1973 603 2016 658 Α
2046 599 2222 665 Atque
2248 599 2359 651 hmc
2386 611 2452 652 eo
2482 596 2733 650 libentius
2770 593 2966 659 refero,
3005 593 3146 664 quod
3191 596 3257 649 iis
3289 595 3437 649 vacis
3467 596 3620 664 φιλο-

373 690 563 745 localia
589 689 720 758 quid
747 689 816 742 sit
842 688 1080 745 breviter
1102 691 1337 746 declarat
1362 693 1655 760 epigraphe
1692 694 1788 761 ipsi
1818 708 1947 762 prae-

371 780 459 848 ﬁgi
489 780 679 836 solita:
716 780 1030 852 Ἐκλογὴνὴ
1065 782 1314 853 παροῦσα
1344 782 1784 854 περίεχειβίϐλος
1808 801 1946 855 γρα-

370 871 546 942 φικῶν
566 871 892 942 ζητημάτων
917 875 1010 926 καὶ
1033 874 1344 938 διαλύσεων,
1371 878 1434 928 ἐκ
1457 876 1724 946 διαφόρων
1754 875 1948 946 βίϐλων

369 964 448 1034 τῷ
502 963 763 1034 Ὠριγὲνει
823 965 1149 1034 ποιηθεισῶν
1189 967 1553 1040 ἠθροισμένην
1599 969 1703 1022 ὑπὸ
1733 969 1840 1022 τῶν
1881 969 1948 1022 τὰ

369 1055 490 1108 θεῖα
544 1053 722 1122 cognitu
756 1054 1056 1126 Γρηγορίου
1097 1058 1193 1110 καὶ
1242 1058 1546 1114 Βασιλεζου.
1605 1079 1624 1110 ι
1678 1059 1945 1113 Deiectum

368 1147 614 1201 continet
649 1148 801 1200 hicce
839 1149 974 1202 liber
1001 1151 1356 1217 quaistionutn
1385 1160 1438 1205 et
1473 1152 1799 1206 solutionum
1826 1169 1946 1221 quae

370 1237 640 1305 pertinent
669 1240 734 1292 ad
761 1237 1122 1306 Scripturam,
1151 1255 1216 1295 ex
1245 1243 1411 1296 variis
1441 1243 1595 1298 libris
1623 1245 1690 1297 ab
1715 1243 1947 1314 Origene

368 1330 681 1395 elaboratis,
707 1332 797 1401 qui
825 1332 1084 1387 collectus
1109 1343 1193 1387 est
1220 1350 1249 1387 a
1278 1335 1408 1389 viris
1430 1336 1733 1390 divinarum
1760 1352 1941 1390 rerum

369 1424 555 1491 peritis
588 1423 852 1495 Gregorio
875 1436 930 1479 et
959 1425 1180 1479 Basilio.
1217 1445 1236 1477 ι
1276 1421 1412 1480 Tum
1447 1428 1788 1498 subiungitur
1830 1429 1944 1496 epi-

366 1516 531 1578 stola,
564 1532 669 1583 qua
705 1518 755 1569 id
788 1533 923 1587 Opus
957 1519 1023 1570 ad
1055 1516 1400 1572 Theodorum
1431 1518 1702 1589 Tyaneum
1733 1519 1944 1587 episco-

368 1623 492 1676 pum
533 1607 827 1677 Gregorius
867 1609 1244 1663 Nazianzenus
1277 1609 1600 1664 transmisit.
1635 1609 1942 1664 Ostendunt

364 1713 577 1766 quoque
593 1701 721 1767 quid
753 1700 825 1754 sit
851 1697 1146 1754 Philocalia
1175 1701 1454 1768 elegantes
1481 1700 1668 1766 iambi,
1705 1701 1942 1754 nondum

364 1787 518 1853 editi,
540 1803 674 1857 quos
698 1789 751 1842 in
771 1790 992 1859 antiquo
1007 1791 1340 1848 collectionis
1359 1791 1520 1859 hujus
1542 1791 1729 1846 codice
1750 1806 1942 1844 manu-

366 1879 570 1948 scripto
606 1881 906 1949 reperimus
933 1899 948 1936 :

361 1965 442 2046 ρῦ
462 1971 478 2038 ί
495 1971 688 2046 Ὠριγ.)
714 1972 831 2027 τῶν
846 1976 1042 2044 λόγων
1060 1975 1178 2029 νῦν
1195 1975 1466 2045 ἀρμόγὴν
1483 1976 1627 2044 ὁρᾷς
1657 1977 1866 2046 ξένην,

365 2042 686 2096 Βωιλείου
715 2042 1050 2113 κρίνανὲος,
1073 2047 1153 2112 ὡς
1179 2042 1487 2114 κρἐίτέους
1508 2042 1692 2101 πάνυ.
1791 2042 1823 2084 ’-

362 2139 529 2210 anns
546 2140 742 2207 (Orig.)
754 2159 1047 2198 sermonum
1063 2160 1198 2198 nunc
1213 2145 1566 2199 collectionem
1581 2145 1719 2200 vides
1731 2159 1934 2210 novam,

365 2211 508 2275 Quos
534 2211 769 2267 Basilius
797 2215 1015 2282 optimos
1041 2231 1151 2269 esse
1168 2216 1452 2283 judicavit.

2053 689 2277 753 κοιλίας,
2312 704 2420 758 quo
2466 704 2625 743 sensu
2660 704 2688 741 a
2719 687 2917 741 Basilio
2963 697 3016 742 et
3061 688 3322 758 Gregorio
3361 699 3624 756 usurpata

2050 791 2153 844 est,
2179 779 2499 847 signiﬁcatio
2523 781 2848 836 continetur.
2870 777 3009 833 Nihil
3025 788 3202 833 autem
3221 778 3534 833 sonataliud
3562 796 3626 836 ea

2055 887 2161 926 vox
2211 885 2370 939 quam
2421 870 2686 924 delectum
2729 869 3050 924 eximiorum
3093 870 3446 938 quorumdam
3478 869 3625 924 loco-

2050 980 2166 1019 rum
2204 979 2234 1019 e
2293 963 2458 1016 variis
2508 961 2662 1015 libris
2700 960 2983 1030 scriptoris
3017 958 3242 1028 alicujus
3279 959 3621 1029 :cujusmodi

2050 1065 2175 1110 sunt
2258 1054 2558 1121 fragmenta
2606 1067 2637 1106 e
2687 1051 2938 1106 Petronio
2993 1051 3060 1104 ab
3123 1051 3302 1118 aliquo
3361 1051 3607 1104 studioso

2051 1149 2293 1203 collecta.
2345 1146 2545 1200 Locum
2591 1146 2679 1199 hic
2733 1160 2835 1198 non
2883 1142 3042 1198 habet
3093 1143 3258 1196 altera
3305 1143 3623 1212 φιλοκαλίας

2049 1238 2279 1302 notatio,
2311 1252 2472 1307 quam
2502 1235 2657 1290 aﬂert
2689 1235 3020 1304 Augustinus
3050 1235 3171 1288 libr.
3211 1251 3248 1288 ιι
3276 1245 3456 1288 contra
3480 1236 3623 1289 Aca-

2047 1329 2213 1390 dem.,
2270 1342 2389 1397 cap.
2421 1327 2475 1390 i,
2509 1336 2561 1381 et
2584 1326 2680 1380 lib.
2711 1339 2726 1378 ι
2766 1325 3076 1387 Relractat.,
3105 1340 3228 1394 cap.
3260 1327 3311 1391 1,
3338 1339 3456 1380 eam
3487 1342 3610 1382 esse

2049 1418 2297 1471 scribens
2349 1431 2529 1470 rerum
2560 1415 2862 1469 divinarum
2905 1429 2971 1468 ex
3012 1415 3192 1469 divina
3244 1416 3524 1477 relatione,
3565 1429 3622 1472 et

2046 1507 2226 1561 Verbo
2253 1508 2344 1562 Dei
2372 1507 2711 1577 cognitarum
2743 1506 3009 1572 studium;
3045 1520 3151 1574 quo
3184 1521 3345 1561 sensu
3384 1524 3616 1578 usurpa—

2052 1609 2161 1653 tum
2188 1615 2310 1654 esse
2339 1613 2368 1652 a
2395 1597 2660 1667 Gregorio
2690 1607 2744 1651 et
2777 1595 2978 1650 Basilio
3007 1597 3110 1651 hoc
3153 1599 3470 1653 vocabulum
3495 1601 3618 1669 Opi--

2047 1690 2156 1744 natl
2179 1698 2305 1744 sunt
2334 1688 2712 1743 Geuebrardus
2743 1701 2797 1742 et
2821 1687 3054 1742 Tarinns
3081 1705 3096 1746 ;
3127 1690 3218 1758 qui
3241 1691 3384 1743 enim
3413 1691 3464 1746 id
3488 1707 3621 1746 εοιιι

2046 1791 2202 1852 gruet
2225 1796 2346 1835 cum
2369 1780 2814 1850 Origenianorum
2845 1779 3045 1844 aliquot
3061 1780 3296 1836 locorum
3318 1782 3620 1851 EclogaiAt

2051 1888 2116 1928 eo
2145 1887 2333 1936 sensu,
2363 1885 2524 1941 quem
2555 1879 2704 1924 notat
2754 1871 3114 1940 Augustinus,
3173 1874 3484 1942 accipienda
3533 1885 3618 1930 est

1977 1947 2022 2001 Β
2052 1979 2151 2018 vox
2180 1960 2494 2032 φιλόκαλος,
2535 1975 2698 2031 quam
2743 1960 2966 2032 Origeni
3004 1963 3244 2018 tribuere
3290 1965 3614 2035 Gregorium

2046 2055 2384 2123 Tbeologum
2409 2055 2464 2108 in
2487 2055 2733 2125 epistolis
2764 2055 2957 2110 scribit
3002 2055 3225 2112 Pbotius
3273 2057 3620 2115 Bibliotheca!

2041 2150 2159 2204 cod.
2185 2163 2422 2203 ccxxx“.

361 2434 3607 2465 μ-ι-ψ-α-ἠ-ᾑ-αῤ--ῌ-ῌ--α--ᾐ

1697 2598 2082 2686 CAPUT
2139 2598 2304 2688 IV.

639 2787 780 2862 Quo
823 2787 1074 2863 ordine,
1119 2788 1359 2869 quibus
1403 2786 1804 2866 temporibus
1857 2786 2161 2866 Origenis
2202 2790 2356 2855 libri
2400 2792 2724 2858 lucubrati
2767 2795 2898 2857 sint
2937 2796 3333 2875 “ploratur.

361 3089 406 3147 I.
460 3063 636 3158 Variis
676 3085 919 3158 Origenis
947 3087 1319 3151 scriptionibus
1361 3103 1488 3141 suus
1519 3087 1670 3149 ordo,
1698 3104 1793 3141 sua
1837 3099 2169 3158 tempora_ea:
2195 3085 2421 3141 Eusebio
2463 3087 2820 3154 assignantur.
2853 3085 2917 3142 11.
2951 3085 3067 3151 Quo
3095 3095 3320 3154 tempore
3345 3085 3617 3158 Tetrapla,

434 3157 694 3226 Hexapla,
731 3170 777 3210 et
818 3157 1047 3225 Octapla
1092 3159 1509 3223 concinnaverit,
1539 3159 1906 3228 investigatur.
1947 3157 2034 3210 ΙΙΙ.
2069 3156 2342 3214 Notantur
2372 3158 2625 3210 nonnulla
2670 3159 2812 3228 circa
2852 3159 3092 3210 ordinem
3122 3174 3184 3209 ac
3216 3168 3413 3226 tempus
3437 3156 3620 3228 exege-

433 3229 608 3352 tilctim.
638 3245 700 3351 ac
725 3229 1299 3298 syntagmatumipsius
1322 3231 1694 3298 quorumdam.
1722 3227 1811 3284 IV.
1853 3228 2264 3297 Distinguuntur
2325 3229 2560 3298 ejusdem
2599 3227 2833 3281 homilia:
2876 3228 3262 3295 extemporales
3314 3239 3361 3281 et
3409 3231 3463 3283 in
3510 3227 3618 3282 otio

431 3316 460 3354 e
483 3315 516 3353 a
552 3315 643 3352 ora
673 3315 738 3352 ae.

1937 3385 2004 3406 nh-

435 3538 477 3593 l.
505 3537 562 3594 Si
589 3548 888 3608 temporum
907 3535 1186 3607 eﬂugisset
1219 3537 1471 3606 iniuriam
1503 3537 1640 3594 liber
1663 3539 1751 3594 ille
1778 3540 1946 3597 Euse-
1973 3547 2017 3609 C
2051 3541 2246 3610 hisque
2270 3553 2392 3595 sese
2415 3538 2586 3594 libros
2626 3536 2704 3591 De
2730 3537 3113 3592 resurrectione
3135 3536 3244 3605 jam
3273 3546 3398 3592 ante
3437 3537 3623 3592 elabm

360 3632 436 3686 bii
486 3631 561 3686 De
607 3629 724 3685 Vita
762 3629 1050 3702 Pamphili,
1105 3635 1158 3687 in
1189 3646 1346 3700 quem
1389 3629 1648 3684 librorum
1690 3631 1942 3700 Origenis

363 3721 597 3776 indicem
631 3721 944 3788 iuferserat,
968 3731 1288 3794 argumento
1318 3722 1443 3776 huic
1469 3722 1612 3790 quod
1657 3723 1939 3792 persequi-

363 3829 485 3868 mur
530 3828 723 3884 magna
755 3814 844 3868 lux
891 3818 1218 3871 accederet:
1247 3827 1354 3884 quo
1401 3814 1660 3882 quoniam
1690 3830 1940 3871 caremus

367 3905 632 3970 subsidio,
657 3906 785 3976 quid
814 3907 868 3961 in
888 3908 1058 3978 ipsius
1081 3907 1319 3961 Historia
1348 3907 1504 3962 nobis
1530 3908 1649 3978 opis
1686 3910 1848 3963 situm
1871 3909 1939 3962 sit

362 3997 666 4053 videamus.
699 3997 849 4054 Hunc
875 4001 1042 4064 enim,
1076 4011 1132 4054 ut
1157 4001 1207 4052 in
1247 3999 1468 4068 reliquis
1501 4015 1623 4067 quae.
1653 3999 1719 4054 ad
1749 4000 1938 4070 Origeo

363 4105 486 4143 nem
521 4090 814 4157 pertinent,
846 4090 918 4144 ita
951 4091 1051 4146 hac
1093 4092 1255 4146 etiam
1289 4091 1341 4144 in
1374 4101 1526 4160 parte
1544 4093 1732 4146 ducem
1754 4094 1941 4161 praeci-

361 4194 466 4248 pue
499 4179 882 4250 spectabimus,
912 4182 964 4235 in
1001 4197 1105 4251 qua
1138 4181 1292 4236 nobis
1312 4183 1941 4252 proposuimusinvesti-

361 4270 616 4337 gandnm,
642 4285 748 4338 quo
766 4270 960 4326 ordine
986 4271 1180 4340 singuli
1211 4272 1515 4326 Adamantii
1547 4272 1691 4340 libri,
1710 4288 1940 4343 quorum

364 4361 621 4414 memoria
650 4373 915 4430 superest,
964 4363 1158 4431 quibus
1185 4365 1516 4434 temporibus
1545 4364 1741 4418 iuerint
1793 4365 1940 4418 lucu-

359 4452 525 4507 brati.
549 4452 678 4518 Qua-.-
697 4454 842 4522 prior
857 4453 926 4506 ab
951 4469 1016 4506 eo
1036 4453 1340 4508 celebratur
1359 4456 1666 4508 Adamantii
1691 4455 1938 4521 scriptio,

361 4545 398 4600 ii
415 4554 542 4599 sunt
557 4545 934 4599 commentarii
952 4547 1004 4598 in
1024 4553 1231 4598 veteres
1247 4545 1614 4615 philosophos,
1629 4547 1718 4615 qui
1741 4546 1944 4600 diutur-

361 4639 529 4693 nitate
559 4638 816 4706 temporis
837 4651 1025 4692 omnes
1055 4638 1465 4692 interciderunt.
1495 4638 1760 4693 Proxima:
1791 4654 1941 4692 coui-

363 4741 734 4783 memorantur
751 4728 1043 4797 Scriptura:
1067 4741 1266 4784 sancta:
1291 4729 1786 4798 interpretationes,
1808 4745 1942 4799 qua-

362 4835 482 4873 rum
509 4834 614 4872 non
631 4819 1022 4873 contemnenda
1044 4834 1170 4889 pars
1196 4819 1262 4873 ad
1290 4819 1428 4874 hanc
1445 4820 1585 4873 diem
1607 4829 1818 4873 servata
1833 4830 1936 4873 est.

2048 3649 2199 3688 rasse
2231 3632 2584 3702 signiﬁcavit.
2618 3629 2812 3685 Libros
2845 3645 3061 3700 quoque
3100 3629 3240 3698 Περὶ
3287 3628 3512 3700 ἀρχῶν,
3569 3643 3625 3686 et

2044 3723 2433 3793 Στρωματεῖς,
2455 3733 2749 3793 antequam
2777 3721 3110 3776 Alexandria
3144 3725 3450 3789 excederet,
3473 3739 3624 3778 corn-

2043 3817 2247 3885 posuit.
2288 3816 2499 3884 Adepto
2533 3815 2819 3885 imperium
2852 3816 3167 3879 Maximino,
3218 3816 3412 3869 librum
3454 3817 3623 3870 edidit

2043 3907 2122 3961 De
2146 3908 2428 3977 martyrio.
2468 3906 2547 3962 Eo
2575 3921 2707 3962 vero
2756 3906 2992 3973 sublato,
3041 3921 3164 3961 cum
3196 3922 3377 3960 rerum
3408 3907 3619 3977 potire—

2045 4007 2132 4052 tur
2157 3997 2488 4065 Gordianus,
2531 3998 2584 4052 in
2616 3997 2807 4051 Isaiam
2843 4006 2896 4052 et
2926 3997 3262 4052 Ezechielem
3288 4007 3620 4052 commenta-

2045 4097 2130 4142 tus
2164 4097 2248 4143 est
2284 4088 2335 4141 in
2391 4086 2708 4143 Caesariensi
2739 4089 3001 4156 ;secessu.
3056 4085 3300 4140 Meminit
3352 4096 3615 4155 praeterea

2043 4179 2312 4234 Eusebius
2339 4179 2435 4233 lib.
2471 4194 2522 4232 vt
2555 4178 2724 4244 Mist.,
2757 4194 2879 4248 cap.
2914 4179 3004 4243 51,
3032 4177 3285 4247 Epistola:
3309 4179 3375 4233 ad
3405 4179 3615 4234 Africa-

2046 4289 2196 4339 num,
2221 4287 2324 4343 qua
2355 4272 2600 4326 historias
2643 4272 2906 4327 Susanna;
2931 4272 3060 4328 tides
3081 4279 3136 4326 et
3175 4275 3470 4328 auctoritas
3499 4290 3618 4344 pro.

2047 4376 2321 4434 pugnatur
2353 4381 2367 4418 :
2399 4373 2613 4433 tempus
2663 4379 2792 4418 vero
2848 4378 2956 4433 quo
3005 4363 3127 4418 data
3165 4364 3279 4435 ipsa
3336 4373 3442 4425 est.
3507 4379 3614 4420 non

2044 4455 2309 4523 assignat.
2350 4453 2539 4509 Refert
2591 4453 2722 4507 illud
2773 4452 3025 4508 Petavius
3061 4455 3128 4507 ad
3173 4470 3373 4508 annum
3412 4453 3614 4509 Christi

2041 4545 2186 4611 2:12;
2218 4560 2325 4615 quo
2351 4561 2494 4598 anno
2529 4543 2810 4612 imperium
2841 4543 3484 4613 capessivitAlexander;
3519 4561 3615 4601 cur

2045 4639 2119 4692 ita
2159 4637 2407 4702 sentiret,
2443 4637 2755 4705 neutiquam
2794 4637 3067 4705 ascripsit.
3109 4638 3180 4690 At
3207 4652 3328 4690 cum
3362 4635 3613 4691 Nicome-

2044 4729 2144 4782 dia:
2169 4727 2368 4796 scripta
2397 4727 2462 4782 sit
2485 4735 2750 4796 prasente
2774 4725 3080 4790 Ambrosio,
3109 4725 3287 4779 datam
3317 4725 3458 4779 illam
3478 4739 3611 4780 con-

2039 4821 2173 4890 jicio
2227 4821 2515 4890 imperium
2569 4829 2784 4876 tenente
2837 4820 3131 4886 Gordiano,
3191 4837 3393 4874 annum
3439 4822 3615 4875 :etatis

360 4910 530 4966 Sacra
549 4910 820 4964 volumina
844 4921 950 4963 non
982 4908 1136 4978 longe
1153 4919 1274 4977 post
1301 4909 1451 4963 initia
1471 4908 1761 4962 Alexandri
1777 4907 1940 4962 Com-
1973 4938 2017 4993 υ
2045 4924 2234 4982 agente
2263 4913 2498 4981 Origene
2526 4914 2745 4968 circiter
2767 4915 3270 4984 quinquagesimum
3295 4914 3613 4978 secundum,

361 5001 644 5056 mentariis
664 5001 934 5069 explicare
953 5015 1074 5054 eum
1094 5002 1326 5070 rrepisse
1353 5001 1581 5070 reperio.
1601 5001 1676 5054 Ac
1709 5001 1938 5068 primum

359 5109 389 5146 a
438 5092 660 5148 Joannis
695 5091 984 5162 Evangelio
1042 5094 1356 5161 auspicatus
1409 5101 1526 5156 est,
1585 5091 1641 5144 in
1706 5105 1939 5160 eumque

360 5186 576 5255 priores
631 5185 871 5254 quinque
949 5193 1126 5238 tomos
1181 5185 1524 5238 Alexandria:
1592 5186 1932 5252 composuit;

362 5289 573 5330 necnon
621 5277 674 5331 in
724 5275 982 5330 Genesim
1033 5276 1246 5344 priores
1306 5285 1430 5330 octo
1464 5275 1804 5331 ednoilecim
1832 5273 1929 5346 (7).

362 5370 505 5434 Quin
532 5369 698 5422 etiam
733 5369 923 5438 viginti
957 5368 1199 5436 quinque
1229 5369 1438 5436 priores
1470 5368 1730 5437 psalmos,
1761 5379 1816 5422 et
1843 5369 1936 5424 Je-

359 5460 545 5516 reniia:
580 5459 827 5514 Threnos
855 5457 1053 5514 ibidem
1071 5459 1503 5528 expositionibus
1525 5459 1849 5525 illustravit;
1883 5460 1932 5512 in

359 5599 540 5668 magni
569 5598 824 5652 momenti
851 5605 934 5651 est
962 5596 1102 5666 quod
1133 5595 1253 5649 libri
1285 5595 1424 5668 Περὶ
1451 5593 1660 5662 εὐχῆς,
1693 5611 1841 5647 num.
1866 5594 1926 5668 2,

360 5661 586 5722 Tatiana
619 5680 870 5734 tanquam
893 5661 1157 5736 provecta:
1181 5661 1718 5736 :etatis’describitur,
1747 5667 1928 5736 et‘sub

364 5742 524 5792 liuent
557 5733 741 5806 operis
769 5733 981 5806 ipsa—et
1009 5737 1330 5806 Ambrosius
1370 5733 1732 5806 γνησιώτατοι
1764 5733 1923 5785 ἁδελ-

362 5808 455 5878 φοι
502 5804 826 5878 salutantur.
855 5804 989 5859 Nam
1025 5805 1312 5873 utrobique
1340 5814 1517 5872 potest
1538 5805 1771 5878 ﬁgurata
1803 5818 1928 5856 esse

366 5874 586 5941 locutio.
623 5891 724 5932 nec
748 5875 904 5932 aliter
934 5877 1072 5930 forte
1117 5880 1278 5930 ambo
1311 5874 1698 5944 germanissimi
1733 5875 1928 5944 fratres

2047 5020 2170 5057 cum
2203 5005 2453 5059 Caesarea
2507 5005 2753 5060 Athenas
2803 5004 3100 5075 profectus,
3133 4995 3454 5058 Nicomediae
3483 5005 3614 5056 Am-

2045 5092 2288 5146 brosium
2327 5092 2506 5148 obiter
2549 5094 2705 5148 adiit.
2736 5093 3027 5161 Postquam
3071 5094 3323 5162 migravit
3349 5093 3610 5156 Athenas,

2042 5183 2323 5238 iucboatos
2367 5185 2424 5238 in
2473 5185 2802 5239 Esechielem
2827 5185 3261 5240 Commentarios
3293 5187 3360 5239 ad
3400 5185 3614 5238 umbili-

2038 5289 2160 5328 cum
2193 5275 2448 5344 perdusit
2484 5293 2498 5328 :
2533 5275 2740 5331 Cantici
2773 5292 2903 5334 vero
2934 5278 3270 5333 canticorum
3316 5277 3610 5345 expositio-

2037 5380 2160 5418 nem
2195 5381 2507 5436 aggressus,
2532 5366 2833 5423 lucubratis
2858 5369 3132 5438 prioribus
3151 5369 3390 5438 quinque
3420 5367 3575 5421 libris
3595 5410 3608 5433 ,

2041 5457 2280 5526 reliquos
2323 5459 2567 5530 quinque
2595 5459 2898 5516 Caesaream
2944 5462 3118 5516 redux
3167 5460 3421 5515 absolvit.
3452 5460 3607 5514 Anno

2036 5594 2396 5660 appellantur,
2427 5611 2586 5666 quam
2625 5598 2678 5650 in
2707 5597 2948 5664 Christo,
3010 5598 3202 5653 eodem
3234 5609 3401 5666 prope
3430 5597 3604 5666 Διιιοιιι·

2035 5681 2143 5732 quo
2166 5663 2523 5746 Ambrosium
2561 5668 2734 5754 ipsum
2768 5669 2988 5748 fratrem
3021 5683 3181 5750 suum
3215 5663 3384 5754 Ιἦοεειι
3417 5663 3598 5735 Orige-

2035 5749 2134 5789 nes
2166 5735 2318 5789 initio
2346 5736 2473 5791 tomi
2496 5751 2533 5789 ιι
2562 5735 3088 5795 Commentariorum
3116 5740 3170 5792 in
3199 5736 3488 5792 Joannem.

2035 5803 2186 5876 ...(7)
2218 5802 2344 5875 Leg.
2375 5807 2657 5862 tredecim.
