4152 6460
504 459 640 511 1265

1812 461 1871 516 Ι).
1916 463 2230 519 DANIELIS
2265 466 2500 523 llUETll

3635 475 3769 531 126-5

504 575 733 644 Philippi
763 575 923 629 tertio
958 577 1381 644 sexagenarium
1420 591 1621 630 annum
1659 587 2080 648 prtetergressus
2111 588 2151 640 Α
2183 585 2332 649 prius
2377 585 2556 636 animo
2601 583 2886 637 informata
2909 626 2924 650 ,
2993 586 3255 641 Cmsareze
3280 588 3637 657 Cappadocia:
3685 593 3772 645 in-

503 670 759 723 homilias
787 685 852 724 ex
879 685 974 724 ore
1002 684 1122 734 suo,
1154 671 1281 722 dum
1309 670 1760 736 concionaretur,
1797 685 1825 723 a
1855 673 2084 726 notariis

501 763 680 832 excipi
715 772 824 816 tum
849 763 1083 832 primum
1112 777 1306 832 passus
1336 772 1440 816 est.
1470 761 1624 818 Unde
1649 773 1866 819 constat
1888 765 2082 819 bonam

501 872 692 910 earum
726 867 955 925 partem,
988 871 1108 924 qua:
1133 856 1199 908 ad
1229 864 1470 910 nostram
1498 864 1714 909 etatem
1746 857 2085 912 transmissa:

502 961 650 1014 sunt,
681 965 786 1005 non
819 951 889 1005 ab
928 951 1034 1005 alio
1057 964 1179 1004 esse
1208 959 1450 1018 tempore
1476 948 1818 1017 repetendas.
1849 948 2082 1004 llomilia

504 1056 632 1118 puta
671 1047 723 1100 in
753 1046 1016 1114 psalmum
1049 1058 1260 1112 Lxxxtt,
1285 1043 1439 1110 cujus
1469 1042 1832 1113 fragmentum
1877 1059 1942 1099 ex
1974 1043 2082 1098 Eu-

503 1141 659 1196 sebio
681 1138 1143 1210 deprompsimns,
1180 1138 1443 1192 adversus
1470 1152 1714 1192 errorem
1742 1137 2082 1193 llelcesaita-

503 1252 623 1291 rutn
649 1236 754 1289 hac
777 1244 938 1288 aetate
964 1242 1218 1288 exortum
1253 1231 1434 1286 habita
1475 1241 1577 1286 est.
1617 1230 1733 1287 Hac
1785 1233 1901 1302 ipsa
1945 1244 2082 1288 tem-

502 1337 714 1396 pestate
747 1326 964 1381 Celsqu
1017 1325 1174 1379 libris
1215 1336 1341 1380 octo
1373 1325 1713 1389 confutavit;
1749 1325 1802 1379 in
1840 1324 2081 1381 Matthzei

502 1421 855 1488 Evangelium
885 1429 940 1474 et
992 1421 1285 1488 prophetas
1329 1418 1612 1474 duodecim
1644 1417 2083 1475 Commentarios

503 1518 884 1581 concinnavit;
911 1515 1174 1586 plurimas
1202 1516 1368 1569 etiam
1387 1514 1647 1584 epistolas
1677 1515 1743 1567 ad
1775 1513 2081 1584 Philippum

502 1614 979 1680 imperatorem,et
1010 1611 1074 1662 ad
1099 1608 1380 1678 ronjngem
1407 1608 1577 1676 ipsius
1607 1609 1890 1669 Severam,
1915 1607 2081 1660 alios-

502 1721 609 1774 que
637 1703 945 1773 complurcs
977 1702 1145 1762 dedit,
1178 1716 1300 1770 qua:
1329 1700 1558 1770 sparsim
1611 1701 1662 1754 in
1695 1715 1759 1754 eo
1797 1699 1936 1754 libro
1975 1699 2080 1754 Eu-

502 1799 638 1853 sebii
678 1797 793 1852 suis
821 1796 1154 1861 temporibus
1188 1795 1557 1864 assignantur.

574 1891 638 1948 Il.
671 1889 1035 1958 Telraplorum
1062 1898 1117 1943 et
1147 1887 1532 1958 llexaplorum.
1573 1904 1802 1958 quorum
1843 1888 2078 1943 mentio-

2187 677 2408 739 clinata,
2460 677 2686 730 Athenis
2731 687 2787 731 et
2837 678 3097 733 Caesarea:
3142 681 3414 735 Stratonis
3445 680 3661 746 all’ecta,
3706 700 3769 737 ac

2188 768 2314 841 Tyri
2351 770 2568 823 demum
2599 772 2837 825 arbitror
2871 772 3041 826 fuisse
3086 772 3345 842 perfecta.
3401 773 3478 827 lta
3531 774 3769 830 Eusebio

2187 862 2512 916 conciliatur
2558 863 2928 933 Epiphanius,
2988 879 3219 934 quorum
3272 868 3360 920 ille
3405 868 3640 937 aliquam
3711 869 3765 922 in

2183 957 2570 1011 concinnandis
2587 956 2838 1024 Ilexaplis
2858 959 3194 1013 Alexandria:
3205 975 3425 1028 operam
3449 962 3517 1016 ab
3537 960 3768 1029 Origene

2185 1049 2414 1115 positam
2442 1047 2658 1102 videtur
2687 1050 3032 1119 signiﬁcare;
3068 1053 3155 1106 hic
3185 1051 3313 1126 Tyri
3347 1054 3514 1110 fuisse
3543 1071 3764 1126 compo-

2185 1142 2287 1194 sita
2323 1153 2513 1208 aperte
2547 1146 2740 1204 docet;
2771 1143 2912 1213 qttod
2945 1147 3017 1197 ita
3056 1147 3462 1213 intelligendum
3505 1157 3623 1212 est,
3658 1164 3763 1203 non

2185 1231 2314 1303 Tyri
2343 1233 2516 1288 solum
2549 1249 2611 1288 ea
2631 1234 2945 1291 elaborasse
2969 1238 3283 1308 Origencm,
3309 1239 3402 1294 sed
3427 1243 3478 1294 in
3510 1241 3576 1296 iis
3600 1242 3763 1296 etiam

2185 1326 2337 1387 locis,
2386 1328 2437 1380 in
2481 1327 2682 1396 quibus
2704 1338 2824 1382 octo
2859 1339 2913 1382 et
2943 1330 3131 1400 viginti
3174 1342 3298 1385 ante
3335 1342 3564 1386 mortem
3605 1332 3766 1387 annis

2187 1429 2434 1474 versatus
2465 1430 2572 1484 est,
2603 1435 2739 1488 quos
2785 1419 2912 1491 Tyri
2979 1432 3281 1478 transactos
3329 1439 3610 1493 perperam
3639 1424 3766 1494 Epi-

2185 1512 2420 1580 phanius
2451 1514 2704 1568 credidit.
2727 1512 2934 1568 Firmat
2955 1527 3194 1570 nostram
3227 1517 3594 1587 conjecturam
3619 1521 3762 1588 quod

2185 1591 2262 1659 ait
2323 1605 2586 1661 Eusebius
2619 1606 2712 1660 lib.
2751 1623 2801 1660 vt
2840 1606 3008 1671 Hist.,
3044 1625 3160 1677 cap.
3197 1607 3284 1672 Π,
3337 1609 3647 1680 Symmachi
3681 1610 3764 1664 in-

2185 1701 2634 1769 terpretationem
2709 1701 2760 1755 in
2823 1699 3034 1755 Juliana
3091 1702 3412 1757 bibliotheca
3474 1705 3762 1775 Origenem

2186 1796 2472 1862 reperisse.
2508 1793 2752 1850 Nondum
2787 1798 2969 1865 itaque
3002 1794 3242 1864 llexapla
3273 1797 3354 1852 vel
3378 1795 3621 1866 Telrapla
3635 1811 3766 1851 con-

2185 1891 2535 1956 cinnaverat,
2573 1906 2804 1958 quorum
2838 1905 2965 1957 pars
3000 1905 3191 1956 magna
3221 1888 3319 1942 fuit
3353 1889 3661 1960 Symmachi
3687 1889 3766 1942 ιιι-

503 2000 626 2040 nem
683 1983 813 2038 fecit
862 1982 1126 2037 Eusebius
1175 1982 1271 2036 lib.
1321 1998 1367 2036 vt
1439 1980 1646 2037 Hister.
1696 1998 1817 2050 cap.
1862 1981 1953 2046 16,
1986 1981 2073 2035 cui
2109 1975 2148 2028 Β
2181 1983 2514 2050 terpretatio.
2561 1982 2793 2036 Eusebio
2833 1982 3019 2035 itidem
3045 1982 3372 2051 astipulatur
3403 1981 3756 2052 Epiphanius,

500 2078 730 2148 tempori
750 2077 1084 2147 adiungenda
1101 2077 1171 2130 sit
1186 2075 1501 2145 descriptio,
1517 2084 1758 2130 statuere
1774 2084 2079 2143 promptum

499 2186 605 2224 non
639 2179 742 2224 est.
794 2167 1021 2223 Factqu
1076 2169 1129 2223 id
1186 2169 1499 2239 significare
1553 2169 1768 2222 videtur
1813 2167 2079 2222 Eusebius

499 2264 668 2319 multo
702 2273 995 2333 antequam
1057 2261 1382 2317 Alexandria
1432 2261 1694 2332 Origenes
1725 2261 2076 2322 excessisset,

499 2369 626 2413 tunc
671 2358 929 2411 nimirum
980 2371 1106 2411 cum
1157 2355 1502 2409 Ambrosium
1559 2356 1624 2407 ad
1659 2353 1860 2409 Christi
1918 2353 2078 2408 fidem

501 2453 876 2506 convertebat.
915 2449 1246 2517 Epiphanius
1272 2458 1450 2501 autem
1507 2446 1634 2518 Tyri
1681 2447 1960 2499 lueubrata
2013 2460 2076 2499 ea

501 2561 606 2600 non
635 2543 802 2600 semel
835 2543 1169 2597 asseveravit
1217 2541 1317 2611 (8).
1368 2541 1478 2610 Ego
1506 2556 1637 2594 vero
1673 2539 1817 2592 aliud
1850 2538 1928 2592 rei
1955 2538 2078 2592 huic

499 2649 713 2708 tempus
741 2636 963 2706 deputo,
986 2634 1206 2704 quando
1240 2633 1448 2688 scilicet
1467 2633 1810 2687 Christianos
1846 2639 2078 2686 vexante

499 2731 796 2786 Maximino
845 2731 1150 2784 Cresaream
1208 2727 1566 2795 Cappadocia:
1595 2727 1660 2779 ad
1695 2723 2074 2778 Firmilianum

498 2825 747 2893 confugit
796 2822 1078 2893 Origenes.
1135 2822 1177 2874 A
1224 2819 1443 2875 Juliana
1471 2819 1618 2874 enim
1650 2817 1950 2872 liberaliter
1979 2832 2077 2871 ex-

494 2934 684 2988 ceptus
714 2925 770 2972 et
819 2917 980 2971 domo
1030 2925 1084 2969 et
1132 2913 1456 2969 bibliotheca
1509 2928 1537 2965 a
1591 2911 1918 2983 Symmacho
1945 2909 2073 2964 olim

493 3018 776 3077 instructa,
798 3013 863 3067 ad
883 3031 999 3067 eam
1030 3013 1223 3068 deinde
1251 3010 1709 3078 ha'reditatisjure
1734 3011 2072 3073 transmissa,

493 3106 603 3180 (77)
627 3115 818 3162 nactus
847 3105 954 3160 illic
983 3115 1064 3160 est
1086 3106 1382 3174 Scriptura:
1396 3120 1562 3159 sacra:
1585 3103 1932 3173 exemplaria,
1953 3103 2076 3172 qui-

492 3203 591 3256 bus
617 3217 746 3256 usus
772 3200 945 3255 fuerat
963 3199 1340 3270 Symmachus.
1358 3196 1492 3251 Tum
1513 3211 1640 3251 vero
1658 3196 1870 3251 codices
1897 3197 2071 3265 ipsum

2184 2075 2312 2128 hair.
2370 2091 2518 2140 an,
2554 2090 2676 2145 cap.
2702 2075 2752 2138 5,
2794 2075 3084 2145 Origenent
3117 2073 3518 2128 lucubrationes
3559 2075 3759 2128 suasin

2182 2165 2547 2236 Scripturam,
2577 2167 2804 2236 impulsu
2836 2167 3108 2220 Ambrosii
3134 2175 3436 2235 susceptas,
3479 2167 3548 2220 ab
3576 2165 3760 2220 Hexa-

2180 2259 2282 2325 plis
2342 2260 2510 2315 fuisse
2561 2261 2898 2328 auspicatum
2933 2275 2947 2313 :
2983 2259 3056 2312 Τὸ
3095 2259 3332 2330 πρῶτον,
3370 2260 3564 2329 inquit,
3592 2258 3759 2312 αὐτοῦ

2178 2351 2456 2422 ἐπιμελῶς
2505 2351 2930 2423 ἐφιλοτιμήσατο
2967 2354 3294 2419 συναγαγεῖν
3320 2351 3429 2404 τῶν
3479 2350 3539 2418 ἒξ
3583 2354 3759 2424 ἑρμη-

2179 2444 2360 2501 νειῶν.
2386 2445 2548 2514 Atqui
2589 2455 2716 2499 tttnc
2747 2444 3010 2510 temporis
3038 2443 3382 2498 Alexandriae
3416 2446 3759 2498 versabatur.

2180 2535 2540 2605 Retorquebit
2571 2546 2953 2606 argumentum
2992 2535 3208 2605 aliquis,
3241 2547 3296 2591 et
3321 2537 3464 2591 dicet
3494 2537 3595 2590 hoc
3624 2546 3762 2592 tem-

2179 2644 2311 2698 pore
2341 2643 2436 2683 sex
2469 2629 2946 2698 interpretationes
2979 2632 3029 2685 in
3057 2647 3225 2686 unum
3251 2630 3508 2701 colligere
3532 2647 3637 2685 non
3664 2646 3762 2700 po-

2181 2722 2348 2775 tuisse
2375 2720 2691 2792 Origenem,
2748 2723 2836 2790 qui
2873 2724 3036 2778 etiam
3069 2733 3180 2778 tum
3230 2723 3540 2795 Symmachi
3587 2724 3758 2778 inter-

2177 2813 2502 2882 pretatione,
2557 2823 2614 2867 et
2668 2815 2907 2870 editione
2962 2827 3119 2872 sexta
3170 2828 3403 2874 careret.
3437 2817 3759 2888 Respondeo

2179 2901 3094 2974 Hexaplorumcoagmentationem
3151 2918 3332 2961 mente
3381 2908 3762 2978 praelornmsse

2178 2995 2352 3064 ipsum
2370 3010 2490 3049 cum
2508 3005 2653 3050 esset
2675 2995 3036 3064 Alexandriae,
3052 3012 3154 3052 non
3179 2998 3292 3068 ipsa
3321 3011 3760 3069 coagmentasse,

2176 3103 2298 3142 cum
2331 3088 2565 3142 nondum
2596 3090 2931 3158 exemplaria
2975 3091 3202 3146 haberet
3251 3093 3318 3147 ad
3367 3110 3622 3157 Inanum,
3659 3095 3758 3149 sed

2170 3177 2281 3246 jam
2306 3179 2430 3232 inde
2468 3178 2596 3246 ipsis
2624 3179 3012 3248 investigandis
3045 3195 3268 3248 operam
3304 3182 3539 3238 dedisse.
3572 3181 3759 3254 Itaque

492 3293 801 3349 conﬂixisse
831 3293 972 3346 inter
991 3307 1049 3345 se
1065 3290 1480 3358 etconjunxisse
1509 3289 1791 3360 probabile
1822 3299 1907 3343 est
1935 3305 1948 3340 :
1975 3289 2067 3343 sed

2177 3287 2280 3324 non
2309 3272 2435 3324 dicit
2463 3271 2813 3340 Epiphanius,
2831 3272 3160 3342 συνήγαγεν,
3194 3275 3307 3341 sed,
3336 3275 3760 3348 ἐφιλοτιμήσατο

491 3402 611 3441 cum
653 3386 958 3441 institutum
989 3400 1126 3453 opus
1157 3399 1254 3453 per
1291 3384 1567 3454 angustias
1592 3382 1853 3453 temporis
1873 3382 1944 3436 ibi
1971 3381 2066 3435 ab-

491 3480 699 3535 solvere
724 3496 826 3534 non
869 3488 1071 3548 posset,
1115 3492 1423 3545 supremam
1472 3475 1573 3543 ipsi
1612 3490 1830 3528 manum
1871 3475 1922 3528 in
1954 3476 2068 3528 otio

492 3574 656 3646 Tyrio
681 3573 1026 3642 impos-uisse.
1069 3569 1182 3624 Non
1219 3569 1361 3638 quod
1397 3570 1464 3623 de
1500 3569 1566 3622 iis
1587 3569 1857 3638 cogitasse
1880 3566 2070 3635 Orige-

491 3683 615 3722 nem
649 3676 760 3721 tum
809 3667 1044 3737 primum
1070 3675 1290 3735 putem;
1337 3665 1430 3718 sed
1458 3665 1798 3718 Alexandrim
1834 3663 2066 3718 fortasse

563 3784 859 3908 (8)1lgpiph.
895 3783 1097 3838 limes.
1132 3799 1277 3849 wa,
1335 3797 1455 3852 cap.
1487 3781 1520 3836 3
1553 3792 1608 3838 et
1648 3783 1742 3837 lib.
1797 3783 1872 3838 De
1919 3785 2078 3853 pond.

563 3873 611 3908 Ι).
727 3893 742 3908 ο
1678 3887 1681 3890 ·

491 3871 611 3911 can.
651 3857 742 3908 l8.
1678 3887 1681 3890 -

560 3873 886 3994 fmighcms
940 3924 1048 3978 illic
1077 3935 1152 3978 es!
1179 3923 1477 3991 Scriptum
1505 3887 1681 3977 sacrit.
1703 3923 2031 3992 exemplaria
2055 3965 2072 3990 ,

489 3993 678 4069 quibus
701 4012 826 4069 usus
865 3996 1038 4069 Ῑιιεεαι
1067 3995 1432 4069 Symmachus,
1458 4005 1564 4069 etc.
1589 4013 1613 4069 ¢_
1643 3993 1942 4069 verisimile
1965 4011 2074 4069 non

493 4064 727 4129 videtur,
765 4064 938 4135 inquit
961 4064 1360 4129 Tillemontius,
1398 4074 1510 4136 not.
1539 4065 1572 4119 9
1603 4065 1654 4118 in
1681 4064 1924 4136 Origen.,
1952 4065 2076 4120 Ori-

491 4155 680 4209 genem
714 4137 1028 4208 Symmachi
1057 4136 1364 4190 versionem
1403 4135 1472 4190 60
1519 4145 1649 4189 ante
1683 4135 1856 4190 annos
1891 4138 2074 4209 elabo-

493 4208 666 4264 ratam
724 4219 830 4262 tam
876 4223 1000 4261 sero
1046 4218 1263 4261 nactum
1288 4221 1432 4270 esse,
1466 4215 1755 4276 potestque
1788 4208 2074 4262 commode

492 4279 762 4334 Eusebius
795 4279 1023 4344 intelligi
1058 4288 1150 4330 aut
1175 4279 1240 4332 de
1294 4279 1410 4345 ipso
1462 4277 1771 4345 Symmachi
1812 4287 2074 4342 autogra-

494 4353 625 4420 pho,
665 4366 787 4402 nam
819 4365 884 4402 ex
912 4347 1026 4420 ipso
1065 4348 1394 4420 Symmacho
1432 4347 1560 4420 illud
1593 4345 1806 4420 Juliana
1843 4361 2072 4420 accepe-

494 4417 601 4483 rat,
654 4430 748 4472 aut
800 4419 866 4473 de
917 4417 1324 4474 Commentario
1371 4418 1607 4486 quodam
1655 4417 1966 4485 Symmachi
2017 4417 2070 4471 in

496 4488 862 4558 Scripturam,
894 4506 998 4543 non
1031 4491 1096 4542 de
1135 4488 1252 4554 eius
1283 4491 1550 4541 versione.
1606 4487 1682 4540 En
1713 4488 1824 4556 ipsa
1853 4487 2071 4541 Eusebii

493 4563 660 4616 verba
689 4560 781 4614 lib.
815 4575 862 4614 νι
902 4559 1063 4622 Hist.,
1104 4574 1226 4627 cap.
1258 4558 1321 4610 l7
1345 4577 1356 4612 :
1380 4559 1483 4628 ligat
1523 4558 1893 4628 ὑπομνήματα
1921 4559 2072 4628 Συμ-

498 4631 672 4702 μάχου
699 4630 864 4682 εἰσέτι
898 4631 991 4684 νῦν
1020 4624 1349 4702 φέρετἀιρῄὲν
1379 4624 1470 4702 οἷςΔ
1491 4624 1806 4702 δοκεῖίπρδς
1831 4627 1904 4702 ⁸το
1927 4624 2070 4702 καὲῄὰ

490 4698 769 4756 Μαὲἐθαῖον
803 4698 1218 4770 ἀποτεινόμενος
1243 4699 1594 4770 Εὑαγγέλιον,
1621 4698 1722 4768 τὴν
1767 4698 2062 4770 ἂδηλωμέ·

491 4791 590 4842 νην
619 4773 831 4844 αἵρεσιν
875 4769 1182 4844 κρατύνειν.
1221 4770 1404 4844 Ταῦτα
1441 4769 1500 4822 δὲ
1529 4769 1880 4844 ὁῄόριχένης
1933 4771 2072 4844 μετὰ

492 4839 588 4898 καὶ
615 4839 790 4896 ἄλλων
824 4839 1034 4906 sistit;
1074 4839 1298 4912 Γραφὰς
1329 4839 1634 4912 ἑρμηνειῷν
1649 4839 1741 4912 τοῦ
1771 4839 2070 4910 Σύμμᾶχου

493 4913 748 4985 σημαίνει
794 4910 1282 4985 παρὲξ-Ἰουλιανῆς
1328 4910 1933 4985 τινοςΑ-εξληφέναι-ηῆν
1965 4913 2070 4985 *καί

493 4981 623 5056 φῄσι
653 4985 780 5053 παρ’
804 4981 969 5038 αἱ)ξοῦ
1004 4983 1298 5054 Συμμὰχου
1320 4983 1426 5056 ςεὰς
1465 4981 2069 5056 βίϐλουςγδ-ιαδέξασθαιο

493 5053 798 5108 -ὲὲιέκειιιιιι
827 5071 980 5110 certe
995 5057 1291 5124 etiamnum
1308 5054 1694 5124 Conmientarii
1727 5053 2066 5124 Symmachi.

494 5129 548 5182 in
603 5127 802 5195 quibus
867 5123 1156 5195 Evangelii)
1207 5125 1505 5177 secumlnm
1545 5121 1857 5177 Matthtnutn
1906 5123 2067 5195 nixus

496 5194 852 5251 memoratum
874 5194 1294 5266 (Ebionitarnm)
1328 5195 1575 5248 haeresim
1602 5205 1924 5266 prOpngnat.
1957 5194 2066 5250 Hos

493 5277 675 5320 autem
707 5264 968 5336 Origenes
995 5281 1117 5320 cum
1147 5265 1267 5319 aliis
1304 5265 1618 5336 Symmachi
1644 5265 1707 5336 in
1751 5264 2066 5333 Scripturas

497 5333 1063 5404 interpretationibus,
1116 5333 1359 5390 testatur
1379 5350 1438 5389 se
1485 5350 1515 5388 a
1567 5333 1780 5404 Juliana
1826 5341 2062 5402 quadam

497 5403 794 5476 accepisse,
831 5410 896 5460 ad
923 5423 1085 5476 quam
1118 5407 1153 5460 ii
1178 5407 1299 5461 libri
1328 5406 1396 5459 ab
1427 5405 1545 5474 ipso
1583 5403 1914 5476 Symmacho
1941 5421 2065 5461 suc-

496 5479 758 5532 cessionis
785 5479 906 5546 jure
958 5486 1418 5546 perveneranh—
1449 5477 1507 5531 Si
1535 5477 1823 5547 ἑρμηνεῖαι
1855 5477 2065 5544 possint

499 5548 586 5602 hic
634 5549 702 5599 de
727 5549 1128 5602 Commentario
1155 5547 1401 5618 intelligi,
1436 5554 1580 5615 quod
1618 5563 1885 5601 nennnem
1935 5561 2064 5616 puto

496 5627 840 5685 negaturum,
889 5629 947 5672 ut
982 5620 1059 5671 sic
1090 5621 1192 5671 hoc
1229 5619 1346 5672 loco
1377 5618 1706 5686 intelligatur
1740 5619 1931 5671 suadet
1960 5634 2058 5672 vox

493 5689 692 5749 ἄλλων,
715 5690 854 5750 aliis,
878 5691 943 5741 ah
972 5688 1203 5742 Eusebio
1233 5689 1496 5742 adhibita.
1529 5706 1548 5739 ι
1582 5690 1714 5754 Quae
1739 5704 1864 5741 cuin
1904 5690 1977 5741 ita
2004 5705 2062 5742 se

494 5759 749 5820 habeant,
768 5762 898 5812 nihil
925 5770 1070 5811 vetat
1092 5760 1381 5828 Origenem
1413 5758 1647 5824 Hexapla
1664 5773 1916 5828 exorsum
1939 5773 2060 5812 esse

497 5839 621 5880 ante
648 5843 847 5880 annum
862 5828 992 5891 2'55,
1015 5844 1122 5895 quo
1153 5825 1211 5880 in
1235 5829 1572 5896 Cappadocia
1610 5830 1749 5896 apttd
1785 5825 2056 5882 Julianatn

496 5899 665 5950 latere
686 5896 915 5965 coepisse
945 5900 1202 5951 creditur.
1239 5895 1478 5960 llexapla
1503 5912 1600 5950 sua
1637 5895 1822 5965 aperte
1851 5914 2058 5952 memo-

498 5981 582 6020 rut
617 5967 669 6020 in
705 5964 948 6024 Epistula
991 5967 1058 6018 ad
1104 5966 1440 6029 Africanum,
1493 5964 1918 6029 quant’cerlum
1975 5977 2059 6022 est

2171 3364 2514 3431 συναγαγεῖν.

2242 3475 2353 3546 (l0)
2379 3475 2624 3529 Perfecto
2673 3475 3031 3546 Ifexaplorum
3059 3495 3244 3550 opere,
3297 3491 3358 3536 ut
3389 3484 3754 3542 studiosorum

2168 3572 2472 3640 sumptibus
2517 3580 2574 3624 et
2619 3587 2796 3637 opera!
2825 3575 3130 3628 consuleret
3163 3573 3446 3644 Origenes,
3494 3578 3559 3628 ad
3609 3595 3761 3633 cont-

2169 3665 2437 3735 pingenda
2508 3662 2754 3734 Tetrapla
2837 3665 3076 3720 animum
3143 3669 3437 3723 convertit.
3492 3669 3760 3725 Eusebius

2191 3783 2518 3838 Nicomediic
2543 3783 2796 3853 scriptam
2829 3798 2970 3852 esse,
3008 3801 3239 3855 cumque
3271 3786 3353 3842 bis
3393 3787 3446 3842 in
3480 3787 3749 3844 Graeciam

2189 3856 2290 3928 iter
2324 3855 2642 3928 instituerit,
2693 3855 2958 3928 alterutro
3005 3858 3200 3911 itinere
3230 3857 3602 3928 Nicomediam
3651 3876 3750 3928 pe-

2187 3926 2344 3979 tiisse
2371 3936 2424 3978 et
2449 3925 2738 3996 epistolam
2758 3925 2972 3980 dedisse
2995 3928 3230 3980 videtur.
3267 3925 3758 3996 Tilleniontins'po-

2180 3998 2283 4049 tius
2301 3997 2472 4065 primo
2493 3995 2706 4057 itinere,
2730 3995 2778 4048 id
2797 4007 2879 4048 est
2893 4012 3035 4050 anno
3053 3997 3182 4062 228,
3201 4014 3359 4064 quam
3380 3995 3758 4053 si-cnndoduo-

2175 4068 2695 4132 derintpostannos,
2719 4065 2770 4136 id
2800 4067 3095 4136 contigisse
3129 4079 3302 4136 putat.
3328 4069 3427 4122 Ituc
3457 4084 3563 4121 uno
3593 4072 3754 4125 nixus

2175 4147 2494 4203 argumento
2509 4137 2650 4204 quod
2675 4135 3351 4208 AfricanusOrigcnemlilii
3369 4141 3584 4193 nomine
3602 4157 3752 4194 coni-

2177 4209 2355 4272 pellet,
2380 4210 2541 4278 At|nnd
2568 4208 2748 4278 aptius
2773 4209 2837 4259 ad
2865 4211 3122 4276 primum,
3148 4225 3312 4278 quam
3341 4213 3406 4261 ad
3448 4213 3749 4264 secundum

2177 4279 2280 4331 iter
2313 4275 2613 4329 referatur.
2655 4275 2762 4330 Sed
2796 4275 2912 4329 viro
2951 4275 3181 4331 summo'
3213 4279 3642 4333 Montefalconio
3696 4283 3749 4334 id

2178 4362 2284 4400 non
2325 4347 2459 4400 tanti
2493 4361 2614 4401 esse
2649 4349 2905 4400 momenti
2957 4350 3190 4402 videtur.
3229 4367 3248 4399 ι
3286 4349 3416 4402 Nam
3451 4351 3750 4405 verisimile

2173 4426 2275 4480 est,
2310 4418 2483 4484 inquit
2515 4432 2634 4486 pag.
2689 4417 2756 4470 15
2818 4418 3175 4472 l'rzelituinar.
3228 4421 3278 4473 in
3318 4417 3579 4486 Πριαμί,
3627 4423 3749 4477 ideo

2177 4489 2344 4540 lilium
2380 4502 2746 4555 nuncupasse,
2785 4490 2908 4555 quia
2948 4491 3104 4557 longe
3155 4491 3332 4544 minor
3375 4500 3535 4546 aetate
3579 4502 3747 4547 erat:

2173 4574 2294 4631 quze
2329 4560 2467 4611 ratio
2501 4567 2607 4631 tam
2647 4560 2696 4631 in
2729 4561 2923 4631 primo,
2955 4575 3119 4627 quam
3149 4562 3201 4614 in
3232 4562 3469 4615 secundo
3497 4563 3748 4631 Origenis

2178 4629 2375 4683 itinere
2407 4644 2502 4695 par
2539 4629 2679 4681 haud
2722 4629 2882 4682 dubie
2931 4641 3070 4683 erat.
3115 4631 3226 4685 Nec
3271 4633 3466 4685 desunt
3500 4629 3748 4700 exeiupla

2175 4701 2374 4768 quibus
2413 4701 2462 4751 id
2490 4700 2862 4753 confirmetur.
2903 4700 3166 4755 Eusebius
3201 4704 3347 4755 enim
3386 4702 3748 4758 Vercellensis

2178 4770 2489 4840 Dionysium
2528 4769 3002 4842 Mediolaneusem
3035 4773 3371 4840 episcopum,
3426 4782 3587 4828 aetate
3630 4775 3746 4842 jam

2175 4851 2466 4912 niatnrnnr
2507 4841 2879 4908 dignitateque
2931 4846 3304 4908 conspicuum,
3351 4861 3409 4896 se
3443 4841 3751 4912 tanten’ju-

2175 4917 2406 4976 nioreni,
2442 4910 2610 4965 filiuni
2643 4912 2970 4978 compellare
3001 4915 3095 4965 sole
3119 4913 3231 4966 bat.
3263 4933 3280 4965 ι
3310 4914 3442 4967 Cntn
3473 4930 3604 4980 ergo
3633 4910 3750 4968 cer-

2175 4992 2284 5034 tnnt
2321 4999 2424 5034 non
2455 4983 2524 5034 sit
2550 4982 2723 5049 pritno
2757 4983 2977 5051 ttinere,
3024 4983 3126 5036 line
3171 4994 3254 5037 est
3279 5001 3420 5036 anno
3451 4984 3582 5048 2'28,
3610 4984 3744 5051 Ept-

2170 5055 2355 5106 slolam
2386 5054 2453 5105 ad
2484 5053 2790 5122 Africanum
2809 5049 3132 5106 Nicomediae
3154 5057 3411 5122 scriptam
3436 5071 3576 5118 esse,
3599 5049 3745 5111 nulla

2173 5126 2309 5175 ratio
2336 5135 2418 5176 est
2439 5120 2537 5176 cur
2566 5125 2690 5176 inde
2720 5120 2960 5188 "exopta
3009 5135 3136 5177 ante
3166 5120 3307 5178 hunc
3343 5142 3543 5178 annutn
3575 5130 3742 5179 ador-

2171 5203 2297 5263 nata
2325 5193 2726 5247 existimentur.
2755 5193 2807 5244 Id
2833 5209 2994 5244 nnnm
3040 5195 3329 5249 verisimile
3356 5207 3508 5263 putat
3537 5195 3744 5250 Monte-

2171 5262 2461 5326 lalconius,
2516 5281 2535 5314 ι
2599 5263 2890 5330 Origenem
2952 5263 3202 5330 llexaplis
3251 5262 3478 5319 edendis
3521 5283 3740 5333 manuni

2170 5335 2476 5388 admovisse
2521 5345 2806 5402 postquam
2833 5346 3040 5387 sextam
3073 5336 3368 5389 editionem
3410 5350 3689 5404 repererat
3723 5355 3737 5390 :

2171 5407 2367 5471 reperit
2395 5414 2598 5470 autem,
2626 5405 2926 5473 Epiphanio
2965 5415 3120 5466 teste,
3148 5423 3288 5459 anno
3316 5407 3610 5461 Alexandri
3639 5409 3741 5462 Se-

2168 5480 2277 5528 veri
2325 5476 2578 5544 septimo,
2609 5475 2658 5528 id
2691 5486 2774 5527 est
2815 5476 3012 5529 Christi
3039 5476 3168 5530 228.
3206 5479 3270 5530 Et
3301 5479 3425 5545 quia
3450 5479 3646 5531 abhinc
3668 5484 3737 5531 ad

2165 5561 2364 5597 annum
2389 5546 2516 5605 251,
2541 5546 2958 5612 qnuCzcsareaut
2985 5561 3044 5599 se
3063 5550 3282 5616 recepit.
3311 5564 3413 5600 non
3451 5557 3533 5600 Sal
3562 5550 3656 5601 otii
3683 5563 3738 5602 et

2164 5619 2432 5668 commodi
2474 5617 2723 5669 habuisse
2749 5617 2982 5679 videtur,
3013 5626 3069 5668 ιιι
3097 5629 3205 5670 tant
3239 5621 3463 5670 ardnatn
3501 5634 3611 5671 rein
3644 5636 3736 5672 διι-

2164 5687 2419 5751 sciperet.
2466 5699 2767 5754 Opportune
2798 5689 2848 5739 in
2880 5703 3079 5740 annum
3125 5688 3252 5751 251,
3305 5704 3428 5741 cunt
3470 5689 3737 5745 Caesarea:

2164 5767 2367 5824 ageret,
2403 5755 2763 5826 μεωσῳιοιιιιιι
2790 5773 2924 5826 opus
2947 5758 3259 5813 remittitur.
3305 5777 3327 5811 ι

2234 5827 2347 5894 (10)
2392 5825 2634 5895 Perfecto
2674 5825 3038 5896 llexaplornm
3083 5845 3260 5897 opere,
3288 5839 3344 5882 ut
3373 5831 3734 5886 studiosorum

2161 5899 2450 5970 sumptibus
2484 5911 2529 5950 et
2563 5897 3055 5970 operteronsuleret
3095 5902 3370 5970 Origenes,
3395 5904 3462 5953 ad
3492 5909 3730 5970 compin-

2163 5973 2329 6031 gcndu
2378 5967 2624 6035 Tetrapla
2673 5968 2908 6022 animum
2951 5967 3226 6025 convertit.
3271 5969 3472 6028 liuetio
3521 5967 3732 6037 prtetvit
