4152 6450
486 411 618 467 1307

1742 411 1805 470 P.
1845 408 2162 465 DANIELIS
2201 408 2431 467 I'IUETII

3578 406 3717 463 1968

479 544 652 587 tartos
711 532 765 584 in
831 528 1067 585 Genesim
1094 575 1106 593 ,
1168 540 1453 599 antequam
1510 529 1677 585 libros
1736 529 1877 598 Περὶ
1935 529 2039 597 ἀρ·
2070 532 2115 588 Α
2146 527 2293 581 ribus
2322 528 2612 599 explanare
2645 527 2986 583 tentavirnus.
3039 545 3057 578 ι
3090 524 3173 579 An
3208 538 3337 580 vero
3366 524 3718 580 Commenta-

476 624 601 696 χῶν
644 634 1015 691 componeret,
1061 632 1113 677 et
1146 637 1212 677 ex
1259 621 1490 677 Eusebio
1537 621 1856 692 intelligitur
1907 618 2045 691 (ll).

476 730 530 772 et
560 716 726 771 multo
756 717 927 786 magis
982 730 1049 769 ex
1100 714 1335 785 Origene
1392 715 1528 784 ipso,
1558 716 1648 784 qui
1676 713 1855 770 libros
1903 713 2045 782 Περὶ

480 807 689 878 ἀρχῶν
715 823 836 877 cap.
865 809 920 871 5,
946 823 1094 864 num.
1145 807 1200 869 3.
1222 818 1278 861 et
1303 807 1396 860 lib.
1441 822 1502 871 it,
1535 823 1655 875 cap.
1693 807 1747 870 3,
1801 823 1945 862 num.
1990 806 2044 873 6,

480 900 612 955 istos
640 902 770 955 citat
796 898 1249 955 Commentarios.
1281 898 1425 953 Idem
1466 908 1645 952 tamen
1682 898 1820 953 libro
1845 914 1883 958 ι.
1924 912 2044 967 cap.

475 992 530 1058 ε,
569 1008 715 1046 num.
764 991 820 1055 6,
866 991 981 1045 haec
1031 988 1194 1043 habet
1232 1005 1245 1041 :
1308 1007 1328 1040 ι
1359 987 1495 1043 Ρυιο
1535 1003 1664 1058 ergo
1696 1002 1851 1056 posse
1882 985 2047 1057 priori

475 1084 689 1152 quidem
713 1081 960 1153 exemplo
997 1080 1176 1149 aptari
1206 1095 1329 1134 eum
1360 1080 1451 1149 qui
1486 1079 1549 1132 ad
1575 1078 1859 1148 imaginem
1896 1086 1952 1133 et
1974 1076 2050 1131 sin

479 1174 834 1229 militudinem
885 1176 976 1231 Dei
1008 1175 1186 1232 factus
1227 1188 1333 1244 est,
1370 1178 1663 1244 hominem,
1691 1177 1756 1232 de
1790 1191 1899 1248 quo
1928 1174 2050 1231 dili-

476 1266 709 1336 gentius,
745 1267 958 1321 favente
1005 1268 1141 1333 Deo,
1165 1284 1288 1333 cum
1331 1268 1507 1323 locum
1539 1269 1710 1337 ipsum
1756 1268 1809 1321 in
1851 1265 2045 1322 Genesi

474 1372 749 1427 exponere
800 1358 1147 1428 emperimus,
1181 1360 1509 1414 videbimus.
1544 1378 1565 1411 ι
1597 1358 1735 1424 Quid
1765 1358 1929 1427 ergo?
1978 1371 2045 1410 an

482 1446 599 1501 haec
643 1463 673 1500 a
704 1447 963 1512 librariis,
995 1464 1062 1502 an
1093 1450 1161 1503 ab
1202 1449 1500 1520 interprete
1535 1450 1723 1504 vitiata
1767 1448 2049 1503 dicemus?

474 1555 544 1593 an
576 1538 681 1594 alia
732 1542 974 1608 quaedam
1014 1543 1068 1595 in
1115 1542 1371 1597 Genesim
1408 1543 1721 1597 meditatum
1753 1541 1919 1596 fuisse
1948 1541 2049 1595 lin-

478 1646 666 1699 gentus
712 1632 1025 1702 Origenem,
1076 1649 1199 1689 cum
1271 1635 1386 1689 haec
1434 1635 1741 1691 scriberet?
1786 1634 2045 1703 Equidem

479 1724 675 1781 haereo.
712 1723 788 1782 Ex
818 1723 953 1778 libro
979 1740 1194 1795 quoque
1227 1724 1304 1779 De
1344 1728 1584 1782 oratione
1614 1743 1762 1781 num.
1800 1726 1891 1789 23,
1922 1742 2043 1797 pag.

475 1812 604 1878 255,
667 1815 1042 1885 cognoscimus
1091 1817 1353 1885 scriptum
1410 1817 1554 1872 hunc
1595 1833 1715 1872 esse
1746 1818 1907 1873 editis
1935 1819 2045 1887 jam

476 1901 894 1959 Commentariis
923 1907 979 1958 in
997 1904 1258 1961 Genesim.
1277 1908 1680 1975 Expositionum
1706 1911 1761 1963 in
1785 1909 2051 1977 Exortum,

479 1994 535 2046 in
564 1992 874 2059 Leviticum,
897 2006 950 2050 et
974 1998 1030 2051 in
1063 1995 1324 2052 Numeros
1354 2000 1498 2053 nulla
1528 2001 1580 2054 in
1608 2011 1765 2059 sexto
1794 2001 2055 2056 Eusebia-

481 2097 565 2138 tta:
594 2081 846 2137 Historia?
878 2087 1132 2139 memoria
1174 2105 1187 2140 ε
1222 2102 1317 2141 eas
1339 2103 1462 2143 esse
1500 2091 1828 2145 vetustiores
1870 2091 2054 2146 decem

478 2174 844 2229 voluminibus
863 2174 1398 2232 Commentariorum
1428 2180 1482 2232 in
1510 2178 1786 2234 Canticum
1827 2182 2057 2235 cantico-

480 2283 597 2319 rum
628 2266 744 2320 haec
782 2266 1030 2333 Origenis
1054 2266 1385 2335 patefaciunt
1407 2269 1566 2323 verba
1605 2285 1669 2324 ex
1701 2271 1793 2325 lib.
1835 2286 1853 2325 ι
1896 2270 2058 2326 Cont-

480 2368 674 2413 ment..
698 2356 1000 2418 inflantia,
1020 2373 1143 2425 pag.
1166 2357 1234 2412 38
1258 2377 1270 2414 :
1297 2378 1316 2411 ι
1352 2360 1426 2414 De
1454 2376 1563 2429 quo
1594 2361 1804 2429 plenius
1834 2362 1886 2416 in
1918 2362 2059 2418 libro

480 2448 745 2511 Levitico,
775 2462 937 2519 prout
968 2453 1225 2506 Dominus
1250 2451 1314 2506 da
1325 2467 1382 2506 re
1403 2452 1658 2520 dignatus
1678 2465 1782 2521 est,
1803 2454 2057 2522 exposui-

482 2557 636 2607 mus;
701 2560 722 2594 ι
761 2553 815 2595 et
845 2544 943 2596 ista
964 2557 995 2595 e
1034 2540 1281 2612 Prologo,
1311 2558 1434 2612 pag.
1467 2542 1569 2597 33:
1605 2561 1623 2593 ι
1659 2542 1764 2597 Sed
1791 2545 2058 2613 quomodo

480 2631 731 2691 differant
759 2650 787 2686 a
823 2632 1028 2688 sanctis
1064 2633 1261 2688 Sancta
1285 2644 1595 2689 sanctorum
1620 2636 1671 2690 in
1708 2635 1915 2702 Exodo,
1940 2636 2054 2708 (I3)

480 2734 536 2776 et
564 2724 831 2793 quomodo
870 2721 1116 2779 dill'erant
1141 2740 1302 2794 opera
1344 2727 1412 2780 ab
1441 2726 1697 2797 operibus
1734 2741 1955 2798 Operam
2002 2729 2054 2782 in

482 2812 843 2869 Numerorum
902 2814 1075 2880 libro,
1126 2816 1465 2881 tractatibus,
1523 2825 1687 2886 prout
1760 2819 2056 2888 potuimus,

483 2908 687 2961 tticltttn
732 2919 817 2963 est
843 2924 871 2966 a
923 2909 1097 2968 nobis.
1131 2929 1150 2960 ι
1191 2908 1311 2976 Quo
1349 2917 1593 2978 tempore
1635 2919 1817 2964 autem
1872 2907 2059 2965 Canti-

480 3014 605 3053 cum
629 2998 1001 3069 explanaverit
1029 3016 1154 3056 mox
1191 3000 1503 3055 viderimus.
1529 3000 1642 3072 (15)
1679 2999 2060 3070 Expositiones

481 3093 536 3143 in
591 3090 876 3146 Levitx'cum
926 3093 1111 3148 laudat
1180 3093 1375 3148 iterum
1453 3091 1716 3161 Origenes
1762 3091 1941 3146 Iib.lx
2001 3093 2057 3147 in

2150 623 2213 675 rii
2269 622 2325 676 in
2364 621 2631 686 Exodum,
2680 623 2734 674 iu
2784 618 3070 674 Leoiticum
3123 627 3180 673 et
3226 620 3279 673 in
3322 617 3585 673 Numeros
3632 619 3718 673 his

2152 714 2452 784 signentur,
2488 730 2555 769 an
2580 712 2845 779 Homiliaa,
2876 729 2980 769 non
3014 714 3147 768 satis
3174 721 3418 781 apparet.
3460 711 3536 765 De
3556 725 3717 765 enar-

2148 806 2451 861 rationibus
2493 805 2888 861 Deuterouomii
2938 802 3101 857 altum
3131 803 3270 872 apud
3310 802 3598 856 Eusebium
3641 802 3719 856 si-

2154 896 2401 953 Ientium.
2428 895 2779 950 Recentiores
2806 896 2923 949 illas
2952 909 3073 949 esse
3102 895 3311 960 reperio
3329 891 3722 961 posterioribus

2149 989 2309 1044 tomis
2338 988 2394 1042 in
2426 985 2688 1040 Joannem
2719 1002 2737 1040 :
2780 985 2860 1039 sic
2892 987 3035 1039 enim
3058 983 3248 1039 scribit
3284 982 3543 1053 Origenes
3574 991 3721 1041 temo

2147 1097 2300 1137 xxxii
2329 1080 2385 1133 in
2409 1079 2593 1145 Joan.,
2641 1094 2792 1132 num.
2823 1078 2913 1144 tl,
2952 1091 3116 1146 super
3154 1076 3550 1133 Deuteronomii
3596 1091 3718 1146 cap.

2147 1188 2212 1233 II.
2241 1186 2384 1226 vers.
2420 1170 2489 1226 50
2515 1186 2529 1222 :
2569 1168 2726 1223 Ἀλλὰ
2749 1167 2817 1223 τὰ
2863 1168 2993 1240 περὶ
3022 1168 3121 1239 μὲν
3156 1168 3369 1231 τούτου.
3395 1167 3724 1240 οἰκειότερον

2151 1265 2211 1316 ὲν
2237 1264 2349 1326 τοῖς
2373 1263 2453 1325 εἰς
2475 1260 2537 1314 τὸ
2558 1260 2973 1333 Δευτερονόμιον
3007 1259 3316 1332 ἐξετασθείη
3341 1261 3426 1315 ἄν.
3456 1260 3725 1316 Posterio-

2156 1353 2306 1407 ribus
2335 1362 2514 1406 autem
2562 1351 2911 1405 in‘Joannem
2962 1352 3121 1405 tomis
3160 1365 3317 1405 suum
3342 1354 3475 1405 ‘mox
3512 1361 3722 1420 tempus

2148 1444 2529 1514 praeliniemus.
2550 1443 2618 1497 At
2639 1443 2966 1498 vetustiores
2987 1442 3204 1498 luerunt
3220 1444 3595 1500 enarrationes
3615 1444 3719 1499 illa)

2148 1536 2550 1591 Deuteronomii
2586 1534 2831 1589 llomiliis
2858 1535 2911 1588 in
2951 1532 3148 1587 Lucani
3175 1549 3195 1589 :
3229 1534 3298 1589 de
3327 1535 3393 1589 iis
3413 1535 3608 1604 quippe
3640 1536 3723 1590 sic

2147 1628 2406 1699 Origenes
2422 1626 2609 1681 homil.
2636 1625 2669 1680 8
2700 1628 2753 1679 in
2788 1622 2957 1683 Lua:
2998 1643 3017 1675 ο
3050 1624 3262 1679 Memini
3285 1626 3553 1694 quondam
3581 1626 3722 1680 ουν..

2150 1721 2501 1777 teronomium
2533 1720 2902 1781 disserentem,
2925 1716 3124 1772 dixisse
3154 1731 3259 1775 me.
3281 1736 3300 1769 ι
3319 1727 3449 1778 etc.,
3474 1716 3584 1789 (14)
3605 1733 3724 1787 qtae

2153 1827 2257 1865 non
2308 1810 2449 1865 aliud
2498 1810 2850 1879 expositionis
2894 1823 3082 1881 genus,
3130 1823 3291 1877 quam
3352 1810 3721 1866 homileticum

2158 1902 2412 1955 videntur
2442 1901 2707 1957 iudicare.

2225 1995 2581 2051 Observatum
2614 2005 2697 2049 est
2723 1992 2953 2049 Eusebio
2975 1991 3405 2050 Commentarios
3449 1994 3502 2049 in
3535 1993 3725 2066 viginti

2154 2091 2395 2160 quinque
2420 2090 2630 2158 priores
2668 2087 2905 2156 psalmos
2931 2085 3270 2141 Alexandria:
3284 2086 3566 2157 degentem
3584 2087 3727 2141 Ada-

2157 2178 2417 2235 mantium
2441 2178 2693 2234 edidisse.
2719 2176 2833 2246 Ipse
2863 2192 2992 2233 vero
3024 2176 3287 2248 Origenes
3326 2186 3471 2234 tomo
3513 2195 3528 2233 I
3558 2178 3726 2233 Com-

2157 2281 2386 2327 mentar.
2415 2271 2471 2325 in
2508 2268 2678 2336 Epist.
2708 2273 2776 2323 ad
2820 2267 2973 2325 Rom.
3020 2284 3173 2324 num.
3209 2270 3263 2334 3,
3296 2280 3410 2325 n0t.
3443 2287 3565 2341 pag.
3592 2273 3724 2337 464,

2158 2365 2395 2419 futurum
2447 2362 2766 2432 pollicetur,
2822 2369 2883 2414 ut
2944 2361 3211 2429 psalmum
3272 2376 3381 2416 LVII
3439 2362 3729 2430 aliquando

2156 2462 2409 2509 enarret:
2433 2461 2488 2508 et
2504 2452 2641 2505 libro
2667 2460 2844 2503 tamen
2866 2460 3059 2518 quarto
3078 2449 3130 2503 in
3153 2451 3399 2505 eamdem
3431 2450 3724 2522 Epistolam

2160 2561 2309 2603 num.
2340 2544 2395 2608 2,
2413 2559 2534 2615 pag.
2567 2544 2696 2608 523,
2715 2543 2949 2613 psalmos
2978 2559 3097 2601 sese
3126 2545 3533 2612 interpretatum
3561 2544 3727 2602 fuisse

2159 2637 2397 2691 declarat
2432 2655 2445 2691 :
2477 2636 2569 2691 sed
2596 2637 2681 2691 hic
2715 2635 2946 2691 fortasse
2976 2644 3154 2691 tomos
3180 2636 3465 2705 intelligit;
3490 2636 3600 2691 illic
3623 2636 3727 2691 bo-

2161 2729 2339 2783 milias
2370 2728 2454 2785 vel
2493 2727 2719 2783 scholia.
2749 2727 2821 2780 At
2856 2727 3073 2784 homilia
3102 2728 3169 2782 15
3190 2731 3244 2781 in
3270 2728 3456 2793 Iosue,
3483 2744 3632 2783 num.
3668 2728 3726 2795 6,

2160 2819 2460 2890 explicasse
2508 2834 2568 2874 se
2620 2816 2891 2886 signiﬁcat
2939 2819 3205 2890 psalmum
3236 2818 3622 2885 centesimum;
3672 2829 3729 2875 et

2161 2912 2380 2967 homilia
2401 2912 2466 2966 I5
2488 2914 2542 2965 in
2583 2910 2825 2975 Levitic.,
2855 2928 3003 2967 num.
3025 2913 3082 2979 2,
3113 2912 3356 2968 meminit
3375 2913 3730 2981 expositionis

2159 3021 2269 3061 sua!
2285 3009 2338 3060 in
2357 3005 2616 3076 psalmum
2631 3020 2817 3059 cxvm.
2839 3004 3192 3075 Hieronymus
3211 3007 3262 3060 in
3282 3006 3551 3061 Prooemio
3565 3006 3729 3061 Com~

2159 3104 2339 3151 menta
2348 3096 2549 3150 riorum
2567 3111 2785 3151 suorum
2806 3096 2862 3150 in
2877 3097 3100 3150 Abdtam
3118 3097 3306 3153 scribit
3318 3095 3727 3166 Espositionem

486 3181 661 3253 Epist.
685 3187 754 3239 ad
777 3183 929 3239 Rom.
958 3201 1080 3240 cum
1100 3187 1176 3239 ait
1207 3200 1356 3237 num.
1390 3183 1417 3239 1
1445 3199 1460 3235 :
1492 3201 1510 3233 α
1553 3183 1626 3236 De
1653 3183 1849 3263 quibus
1874 3183 2060 3254 singu—
2085 3210 2127 3267 ο
2158 3188 2409 3259 Origenis
2437 3189 2494 3242 in
2523 3186 2823 3252 Canticum,
2874 3186 3044 3243 letum
3071 3201 3190 3243 esse
3232 3186 3491 3257 juvenilis
3529 3188 3726 3243 aetatis.

485 3273 551 3329 Iis
580 3292 700 3330 cum
731 3277 783 3331 in
813 3276 1008 3332 librum
1034 3275 1256 3330 Levitici
1286 3275 1465 3343 aliqua
1495 3274 1819 3339 diceremus,
1850 3288 1948 3343 pro
1982 3275 2060 3330 vi-

556 3414 601 3445 "
648 3413 841 3469 Baron.
890 3429 1021 3469 ann.
1057 3412 1185 3480 208,
1237 3426 1354 3482 cap.
1392 3411 1447 3467 ὃ.

526 3556 677 3601 ostea
721 3562 841 3599 eum
893 3544 1147 3616 Teii-apio;
1160 3545 1367 3616 ederet,
1408 3543 1570 3616 missa
1607 3543 1695 3598 illa
1719 3557 1879 3616 quam
1912 3553 2059 3602 tanto

526 3564 677 3601 ostea
721 3564 841 3599 eum
896 3564 1137 3616 .H’Ifapla
1162 3564 1367 3608 ederet,
1408 3564 1570 3597 missa
1607 3564 1695 3598 tua
1719 3564 1879 3613 quam
1912 3564 2056 3602 tanto

487 3564 674 3671 Bubon:
700 3616 1098 3670 emaculaverat
1132 3614 1419 3682 Hexaplari
1463 3614 1721 3676 editione,
1774 3613 1932 3667 aliam
1970 3616 2056 3668 itt-

490 3688 831 3741 eaneudatatn
847 3694 901 3738 et
921 3687 1116 3739 erratis
1138 3686 1347 3753 plenam
1382 3682 1658 3753 posuisse?
1686 3682 1742 3736 Id
1768 3693 1914 3736 certe
1934 3700 2057 3739 eum

494 3765 639 3810 tecta
680 3756 887 3810 ratione
914 3765 1196 3825 pugnaret.
1229 3753 1570 3825 Iliccﬂautem
1597 3753 2061 3825 plurib'us_prose-

491 3827 598 3877 cuti
632 3839 838 3888 sumus,
872 3821 1294 3893 quia‘Heuricus
1345 3823 1583 3879 Valesius
1624 3824 1796 3877 locum
1842 3821 2056 3893 Eusebii

491 3910 773 3966 perperam
816 3892 1217 3963 interpretatus,
1246 3894 1417 3947 doctis
1446 3894 1651 3962 aliquot
1708 3893 1835 3947 viris
1879 3892 2057 3948 locum

489 3966 710 4021 fecerat.
748 3982 766 4013 ι

562 4036 677 4101 (ll)
726 4032 1004 4099 Scripsisse
1043 4032 1314 4102 Origenent
1341 4031 1769 4102 Commentarios
1808 4030 2059 4087 iuGetteo

488 4108 615 4172 sint,
646 4113 923 4172 antequam
967 4101 1308 4170 libros’IIepI
1333 4101 1530 4171 ἀρχῶν
1555 4113 1902 4172 componeret,
1929 4114 1976 4155 et
1998 4119 2062 4157 ex

491 4169 721 4228 liusebio
778 4169 1109 4242 intelligitur,
1167 4169 1440 4225 et'muito
1500 4174 1665 4238 magis
1725 4188 1790 4225 ea:
1839 4169 2062 4239 Origene

491 4248 624 4307 imo,
654 4254 758 4299 etc.
788 4244 841 4296 Id
878 4244 1093 4311 quidem
1117 4257 1181 4295 ex
1212 4242 1441 4303 Eusebio
1466 4244 1687 4295 minime
1720 4242 2059 4311 intelligitur.

497 4316 607 4374 Ilnc
637 4316 777 4366 cnim
807 4314 1065 4365 duntaxat
1086 4316 1163 4366 ait
1191 4312 1475 4373 Eusebius,
1502 4322 1625 4369 octo
1660 4312 1865 4380 priores
1887 4324 2061 4365 tomos

493 4389 548 4437 iu
602 4381 839 4437 Cenesim
880 4383 1217 4436 Alt'xalldl’lik‘.
1254 4383 1415 4434 luisse
1450 4382 1775 4442 elaboratos,
1806 4383 2063 4449 quemad-

2166 3277 2554 3348 IIieronymum
2604 3287 2825 3334 secutus
2869 3275 3137 3334 Baronius
3161 3278 3207 3310 ⁷⁷
3240 3279 3442 3334 factum
3473 3278 3529 3334 id
3578 3288 3731 3348 potat

2169 3563 2223 3602 tv
2255 3561 2319 3602 ac
2347 3561 2399 3600 vi
2440 3554 2623 3599 contra
2689 3541 2852 3606 ϐείω,
2888 3556 3040 3597 num.
3067 3540 3158 3604 57,
3188 3555 3310 3611 pag.
3341 3540 3468 3611 530,
3496 3549 3550 3595 et
3579 3556 3731 3598 num.

2160 3618 2254 3678 49.
2281 3634 2334 3683 p.
2365 3614 2487 3674 670.
2518 3614 2723 3683 Laudat
2745 3624 2801 3668 et
2834 3611 3109 3667 bomiliam
3139 3609 3207 3666 I3
3240 3609 3296 3683 in
3329 3609 3591 3675 Geuest'm,
3630 3612 3731 3666 ho-

2165 3680 2310 3743 milia
2344 3689 2408 3740 l2
2447 3688 2501 3739 in
2538 3682 2817 3743 Numeros,
2851 3699 2998 3736 num.
3029 3683 3080 3747 I,
3106 3697 3157 3749 ρ.
3179 3680 3303 3736 512.

2237 3757 2346 3828 (I2)
2373 3756 2436 3810 Et
2451 3755 2709 3828 quomodo
2724 3753 3150 3828 ili/ferant_o_pera
3168 3753 3231 3804 ab
3258 3751 3500 3828 operibus
3515 3766 3734 3828 apertius

2162 3830 2218 3881 in
2244 3821 2605 3881 Numerorum
2637 3821 2923 3891 Iibro,ete.
2966 3821 3020 3874 Id
3052 3836 3220 3891 genus
3246 3821 3610 3876 distinctionis
3642 3838 3735 3876 ex-

2162 3906 2270 3958 stat
2301 3896 2515 3951 homilia
2543 3895 2730 3963 quinta
2762 3895 2818 3949 in
2854 3890 3116 3946 Numeros
3150 3904 3168 3941 :
3217 3891 3309 3944 sed
3343 3891 3463 3963 quis
3482 3905 3735 3963 asserere

2162 3979 2323 4037 queat
2356 3967 2528 4037 utrius
2548 3961 2724 4037 operis
2760 3963 2982 4037 pars_sit
3012 3963 3125 4015 lucc
3148 3961 3443 4037 περικοπή,
3479 3961 3732 4037 homilia:

2167 4030 2283 4090 rum
2331 4052 2399 4090 an
2449 4030 2820 4087 scholiorttm?
2864 4030 3161 4098 Utrumque
3212 4034 3354 4084 enim
3397 4030 3733 4099 Opltsrsitttttl

2163 4105 2474 4174 permiscuit
2507 4102 2753 4160 Ruﬁnus.
2791 4102 2846 4156 Si
2884 4101 3243 4163 ltoutiliarum,
3282 4100 3412 4155 falsa
3436 4098 3531 4156 est
3554 4098 3733 4154 Huetii

2163 4176 2449 4233 sententia.
2493 4174 2609 4227 illas
2640 4188 2829 4227 omnes
2856 4186 2974 4225 esse
3028 4185 3092 4223 ex
3123 4185 3309 4223 earum
3355 4185 3576 4223 numero
3599 4185 3734 4237 quas

2161 4245 2514 4299 Adamantius
2560 4252 2679 4312 post
2723 4242 2897 4312 aetatis
2929 4255 3040 4312 suae
3086 4256 3286 4312 annum
3340 4239 3734 4312 sexagesimum

2161 4331 2227 4367 ex
2261 4327 2499 4383 tempore
2526 4310 2891 4380 pronuntiavit
2915 4326 2929 4361 :
2968 4310 3012 4383 si
3040 4310 3392 4383 scholtorum,
3422 4311 3551 4363 nihil
3579 4314 3736 4379 equi-

2163 4387 2281 4439 dem
2302 4380 2414 4453 jain
2445 4383 2645 4436 vetabit
2672 4382 2959 4448 quominus
2988 4380 3218 4453 homilia:
3237 4380 3294 4453 in
3328 4381 3593 4453 Numeros
3611 4395 3732 4448 pro—

495 4455 711 4532 inodum
767 4452 822 4504 in
881 4452 1018 4532 libro
1071 4466 1214 4532 nouo
1254 4451 1379 4532 ipse
1414 4452 1751 4532 sigtiilit-aliat
1767 4448 2060 4532 Brigeizes.
2096 4457 2139 4512 ι)
2167 4448 2423 4507 nuntiatus
2445 4454 2821 4531 existimentur
2849 4464 3130 4531 postquam
3150 4449 3603 4532 Origenesaatatis
3624 4466 3738 4530 sum

494 4524 662 4575 I’orro
717 4535 835 4573 cum
894 4521 1234 4574 Alexandriae
1285 4520 1466 4574 itidem
1523 4521 1687 4574 libros
1757 4520 1901 4588 Περὶ
1957 4520 2061 4588 ἁρ-

494 4591 618 4662 χών
642 4593 954 4662 composuit
980 4592 1349 4662 Adamantius
1369 4601 1569 4662 inister,
1594 4601 1901 4662 _utrumque
1924 4605 2062 4662 opus

496 4658 654 4725 simul
700 4662 872 4727 potuit
924 4660 1229 4713 lucubrare.
1260 4658 1464 4715 Deinde
1488 4676 1551 4713 ex
1583 4658 1825 4730 Origene
1860 4658 2062 4730 ipsouid

495 4746 659 4783 nmtm
689 4731 805 4782 erui
846 4737 1019 4797 potest
1056 4741 1164 4783 tres
1191 4731 1271 4782 vel
1305 4742 1537 4796 quatuor
1562 4728 1825 4783 duntaxat
1857 4735 1908 4783 in
1965 4728 2065 4784 Ge-

500 4803 670 4873 nesiut
692 4800 1200 4873 confecissetomos
1240 4813 1524 4873 antequam
1569 4801 1731 4852 libros
1776 4799 1915 4869 Περὶ
1964 4801 2066 4873 dp-

496 4869 622 4937 χῶν
660 4870 955 4923 inchoaret.
998 4869 1129 4921 Nam
1184 4870 1297 4921 loca
1341 4869 1614 4923 Geneseos
1652 4884 1772 4937 qua:
1836 4876 1967 4924 citat
2003 4869 2063 4924 in

496 4889 622 4925 ’ων
660 4889 955 4923 inclinaret.
998 4889 1129 4921 nam
1184 4889 1297 4921 ioca
1341 4889 1614 4923 ueneseos
1652 4889 1772 4937 qua:
1836 4889 1967 4924 citat.
2012 4889 2063 4924 III

491 4889 648 4995 ﬁbris
681 4939 817 5004 Περὶ
846 4937 1047 5008 ἀρχῶν
1074 4952 1322 5009 tanquam
1347 4940 1456 5007 jam
1485 4957 1512 4991 a
1546 4954 1603 4993 se
1621 4942 1766 5005 prius
1797 4942 2063 5009 CXpOSlla,

496 5013 610 5065 haec
640 5022 765 5061 sunt
797 5028 809 5062 :
845 5009 911 5062 lit
954 5010 1207 5078 principio
1244 5008 1383 5062 Deus
1406 5010 1524 5077 [erit
1552 5010 1733 5063 malum
1760 5020 1805 5061 et
1838 5008 2064 5075 terrain,“

493 5090 551 5160 et
575 5083 674 5160 ista
705 5098 717 5130 :
753 5078 988 5160 Spiritus
1025 5079 1116 5160 Dei
1142 5079 1407 5159 ferebatur
1427 5095 1585 5149 super
1604 5095 1769 5160 aquas
1788 5078 1994 5160 (Cenes.
2021 5095 2060 5143 ι,

498 5155 552 5212 ‘I,
584 5153 660 5219 ‘2),
697 5148 815 5217 quaé
847 5167 927 5203 cei
945 5159 994 5208 te
1021 5153 1085 5200 ad
1116 5148 1345 5216 priorem
1384 5148 1585 5203 tomum
1616 5148 1807 5219 referri
1849 5152 2064 5216 debent,

497 5221 763 5288 siquidem
790 5221 978 5272 tertius
996 5222 1061 5273 de
1085 5234 1248 5286 opere
1279 5231 1485 5287 quarta:
1522 5218 1624 5271 diei
1653 5220 1862 5287 agebat,
1894 5227 1951 5272 ut
1986 5222 2065 5272 in-

498 5292 637 5343 victe
657 5291 888 5358 probant
912 5291 1150 5355 ejusdem
1189 5294 1314 5340 tomi
1341 5288 1640 5359 lragmenla
1660 5305 1688 5341 ιι
1718 5290 1870 5344 nobis
1898 5289 2062 5343 edita.

497 5361 570 5411 At
613 5374 740 5413 vero
778 5360 843 5413 de
873 5375 1035 5428 opere
1065 5368 1229 5413 sexta!
1269 5359 1395 5421 diei,
1427 5362 1567 5425 quod
1602 5359 1666 5411 ad
1706 5363 1953 5427 quintum
1984 5360 2064 5412 vel

501 5438 709 5481 sextum
743 5439 944 5482 tomum
1001 5429 1189 5499 referri
1245 5430 1421 5491 debet,
1455 5430 1848 5499 nondttmicum
1890 5432 2065 5499 egisse

500 5508 796 5552 cotzstatex
832 5499 948 5554 loco
978 5500 1071 5554 lib.
1112 5515 1131 5551 ι
1165 5497 1238 5552 De
1270 5502 1523 5567 princip.,
1555 5498 1745 5567 cap.2,
1777 5497 1943 5564 quem
1979 5500 2065 5551 hic

500 5569 719 5622 adducit
743 5568 987 5633 Huctius,
1021 5584 1287 5638 quemque
1314 5569 1570 5622 haesitans
1603 5572 1873 5622 immerito
1898 5570 2067 5637 suspi-

505 5649 663 5691 catur
699 5652 729 5691 a
767 5640 1003 5692 libtariis
1030 5641 1111 5692 vel
1137 5641 1203 5691 ab
1240 5640 1533 5708 interprete
1563 5638 1830 5702 Vitiatutu,
1863 5640 1950 5691 vel
1974 5650 2067 5691 de-

502 5709 664 5775 nique
689 5709 993 5775 siguilicare
1016 5711 1117 5761 alia
1142 5698 1456 5776 quaedam-in
1474 5698 2065 5776 Cenesimgnieditatum

503 5774 668 5830 luisse
706 5774 1454 5846 Origenem.Commentarios
1474 5793 1604 5832 suos
1632 5778 1688 5828 in
1720 5774 1959 5830 Geuesim
1985 5778 2065 5831 ci-

505 5857 582 5900 tat
620 5845 879 5917 Origenes
912 5848 1092 5901 Traet.
1128 5846 1198 5902 '55
1226 5848 1278 5899 in
1315 5845 1503 5908 Manli.
1558 5862 1678 5919 pag.
1709 5847 1834 5913 921,
1866 5857 1919 5902 et
1968 5848 2063 5907 lib.

2167 4540 2363 4578 annum
2397 4521 2787 4590 sexagesimum
2824 4519 3002 4590 attigit
3028 4538 3043 4575 ι
3071 4522 3163 4590 sed
3194 4519 3247 4572 id
3278 4536 3381 4590 non
3416 4531 3563 4573 certo
3594 4523 3735 4590 erui-

2166 4602 2274 4657 tur,
2313 4605 2371 4646 ut
2392 4588 2708 4660 ittfra’putat
2745 4588 2988 4654 Hnetius,
3023 4605 3088 4644 ex
3136 4589 3451 4660 duodecima
3485 4590 3541 4660 in
3581 4589 3735 4643 lere-

2165 4665 2323 4717 minm
2359 4658 2597 4720 homilia.
2627 4661 2704 4719 Ibi
2736 4662 2933 4729 quippe
2966 4659 3335 4714 tantummodo
3370 4660 3447 4712 ait
3474 4658 3741 4728 Origenes

2167 4748 2227 4788 se
2261 4735 2347 4788 ubi
2399 4734 2555 4786 liuent
2605 4733 2812 4785 dicendi
2843 4732 3078 4794 fecisset,
3106 4731 3281 4781 adhuc
3329 4730 3625 4783 locuturum
3671 4732 3739 4784 do

2166 4802 2521 4857 Numerorum
2554 4802 2672 4856 loco
2697 4802 2787 4872 qui
2818 4801 3073 4870 legendus
3097 4810 3215 4853 erat
3255 4813 3273 4872 ἓ
3297 4801 3440 4872 quod
3473 4814 3601 4851 sane
3632 4816 3736 4872 non

2166 4873 2388 4939 impedit
2417 4867 3048 4942 quominusValias'longe
3072 4880 3232 4925 antea
3260 4868 3512 4923 homilias
3538 4872 3593 4922 in
3620 4867 3741 4922 Nu-

2166 4959 2335 4996 meros
2364 4943 2564 4997 habere
2599 4944 2852 5010 potuerit.

2236 5012 2349 5083 (I3)
2408 5008 2779 5083 Expositione:
2826 5012 2883 5083 in
2912 5009 3212 5083 Leviticum
3253 5008 3467 5083 laudat,
3511 5017 3634 5083 e_tc._
3661 5009 3737 5083 Ex

2166 5079 2409 5151 ipsismet
2437 5083 2491 5135 in
2518 5080 2803 5141 Leviticum
2847 5081 3089 5136 Ilomiliis
3118 5081 3309 5149 prima,
3350 5079 3415 5151 3._
3438 5081 3491 5138 5,
3520 5080 3574 5144 6,
3603 5080 3656 5143 7,
3705 5081 3741 5135 9

2164 5148 2218 5207 et
2250 5152 2338 5213 15.
2367 5152 2532 5221 liquet
2562 5152 2630 5221 1°?
2647 5166 2887 5221 easresse
2913 5148 3342 5221 extemporales;
3391 5148 3450 5202 2ο
3479 5152 3742 5221 Czcsereu:

2167 5224 2218 5276 in
2250 5220 2534 5278 Palaestina
2560 5220 2726 5274 luisse
2754 5220 3008 5283 habitas;
3042 5220 3100 5273 5ο
3139 5222 3184 5273 si
3234 5236 3337 5274 non
3383 5237 3591 5284 oumes,
3628 5220 3739 5273 sal-

2165 5302 2271 5347 tent
2322 5308 2520 5347 nonam
2579 5291 2795 5344 homilia
2830 5293 3060 5358 quadam
3103 5307 3158 5344 in
3203 5289 3507 5351 Jeremiam,
3548 5301 3601 5343 et
3647 5291 3743 5342 de-

2165 5366 2356 5415 cimam
2384 5362 2596 5415 tertiam
2614 5360 2962 5430 Expositione
2992 5362 3044 5415 itt
3081 5360 3345 5430 psalmum
3367 5376 3531 5414 exvm
3561 5373 3745 5429 poste-

2166 5449 2189 5486 I'
2198 5447 2337 5487 IUI’CS
2355 5447 2496 5486 esse.

2236 5501 2348 5576 (Ii)
2384 5501 2537 5576 Qua:
2595 5500 3335 5576 niliiI__aliud__ea'positionis_
3359 5516 3542 5576 genus,
3583 5515 3744 5576 quam

2162 5570 2536 5635 homileticum,
2564 5583 2670 5628 etc.
2726 5570 2861 5625 Iliae
2898 5571 3027 5624 nihil
3060 5572 3254 5623 mirum
3293 5571 3337 5623 si
3372 5572 3463 5621 lib.
3502 5585 3549 5622 vr
3580 5570 3745 5623 com-

2166 5651 2331 5694 ment.
2376 5644 2432 5695 in
2473 5641 2641 5710 Epist.
2696 5645 2763 5694 ad
2792 5640 2943 5696 Rom.
2980 5656 3127 5696 nunt.
3158 5640 3212 5706 7,
3246 5656 3299 5707 p.
3339 5640 3464 5706 579,
3492 5641 3567 5692 ait
3598 5640 3743 5708 quod

2166 5713 2363 5780 legitur
2419 5709 2814 5766 llcutet'onomii
2874 5726 2996 5768 xxv.
3032 5709 3087 5773 5,
3143 5711 3193 5766 id
3229 5712 3437 5779 plenius
3478 5722 3533 5764 et
3574 5711 3745 5769 l‘usius

2166 5798 2278 5837 suis
2308 5782 2439 5843 locis
2475 5800 2591 5839 csse
2610 5786 3072 5857 pertractandum.
