4152 6398
396 353 527 428 ratio

1406 345 1978 405 ORIGENIANORUM
2022 345 2148 400 LIB.
2186 343 2270 408 Ill,
2311 343 2461 399 CAP.
2501 342 2587 396 IV.

3497 339 3632 391 tero

393 487 532 524 anno
563 471 760 526 Christi
806 473 934 537 208,
967 487 1073 542 quo
1101 481 1340 540 tempore
1394 470 1709 524 vicesimum
1743 469 1954 521 tertium
1988 473 2030 528 Α
2060 469 2288 538 primum
2338 479 2575 533 tempore
2617 465 2845 522 describi
2887 480 3074 536 passus
3115 476 3216 521 est.
3263 468 3336 523 De
3375 471 3624 525 lucubra-

391 562 561 616 :etatis
595 577 791 616 annum
823 565 1016 631 agebat
1047 562 1419 615 Adamantius.
1450 559 1656 628 Pugnat
1687 551 1812 610 illud
1838 573 1957 611 cum

394 647 690 701 rationibus
740 649 954 702 Eusebii
1012 649 1079 711 ⁷⁸,
1123 649 1212 715 qui
1276 657 1386 701 tum
1446 663 1566 702 eum
1625 647 1958 716 Scripturam

393 737 661 792 illustrare
693 753 944 792 exorsum
1004 738 1183 801 tradit,
1241 753 1362 792 cum
1396 738 1680 791 Antiochia
1733 735 1963 789 Alexan-

392 830 563 882 driam
597 846 845 884 reversus
869 839 978 895 est,
1007 830 1293 898 unumjatn
1323 841 1376 885 et
1411 831 1630 899 triginta
1669 844 1836 883 annos
1857 828 1962 881 cir-

393 923 528 974 citer
559 933 734 976 natus.
769 923 909 978 Idem
956 924 1060 977 alio
1101 923 1217 977 loco
1248 925 1431 976 decem
1465 922 1581 974 illos
1610 920 1961 974 Commenta-

405 1016 610 1066 riorum
652 1016 704 1067 in
734 1013 1006 1067 Canticum
1039 1015 1204 1069 libros
1233 1014 1490 1068 Caesareae
1525 1012 1818 1066 absolvisse
1845 1009 1966 1065 Ori-

393 1118 580 1173 genem
610 1105 799 1168 refert,
836 1121 973 1173 quos
999 1108 1050 1159 in
1075 1105 1247 1159 altero
1275 1104 1590 1158 Atheniensi
1627 1117 1838 1156 secessu
1879 1101 1963 1153 in-

391 1199 704 1250 choaverat.
741 1198 820 1252 Ad
873 1198 1169 1253 secumlum
1205 1206 1384 1249 autem
1411 1196 1521 1263 jam
1555 1205 1611 1248 et
1637 1195 1965 1263 quinquage-

391 1292 591 1344 simum
627 1291 802 1345 aatatis
827 1306 1024 1343 annttm
1065 1296 1401 1356 pervenerat,
1435 1303 1558 1342 cum
1587 1288 1828 1341 Athenas
1867 1289 1964 1340 ite-

393 1395 508 1432 rum
537 1381 770 1447 repetiit.
795 1379 1172 1448 Exliosiliones
1198 1378 1671 1446 prmtereasuasin
1700 1375 1962 1439 Exodum,

390 1473 442 1525 in
476 1470 758 1526 Leviticum
792 1481 846 1526 et
898 1473 951 1524 in
983 1471 1248 1524 Numeros
1295 1470 1397 1524 hoc
1436 1484 1600 1537 opere
1639 1469 1815 1521 laudat
1846 1468 1965 1522 Ori-

392 1577 576 1631 genes,
612 1577 746 1631 quas
779 1563 986 1616 nonnisi
1008 1560 1117 1629 jam
1142 1570 1265 1614 natu
1288 1561 1545 1629 grandem
1568 1559 1816 1613 emisisse
1844 1573 1965 1613 cre-

390 1653 554 1708 dibile
575 1664 659 1707 est
690 1672 703 1707 :
731 1653 913 1707 laudat
941 1662 993 1708 et
1025 1651 1387 1708 oratiunculas
1421 1652 1476 1704 in
1499 1651 1687 1704 librant
1712 1650 1964 1704 Iudicum

391 1759 420 1796 a
456 1759 516 1798 se
545 1745 738 1808 editas,
791 1759 926 1813 quas
971 1759 1076 1798 non
1128 1744 1263 1798 alias
1296 1757 1416 1798 esse
1459 1750 1612 1812 puto,
1644 1757 1804 1810 quam
1846 1756 1964 1809 qua:

391 1843 625 1886 exstant.
665 1811 955 1902 Num—ergo
990 1834 1130 1889 levia
1164 1834 1410 1903 quaedam
1438 1811 1493 1888 et
1524 1833 1677 1887 rudia
1705 1834 1814 1902 jam
1849 1845 1959 1887 tum
1996 1811 2037 1868 Β

391 1923 703 1978 adolescens
733 1925 994 1979 effuderat
1025 1923 1412 1988 Adamantius;
1449 1925 1755 1995 provectior
1788 1935 1961 1978 autem

391 2025 550 2070 aetate
578 2031 712 2069 nova
754 2015 840 2069 illa
877 2017 1268 2070 commentaria
1295 2017 1455 2070 tomis
1493 2017 1678 2071 decem
1707 2017 1962 2068 distincta

391 2107 777 2162 edidit?Plane
796 2107 865 2161 ita
893 2119 1008 2162 est:
1045 2123 1166 2161 nam
1196 2107 1372 2176 capite
1395 2108 1625 2175 septimo
1659 2105 1965 2160 Pliilocaliw

392 2199 746 2268 fragmentum
782 2199 1085 2261 adducitur,
1121 2200 1203 2251 cui
1237 2198 1394 2252 verba
1415 2198 1525 2250 hare
1554 2198 1768 2266 praefixa
1813 2208 1960 2251 sunt:

402 2291 495 2343 Ἐκ
509 2289 604 2342 τοῦ
632 2292 718 2353 εις
745 2290 808 2342 τὸ
836 2285 1037 2359 ᾊσμα
1069 2289 1263 2362 μικροῦ
1294 2289 1481 2360 τόμον,
1504 2290 1562 2343 ὃν
1588 2292 1644 2344 ὲν
1663 2294 1730 2362 τῇ
1761 2291 1965 2362 νεότητι

390 2382 645 2454 ἔγραψεν.
680 2402 697 2434 ι
730 2383 770 2436 E
809 2399 971 2451 parvo
1001 2393 1144 2437 tomo
1170 2383 1224 2436 in
1253 2382 1548 2448 Canticum,
1569 2399 1726 2453 quem
1754 2384 1966 2454 juvenis

392 2475 631 2542 scripsit.
664 2493 682 2525 ι
721 2473 946 2527 Parvum
981 2475 1125 2529 hunc
1152 2475 1317 2544 igitur
1361 2483 1584 2537 tomttm,
1617 2489 1774 2543 quem
1801 2476 1852 2527 in
1879 2473 1967 2542 ju-

389 2565 550 2618 venili
605 2573 762 2619 (etate
819 2565 1096 2624 emiserat,
1179 2564 1428 2633 designat
1487 2565 1848 2635 llierouymus
1911 2565 1962 2618 iu

388 2655 656 2709 Prooemio
682 2655 1204 2710 Commentariorum
1234 2656 1284 2708 in
1302 2655 1522 2708 Abdiant
1540 2669 1558 2706 :
1581 2655 1764 2710 decem
1785 2665 1964 2709 autem

388 2746 656 2800 volumina
696 2757 819 2800 natu
866 2749 1124 2816 grandior
1152 2747 1414 2802 elimavit.
1443 2746 1496 2800 ld
1522 2748 1567 2802 si
1601 2749 1692 2815 sit,
1718 2749 1830 2817 jam
1882 2749 1964 2802 in-

394 2837 656 2906 telligitur
708 2839 996 2892 Eusebium
1024 2839 1207 2907 priora
1237 2838 1326 2891 illa
1359 2839 1663 2894 rudimenta
1697 2840 1842 2894 nullo
1869 2840 1964 2893 Ita-

390 2930 574 2984 lmisse
597 2945 843 2994 numero,
876 2944 1174 2998 earumque
1204 2932 1464 2984 duntaxat
1495 2931 1848 2999 scriptionum
1869 2933 1961 2983 dn-

391 3020 536 3074 xisse
599 3021 882 3083 rationem,
947 3035 1080 3088 quas
1127 3020 1342 3088 ingenio
1399 3029 1454 3074 et
1501 3021 1658 3075 annis
1703 3021 1964 3074 maturior

390 3109 654 3180 Origenes
689 3111 979 3164 accuravit.
1035 3109 1090 3162 In
1140 3110 1358 3162 homilia
1390 3109 1559 3179 ipsius
1587 3110 1867 3164 undecima
1909 3111 1962 3164 in

392 3203 741 3266 Euchielem,
778 3217 922 3255 num.
958 3203 1012 3265 5,
1058 3203 1172 3257 bzcc
1204 3202 1390 3270 legas:
1433 3221 1451 3254 ι
1488 3203 1562 3256 Eo
1599 3211 1836 3270 tempore
1858 3219 1963 3271 quo

389 3293 680 3348 Jeremiam
737 3293 1104 3362 exposuimus,
1153 3308 1213 3348 ea
1281 3308 1400 3361 qua:
1453 3293 1609 3346 nobis
1658 3293 1826 3361 gratia
1875 3293 1965 3346 Dei

389 3385 668 3439 orantibus
723 3385 877 3440 vobis
934 3383 1126 3454 largita
1187 3394 1294 3448 est,
1352 3385 1466 3437 sive
1513 3393 1661 3438 certe
1700 3394 1970 3450 utcunque

393 3480 684 3539 sensimus,
719 3491 990 3544 exponere
1023 3475 1199 3530 conati
1232 3490 1437 3529 sunnts.
1477 3492 1497 3525 ι
1531 3476 1670 3528 Ante
1698 3475 1858 3544 igitur
1879 3475 1969 3528 Je-

393 3573 614 3624 rontiam
656 3571 1036 3637 interpretatus
1095 3577 1199 3630 est,
1235 3584 1394 3635 quant
1447 3566 1697 3621 homilias
1748 3567 1868 3620 illas
1914 3568 1968 3621 in

391 3662 718 3716 Ezechielem
765 3659 1060 3714 habuisset.
1110 3658 1220 3728 (15)
1256 3657 1490 3712 Necdum
1515 3658 1675 3712 etiam
1707 3656 1968 3711 Numero-

395 3771 512 3808 ruut
549 3755 962 3822 explicationem
988 3751 1164 3806 fuerat
1191 3766 1492 3820 aggressus,
1526 3764 1645 3803 cum
1677 3746 1966 3804 Jeremiam

392 3846 628 3901 homiliis
676 3847 988 3908 illustraret,
1054 3855 1113 3897 ut
1138 3857 1203 3897 ex
1253 3842 1566 3895 duodecima
1626 3840 1966 3895 manifestum

389 3946 492 3991 est.
525 3934 580 3988 lu
624 3935 796 4006 prima
834 3949 962 3988 vero
993 3949 1098 3988 non
1132 3933 1298 3985 multo
1322 3941 1447 3984 ante
1479 3945 1538 3985 se
1567 3945 1854 3984 enarrasse
1881 3945 1963 3985 os-

393 4029 562 4082 tendit
584 4026 904 4082 sententiain
944 4025 1084 4079 hanc
1101 4023 1451 4092 Sospitatoris
1485 4037 1499 4075 :
1530 4042 1548 4075 ι
1596 4021 1708 4075 Non
1732 4033 1812 4076 est
1839 4022 1971 4077 Pro-

392 4122 551 4189 pheta
576 4119 692 4174 sine
731 4119 956 4180 bonore,
1007 4116 1114 4170 nisi
1173 4116 1225 4169 iu
1270 4115 1442 4184 patria
1471 4130 1600 4181 sua;
1638 4134 1656 4166 ι
1691 4131 1810 4184 qua:
1845 4131 1966 4170 cum

398 4212 663 4266 habeatur
708 4209 898 4264 Matth.
951 4223 1070 4270 xnt,
1119 4206 1208 4272 57,
1257 4207 1572 4276 prolixaque
1621 4206 1762 4260 illius
1788 4216 1970 4261 exstet

394 4303 765 4370 interpretatio
787 4302 838 4354 in
870 4311 1014 4355 tomo
1045 4316 1098 4363 x,
1141 4314 1288 4352 num.
1318 4296 1385 4350 16
1403 4305 1460 4350 ει
1491 4296 1555 4352 18
1599 4297 1966 4352 Commentar.

400 4393 455 4444 in
479 4391 670 4446 Matth.
715 4392 781 4445 ad
816 4405 876 4444 ea
902 4373 1277 4460 proculdubio
1314 4386 1575 4456 Origenes
1600 4387 1832 4451 respexit
1863 4406 1875 4442 :
1902 4403 1970 4442 ex

2063 563 2297 615 tionibus
2334 561 2386 614 in
2423 558 2747 613 Ezecltielem
2780 559 2852 612 ita
2909 558 3093 612 scribit
3141 557 3326 614 Sixtus
3375 562 3629 619 Senensis

2064 653 2154 707 lib.
2185 667 2238 706 tv
2267 650 2514 704 Bibliotlt.
2547 666 2564 702 :
2598 668 2616 700 ι
2647 649 2780 702 Cum
2813 647 3036 701 Athenis
3069 647 3306 716 degeret,
3337 648 3445 714 jam
3475 667 3629 706 sexa-

2062 745 2281 814 genario
2311 741 2478 810 major
2509 741 2824 804 elaboravit,
2869 740 3095 794 Eusebio
3126 750 3278 805 teste,
3305 743 3358 795 in
3381 741 3622 798 Ezechie-

2062 837 2163 891 lem
2210 847 2383 890 tomos
2424 833 2608 904 viginti
2657 834 2915 904 quinque,
2945 849 3067 887 cum
3099 837 3245 903 prius
3279 836 3330 889 in
3379 840 3626 892 eumdem

2064 931 2380 999 prophetam
2421 929 2668 982 homilias
2712 927 2970 997 plurimas
2991 930 3242 984 dedisset.
3269 949 3288 982 ι
3332 929 3420 986 Bis
3444 944 3631 1002 peccat

2066 1019 2273 1085 Sixtus,
2322 1033 2445 1072 nam
2524 1032 2722 1072 annum
2771 1018 3274 1087 quinquagesimum
3335 1023 3628 1077 secundum

2067 1112 2298 1166 nomium
2357 1119 2682 1174 excesserat,
2734 1124 2855 1163 cum
2903 1111 3132 1165 alterum
3177 1112 3504 1170 Atheniense
3530 1118 3632 1172 iter

2065 1204 2322 1271 suscepit,
2376 1217 2434 1255 ιιι
2490 1201 3008 1268 demonstravimus;
3055 1217 3162 1271 quo
3197 1203 3388 1260 itinere
3425 1218 3633 1277 coeptos

2065 1300 2118 1350 in
2145 1296 2466 1351 Ezecliielem
2494 1306 2664 1352 tomos
2689 1295 2916 1350 absolvit
2948 1312 2962 1348 :
3000 1296 3244 1352 homilias
3269 1307 3443 1353 autem
3472 1317 3632 1356 sexa-

2065 1390 2286 1461 genario
2318 1387 2492 1458 major
2525 1388 2732 1446 habuit.
2756 1396 2814 1440 ut
2845 1397 2970 1456 pote
2993 1403 3112 1455 quae
3145 1403 3210 1442 ex
3230 1389 3436 1444 illarum
3459 1393 3634 1450 classe

2065 1481 2194 1542 sint,
2221 1494 2338 1548 qnze
2366 1494 2488 1533 cum
2524 1478 2997 1548 pronuntiarentur
3027 1495 3090 1533 ex
3119 1481 3364 1543 amboue.
3402 1497 3430 1534 a
3479 1494 3635 1537 nota-

2066 1571 2161 1626 riis
2192 1572 2245 1625 in
2269 1573 2472 1626 litteras
2496 1571 2882 1628 referebantur.
2913 1570 3207 1642 Scripsisse
3239 1590 3450 1644 quoque
3483 1576 3632 1630 illum

2067 1663 2310 1717 nonnihil
2342 1663 2394 1716 in
2428 1662 2725 1724 Dauielem,
2753 1663 3062 1732 priusquam
3096 1665 3468 1732 exponendum
3503 1665 3636 1718 Mat-

2066 1755 2259 1807 thazum
2299 1755 2616 1822 susciperet,
2658 1754 2892 1808 ostendit
2944 1754 3069 1808 illud
3111 1769 3142 1808 e
3179 1754 3417 1810 Tractat.
3449 1757 3517 1811 29
3577 1758 3635 1810 in

2068 1844 2286 1906 Matth.,
2317 1859 2463 1899 num.
2484 1845 2572 1908 40,
2611 1860 2729 1914 pag.
2753 1844 2888 1898 860:
2915 1865 2933 1896 ι
2963 1845 3093 1912 Quae
3122 1854 3300 1900 atttem
3337 1859 3636 1916 sequuntur

2065 1937 2118 1990 in
2160 1945 2306 1989 textu
2347 1933 2603 2001 Dauielis,
2654 1937 2794 1990 sicut
2843 1937 3136 2004 potuimus,
3190 1940 3560 2007 exposuimus.
3611 1959 3631 1990 ι

2063 2025 2187 2096 Agit
2225 2040 2416 2094 nempe
2443 2027 2508 2079 de
2533 2023 2764 2079 Danielis
2785 2025 2960 2093 capite
2981 2041 3057 2090 tx,
3091 2007 3236 2081 vers.
3268 2027 3358 2082 27.
3394 2029 3637 2082 Diximus

2065 2115 2357 2170 Eusebium
2387 2115 2428 2145 ³⁸
2467 2115 2776 2179 tradidisse,
2826 2115 2938 2183 jam
2990 2117 3341 2184 sexagenario
3380 2117 3635 2184 majorem

2063 2205 2346 2275 Origenem
2393 2205 2536 2260 circa
2579 2205 2718 2258 idem
2769 2214 2978 2273 tempus
3014 2206 3228 2260 Celsum
3273 2208 3558 2273 refellisse,
3582 2221 3640 2265 et

2063 2297 2340 2351 duodecim
2373 2297 2660 2365 prephetas
2679 2296 3012 2364 exposuisse.
3041 2296 3200 2353 Certe
3227 2299 3486 2369 Origenes
3537 2300 3633 2354 lib.

2064 2405 2135 2443 vn
2191 2398 2372 2442 contra
2407 2388 2550 2444 Cels.
2581 2389 2801 2444 affectos
2845 2390 2958 2460 jam
3009 2390 3176 2446 fuisse
3205 2391 3639 2448 Commentarios

2066 2495 2196 2535 suos
2219 2481 2270 2533 in
2300 2480 2584 2534 duodecim
2612 2480 2825 2534 videtur
2851 2482 3180 2550 significare,
3220 2493 3275 2538 et
3304 2485 3368 2536 ad
3397 2499 3491 2538 eos
3515 2501 3641 2554 per-

2067 2573 2320 2627 ﬁciendos
2373 2572 2610 2625 divinam
2649 2587 2806 2641 opem
2837 2573 3164 2644 implorare:
3194 2576 3268 2628 ait
3300 2576 3442 2629 enim
3484 2593 3638 2630 num.

2064 2663 2124 2715 Η
2165 2661 2350 2732 εΙΙλὴν
2409 2661 2503 2713 καὶ
2547 2662 2729 2730 ἡμεῖς,
2777 2660 2917 2714 κατὰ
2964 2662 3024 2715 τὸ
3059 2662 3282 2716 δυνατὸν
3326 2665 3481 2733 ἡμῖν,
3541 2681 3638 2717 πε-

2063 2745 2390 2815 ποιήκαμεν,
2445 2744 2534 2808 τὰ,
2595 2744 2670 2808 ὥς
2705 2761 2835 2816 φησι
2873 2746 3100 2810 Κέλσος,
3152 2748 3480 2820 πάροιστρα,
3543 2751 3639 2803 καὶ

2064 2834 2239 2906 πάντη
2295 2833 2466 2905 ἄδηλα
2519 2835 2656 2905 πρὸς
2713 2833 2860 2900 λέξιν
2939 2835 3356 2908 διηγησάμενοι,
3429 2841 3486 2894 ὲν
3525 2843 3639 2906 τοῖς

2063 2927 2560 2998 πραγματευθετσιν
2591 2929 2720 2998 ἡμῖν
2750 2929 2956 2991 εἰς·τὸν
3020 2929 3265 2994 Ἡσαΐαν,
3301 2934 3396 2985 καὶ
3435 2934 3514 2996 εἰς
3547 2933 3640 2988 τὸν

2075 3017 2351 3090 Ἰεζεκιὴλ,
2376 3019 2470 3072 καὶ
2494 3020 2572 3083 εἷς
2599 3037 2750 3083 τινας
2786 3021 2897 3075 τῶν
2953 3021 3177 3076 δώδεκα·
3227 3023 3360 3077 Θεοῦ
3392 3025 3450 3078 δὲ
3473 3026 3641 3080 διδόν-

2063 3127 2156 3173 τος
2199 3109 2296 3180 τὴν
2329 3113 2385 3163 ὲν
2401 3109 2478 3180 τῷ
2507 3103 2650 3182 λόγῳ
2690 3112 2858 3165 αὐτοῦ
2902 3115 3204 3185 προκοπὴν,
3237 3115 3356 3168 καθ’
3383 3117 3475 3180 οὒς
3515 3119 3639 3188 βού-

2065 3200 2214 3255 λεται
2239 3201 2463 3272 χρόνους
2493 3203 3041 3274 πφστεθησεταιτοῖς
3067 3205 3165 3276 ἤδη
3193 3207 3641 3280 ὑπαγορευθεῖσιν

2066 3297 2145 3359 εἰς
2162 3295 2353 3359 ταῦτα,
2381 3296 2499 3367 ἦτοι
2523 3297 2592 3349 τὰ
2630 3297 2902 3364 λείποντα,
2931 3297 2965 3369 ἢ
2996 3299 3096 3353 ὅσα
3141 3301 3192 3367 γ’
3234 3300 3299 3355 ἂν
3344 3303 3640 3375 φθάσωμεν

2070 3386 2380 3457 σαφηνίσαι.

2139 3476 2213 3531 De
2245 3476 2662 3534 Commentariis
2694 3477 2940 3550 Origenis
2977 3479 3030 3534 in
3064 3480 3412 3552 Evangelium
3443 3497 3640 3538 secun-

2069 3569 2194 3624 dum
2246 3568 2450 3624 Lucam
2492 3570 2614 3624 silet
2656 3569 2939 3627 Eusebius.
2981 3572 3101 3642 Ipse
3153 3583 3331 3628 tamen
3382 3573 3644 3646 Origenes

2069 3668 2198 3714 tom.
2242 3676 2354 3723 xvr,
2383 3661 2440 3715 in
2475 3659 2693 3720 ΜαιιΙι..
2723 3677 2872 3716 num.
2920 3662 2975 3727 9,
3003 3678 3124 3733 pag.
3156 3664 3281 3728 728,
3308 3680 3494 3720 eormn
3527 3681 3641 3720 me-

2069 3751 2245 3815 minit,
2284 3766 2406 3820 quae
2449 3763 2602 3806 antea
2651 3751 2825 3806 fuerat
2859 3753 2910 3807 in
2968 3753 3165 3808 Lucatn
3215 3767 3640 3822 commentatus;

2068 3853 2249 3897 utrum
2283 3843 2820 3907 commentariorum,
2855 3859 2922 3898 an
2970 3845 3339 3911 hontiliarum,
3368 3847 3640 3902 incertum

2068 3946 2174 3992 est.
2212 3939 2283 3992 At
2308 3947 2454 3993 tomo
2495 3951 2619 4002 xm,
2641 3953 2790 3992 num.
2821 3936 2912 3999 29,
2934 3951 3056 4006 pag.
3083 3938 3208 4001 6H),
3228 3939 3474 3994 homilias
3496 3941 3644 4009 ipsas

2070 4028 2389 4084 nominatim
2457 4029 2715 4082 laudavit.
2766 4029 3112 4096 Antiquiores
3168 4031 3367 4085 eaedem
3426 4031 3644 4086 fuerunt

2067 4118 2461 4187 posterioribus
2501 4118 2662 4172 tomis
2693 4117 2748 4170 in
2795 4116 3079 4183 Joannem,
3109 4127 3165 4171 ut
3203 4127 3328 4188 pote
3351 4134 3469 4188 qua:
3495 4128 3643 4174 torno

2069 4224 2243 4274 xxxtt,
2268 4223 2415 4263 num.
2445 4209 2496 4273 1,
2525 4223 2645 4277 pag.
2665 4207 2790 4272 404,
2821 4207 3171 4277 appellentur.
3204 4209 3390 4264 Fuisse
3427 4225 3553 4265 vero
3574 4213 3643 4266 ab

2070 4300 2303 4370 Origene
2349 4301 2710 4370 conscriptas,
2773 4311 3060 4369 antequam
3111 4302 3320 4356 virilem
3379 4302 3643 4372 attigisset

2072 4400 2314 4459 atatem,
2365 4391 2606 4446 indicare
2638 4392 2851 4446 videtur
2885 4391 3269 4460 Hieronymus,
3311 4409 3432 4447 cum
3464 4395 3541 4446 ait
3585 4394 3640 4449 in

395 4498 504 4554 quo
525 4483 754 4538 eﬂicitur
788 4484 874 4538 his
907 4479 1322 4538 Commentariis
1365 4481 1687 4549 posteriores
1723 4495 1843 4536 esse
1873 4481 1970 4536 ho-
2000 4511 2043 4565 ο
2073 4485 2298 4554 Prologo
2331 4484 2796 4553 interpretationis
2823 4499 2972 4539 sure:
3014 4503 3033 4535 ι
3083 4483 3279 4540 Fateor
3304 4485 3505 4554 itaque,
3543 4501 3643 4539 an-

393 4574 568 4629 milias
617 4575 672 4627 in
717 4572 1000 4627 Jeremiam
1022 4589 1040 4637 ;
1091 4585 1189 4625 nec
1219 4569 1384 4624 multo
1415 4580 1590 4624 tamen
1620 4571 1962 4641 posteriores,

393 4681 512 4719 cum
551 4677 674 4735 post
708 4680 906 4720 annum
938 4666 1116 4719 aetatis
1143 4667 1535 4734 sexagesimum
1567 4663 1964 4717 Cotnmentaria

393 4759 480 4812 illa
509 4759 950 4822 conciunaverit;
979 4757 1211 4812 Itomilizn
1238 4769 1416 4811 autem
1441 4757 1542 4810 illa:
1565 4772 1632 4810 ex
1661 4771 1846 4809 earum
1871 4771 1966 4824 ge-

393 4866 524 4908 nere
556 4853 686 4916 sint,
708 4867 845 4920 quas
879 4865 944 4905 ex
969 4860 1208 4921 tempore
1234 4849 1506 4910 recitatas,
1539 4866 1567 4903 a
1592 4849 1815 4904 notariis
1867 4849 1969 4903 hoc

2071 4586 2288 4648 tequam
2342 4577 2431 4632 ille
2480 4576 2724 4644 obiiciat,
2770 4578 2824 4631 in
2855 4578 2938 4632 his
2975 4577 3263 4646 Origenem
3299 4578 3648 4641 tractatibus.

2072 4671 2227 4738 quasi
2269 4670 2461 4725 iterum
2494 4669 2616 4724 talis
2656 4668 2839 4723 ludere
2875 4685 2889 4721 :
2918 4667 3024 4721 alia
3067 4678 3194 4722 sunt
3225 4667 3398 4721 virilia
3424 4666 3560 4736 ejus,
3587 4677 3644 4722 et

2072 4761 2370 4816 senectutis
2421 4761 2584 4815 seria.
2629 4779 2648 4812 ι
2708 4759 3042 4814 Posteriores
3094 4759 3241 4826 ipsos
3289 4759 3344 4812 in
3381 4758 3642 4812 Joannem

2076 4862 2251 4908 tomos
2277 4852 2515 4908 secundo
2532 4851 2726 4907 itinere
2740 4851 3055 4906 Atheniensi
3070 4851 3346 4906 absolutos
3366 4850 3637 4906 existimo.

462 5020 508 5051 ⁸⁸
540 5016 734 5073 Euseb.
760 5015 851 5069 lib.
889 5031 939 5070 vr
967 5015 1129 5079 Ηίει..
1179 5030 1298 5087 cap.
1325 5015 1416 5072 23.
1489 5015 1534 5046 ”
1562 5013 1758 5069 Euseb.
1776 5012 1870 5067 lib.
1899 5028 1950 5066 vt
1983 5009 2121 5065 Hist.
2151 5025 2270 5080 cap.
2305 5007 2392 5063 52.
2469 5007 2585 5047 ³⁰-³¹
2615 5007 2807 5062 Euseb.
2849 5007 2938 5061 lib.
2966 5023 3016 5060 vt
3046 5006 3206 5072 Hist.,
3234 5023 3350 5076 cap.
3385 5007 3474 5064 ‘56.

462 5178 573 5249 (15)
641 5177 880 5232 Necdum
931 5180 1110 5249 etiam
1153 5177 1507 5232 Numerorum
1560 5177 1960 5249 explicationem

395 5247 563 5306 fuerat
598 5264 897 5318 aggressus,
931 5259 1036 5302 etc.
1065 5247 1345 5302 Manifeste
1396 5250 1484 5318 hic
1513 5250 1612 5302 sibi
1655 5248 1962 5318 contrarius

393 5330 478 5374 est
499 5316 893 5372 illustrissimus
938 5319 1182 5372 Huetius.
1217 5318 1349 5372 Nam
1380 5316 1660 5387 Origenes,
1697 5326 1754 5370 ut
1805 5317 1962 5386 paulo

395 5405 552 5456 Supra
586 5390 751 5443 refert
781 5389 894 5455 ipse
925 5387 1168 5448 Huetius,
1200 5389 1253 5441 in
1290 5387 1518 5457 Prologo
1539 5389 1968 5443 Connuentario~

397 5475 515 5512 rum
550 5461 604 5511 in
649 5458 923 5511 Canticum
961 5459 1302 5520 canticorum,
1328 5473 1465 5526 quos
1513 5459 1566 5512 in
1597 5459 1768 5511 altero
1790 5457 1957 5510 Athe-

399 5530 569 5582 niensi
591 5543 828 5589 secessu,
861 5541 1051 5595 nempe
1073 5541 1213 5580 anno
1235 5530 1406 5582 aetatis
1437 5543 1547 5581 sua:
1576 5528 1956 5594 quinquagesi-

395 5615 482 5652 tno
508 5600 741 5652 secundo
776 5598 1139 5656 inchoaverat,
1167 5611 1292 5650 suas
1331 5598 1386 5650 in
1423 5597 1681 5650 Numeros
1713 5595 1957 5663 explica-

399 5671 574 5721 tiones
595 5676 878 5731 memorat,
903 5681 1002 5720 nec
1027 5666 1206 5720 dicere
1226 5666 1350 5720 licet
1377 5666 1655 5735 Prologqu
1680 5666 1822 5721 hunc
1841 5665 1957 5719 lon-

396 5754 458 5805 ge
488 5746 612 5809 post
633 5737 1086 5809 absolutumopus
1117 5737 1280 5809 fuisse
1307 5737 1694 5809 conscriptum.
1727 5737 1954 5804 Quipote

397 5810 557 5874 igitur
599 5806 686 5862 hic
733 5806 1000 5862 concludit
1043 5805 1266 5862 Huetius
1317 5805 1541 5862 necdum
1599 5805 1952 5861 Numerorum

2065 5177 2478 5245 explicationem
2502 5188 2811 5245 aggressum
2835 5173 3000 5226 fuisse
3027 5171 3470 5245 Origenem,_cum
3491 5173 3636 5228 Jere-

2068 5242 2230 5299 miam
2258 5246 2490 5301 homiliis
2517 5242 2827 5302 illustraret,
2858 5259 2994 5314 quas
3020 5242 3312 5314 (homilias)
3343 5243 3535 5297 Huetio
3556 5245 3638 5314 jp-

2067 5318 2206 5379 dice,
2241 5327 2362 5386 post
2391 5330 2590 5368 annum
2625 5313 3018 5386 sexagesimtun
3031 5327 3105 5386 ex
3138 5323 3376 5386 tempore
3402 5313 3637 5386 pronun-

2065 5381 2252 5439 tiavitf
2274 5387 2478 5440 Revera
2513 5386 2604 5450 qui
2631 5385 2730 5438 lem
2768 5381 2987 5437 ltoutilia
3021 5384 3078 5450 in
3119 5381 3404 5436 Jeremiam
3433 5385 3654 5438 duodeo.

2064 5457 2203 5509 cima
2227 5457 2491 5524 promittit
2519 5445 2776 5522 Origenes
2804 5467 2882 5515 se,
2914 5452 3001 5524 ubi
3030 5445 3194 5524 finem
3225 5453 3431 5507 dicendi
3469 5453 3631 5524 fecis-

2067 5535 2171 5589 set,
2199 5521 2265 5580 (ιε
2306 5521 2725 5580 sacerdotalibus
2777 5521 3261 5592 benedictionibus,
3295 5537 3414 5592 qute
3442 5525 3494 5577 in
3524 5522 3631 5575 Nu.

2066 5597 2232 5650 meris
2259 5597 2626 5659 continentur,
2645 5594 2821 5646 adhuc
2851 5591 3191 5658 locuturum;
3233 5591 3327 5646 sed
3361 5593 3489 5646 illml
3525 5610 3629 5646 non

2067 5666 2287 5733 impedit
2337 5665 2624 5734 quominus
2669 5660 3015 5734 alias_longe
3053 5672 3208 5734 antea
3262 5664 3509 5716 homilias
3578 5665 3640 5716 in

2069 5730 2326 5860 Nigrino:
2355 5730 2571 5790 habere
2629 5731 2882 5803 potuerit.
2923 5730 3050 5787 Vide
3084 5731 3338 5788 Munitunt
3393 5745 3634 5790 nostram

2069 5823 2118 5860 tn
2197 5821 2426 5860 umeros.

2065 5823 2118 5860 ιιι
2147 5821 2426 5862 numeros.
