4152 6468
464 409 593 464 1271

1763 413 1824 468 Ρ.
1870 416 2184 472 DANIELIS
2221 417 2456 476 IIUETII

3582 432 3716 482 1272

465 532 602 586 Nam
650 541 771 602 post
820 531 1098 586 Maximini
1135 535 1564 602 persecutionem
1614 538 1853 606 expliciti
1890 550 2036 604 sunt,
2068 548 2113 604 Α
2143 561 2342 598 annum
2371 547 2741 614 pronuntiavit
2769 547 3064 617 Origenes;
3104 547 3332 601 actuarii
3386 562 3451 600 ex
3490 547 3717 601 ambone

462 628 658 692 quippe
692 621 848 698 cujus
883 634 1027 679 tomo
1060 641 1196 687 xxtt,
1227 627 1562 692 meminerit,
1593 634 2043 696 quemadmodum

464 713 623 769 refert
660 715 924 770 Eusebius
972 715 1066 769 lib.
1099 731 1151 769 vi
1189 715 1359 778 llist..
1397 735 1518 788 cap.
1543 719 1637 783 28,
1679 723 1916 775 nondum
1947 738 2043 775 au-

466 817 571 860 tem
614 805 924 860 Matlbmum
988 808 1284 876 explanare
1338 809 1519 865 fuerat
1572 828 1822 877 exorsus,
1887 815 2044 868 sicuti

464 911 688 966 apparet
716 917 780 953 ex
814 900 932 968 ejus
962 909 1106 954 tomo
1129 917 1243 964 xw,
1280 902 1335 955 in
1366 903 1583 966 ΜαιιΙι..
1608 922 1754 958 ιιιιιιι.
1793 908 1882 967 19,
1923 922 2042 976 pag.

463 991 591 1055 748,
645 1001 700 1044 et
735 993 945 1046 decimo
1004 993 1059 1046 in
1105 993 1364 1048 Joannem
1407 1005 1570 1059 lomo,
1617 1013 1766 1051 num.
1798 999 1884 1057 I8.
1920 1015 2043 1068 pag.

459 1083 582 1137 £92.
615 1082 692 1137 Ne
722 1082 1246 1139 Commentariorum
1290 1088 1505 1154 quidem
1539 1090 1592 1142 in
1637 1089 1928 1154 Epistolam
1977 1093 2046 1144 ad

466 1175 737 1229 Romanos
763 1175 1011 1230 meminit
1041 1177 1302 1231 Eusebius
1329 1197 1341 1230 :
1371 1194 1436 1232 ex
1472 1177 1724 1247 Origo-nis
1754 1191 1932 1236 tamen
1961 1193 2045 1236 to-

460 1282 550 1322 tuo
583 1283 693 1321 XVI!
729 1269 784 1321 in
817 1268 1040 1334 Matth,
1071 1285 1221 1322 num.
1263 1268 1353 1330 59..
1405 1286 1524 1337 pag.
1558 1271 1682 1332 821,
1716 1282 1768 1324 et
1806 1272 1897 1326 lib.
1931 1289 1961 1324 v
1993 1284 2048 1328 et

460 1371 579 1423 VIII,
632 1371 815 1412 contra
866 1357 1030 1424 Cels.,
1070 1375 1216 1412 nunt.
1247 1358 1337 1422 47,
1379 1375 1500 1431 pag.
1531 1360 1636 1413 6M
1688 1371 1743 1415 et
1779 1379 1925 1414 nunt.
1953 1363 2042 1427 65,

459 1465 583 1520 pag.
623 1450 747 1515 790,
772 1453 1118 1523 intelligimus
1154 1453 1265 1520 jam
1301 1463 1409 1504 ttnn
1445 1469 1507 1507 ea
1541 1458 1907 1524 composuisse
1925 1457 2048 1510 Oti--

461 1560 678 1608 genetu,
719 1562 838 1598 cum
864 1548 930 1598 ad
973 1546 1372 1614 explananduni
1400 1546 1736 1611 Mattbaiuiu,
1767 1558 1821 1602 et
1850 1549 2044 1603 cunfu-

463 1635 682 1688 tandum
736 1636 948 1689 Celsum
986 1653 1046 1690 se
1093 1637 1338 1692 contulit.
1379 1637 1601 1691 Discere
1636 1654 1766 1693 vero
1811 1641 1935 1694 licet
1967 1655 2034 1693 ex

464 1725 680 1780 liuiuilia
719 1726 784 1778 {7
837 1730 891 1780 in
941 1725 1162 1791 Lucam,
1199 1727 1309 1797 jam
1341 1739 1468 1782 ante
1504 1733 1676 1798 ipsum
1715 1745 1836 1784 esse
1873 1732 2044 1785 inter-

461 1828 730 1887 pretatum
783 1819 1074 1888 Epistulam
1119 1824 1355 1890 priorem
1412 1825 1479 1874 ad
1509 1822 1844 1889 Corinthios,
1879 1840 2042 1892 quam

2151 640 2406 694 recitatas
2447 651 2825 708 exceperunt:
2859 642 3000 710 quod
3044 643 3303 693 hactenus
3359 639 3471 691 ﬁeri
3529 638 3713 704 probi-

2149 731 2361 783 buerat.
2404 731 2554 786 Alias
2580 733 2748 786 variis
2780 733 3120 801 temporibus
3156 729 3456 783 accuravit.
3491 729 3640 794 Quod
3668 727 3713 782 si

2151 823 2263 875 bzec
2299 825 2662 892 perspexisset
2694 824 2975 885 Erasinus,
3007 823 3229 876 minime
3258 823 3500 884 profecto
3530 821 3578 872 id
3615 821 3731 889 ipsi

2149 917 2215 967 de
2258 915 2494 970 bontiliis
2541 915 2790 986 Origeuis
2833 915 3130 986 generatim
3178 915 3356 984 agenti
3388 913 3713 967 excidisset:

2152 1007 2298 1060 «Eas
2354 1008 2646 1060 conciones
2699 1023 2806 1060 non
2859 1007 2972 1074 ipse
3006 1006 3247 1074 scripsit,
3301 1007 3395 1058 sed
3426 1019 3454 1056 a
3493 1003 3717 1056 notariis

2148 1099 2324 1166 excipi
2367 1113 2561 1166 passus
2604 1108 2708 1163 est,
2755 1099 2897 1167 quod
2939 1109 3117 1152 tamen
3161 1107 3362 1164 negant
3401 1097 3551 1148 illum
3599 1110 3718 1148 esse

2148 1206 2367 1258 passum
2404 1202 2534 1244 ante
2579 1205 2802 1253 animm,
2845 1200 2899 1243 ut
2955 1199 3083 1242 ante
3127 1190 3327 1241 dictum
3358 1197 3462 1250 est,
3489 1201 3718 1256 sexage-

2149 1283 2370 1336 simum.
2400 1303 2419 1335 »
2465 1283 2630 1348 Quasi
2664 1283 2836 1336 nullas
2862 1281 3097 1350 cogitate
3125 1280 3514 1348 conscripserit
3543 1279 3718 1332 liomi-

2149 1372 2246 1424 lias
2298 1371 2581 1441 Origenes,
2626 1373 2720 1424 sed
2769 1386 2958 1425 omnes
2991 1384 3057 1424 ex
3105 1379 3351 1436 tempore.
3397 1366 3720 1436 profuderit.

2150 1461 2395 1516 Ilomilia:
2442 1462 2496 1513 in
2539 1459 2758 1525 Lucam,
2812 1469 2948 1513 teste
3004 1457 3333 1526 Hieronymo
3376 1458 3426 1510 in
3492 1455 3723 1525 Prologo

2155 1569 2266 1607 suae
2302 1552 2785 1620 interpretationis,
2821 1550 2959 1604 fetus
2977 1560 3061 1604 est
3087 1549 3340 1617 juvenilis
3358 1547 3554 1611 astatis,
3581 1556 3636 1602 et
3669 1548 3722 1599 iu

2145 1645 2260 1698 otio
2298 1642 2517 1712 quidem
2553 1658 2617 1696 ac
2669 1653 2881 1696 secreto
2914 1651 3230 1710 conceptus,
3264 1650 3321 1694 ut
3355 1641 3408 1692 in
3451 1639 3722 1708 publicum

2149 1734 2344 1788 deinde
2380 1733 2657 1787 ederetur.
2696 1731 3078 1786 Coutiuuatam
3114 1746 3244 1798 ergo
3283 1731 3391 1784 illic
3423 1729 3582 1785 Luca:
3623 1746 3721 1784 ex-

2149 1825 2469 1894 p0sitionem
2511 1838 2579 1876 an
2611 1824 2942 1887 inadvertas,
2989 1833 3351 1892 prteterquam
3390 1822 3442 1875 in
3499 1837 3590 1875 sex
3625 1836 3724 1888 po-

462 1911 520 1966 in
562 1912 704 1965 hunc
723 1912 1108 1982 evangelistam
1128 1915 1193 1966 ad
1229 1917 1480 1982 populum
1515 1916 1810 1969 dissereret
1840 1932 1852 1966 :
1887 1936 1904 1966 ι
1931 1917 2042 1970 Me-
2079 1892 2119 1944 Β
2149 1915 2370 1970 stremis
2405 1914 2668 1978 honiiliis,
2709 1929 2828 1982 qtne
2857 1929 2921 1966 ex
2952 1913 3199 1981 ampliori
3234 1927 3458 1966 numero
3479 1913 3729 1965 videntur

463 2001 617 2062 mini,
661 2001 857 2067 inquit,
909 2018 1032 2056 cutn
1064 2002 1454 2071 interpretarer
1501 2004 1628 2056 illud
1658 2007 1800 2074 quod
1838 2007 1904 2059 ad
1939 2005 2044 2059 Cu-

465 2094 696 2148 rintbios
724 2095 981 2148 scribitur
1016 2113 1028 2148 :
1092 2093 1344 2149 Ecclesia:
1378 2095 1471 2148 Dei
1525 2114 1642 2165 quia
1671 2108 1745 2150 est
1777 2098 2042 2166 Corinthi,

465 2202 582 2238 rum
604 2187 842 2239 erunibus
866 2188 959 2255 qui
980 2187 1217 2239 invocant
1249 2204 1367 2240 eum
1416 2188 1482 2253 “,
1537 2189 1738 2243 dixisse
1763 2205 1848 2244 tne
1871 2191 2048 2243 diver-

465 2278 678 2332 sitatem
708 2277 981 2340 Ecclesia,
1011 2289 1064 2332 et
1083 2295 1270 2334 eorum
1303 2280 1394 2346 qui
1423 2281 1680 2333 iuvorant
1716 2298 1915 2336 nomen
1942 2281 2047 2334 Do-

465 2370 615 2423 mini.
651 2389 669 2420 ι
704 2369 1136 2424 Commentarios
1169 2372 1223 2423 in
1250 2373 1475 2439 priorem
1520 2374 1587 2424 ad
1618 2372 2048 2427 Thessalonicen-

463 2478 544 2515 εει
578 2459 869 2528 Epistolam
901 2463 954 2516 in
973 2477 1138 2532 opere
1159 2476 1341 2515 conlra
1372 2464 1602 2530 Celsum,
1627 2466 1764 2520 libro
1785 2468 2044 2529 secundo,

469 2570 617 2608 num.
653 2555 744 2620 65,
775 2572 896 2624 pag.
943 2555 1068 2618 457,
1105 2555 1347 2608 laudatos
1384 2560 1643 2622 reperias.
1681 2558 1918 2625 Denique
1952 2573 2050 2612 ex-

467 2643 785 2710 positionem
814 2644 1049 2713 aliquam
1067 2645 1116 2698 iu
1138 2645 1513 2715 Apocalypsint
1535 2648 1909 2711 meditabatur,
1928 2664 2046 2699 cum

465 2733 776 2790 Mattltteum
804 2737 1133 2805 explicaret:
1162 2739 1227 2790 tle
1255 2739 1488 2792 dracone
1513 2741 1710 2808 quippe
1735 2740 1826 2791 illo
1843 2749 2047 2804 septem

467 2827 737 2894 capitibus
774 2837 828 2881 et
859 2829 1042 2880 decent
1074 2829 1328 2883 cornibus
1379 2829 1648 2883 instructo
1677 2847 1842 2898 agens
1870 2832 1935 2894 ³³,
1970 2833 2044 2884 ita

467 2921 656 2974 scribit
695 2929 908 2977 tractat.
938 2921 1028 2984 30,
1062 2938 1210 2975 nutu.
1242 2922 1333 2987 49,
1357 2938 1477 2993 pag.
1509 2924 1611 2977 867
1638 2941 1654 2979 :
1694 2942 1712 2974 σ
1738 2925 2051 2992 Expouelur

467 3022 648 3066 autem
666 3023 908 3082 tempore
928 3030 1025 3069 suo
1051 3017 1099 3068 in
1131 3013 1459 3068 Revelatione
1481 3015 1743 3080 Joannis;
1773 3037 1791 3069 ι
1813 3029 1867 3070 et
1888 3033 2007 3070 mox
2033 3035 2046 3070 :

473 3123 493 3156 ‹
527 3105 635 3159 Has
665 3117 844 3160 autem
877 3107 1202 3175 principales
1251 3109 1616 3176 expositiones
1649 3122 1814 3177 atque
1857 3108 2052 3174 proba-

2151 2018 2441 2076 excerptte.
2477 2007 2760 2061 Prioribus
2792 2007 2897 2060 illis
2922 2007 3142 2074 triginta
3176 2005 3348 2060 tribus
3375 2005 3579 2060 similes
3599 2015 3729 2058 sunt

2151 2097 2384 2150 bomilize
2417 2098 2471 2151 in
2509 2099 2748 2166 psalmos
2779 2112 2968 2158 xxxvt,
2994 2112 3182 2150 xxxvii
3209 2107 3263 2149 et
3287 2105 3584 2156 xxxvnt,et
3609 2095 3729 2148 dum

2150 2193 2203 2244 in
2233 2191 2528 2252 Canticum,
2573 2203 2628 2242 et
2675 2204 2868 2242 novent
2930 2189 2982 2242 in
3027 2186 3265 2242 Iudices.
3321 2189 3733 2256 Extemporales

2151 2295 2328 2336 autent
2366 2282 2621 2344 houiilize,
2669 2281 2932 2348 quoniam
2977 2279 3135 2346 juxta
3191 2278 3428 2347 episcopi
3483 2278 3732 2347 praescri-

2150 2387 2322 2443 ptum,
2371 2385 2426 2427 et
2475 2375 2814 2443 designatum
2861 2373 2930 2426 ab
2978 2387 3044 2424 eo
3077 2381 3450 2440 argumentum
3485 2386 3548 2424 ac
3579 2369 3734 2424 Scri-

2151 2479 2325 2538 ptura:
2349 2467 2525 2521 locum
2559 2465 3083 2535 promintiabantur,
3110 2464 3316 2517 idcirco
3343 2473 3551 2518 certum
3585 2464 3732 2516 lninc

2149 2559 2392 2613 ordinem
2440 2560 2752 2626 neutiquam
2814 2565 3028 2621 tenent;
3072 2557 3166 2610 sed
3209 2559 3262 2608 in
3300 2558 3544 2609 eamdem
3587 2569 3736 2620 saepe

2151 2654 2464 2721 perieopam
2500 2651 2786 2721 geminatae
2823 2649 3192 2716 reperiuntur,
3232 2646 3611 2715 pnetermissis
3645 2655 3732 2696 to-

2154 2748 2222 2798 tis
2257 2745 2550 2814 capitibus,
2581 2741 2827 2811 diligenti
2855 2741 3188 2808 caeteroquin
3236 2739 3615 2793 observatione
3676 2747 3735 2791 et

2152 2837 2514 2906 explicatione
2566 2835 2765 2903 dignis.
2825 2831 2993 2898 llujus
3041 2833 3259 2901 generis
3308 2831 3560 2884 videntur
3604 2844 3732 2882 esse

2153 2927 2474 2997 superstites
2502 2927 2555 2980 in
2596 2935 2831 2994 quatuor
2873 2925 3084 2994 priores
3154 2923 3505 2978 Pentateucbi
3565 2922 3737 2975 libros

2155 3019 2424 3078 bomilim.
2454 3027 2510 3072 et
2546 3033 2666 3086 qua:
2699 3019 2749 3070 in
2783 3017 2981 3070 librum
3026 3014 3192 3071 Josue
3217 3025 3458 3078 exstant,
3490 3030 3647 3082 quas,
3674 3023 3736 3065 ut

2155 3110 2229 3162 ait
2266 3107 2494 3162 Rufinus
2526 3108 2796 3175 interpres
2848 3107 2900 3160 in
2939 3105 3205 3176 Prologo:
3241 3124 3258 3157 ι
3286 3107 3364 3160 Ex
3405 3117 3644 3174 tempore
3675 3106 3733 3158 in

471 3199 643 3253 tiones
671 3208 884 3267 oportet
921 3199 1060 3261 fieri,
1094 3215 1215 3252 cum
1272 3201 1388 3266 ipse
1438 3199 1574 3253 liber
1621 3201 2050 3271 (Apocalypsem)
2080 3227 2122 3281 ε
2159 3200 2391 3253 Ecdesia
2421 3199 2696 3268 peroravit
2726 3199 3079 3252 Adamantius
3129 3213 3316 3252 senex.
3350 3216 3367 3248 ι
3403 3195 3569 3266 llujus
3592 3211 3734 3266 quo-

468 3291 780 3360 ;‘ropositus
830 3291 992 3344 fuerit
1033 3291 1187 3344 nobis
1225 3293 1291 3345 ad
1317 3294 1710 3360 exponendum.
1741 3312 1760 3343 ι

543 3380 633 3434 IV.
681 3382 949 3436 Caeterum
1014 3397 1205 3451 magna
1248 3385 1299 3435 in
1358 3383 1754 3451 distinguendis
1801 3382 2052 3453 Origenis

471 3471 714 3529 homiliis
760 3476 1062 3528 adhibenda
1109 3475 1425 3543 dijudicatio
1445 3487 1562 3541 est;
1605 3475 1740 3528 alias
1763 3477 1905 3529 enim
1939 3492 2050 3528 me-

479 3566 646 3619 :litate
679 3567 1019 3635 conscriptas
1044 3567 1232 3631 edidit,
1257 3569 1392 3620 alias
1421 3584 1482 3620 ex
1517 3577 1762 3633 tempore
1785 3569 2048 3620 recitavit.

475 3656 658 3724 Longe
690 3655 882 3719 levior,
934 3673 1020 3710 tne
1067 3657 1270 3724 judice,
1312 3659 1501 3710 barum
1537 3659 1865 3723 auctoritas;
1926 3675 2053 3724 gra-

475 3748 594 3800 vior
639 3747 848 3800 illarum
901 3749 1254 3803 existimatio.
1296 3749 1565 3818 Quidquid
1598 3748 2050 3817 extemporaliutn

477 3837 824 3892 bomiliarum
849 3852 1115 3907 superest,
1147 3851 1261 3910 post
1299 3840 1697 3909 sexagesimum
1737 3840 1914 3892 a-tatis
1940 3855 2054 3891 sua:

499 4013 760 4030 _—-—

2155 3306 2260 3358 que
2287 3290 2503 3358 generis
2533 3304 2654 3342 esse
2689 3289 2908 3342 videtur
2933 3290 3092 3342 unica
3135 3289 3222 3342 illa
3256 3290 3307 3342 in
3334 3286 3351 3340 I
3380 3289 3515 3356 Reg.
3544 3302 3665 3354 cap.
3705 3286 3731 3338 1

2158 3393 2212 3435 et
2235 3381 2294 3443 2,
2323 3391 2381 3434 et
2409 3381 2510 3433 alia
2545 3381 2608 3434 de
2635 3381 3098 3452 Eugastrimytbo.
3133 3395 3296 3450 quam
3328 3381 3534 3451 primus
3565 3380 3740 3433 edidit

2160 3469 2268 3522 Leo
2301 3469 2547 3534 Allatius,
2586 3479 2639 3522 et
2671 3485 2789 3537 qua:
2825 3479 3118 3540 supersunt
3153 3473 3206 3524 in
3234 3469 3461 3533 Isaiam,
3493 3471 3546 3522 in
3593 3467 3745 3522 lere-

2160 3563 2343 3628 miam,
2375 3571 2428 3614 et
2468 3563 2525 3614 in
2563 3560 2910 3619 Ezecltielem.
2958 3561 3052 3616 llze
3085 3571 3266 3616 autem
3297 3561 3528 3616 subinde
3559 3578 3588 3613 a
3618 3573 3743 3614 stu-

2162 3654 2331 3706 diosis
2365 3653 2520 3721 juxta
2571 3653 2874 3721 Scriptum
2913 3654 3159 3707 ordinem
3203 3653 3441 3708 collectae
3481 3663 3537 3706 et
3557 3653 3744 3719 dispo-

2161 3746 2279 3797 sitae
2316 3755 2460 3799 sunt.
2493 3744 2669 3812 Atque
2721 3747 2835 3798 btec
2871 3760 2969 3798 nos
3019 3759 3211 3813 magna
3262 3745 3745 3800 verisimilitudine

2161 3837 2304 3889 ducti
2333 3836 2718 3904 conjeetamus.
2748 3853 2853 3890 non
2886 3835 3173 3905 praefracte
3209 3837 3523 3892 asserimus.

1780 4170 2437 4260 APPENDIX.

1303 4369 1479 4432 Libri
1526 4368 1794 4444 Origeni
1840 4365 2030 4439 falso,
2078 4366 2176 4426 vel
2223 4366 2596 4428 dubitanter
2639 4363 2920 4442 ascripti.

477 4665 522 4721 I.
571 4665 721 4720 Unde
752 4667 951 4735 factum
990 4669 1057 4721 sit
1091 4678 1146 4721 ut
1182 4668 1427 4736 Origenis
1471 4684 1659 4722 nomen
1694 4662 2147 4736 iplerrrque___sib_i
2193 4658 2687 4736 scriptionesfalso
2729 4658 3032 4736 astiterint,
3065 4655 3542 4736 aperi_t.ur.hll.nDe
3573 4657 3752 4710 tribus

552 4737 698 4790 libris
728 4725 779 4791 iit
805 4736 927 4801 Job,
949 4739 1113 4807 deque
1139 4725 1339 4792 vetusto
1377 4741 1612 4806 ipsorum
1647 4725 1948 4807 interprete.
2107 4732 2194 4807 De
2217 4725 2576 4807 posterioreiu
2599 4727 3266 4807 _Job_Comiitciitario._ly.
3306 4725 3755 4807 De_Comntertgi-

555 4809 634 4860 rio
684 4809 735 4860 in
794 4795 1057 4862 Marcuui.
1092 4808 1152 4862 γ.
1193 4795 1445 4862 Homiliis
1477 4809 1534 4860 in
1567 4795 1831 4870 diversos;
1869 4803 1955 4858 γι.
1993 4795 2230 4878 [familia
2258 4817 2376 4870 qua:
2402 4802 2673 4878 in‘codice
2710 4797 3469 4878 Venerine.inscribit_itr,_Tlc
3557 4795 3754 4878 Ξωζό-

554 4894 746 4946 μενος
782 4879 1125 4944 πλούσιος;
1164 4878 1272 4931 VII.
1305 4878 1534 4932 Sclioliis
1573 4879 1625 4928 in
1657 4865 1969 4931 Orationem
2003 4873 2071 4926 Du

556 4948 659 4998 nis.
711 4945 850 4998 VIII.
878 4947 954 4998 De
987 4947 1241 4998 Lamenta
1275 4947 1536 4998 Oriaenis.
1571 4945 1661 4998 IX.
1699 4947 1924 4998 Dialouo
1953 4946 2018 4996 de
2057 4959 2071 4995 t

2163 4865 2361 4933 uicani,
2389 4882 2437 4922 et
2465 4869 2699 4922 Canticis
2743 4869 2808 4921 Β.
2847 4867 3096 4934 Virginis,
3125 4865 3401 4919 Zuchariw
3459 4876 3509 4920 et
3551 4865 3757 4919 Simeo-

2154 4943 2351 4995 hodoxa
2396 4940 2518 4998 fide.
2543 4939 2613 4992 Χ.
2652 4939 2772 4992 Alio
2793 4939 3020 4998 quodam
3051 4949 3250 4990 vetusto
3275 4937 3506 4998 dialogo.
3544 4935 3634 4988 XI.
3665 4936 3757 4988 Li-

555 4940 659 5000 ᾖξε.
711 4940 850 5000 VIII.
878 4947 954 5000 De
987 4940 1241 5002 Lamenlo
1275 4947 1536 5017 Origenis.
1571 4945 1661 5000 IX.
1699 4947 1924 5014 Dialogo
1953 4946 2018 4996 de
2057 4943 2351 4995 orthodoxa
2395 4940 2518 5007 ﬁde.
2543 4940 2613 4992 Χ.
2652 4940 2772 4992 Alio
2793 4940 3020 5006 quodam
3051 4949 3250 5017 vetusto
3275 4940 3506 5016 dialogo.
3544 4940 3634 4988 XI.
3665 4940 3757 4988 Li-

555 5019 706 5071 bellis
744 5019 820 5072 De
851 5019 1169 5074 hteresibus.
1205 5017 1314 5072 XII.
1352 5018 1428 5072 De
1461 5018 1834 5086 singularitate
1863 5014 2215 5078 clericorum,
2246 5009 2381 5066 XIII.
2422 5011 2495 5064 De
2530 5010 2846 5075 astrolabio,
2881 5016 2931 5062 et
2963 5007 3050 5076 .De
3075 5009 3370 5071 brevtano,
3410 5018 3458 5061 et
3507 5023 3758 5061 sermone

553 5089 619 5142 de
651 5089 934 5142 ralecltesi.

558 5335 606 5391 I.
648 5336 1158 5393 Demonstravimus
1209 5335 1334 5389 libri
1380 5332 1605 5389 secundi
1658 5345 1853 5401 quarto
1891 5331 2070 5399 capite
2103 5333 2148 5391 ο
2177 5326 2400 5381 incertis
2429 5334 2480 5377 et
2514 5323 2712 5389 ignotis
2759 5325 3072 5377 auctoribus
3112 5325 3370 5392 profectae
3417 5322 3761 5378 lucubratio-

489 5447 744 5501 magnum
791 5433 1082 5500 aliquando
1134 5431 1187 5484 in
1233 5428 1474 5482 Ecclesia
1535 5437 1591 5482 et
1620 5427 1844 5482 Iillustre
1872 5426 2063 5491 {fuisse

494 5524 745 5586 Origenis
782 5539 1012 5589 nomen;
1060 5535 1234 5591 eoque
1278 5522 1444 5574 etiam
1508 5534 1575 5572 ex
1625 5517 2061 5572 adversariorum

489 5610 924 5662 contentionibus
955 5623 1008 5663 et
1044 5608 1331 5668 c0nviciis,
1357 5607 1502 5676 quod
1549 5607 1658 5660 fere
1691 5607 1824 5660 alias
1865 5618 2061 5658 usuve-

493 5699 616 5754 nirc
637 5699 795 5763 solet,
823 5701 1088 5755 illustrius
1113 5699 1378 5754 evasisse.
1412 5696 1773 5766 llincqfactutu
1799 5705 1881 5750 est
1910 5703 1968 5749 ut
1995 5693 2065 5748 ab

570 5853 613 5886 "
647 5851 668 5906 I
697 5850 824 5908 Cor.
849 5869 888 5919 ι,
926 5852 982 5909 ‘2.
1059 5852 1292 5920 aaApoc.
1331 5864 1425 5913 xu,
1451 5849 1503 5901 3.

2171 5436 2272 5474 nes
2337 5417 2629 5477 nonnullae,
2693 5417 2769 5470 sic
2833 5430 3087 5486 tanquam
3143 5418 3432 5485 projettitii
3493 5418 3758 5481 infantes,

2174 5510 2382 5564 clarum
2432 5508 2684 5575 Ot'igcnis
2762 5525 2954 5562 nomen
3002 5509 3104 5562 sibi
3151 5509 3384 5562 libenter
3435 5509 3756 5572 aseiverint,

2176 5613 2566 5665 nonnunquam
2601 5597 2765 5650 etiam
2817 5598 3072 5666 operibus
3111 5599 3225 5652 suis
3277 5608 3580 5652 Inetueutcs
3618 5602 3766 5653 scri-

2177 5701 2368 5761 ptores
2411 5687 2645 5754 subdoli,
2679 5689 2996 5743 ementitum
3041 5687 3187 5743 hunc
3217 5699 3578 5759 praetexentes
3620 5691 3761 5745 titu-
