4152 6434
393 403 531 459 12⁸75

1523 394 2099 457 ORlGENlANOBUM
2140 393 2502 450 APPENDIX.

3527 391 3670 446 12⁸74

390 521 522 585 lem,
563 522 868 576 Adamantii
919 524 1116 577 fatuam
1162 523 1328 576 veluti
1379 522 1522 576 furto
1571 519 1976 588 subripuerint;
2009 523 2056 578 Α
2093 517 2284 571 beatus
2315 515 2603 570 duodecim
2633 513 2824 568 diebus
2858 526 3022 582 supra
3068 521 3237 567 testas
3277 509 3540 580 pollineas
3571 528 3668 564 ex.

392 614 704 682 bibliopolae
747 617 908 670 etiam
963 617 1233 671 mercibus
1266 616 1378 670 suis
1404 615 1742 669 vendilaudis
1765 620 1974 682 empto-

397 721 510 757 rem
545 705 808 769 hiantem,
856 705 1038 758 fucata
1085 706 1184 759 hac
1223 705 1581 772 inscriptione
1630 702 1968 756 induxerint.

397 793 506 848 llas
535 795 754 864 quidem
796 794 866 849 oh
919 811 1111 848 causas
1158 795 1452 863 aliquando
1493 792 1790 862 contigisse
1824 806 1970 856 reor,

395 893 454 935 ut
511 882 566 935 in
623 882 872 953 Origenis
922 884 1179 938 familiam
1229 884 1395 953 spurii
1448 882 1768 937 transierint
1814 879 1972 945 libri;

395 983 454 1026 at
503 972 845 1044 frequentius
882 977 1044 1029 etiam
1099 975 1536 1030 idemevenisse
1592 983 1722 1042 puto
1771 971 1854 1024 vel
1905 985 1971 1024 er

397 1065 748 1120 librariorum
799 1069 1108 1132 oscitantia,
1139 1066 1352 1121 nomina
1383 1065 1690 1118 nominibus
1721 1078 1973 1117 commu-

398 1159 668 1221 tantium;
701 1159 785 1212 vel
823 1173 890 1212 ex
935 1159 1247 1213 criticorum
1306 1157 1552 1219 audacia,
1603 1156 1817 1221 quidvis
1867 1154 1972 1208 sibi

395 1249 563 1307 licere
595 1253 649 1304 in
681 1251 880 1306 litteris
913 1253 1236 1319 pntantium.
1275 1249 1388 1305 llnc
1416 1249 1645 1303 accessit
1668 1249 1812 1316 quod
1853 1247 1974 1314 pln-

395 1342 565 1396 rimas
633 1340 890 1413 Origenis
948 1343 1278 1412 scriptiones
1335 1341 1577 1395 studiose
1631 1338 1975 1393 abolentibus

395 1434 571 1503 ipsius
606 1435 940 1489 adversariis
991 1447 1046 1487 et
1091 1433 1500 1497 defensoribus;
1546 1431 1882 1500 his-quidem
1919 1439 1976 1480 ut

392 1531 514 1596 ejus
548 1543 784 1594 errores,
815 1529 923 1584 illis
974 1540 1033 1584 ut
1065 1527 1320 1597 praeclara
1357 1525 1473 1592 ejus
1503 1539 1669 1593 opera
1714 1523 1976 1577 invidiose

393 1622 672 1686 celarent;
705 1622 903 1675 multas
942 1621 1062 1674 vice
1091 1635 1251 1675 versa
1305 1617 1712 1673 lucubrationes
1761 1616 1976 1683 utrique

398 1715 619 1784 paribus
649 1715 716 1768 de
744 1714 925 1767 causis
966 1713 1167 1766 nomini
1222 1713 1390 1781 ipsius
1441 1711 1818 1764 subdiderunt.
1863 1706 1974 1762 Nos

395 1821 526 1860 vero
554 1816 838 1875 postquam
868 1803 1323 1874 Origenianorum
1378 1803 1704 1868 scriptorum
1744 1816 1972 1855 exatncn

400 1899 568 1952 semel
613 1899 971 1966 suscepimus,
1002 1897 1066 1949 ad
1107 1905 1349 1949 nostram
1402 1896 1678 1964 pertinere
1718 1892 1972 1945 duximus

394 2007 604 2055 curam,
637 2006 765 2046 suos
794 1991 840 2044 ei
876 1989 1014 2043 fetus
1041 1988 1306 2058 legitimos
1339 1988 1645 2051 restituere,
1671 1986 1814 2054 quod
1840 1985 1973 2037 hac-

405 2093 564 2136 tenus
621 2080 1293 2148 fecimus;supposititios
1344 2094 1475 2134 vero
1519 2095 1586 2132 ex
1613 2079 1730 2148 ejus
1775 2078 1973 2132 familia

395 2190 708 2245 segregare,
736 2173 881 2242 quod
903 2172 1214 2240 Appendice
1245 2173 1345 2226 ista
1388 2172 1582 2225 facturi
1621 2187 1828 2225 sumus.

468 2267 531 2318 II.
577 2263 635 2317 lu
689 2264 881 2317 Latina
947 2260 1200 2331 Origenis
1252 2263 1492 2316 editione
1545 2263 1741 2327 duplex
1803 2276 1974 2331 genus

393 2356 928 2412 Commentariorum
966 2356 1021 2406 iu
1079 2357 1268 2406 librum
1317 2351 1420 2406 Job
1474 2356 1760 2422 reperitur.
1820 2352 1975 2406 Prius

398 2451 451 2504 in
499 2460 611 2504 tres
665 2450 958 2503 discretum
1004 2457 1085 2500 est
1125 2447 1314 2510 libros,
1361 2455 1416 2501 et
1472 2446 1579 2499 duo
1628 2447 1806 2514 priora
1853 2443 1974 2499 Jobi

396 2542 573 2611 capita
638 2558 762 2596 cum
811 2541 955 2595 tertii
1014 2538 1262 2608 portione
1311 2538 1710 2608 complectitur,
1760 2539 1828 2592 ab
1894 2539 1976 2590 in-

394 2644 548 2688 certo
580 2635 878 2702 interprete
908 2631 1207 2686 Latinitate
1236 2630 1505 2686 redditum
1537 2648 1551 2683 :
1580 2632 1848 2699 posterius
1893 2641 1975 2683 to-

401 2737 515 2780 tum
567 2724 915 2794 persequitur
937 2723 1054 2778 Jobi
1087 2724 1305 2788 librum,
1336 2732 1391 2777 et
1414 2722 1666 2778 brevibus
1697 2737 1976 2776 commen-

399 2817 610 2872 tariolis
651 2817 883 2887 (scholia
929 2833 1096 2888 prope
1130 2818 1358 2887 dixeris)
1392 2817 1640 2886 exponit,
1667 2826 1723 2870 et
1751 2813 1973 2869 Joachi-

399 2928 546 2968 tuum
631 2909 946 2965 Periouium
1013 2911 1364 2980 interpretem
1447 2909 1631 2963 habet.
1716 2907 1974 2978 Spurium

396 3017 688 3074 utrumque
735 3021 895 3074 opus,
937 3013 992 3057 et
1031 3004 1428 3060 enmudicatnm
1479 3001 1730 3071 Origenis
1781 3016 1973 3054 nomen

399 3097 534 3150 falso
577 3097 814 3163 jactans.
859 3094 1066 3150 Prioris
1094 3105 1245 3148 certe
1279 3093 1450 3163 stylus
1490 3091 1807 3162 Origeniani
1855 3092 1974 3144 dis-

398 3189 592 3244 similis
634 3200 756 3253 est;
807 3191 999 3243 creber
1037 3188 1235 3256 quippe
1271 3188 1406 3240 artis
1453 3186 1706 3241 oratoria:
1753 3185 1969 3252 liguris;

400 3279 593 3347 quales
621 3283 672 3333 in
708 3278 869 3332 tomis
902 3277 1076 3331 nullas
1115 3277 1352 3330 admittit
1385 3275 1669 3346 Origenes,
1701 3291 1808 3328 non
1840 3275 1975 3326 mul-
2003 3246 2046 3302 θ

399 3382 481 3423 tas
536 3371 589 3422 in
632 3369 889 3424 homiliis.
934 3369 1210 3435 Discrepat
1240 3383 1457 3436 quoque
1497 3368 1821 3423 sententiis:
1853 3384 1974 3419 nam

399 3461 497 3515 lib.
519 3477 556 3514 tt
588 3459 866 3515 Christqu
899 3459 976 3512 ait
1005 3459 1331 3527 praedicasse
1357 3458 1530 3510 trilms
1559 3457 1718 3510 annis
1741 3466 1797 3510 et
1821 3455 1978 3509 dimi-

398 3549 522 3615 dio;
577 3563 700 3600 cum
754 3546 1012 3616 Origenes
1063 3547 1155 3600 lib.
1217 3562 1266 3600 tv
1305 3546 1444 3614 Περὶ
1487 3545 1708 3614 ἀρχῶν,
1767 3561 1889 3612 cap.
1924 3546 1977 3610 l,

399 3650 548 3689 num.
584 3633 640 3700 5,
679 3643 733 3689 et
764 3635 947 3688 homil.
987 3634 1074 3700 52,
1116 3634 1170 3686 in
1196 3633 1355 3700 Luc.,
1393 3651 1538 3687 anno
1569 3637 1830 3688 duntaxat
1872 3651 1979 3689 uno

397 3740 521 3777 cum
550 3725 759 3792 aliquot
806 3725 1084 3778 mensibus
1117 3724 1166 3776 id
1198 3725 1442 3778 muneris
1467 3723 1742 3778 Christum
1775 3724 1979 3780 obiisse

400 3816 570 3870 dicat.
602 3816 727 3870 l’ost
753 3817 968 3870 Arianae
1019 3816 1290 3870 hazreseos
1324 3825 1572 3870 exortum
1605 3815 1893 3884 prodiisse,
1925 3827 1980 3871 et

399 3908 471 3963 ab
491 3907 697 3964 Ariano
745 3911 962 3978 quidem
1012 3906 1178 3962 fuisse
1232 3907 1492 3974 scriptum
1527 3907 1816 3961 manifeste
1863 3908 1981 3962 haec

399 3998 724 4054 evincunt“
753 4017 766 4052 :
797 4017 816 4050 ς
845 3997 970 4051 Tria
1011 4012 1215 4050 cornua
1256 3997 1382 4048 lecit
1434 3994 1682 4048 diabolus
1709 3995 1764 4048 in
1791 4003 1976 4064 typum

401 4099 565 4160 atque
625 4093 851 4160 figurant
917 4090 1200 4159 trionyma:
1254 4088 1401 4142 illius
1467 4098 1658 4150 secta,
1711 4088 1982 4156 triumque

404 4182 628 4235 deorum
675 4178 919 4244 hxresis,
975 4195 1095 4248 qua:
1146 4179 1460 4233 universum
1489 4180 1677 4232 orbem
1735 4189 1896 4233 terra:
1928 4181 1978 4232 iu

403 4275 621 4328 modum
681 4274 1026 4327 tenebrarum
1083 4272 1330 4340 replevit,
1365 4286 1486 4340 qua:
1539 4270 1779 4338 Patrem,
1810 4282 1864 4325 et
1893 4271 1981 4325 F.-

404 4365 558 4427 limn,
595 4374 650 4418 et
678 4364 938 4433 Spiritum
970 4373 1219 4417 sanctum
1252 4363 1546 4430 aliquando
1582 4372 1840 4430 tanquam
1873 4372 1982 4416 tres

401 4459 554 4523 colit,
599 4471 984 4525 nonnunquam
1044 4471 1208 4509 unum
1263 4455 1476 4516 adorat,
1525 4456 1981 4522 quemadmodum

2083 620 2292 675 tensus,
2329 611 2489 664 tertia
2513 609 2724 664 decima
2764 609 2851 663 die
2882 617 2968 662 est
2999 614 3437 668 consummatus,
3470 604 3670 672 aliique

2077 703 2348 757 innumeri
2406 703 2584 757 sancti
2648 711 2919 774 martyres
2978 701 3173 754 eodem
3227 699 3387 754 modo
3437 710 3666 754 mortem

2079 806 2427 850 transeuntes
2463 796 2822 849 consummati
2867 806 3012 849 sunt.
3041 814 3058 846 ι
3110 795 3184 849 Ex
3243 795 3440 864 quibus
3486 796 3670 862 conje-

2076 900 2224 944 Ctura
2257 891 2425 944 ducor
2453 890 2519 943 ad
2552 890 2934 957 suspicandum
2957 889 3137 958 operis
3175 888 3342 955 hujus
3381 898 3664 943 auctorem

2077 994 2142 1034 ex
2181 995 2249 1034 eo
2276 996 2396 1034 eSse
2422 996 2620 1050 genere
2652 981 3002 1042 Arianorum,
3042 980 3134 1049 qui
3167 979 3390 1034 Luciani
3422 979 3666 1048 discipu-

2077 1070 2156 1123 los
2184 1071 2730 1137 seseprolitebanlur,
2754 1082 2806 1124 et
2825 1071 3147 1126 Lucian‘sta:
3173 1073 3276 1125 dici
3295 1071 3570 1125 amabant.
3593 1071 3669 1125 De

2076 1161 2160 1214 his
2179 1163 2249 1214 ita
2277 1161 2602 1229 Epiphanius
2622 1163 2752 1215 luer.
2777 1178 2959 1228 Lxxvt,
2975 1179 3094 1233 cap.
3113 1165 3177 1218 ὅτ
3198 1164 3258 1217 Οἱ
3279 1163 3498 1234 μὲνγὰρ
3517 1163 3667 1217 ἄλλοι

2074 1253 2182 1306 τῶν
2219 1253 2512 1324 Ἀρειανῶν
2539 1254 2646 1306 τῶν
2672 1255 2780 1308 ἀπὸ
2802 1255 3108 1309 Λουκιανοῦ
3128 1274 3212 1320 τε,
3246 1259 3340 1309 καὶ
3359 1256 3668 1328 Ὡριγένους

2076 1345 2346 1399 λαϐόντων
2381 1347 2479 1415 τὴν
2509 1347 2805 1418 πρόφασιν,
2842 1348 3129 1416 γεγονότες
3159 1347 3548 1421 ἆμαἈστερίῳ
3561 1351 3668 1402 τινὶ

2078 1437 2187 1490 ἀπὸ
2219 1439 2492 1506 σοφιστῶν
2527 1441 2662 1502 ὄντι,
2693 1440 2984 1494 ἐκπεσόντι
3019 1459 3079 1494 τε
3124 1443 3184 1494 ὲν
3231 1440 3310 1513 τῷ
3337 1441 3564 1512 διωγμῷ
3588 1441 3668 1512 τῷ

2077 1529 2170 1581 ἐπὶ
2200 1529 2546 1600 Μαξιμιανοῦ
2591 1531 2867 1600 γεγονότι.
2931 1551 2949 1582 ι
2978 1533 3079 1586 Alii
3114 1533 3258 1587 enim
3308 1548 3376 1586 ex
3424 1535 3667 1596 Arianis,

2077 1622 2145 1674 iis
2175 1623 2266 1691 qui
2311 1640 2338 1675 a
2381 1623 2617 1677 Luciano
2646 1634 2699 1678 et
2729 1625 2962 1693 Origene
2989 1627 3298 1679 doctrinam
3335 1641 3488 1680 suam
3512 1642 3667 1680 acce-

2078 1724 2295 1782 perant,
2331 1715 2603 1782 conjuncti
2654 1719 2867 1770 ASIerio
2917 1718 3128 1772 cuidam
3168 1719 3234 1772 de
3269 1735 3431 1789 grege
3475 1720 3666 1788 sophi-

2089 1811 2322 1866 starum,
2358 1806 2448 1871 qui
2479 1805 2532 1858 in
2566 1807 2939 1872 persecutione
2979 1807 3294 1860 Maximiani
3319 1823 3347 1859 a
3385 1807 3487 1861 fide
3515 1808 3665 1862 defe-

2079 1902 2250 1948 cerat.
2278 1913 2296 1945 ι
2331 1894 2677 1965 Quapropter
2705 1897 2916 1961 Ariani,
2948 1896 3141 1950 deinde
3175 1897 3498 1952 Lucianistm
3532 1914 3668 1950 nuu-

2078 1985 2258 2052 cupati
2307 1995 2453 2048 sunt,
2492 1993 2549 2038 ut
2595 1996 2821 2054 apparet
2872 2003 2938 2040 ex
3003 1987 3171 2040 Mario
3207 1988 3486 2044 Victorino
3520 1990 3664 2045 lib.t

2077 2075 2327 2128 adversus
2354 2077 2608 2130 Ariunos.
2639 2077 2740 2142 Qui
2777 2091 2956 2132 autem
2983 2077 3293 2132 Coluthiani
3319 2081 3659 2150 appellaban-

2083 2176 2189 2228 tur,
2225 2183 2329 2220 non
2366 2183 2395 2219 a
2431 2166 2671 2221 aniano
2712 2169 2803 2222 illo
2851 2179 3142 2225 traxerunt
3191 2187 3408 2237 nomen,
3459 2184 3516 2225 ut
3545 2174 3668 2242 opi-

2090 2258 2201 2310 nati
2233 2266 2355 2310 suut
2385 2257 2630 2326 quidam,
2662 2258 2757 2313 sed
2803 2274 2830 2312 a
2875 2259 3108 2314 Colutbo
3150 2263 3509 2316 haeresiarcha
3551 2264 3665 2315 Arii

2076 2346 2248 2409 socio,
2273 2345 2424 2412 cujus
2470 2348 3090 2419 metuiuitmpiphanius
3131 2353 3260 2405 ha:r.
3288 2367 3437 2414 uix,
3462 2367 3584 2420 cap.
3611 2352 3664 2406 2.

2083 2439 2502 2509 Distinguautur
2542 2456 2708 2512 porro
2745 2442 2798 2496 hi
2830 2443 3158 2500 Lucianistze
3210 2446 3275 2498 ab
3318 2446 3439 2498 aliis
3480 2443 3671 2498 Lucia-

2081 2533 2260 2597 nistis,
2297 2531 2520 2588 Luciani
2575 2534 2858 2603 cujusdam
2892 2535 3219 2604 antiquioris
3281 2546 3336 2590 et
3379 2536 3670 2592 Marcionis

2081 2623 2360 2692 discipulis
2393 2663 2410 2686 ,
2441 2623 2592 2692 cujus
2637 2625 2888 2680 haeresim
2920 2625 3260 2696 Epiphanius
3305 2628 3666 2697 persequitur.

2080 2714 2414 2783 Seriptorem
2472 2718 2632 2768 trium
2690 2714 2952 2770 librorum
3025 2718 3081 2769 in
3141 2715 3361 2779 Jobum,
3408 2717 3666 2770 Latinum

2075 2806 2353 2858 existimat
2373 2805 2653 2869 Erasmus,
2685 2820 2919 2875 eumque
2941 2821 3065 2861 esse
3094 2807 3455 2862 Maximinum
3485 2809 3670 2863 hario-

2076 2896 2236 2960 latur,
2281 2897 2435 2965 cujus
2479 2907 2697 2950 exstant
2727 2898 3125 2968 disputationes
3180 2915 3302 2953 cum
3333 2900 3666 2969 Augustino.

2083 2987 2311 3042 «Fuisse
2347 2987 2622 3054 Latinum,
2665 2987 2862 3057 inquit.
2911 2991 3174 3058 inprimis
3213 2992 3327 3060 ipse
3353 2992 3538 3060 operis
3565 3009 3660 3063 gn.

2077 3092 2194 3134 stus
2229 3081 2431 3134 indicat
2453 3099 2466 3134 :
2491 3082 2577 3134 vix
2608 3082 2755 3135 enim
2787 3082 3078 3150 quisquam
3121 3083 3192 3136 ita
3217 3085 3511 3138 commode
3544 3099 3667 3137 Ver-

2079 3175 2139 3228 tit
2164 3173 2374 3239 Grieca,
2407 3182 2464 3226 ut
2495 3175 2671 3228 oratio
2699 3173 2886 3228 Latina
2917 3191 3021 3227 non
3090 3176 3264 3244 sapiat
3292 3175 3488 3229 alicubi
3513 3191 3665 3229 suam

2077 3269 2366 3336 originem.
2419 3265 2816 3334 Interpretatur
2867 3269 3138 3320 interdum
3191 3266 3412 3320 Graacas
3479 3281 3664 3331 voces,

2079 3361 2174 3413 sed
2202 3360 2275 3412 ita
2313 3368 2372 3413 ut
2404 3357 2658 3413 Latinum
2691 3373 2958 3428 agnoscas
2985 3375 2999 3412 :
3031 3358 3192 3411 veluti
3226 3373 3348 3410 cum
3377 3356 3538 3410 docet
3567 3371 3668 3410 nos

2081 3449 2214 3517 quid
2247 3457 2304 3502 et
2332 3448 2510 3516 qualis
2533 3449 2604 3501 sit
2627 3449 2969 3504 adatuantus.
3005 3465 3024 3498 ι
3057 3447 3146 3500 Sic
3170 3461 3229 3500 se
3271 3447 3431 3499 habet
3463 3446 3554 3500 ille
3585 3446 3667 3499 lo-

2079 3557 2178 3594 cus
2195 3540 2279 3592 ἐς
2323 3558 2343 3590 ς
2373 3540 2611 3593 Adamas
2645 3554 2777 3593 vero
2809 3539 3194 3608 interpretatur
3233 3553 3298 3592 ex
3342 3538 3528 3592 Graeca
3562 3538 3670 3591 litt-

2079 3649 2204 3705 gua,
2242 3631 2603 3696 indomabilis,
2640 3630 2964 3696 inﬂexibilis,
3026 3631 3466 3692 incomminutus,
3499 3648 3520 3681 ι
3549 3639 3660 3684 etc.

2079 3725 2292 3779 Addere
2337 3733 2549 3794 poterat
2585 3732 2642 3778 et
2685 3722 2914 3777 altermu
2954 3737 3115 3792 supra
3160 3737 3191 3776 a
3235 3723 3391 3776 nobis
3421 3723 3672 3791 deprom-

2086 3826 2258 3884 ptum,
2291 3831 2400 3885 quo
2448 3815 2584 3870 ludit
2617 3815 2670 3868 in
2717 3829 2852 3870 voce
2885 3813 3182 3878 aniauus,
3216 3829 3450 3882 eutnque
3481 3830 3511 3867 a
3540 3815 3658 3868 luce

2080 3909 2283 3962 dictum
2310 3909 2520 3964 scribit.
2550 3909 2776 3964 Erasmo
2807 3910 3016 3962 assensi
3043 3918 3168 3961 sum
3201 3907 3471 3961 ltobertus
3494 3907 3670 3961 Cocus

2085 4001 2136 4054 iu
2170 4000 2433 4064 Censura,
2471 4010 2527 4055 et
2555 4002 2866 4054 Edtnnndus
2911 4000 3227 4054 Albertinus
3281 3993 3334 4052 in
3384 4013 3548 4068 opere
3588 3998 3670 4052 De

2081 4103 2410 4146 sacramento
2466 4091 2822 4146 Euchariuia'
2846 4092 2913 4144 ³⁷.
2954 4093 3060 4144 Sed
3106 4092 3231 4158 quis
3288 4091 3464 4144 nescit
3499 4091 3670 4144 inter-

2083 4196 2297 4254 pretmn
2337 4185 2646 4246 audaciam,
2681 4195 2966 4236 auctorum
3002 4181 3350 4236 sermonibus
3395 4197 3492 4235 sua
3517 4197 3670 4235 com-

2087 4287 2270 4330 menta
2305 4279 2652 4345 interponere
2691 4274 3033 4329 amantium?
3081 4273 3329 4328 Graecum
3361 4290 3484 4328 esse
3533 4276 3670 4328 scri-

2086 4381 2302 4441 ptorem
2354 4371 2549 4439 probat
2610 4369 2928 4438 interpretis
2988 4367 3272 4436 Prologus,
3307 4382 3415 4435 quo
3469 4367 3666 4421 librum

2090 4467 2234 4519 hunc
2266 4465 2480 4534 aliquos
2519 4473 2646 4517 ante
2680 4479 2738 4518 se
2770 4461 2966 4516 Latine
2999 4461 3228 4514 vertisse
3275 4461 3458 4514 tradit.
3489 4460 3668 4514 Prolo-

401 4551 716 4606 Grzecorum
761 4548 941 4617 lingua
989 4558 1342 4610 memoratur,
1385 4545 1602 4612 Triada,
1646 4547 1728 4599 vel
1785 4545 1983 4600 Houm-
2014 4585 2060 4644 υ
2088 4574 2212 4629 gum
2238 4575 2268 4612 a
2299 4557 2536 4612 librariis
2575 4556 2910 4625 ειιρροείιιηη
2968 4552 3176 4606 divina;
3233 4551 3509 4615 Erasmus,
3545 4552 3668 4604 "ut.

403 4643 547 4697 sion.
609 4639 770 4694 Istam
831 4654 960 4707 ergo
1008 4637 1293 4692 Trinitatis
1343 4646 1654 4700 sectam,et
1707 4637 1981 4703 haeresim,

405 4744 568 4802 atque
621 4731 991 4786 infidelitatem
1035 4728 1149 4796 jatn
1199 4729 1331 4782 olim
1381 4731 1450 4782 tle
1483 4729 1642 4796 longe
1688 4728 1983 4799 designans

401 4825 815 4879 versutissimus
839 4822 928 4876 ille
957 4822 1208 4876 diabolus
1239 4821 1340 4874 tria
1376 4835 1579 4875 cornua
1615 4820 1762 4875 misit
1791 4822 1856 4873 ad
1883 4819 1984 4875 .Inb

401 4917 840 4987 deprmdamlum.
882 4915 976 4970 Sic
1021 4931 1254 4984 namque
1292 4914 1458 4969 etiam
1511 4931 1654 4968 nunc
1679 4927 1982 4968 memorata

405 5011 676 5080 trionyma
707 5009 933 5062 ha'resis
979 5007 1281 5076 praesertim
1314 5009 1589 5076 przedatur
1614 5018 1777 5076 atque
1807 5022 1979 5075 expu—

403 5110 534 5172 gnat
563 5101 888 5156 Ecclesiam.
920 5121 938 5151 ι
978 5101 1201 5154 Luciaui
1240 5100 1497 5170 martyris
1516 5116 1636 5154 cum
1675 5101 1832 5154 laude
1869 5117 1985 5154 me-

405 5194 581 5259 minit,
616 5191 868 5262 Origenis
902 5192 1234 5259 temporibus
1259 5192 1429 5245 multo
1463 5193 1822 5247 recentioris:
1857 5213 1876 5243 σ
1909 5195 1984 5248 Ita

403 5294 813 5338 consummatus
851 5294 957 5345 est,
991 5282 1247 5350 inquit”,
1279 5284 1472 5339 beatus
1520 5294 1684 5352 atque
1719 5286 1986 5353 gloriosus

403 5375 700 5437 Lucianus,
721 5375 930 5429 lucidus
967 5375 1098 5438 vita,
1128 5374 1335 5428 lucidus
1358 5383 1413 5428 ct
1436 5375 1563 5439 (ide,
1586 5376 1799 5432 lucidus
1819 5378 1984 5431 etiam

408 5471 709 5525 tolerantiae
739 5470 1228 5525 consummatione.
1265 5472 1348 5526 Ob
1383 5472 1484 5526 hoc
1527 5473 1672 5526 enim
1715 5471 1990 5530 Lucianus

404 5563 819 5632 cognominatus
873 5568 976 5627 est,
1025 5571 1284 5630 tanquam
1342 5561 1575 5628 lucidus,
1619 5576 1711 5618 aut
1770 5567 1989 5634 proprio

405 5654 609 5710 lumine
653 5655 755 5711 sibi
803 5653 1044 5724 fulgens,
1082 5665 1176 5706 aut
1211 5654 1332 5707 aliis
1370 5654 1579 5709 lucens.
1614 5654 1714 5709 llic
1757 5673 1993 5727 namque

478 5821 524 5853 ³⁵
550 5820 670 5873 Lib.
704 5839 742 5883 I,
787 5837 838 5886 ρ.
867 5821 991 5879 870.
1029 5821 1131 5877 col.
1161 5822 1216 5875 ‘2.

407 5894 504 5948 tiu.
536 5890 588 5945 in
620 5891 1153 5948 Exuritinetestimm.
1189 5891 1337 5963 Orig.
1366 5908 1483 5962 cap.
1522 5896 1570 5948 l.

1325 5820 1370 5854 ³⁵
1399 5818 1520 5876 Lib.
1549 5839 1609 5892 tl,
1668 5841 1719 5896 p.
1755 5825 1882 5893 885,
1931 5826 2034 5882 col.
2073 5827 2125 5886 2.

2089 4653 2157 4707 lis
2201 4651 2285 4705 vel
2331 4650 2534 4704 levibus
2566 4647 2934 4719 argumentis;
2968 4655 3305 4715 repugnante
3331 4646 3496 4698 etiam
3544 4645 3666 4715 Styli

2090 4744 2374 4813 utriusque
2423 4742 2798 4812 congruentia.
2857 4738 3090 4793 Ell'renis
3148 4736 3411 4807 profecto,
3461 4737 3661 4790 iterum

2090 4833 2235 4897 dico,
2271 4842 2328 4887 et
2369 4831 2606 4902 projecta
2648 4830 2859 4886 Erasmi
2916 4829 3216 4891 temeritas,
3263 4837 3509 4881 veterqu
3554 4827 3662 4880 Pa-

2089 4937 2234 4980 trum
2271 4925 2474 4994 scripta
2516 4924 2771 4977 inanibus
2827 4922 2941 4976 suis
2974 4921 3302 4989 conjecturis
3353 4921 3426 4974 ita
3467 4921 3670 4988 permi-

2105 5019 2340 5081 scentis,
2379 5028 2440 5069 ut
2473 5017 2573 5070 nisi
2607 5015 3028 5069 contraivissent
3072 5014 3428 5080 posteriorum
3461 5011 3669 5065 theolo-

2089 5125 2278 5178 gorum
2328 5109 2526 5171 studia,
2560 5109 2648 5161 vix
2689 5119 2895 5162 certum
2956 5105 3157 5174 aliquid
3205 5107 3270 5159 de
3315 5103 3670 5158 adolescentis

2103 5201 2361 5255 Ecclesia;
2411 5201 2657 5255 doctrina
2691 5209 2932 5252 statuere
2981 5211 3278 5268 possemus.
3310 5197 3509 5251 Scribit
3540 5195 3671 5250 Pos-

2100 5294 2325 5349 sevinus
2381 5293 2435 5346 in
2482 5293 2682 5361 Appar.
2727 5307 2953 5344 sacram.
3013 5291 3065 5345 in
3117 5290 3346 5354 Hilario,
3395 5290 3673 5343 dubitasse

2095 5385 2402 5447 nonnullos,
2437 5399 2617 5438 annon
2649 5381 2857 5436 Hilario
2912 5384 3180 5436 tribuendi
3209 5391 3391 5435 essent
3423 5379 3476 5434 hi
3511 5381 3673 5434 Com-

2096 5477 2370 5533 mentarii.
2409 5477 2463 5530 ld
2509 5476 2557 5532 si
2604 5476 2726 5546 quis
2759 5476 2965 5539 credet,
3008 5473 3267 5528 llilariani
3323 5489 3446 5527 cum
3479 5473 3678 5527 chara-

2097 5567 2264 5621 cteris
2304 5568 2520 5636 penitus
2547 5568 2794 5638 ignarum
2846 5579 2965 5619 esse
3000 5579 3224 5619 necesse
3264 5572 3367 5618 est.
3399 5565 3675 5617 Adversus

2097 5661 2329 5717 Arianos
2361 5675 2574 5715 summa
2621 5675 2745 5714 cum
2783 5658 2940 5714 laude
2982 5659 3199 5728 scripsit
3241 5657 3502 5724 llilarius,
3541 5673 3676 5728 quo-

2233 5829 2280 5860 ³⁸
2310 5827 2427 5884 Lib.
2467 5843 2527 5896 ll,
2579 5842 2632 5898 ρ.
2680 5825 2804 5893 ὃδοὶ,
2841 5827 2944 5883 col.
2974 5825 3021 5880 Ι.
3101 5824 3141 5898 ἓ⁷
3176 5821 3437 5888 Edmund.
3473 5818 3671 5875 Alber-
