4152 6458
475 356 614 411 1275

1761 359 1819 415 Ρ.
1863 359 2180 415 DANIELIS
2222 360 2457 418 llL‘ETll

3604 369 3740 422 l276

477 497 593 532 rum
647 481 748 535 iste
789 482 1106 548 partiarium
1157 498 1216 537 se
1263 484 1465 553 prodit.
1520 485 1600 538 Ad
1643 487 1758 542 haec
1815 486 1950 540 nihil
2000 488 2050 539 in
2083 489 2132 547 Α
2165 485 2359 555 Rejicit
2389 503 2482 541 eos
2517 488 2754 556 scriptor
2779 489 2982 558 operis,
3015 490 3104 558 qui
3138 488 3246 545 Dro
3280 489 3571 544 humanam
3608 493 3742 559 ligu-

474 569 734 624 Genesim
769 572 1054 641 scripsisse
1094 574 1266 628 fertur
1314 575 1576 640 llilarius,
1609 578 1660 630 in
1691 593 1851 643 quam
1883 593 1941 632 se
1973 579 2055 631 lu-

473 665 736 718 cubrasse
771 665 950 734 aliqua
978 676 1212 721 testatur
1245 669 1347 724 iste
1364 679 1576 722 auctor.
1611 670 1872 723 Eaunlcm
1901 684 2053 734 vero,

472 765 533 812 ut
578 767 634 810 et
680 757 880 812 librum
932 756 1078 822 Jobi.
1120 759 1305 814 multis
1357 769 1685 829 exposuerat
1750 761 2051 830 Origenes;

476 851 618 905 unde
658 851 782 905 data
823 850 1054 906 fortasse
1085 853 1300 908 occasio
1332 855 1475 913 Jibri
1515 855 1672 909 istius
1713 856 1836 909 huic
1877 857 2053 910 ascri-

475 944 670 1010 bendi;
712 927 834 1000 eum
876 948 1182 1015 praesertim
1242 946 1296 1000 in
1335 947 1624 1016 allegorias
1667 963 2052 1017 nonnunquam

474 1048 749 1092 excurrat.
779 1039 972 1109 Arguit
996 1041 1252 1094 Erasmus
1281 1057 1346 1094 ex
1384 1041 1574 1094 hormn
1607 1040 1866 1095 librorum
1895 1040 2050 1094 clau-

475 1129 593 1184 sula
644 1145 748 1184 non
809 1131 1036 1185 ulterius
1077 1147 1422 1202 progressum
1477 1133 1646 1187 fuisse
1703 1134 2050 1201 scriptorem,

485 1220 614 1275 licet
651 1223 738 1276 vix
767 1233 926 1292 caput
971 1223 1088 1278 Jobi
1135 1226 1352 1280 tertium
1396 1227 1678 1296 attigerit:
1706 1241 1735 1280 a
1767 1243 1871 1298 qua
1902 1230 2058 1297 equi-

474 1315 593 1367 dem
625 1317 897 1370 sententia
934 1334 1039 1370 non
1075 1321 1290 1373 recedo.

510 1407 630 1471 ,lll.
672 1407 1032 1466 Posteriorem
1063 1411 1529 1468 Commentarium
1564 1417 1618 1469 in
1643 1414 1745 1470 Job
1796 1430 1828 1470 e
1855 1413 2058 1469 Biblio-

476 1497 646 1552 thecae
694 1498 876 1568 Regia:
924 1503 1202 1558 codicibus
1234 1504 1520 1560 Perionius
1579 1506 1768 1561 Latina
1804 1508 2056 1561 oratione

474 1589 714 1645 donavit.
750 1591 867 1646 Alia
899 1609 1115 1664 quoque
1157 1597 1282 1651 alibi
1332 1600 1683 1668 reperiuntur
1711 1599 1830 1668 ejus
1867 1613 2059 1654 exem-

476 1679 665 1745 plaria.
722 1680 888 1736 Multo
939 1689 1120 1740 minus
1173 1685 1427 1757 Origeuis
1499 1688 1647 1742 illum
1700 1704 1822 1744 esse
1883 1691 2054 1753 dicas,

473 1788 636 1842 quam
680 1776 890 1844 priores
945 1779 1110 1840 libros
1158 1791 1310 1835 tres:
1343 1798 1464 1836 nam
1526 1798 1703 1852 neque
1759 1793 2054 1846 tomornm,

475 1883 649 1938 neque
696 1870 1036 1925 homiliarum
1063 1917 1077 1939 ,
1115 1888 1292 1942 neque
1341 1875 1673 1929 scholiorum
1718 1876 1916 1946 stylmu
1958 1891 2047 1930 sa-

475 1966 590 2031 pit;
636 1979 808 2035 neque
839 1967 1061 2021 divertit
1105 1984 1334 2037 usquam
1379 1969 1432 2022 in
1469 1969 1780 2040 allegorias,
1813 1981 1869 2024 et
1914 1979 2056 2024 lotus

471 2066 554 2110 est
599 2057 650 2110 in
696 2061 1086 2128 perscrutando
1117 2060 1314 2115 littera:
1346 2076 1535 2124 sensu,
1567 2071 1621 2115 ut
1657 2078 1863 2116 meram
1895 2077 2057 2130 para-

475 2150 716 2218 phrasim
770 2167 892 2206 esse
937 2152 1108 2206 dicas.
1161 2153 1366 2208 Mosem
1413 2153 1533 2209 libri
1576 2151 1680 2209 Job
1733 2156 2054 2225 scriptorem

471 2256 595 2296 esse
651 2243 850 2296 asserit
896 2244 947 2296 in
995 2243 1354 2314 Prologozat
1401 2249 1548 2314 prior
1603 2247 2055 2303 Commentarios

473 2333 724 2388 eumdem
761 2350 787 2388 a
822 2333 982 2399 Joho,
1017 2337 1103 2391 vel
1151 2335 1271 2390 Johi
1318 2339 1512 2392 amicis
1553 2339 1821 2410 Syrorum
1875 2340 2055 2409 lingua

479 2424 769 2493 scriptum,
808 2442 836 2480 a
882 2426 1066 2499 Moyse
1107 2428 1158 2482 in
1203 2429 1524 2484 llehraicam
1559 2431 1798 2500 linguam
1833 2447 2059 2487 conver-

477 2531 595 2571 sum
642 2519 824 2573 tradit.
869 2519 1018 2574 Unde
1066 2520 1299 2574 elhcitnr
1328 2523 1650 2576 alterutrum
1695 2525 1886 2579 saltem
1921 2542 2057 2595 opus

476 2608 730 2679 Origeuis
759 2627 864 2665 non
888 2624 1026 2667 esse.
1061 2610 1318 2666 Neutrum
1364 2629 1492 2668 vero
1529 2615 1648 2684 ejus
1677 2631 1796 2670 esse
1827 2617 2058 2670 efficitur

470 2717 540 2754 ex
583 2717 648 2755 eo
694 2705 838 2771 quod
884 2701 1080 2756 librum
1119 2701 1239 2757 Jobi
1282 2703 1466 2774 Moyse
1515 2707 1884 2774 antiquiorem
1934 2723 2054 2762 esse

477 2795 643 2846 tradit
681 2793 820 2847 libro
862 2809 910 2847 vr
958 2805 1143 2847 contra
1174 2794 1342 2860 6e13,,
1370 2812 1517 2850 tnnn.
1550 2797 1643 2860 44.
1673 2807 1728 2852 et
1749 2800 1894 2867 quod
1925 2797 2056 2854 Plii-

472 2881 680 2936 localiw
725 2882 903 2952 capite
952 2883 1006 2947 5,
1035 2884 1206 2938 libros
1251 2887 1514 2941 duntaxat
1541 2890 1784 2959 quinque
1809 2889 2050 2962 Moysem

475 2974 764 3044 reliquisse
797 2974 1032 3030 afﬁrmat
1082 2976 1218 3048 (16).
1257 2979 1390 3034 Cum
1427 2981 1680 3050 Origenis
1728 2985 2052 3038 sententiam

471 3067 540 3122 de
595 3069 867 3122 sideribus
927 3084 1089 3137 supra
1147 3071 1598 3140 explorarenms,
1646 3073 2056 3131 observavimus

2169 596 2281 631 ram
2309 578 2574 650 aﬂiugunt
2606 599 2618 634 :
2649 597 2768 635 eam
2807 582 3053 636 heresim
3095 583 3298 638 acriter
3325 583 3472 636 ultus
3503 590 3587 636 est
3611 581 3736 636 Ori-

2176 686 2360 738 genes.
2392 673 2694 738 Quomodo
2723 674 2943 744 angelos
2981 676 3233 730 custodes
3266 675 3504 730 admittit
3531 684 3738 739 auctor,

2167 764 2406 817 admittit
2444 775 2498 818 et
2537 764 2820 835 Origenes.
2862 767 3138 821 Christum
3170 768 3500 837 patriarchis
3524 776 3579 821 et
3616 783 3742 836 pro-

2164 855 2344 924 phetis
2376 855 2588 912 Veteris
2619 857 2954 913 Testamenti
2977 860 3312 928 apparuisse,
3344 869 3505 928 atque
3528 860 3600 913 ita
3626 876 3742 912 me-

2156 948 2420 1004 diatorem
2454 949 2548 1004 Dei
2575 959 2632 1004 et
2665 950 2948 1004 hominum
2982 951 3084 1006 hoc
3124 961 3368 1020 tempore
3409 951 3577 1006 fuisse
3619 953 3739 1021 opi-

2158 1050 2321 1094 natur
2362 1052 2585 1105 auctor;
2632 1043 2890 1112 Opinatur
2943 1055 3000 1098 et
3046 1043 3329 1114 Origenes.
3391 1045 3572 1098 Astris
3625 1044 3738 1098 vim

2157 1148 2278 1187 esse
2305 1136 2670 1206 σημαντικήν,
2703 1151 2808 1191 non
2835 1134 3260 1207 ἀποτελεστικήν
3289 1136 3480 1191 definit
3512 1144 3735 1198 auctor;

2159 1221 2346 1277 definit
2381 1233 2437 1278 et
2480 1223 2769 1294 Origenes.
2823 1223 3007 1279 Facile
3052 1226 3234 1294 itaque
3287 1238 3584 1280 consensus
3645 1224 3740 1280 ille

2159 1317 2339 1371 fucum
2377 1316 2524 1372 fecit.

2229 1409 2650 1478 Subjunguntur
2691 1410 2742 1463 in
2803 1409 3011 1466 Grmcis
3065 1411 3388 1480 quihusdam
3440 1411 3738 1473 codicibus,

2159 1505 2290 1560 etin
2331 1503 2506 1569 prima
2557 1502 2892 1559 Genebrardi
2925 1505 3163 1558 editione
3219 1503 3452 1558 homilize
3486 1512 3739 1571 quatuor,

2161 1611 2280 1663 qua:
2312 1595 2569 1664 quoniam
2595 1594 2968 1665 Chrysostomi
3024 1609 3144 1648 esse
3197 1594 3545 1663 deprehensa:
3588 1607 3738 1660 sunt,

2162 1689 2216 1741 in
2254 1687 2660 1742 recentioribus
2703 1687 3031 1748 editionibus
3057 1687 3274 1740 fuerunt
3303 1685 3702 1756 praetermissae.

2235 1779 2438 1836 Praeter
2468 1782 2742 1850 geminum
2775 1781 2924 1834 illum
2957 1779 3422 1835 Commentarium
3457 1783 3510 1836 in
3540 1783 3739 1837 librmn

2160 1874 2304 1940 Jobi,
2339 1875 2534 1929 scribit
2575 1875 2901 1929 Laurentius
2947 1873 3264 1930 llnrnfridus
3303 1877 3353 1928 in
3397 1874 3633 1943 Epistola
3669 1878 3742 1929 ad

2163 1968 2451 2021 Antonium
2497 1966 2729 2029 Canum,
2763 1982 2882 2035 qum
2939 1965 3270 2020 Erasmiana?
3320 1966 3572 2036 Origenis
3625 1969 3742 2022 edi-

2163 2059 2296 2113 tioni
2324 2059 2545 2127 prmlixa
2575 2068 2681 2124 est,
2713 2057 3095 2128 Hieronymqu
3127 2058 3452 2114 Frobenium
3479 2070 3534 2114 et
3580 2059 3742 2113 Nico-

2162 2152 2304 2206 laum
2333 2153 2703 2222 Episcopium,
2735 2168 2763 2205 a
2793 2155 2988 2221 quibus
3017 2153 3168 2220 prelo
3195 2151 3486 2207 commissa
3513 2163 3596 2208 est
3626 2153 3743 2208 haec

2165 2249 2355 2312 editio,
2391 2246 2867 2301 adnotatiunculas
2912 2245 3170 2312 quasdam
3204 2244 3257 2298 in
3285 2243 3478 2299 Jobum
3515 2247 3562 2300 ei
3597 2247 3743 2299 iuse-

2164 2357 2282 2396 rere
2309 2340 2568 2400 noluisse.
2598 2339 2743 2407 quod
2786 2337 3081 2406 perbreves
3125 2347 3312 2392 essent
3339 2378 3354 2400 ,
3395 2348 3450 2391 et
3484 2335 3742 2407 Origenis

2159 2432 2378 2503 genium
2411 2445 2476 2484 ac
2505 2428 2704 2498 stylum
2730 2442 2919 2498 parum
2946 2426 3190 2482 redolere
3221 2427 3394 2484 doctis
3414 2428 3740 2497 quibusdam

2162 2523 2493 2576 viderentur.

2231 2613 2322 2666 IV.
2381 2614 2440 2666 In
2498 2613 2864 2680 manuscripto
2909 2609 3252 2665 Bibliotheca:
3311 2609 3493 2680 Regia:
3557 2609 3745 2664 codice

2162 2721 2360 2762 nomen
2413 2704 2668 2775 Origenis
2723 2703 2944 2772 prchert
2995 2712 3148 2757 vetus
3177 2702 3647 2756 Commentarium
3688 2702 3742 2754 in

2163 2798 2516 2869 Evangelium
2561 2794 2754 2849 Marci.
2805 2794 3025 2865 Legitur
3085 2808 3300 2862 quoque
3350 2793 3404 2847 in
3464 2791 3741 2848 Possevini

2160 2892 2430 2959 Apparatu
2455 2888 2499 2920 ³⁸
2528 2888 2714 2943 baberi
2757 2887 2810 2940 in
2839 2884 3131 2942 Oxoniensi
3162 2885 3491 2940 Bibliotheca
3527 2886 3746 2954 Corpo-

2163 2986 2238 3039 ris
2267 2983 2498 3047 Christi,
2539 2981 2795 3052 Origenis
2829 2996 2967 3050 opus
3005 2981 3224 3048 aliquod
3248 2982 3302 3033 in
3339 2979 3603 3034 Marcum.
3631 2980 3741 3035 Cu-

2154 3076 2392 3144 jusmodi
2443 3076 2513 3130 sit
2563 3075 2705 3127 istud
2756 3088 2893 3143 opus
2929 3073 3182 3141 equidem
3231 3071 3446 3140 ignoro.
3487 3071 3642 3138 Quod
3674 3072 3741 3125 ad

473 3163 710 3216 animata
747 3179 870 3218 esse
904 3165 1078 3234 ipsum
1110 3169 1430 3223 censuisse:
1463 3180 1650 3224 contra
1691 3169 1779 3225 hic
1816 3172 2050 3240 scriptor
2077 3186 2123 3246 ρ
2162 3166 2388 3236 Regium
2445 3170 2658 3227 attinet,
2717 3163 2991 3217 nonnullae
3030 3164 3082 3218 in
3120 3178 3186 3216 eo
3235 3163 3532 3231 allegoriae,
3574 3163 3742 3216 multa

473 3255 664 3310 stellas
715 3257 899 3310 animo
940 3273 1132 3313 carere
1185 3259 1394 3314 diserte
1445 3271 1746 3316 asseverat.
1806 3261 2056 3316 Meminit

471 3355 730 3415 prieterea
787 3347 1208 3404 Mtttlit‘ll:t30l'llll|
1271 3361 1324 3405 et
1362 3352 1586 3407 Luciani
1633 3355 1916 3424 martyris,
1962 3357 2052 3423 qui

471 3440 705 3508 Origene
756 3441 980 3496 fuerunt
1019 3445 1377 3500 recentiores.
1422 3445 1635 3500 Alicubi
1665 3461 1794 3501 vero
1827 3448 1896 3500 ita
1945 3449 2057 3502 tlis-

473 3537 608 3589 serit
647 3554 661 3589 :
701 3554 718 3586 ι
744 3535 929 3602 Neque
971 3553 1102 3605 ergo
1133 3537 1422 3607 ὁμοούσιον
1451 3538 1652 3608 aliquid
1702 3541 1820 3605 ejus
1852 3551 1956 3608 est,
2005 3543 2056 3595 id

471 3637 577 3690 est,
613 3626 851 3695 ejusdem
874 3627 1162 3690 essentne;
1196 3643 1318 3680 eum
1350 3628 1494 3682 enim
1520 3632 1744 3685 interire
1772 3647 1877 3686 non
1902 3647 2058 3701 μορε-ιθ

473 3719 711 3772 diximus
744 3734 760 3772 :
794 3733 971 3786 neque
1019 3718 1298 3789 ὁμούσιον,
1331 3719 1381 3773 id
1428 3729 1533 3783 est,
1585 3722 1744 3776 unius
1769 3726 2054 3785 essentia';

473 3810 780 3879 comparari
821 3812 966 3864 enim
1016 3827 1123 3864 non
1167 3821 1385 3881 potest;
1425 3832 1444 3864 ι
1475 3823 1528 3866 et
1575 3813 1684 3867 alio
1720 3814 1876 3869 loco:
1907 3833 1926 3866 ι
1955 3817 2058 3870 Rc-

474 3906 585 3957 cita
637 3907 751 3958 lucc
811 3912 864 3957 tu
913 3918 1034 3956 cum
1084 3904 1294 3970 judicio
1333 3904 1472 3971 apud
1527 3904 1995 3962 llomoousiastas.
2033 3927 2052 3960 ι

473 3997 678 4064 Quibus
713 3995 945 4064 aliisque
992 3995 1367 4062 compluribus
1408 3996 1644 4051 Arianus
1691 4013 1815 4053 esse
1860 4001 2058 4054 intelli-

474 4103 620 4163 g.tur
649 4109 664 4143 :
699 4106 845 4153 nam,
882 4099 940 4142 ut
991 4089 1067 4142 ait
1095 4088 1430 4158 Epiphanius
1475 4090 1603 4143 liter.
1629 4107 1778 4155 utr,
1811 4108 1933 4164 cap.
1967 4094 2057 4158 70,

478 4199 583 4236 non
622 4194 728 4233 lant
765 4179 1048 4234 bituminis
1095 4182 1320 4234 odorem
1362 4180 1557 4250 refugit
1611 4197 1860 4251 serpens,
1895 4201 2056 4254 quant

476 4292 663 4331 vocem
716 4275 1002 4345 ὁμοουσίου
1045 4275 1211 4328 Arius
1262 4274 1638 4330 aversabatur.
1695 4277 2058 4342 Quamobrem

475 4369 785 4424 Catholicos
817 4366 1348 4421 llomoousiastorum
1380 4367 1598 4420 nomine
1624 4367 1826 4421 Ariani
1872 4370 2062 4423 tradu-

475 4463 694 4515 cebant.
735 4459 808 4513 Ex
868 4460 1058 4512 eodem
1123 4458 1292 4527 igitur
1343 4458 1671 4512 Arianorum
1719 4458 2059 4516 Luc-lanista-

479 4568 596 4606 rum
628 4565 826 4621 genere
858 4549 1044 4610 fuerit,
1080 4562 1111 4602 e
1133 4563 1243 4616 quo
1272 4548 1511 4616 scriptor
1565 4564 1727 4618 supra
1777 4552 2058 4606 memorati
2097 4531 2137 4583 θ

476 4642 660 4710 operis
690 4641 744 4693 in
772 4639 989 4703 Jobum,
1018 4639 1220 4708 quippe
1253 4639 1347 4707 qui
1375 4637 1598 4693 Lueiani
1625 4642 1883 4710 martyris
1907 4657 2060 4710 aeque

478 4733 806 4790 meminerit.
882 4733 974 4787 Sic
1023 4743 1206 4785 autem
1253 4733 1545 4800 existimo;
1602 4735 2057 4802 quemadmodum

475 4827 822 4882 sublevanda:
887 4824 1250 4878 Israclitartun
1280 4824 1603 4889 calamitati,
1634 4825 1758 4879 dum
1781 4825 2061 4896 Egyptia-

477 4939 596 4978 rum
648 4921 910 4976 servitute
961 4926 1365 4987 premerentur,
1420 4917 1616 4972 librum
1653 4915 1755 4972 Job
1801 4935 1831 4971 a
1878 4917 2060 4988 Moyse

477 5017 737 5084 scriptum
763 5019 1051 5064 autumant
1077 5009 1364 5078 plerique;
1391 5009 1463 5062 ita
1494 5008 1782 5078 multiplici
1809 5008 1878 5062 ab
1905 5011 2060 5064 Aria-

480 5107 565 5161 nis
591 5103 1014 5159 Commentario
1057 5102 1308 5155 emudem
1365 5099 1537 5154 fuisse
1597 5101 1950 5166 illustratum,
1999 5118 2063 5157 ac

479 5195 750 5264 frequenti
802 5193 1035 5248 lectione
1084 5193 1404 5255 contritum,
1455 5191 1636 5244 solatii
1687 5193 1888 5260 gratia,
1936 5208 2060 5246 cum

485 5295 552 5346 ab
584 5291 834 5349 Ecclesia
877 5289 1141 5343 catholica
1197 5289 1558 5343 anatbeniatis
1589 5297 1644 5341 et
1686 5289 1936 5343 censuris
1978 5305 2066 5341 ur-

481 5393 760 5453 gerentur.
819 5379 1094 5448 Quazrenti
1143 5389 1322 5432 autem
1387 5378 1516 5432 mihi
1575 5392 1876 5448 ecquonam
1904 5393 2061 5448 argu-

481 5483 662 5529 mento
717 5475 860 5530 liber
900 5475 1002 5528 iste
1036 5471 1260 5542 Origeni
1295 5472 1637 5540 adjudicatus
1663 5481 1766 5536 est,
1802 5471 2059 5527 nonnulla

479 5567 531 5622 in
572 5583 640 5622 eo
696 5576 1056 5621 occurrerunt
1105 5565 1452 5635 Origenianaa
1501 5565 1764 5619 doctrinae
1808 5565 2061 5632 vestigia,

479 5675 599 5730 qua:
624 5663 690 5714 ad
715 5661 816 5713 alia
847 5677 952 5715 non
978 5660 1113 5714 satis
1139 5668 1403 5713 attentum
1438 5658 1697 5713 lectorem
1730 5657 2060 5715 fefellerunt.

553 5755 598 5786 ⁸³
627 5754 900 5806 l’ossevin.
941 5750 1138 5820 Appar.
1165 5753 1216 5804 in
1248 5751 1491 5820 Origene.

2159 3260 2502 3329 Origenianre
2544 3258 2806 3311 doctrinae
2841 3256 3040 3318 alliuia,
3073 3270 3194 3324 qua:
3237 3256 3287 3308 in
3329 3254 3738 3310 Observationi-

2166 3351 2270 3404 bus
2321 3351 2388 3403 ad
2418 3348 2886 3403 Commentarium
2942 3347 2995 3401 in
3049 3345 3360 3400 Matt/tantm
3413 3348 3742 3413 notavimus,

2161 3442 2452 3510 Origeuem
2500 3440 2756 3494 videntur
2808 3450 3093 3494 auctorem
3147 3440 3414 3495 indicare.
3454 3440 3561 3494 Sed
3603 3441 3743 3494 levia

2161 3537 2295 3598 haec,
2329 3543 2502 3602 prmut
2529 3548 2591 3586 ea
2623 3542 2748 3586 sunt
2777 3547 2894 3602 qua:
2917 3533 3258 3586 contrarium
3293 3533 3562 3601 probant;
3592 3547 3743 3586 sum-

2161 3643 2245 3682 ma
2276 3627 2396 3698 styli
2423 3626 2810 3693 discrepantia,
2845 3635 3102 3679 constans
3131 3624 3381 3694 Origeuis
3410 3625 3746 3679 consuetudo

2163 3720 2216 3774 in
2247 3719 2694 3780 Commentariis,
2729 3718 2810 3771 vel
2843 3733 2937 3786 per
2975 3726 3173 3780 tomos,
3207 3716 3291 3770 vel
3325 3732 3423 3786 per
3469 3716 3740 3782 homilias,

2160 3813 2246 3867 vel
2282 3827 2377 3882 per
2423 3811 2632 3867 scholia
2687 3809 3021 3881 digerendis,
3051 3825 3284 3879 quorum
3319 3810 3386 3863 ad
3419 3809 3624 3864 tndlum
3652 3825 3747 3879 ge~

2164 3922 2266 3960 nus
2301 3906 2670 3973 expositiones
2709 3904 2827 3958 ista:
2877 3904 3068 3959 referri
3122 3914 3385 3974 possunt;
3442 3919 3565 3957 nam
3615 3918 3746 3973 pro-

2164 3999 2372 4052 lixitate
2422 3997 2627 4051 scholia
2674 4007 2960 4066 superant,
3008 4012 3038 4050 a
3087 3996 3250 4051 tomis
3285 4006 3648 4067 superantur;
3679 3995 3748 4050 ab

2164 4090 2484 4144 bomiletico
2537 4103 2669 4143 vero
2736 4103 2937 4157 genere
2993 4089 3212 4159 penitus
3259 4088 3534 4144 differunt.
3595 4090 3747 4142 Adde

2163 4181 2408 4251 profiteri
2438 4181 2778 4248 Scriptorcm
2815 4180 3000 4250 operis
3038 4182 3154 4250 ipso
3187 4182 3363 4246 initio,
3397 4183 3745 4236 redacturum

2163 4291 2286 4330 sese
2321 4276 2373 4328 in
2421 4291 2586 4328 unum
2635 4289 2853 4344 corpus,
2883 4290 3004 4344 quae
3035 4275 3103 4328 ab
3131 4274 3388 4329 Ecclesiae
3431 4276 3746 4331 doctoribus

2165 4367 2401 4436 sparsim
2431 4367 2486 4420 in
2535 4367 2678 4420 lnmc
2727 4365 3134 4435 Evangelistam
3191 4368 3411 4420 fuerant
3451 4365 3742 4428 adamata;

2168 4475 2290 4513 cum
2321 4459 2478 4513 multi
2512 4461 2562 4511 in
2601 4457 2910 4512 Mattlneum
2952 4469 3006 4511 et
3032 4457 3322 4525 Joannem,
3354 4459 3508 4527 pauci
3551 4458 3604 4511 in
3637 4456 3744 4511 Lu-

2167 4569 2311 4615 cam,
2355 4553 2486 4607 nulli
2537 4555 2752 4623 penitus
2813 4553 2867 4606 in
2924 4551 3164 4606 Marcum
3217 4553 3282 4605 ad
3335 4567 3492 4607 suum
3535 4561 3750 4620 tempus

2168 4645 2516 4715 scripserint.
2571 4644 2823 4700 Profecto
2871 4661 2976 4697 non
3041 4643 3197 4697 inulti
3258 4653 3384 4698 ante
3451 4641 3748 4711 Origeuem

2169 4738 2506 4806 scripserant
2545 4735 2597 4790 in
2636 4734 2948 4789 Matthaeum
2987 4746 3040 4788 et
3081 4733 3376 4798 Joannem;
3431 4743 3594 4802 atque
3637 4732 3752 4786 haec

2169 4831 2476 4901 sequiorem
2504 4829 2850 4898 Origenianis
2891 4829 3222 4895 temporibus
3254 4833 3467 4879 aetatem
3507 4825 3749 4894 sapiunt.

2173 4923 2229 4978 Si
2263 4923 2440 4977 minus
2485 4922 2552 4975 ad
2603 4922 2941 4991 eripiendum
2975 4918 3193 4987 Origeni
3240 4916 3436 4970 librum
3474 4917 3616 4969 hunc
3651 4931 3751 4967 va-

2168 5010 2658 5080 lentconjecturm,
2702 5022 2758 5065 at
2783 5011 2986 5066 valebit
3030 5019 3180 5064 certe
3226 5008 3475 5062 codicum
3506 5016 3751 5060 veterum

2166 5108 2456 5170 dissensio,
2485 5122 2715 5174 quorum
2767 5105 2930 5172 aliqui
2987 5103 3188 5158 Victori
3234 5102 3573 5156 Antiocheno
3627 5114 3752 5153 eum

2169 5200 2448 5264 tribuunt;
2491 5199 2792 5269 cujusmodi
2845 5209 2930 5253 est
2973 5199 3110 5252 liber
3139 5197 3354 5266 quidam
3406 5195 3755 5249 Bibliotheca:

2170 5290 2372 5360 ltegizc,
2410 5290 2713 5358 cujusmodi
2753 5299 2808 5342 et
2841 5289 2931 5343 ille
2979 5288 3078 5343 fuit
3112 5287 3384 5344 Theodori
3410 5286 3616 5342 Peltani
3651 5287 3755 5340 So-

2171 5384 2387 5438 cietatis
2423 5383 2559 5438 ‘Jesu
2614 5382 2871 5452 theologi,
2931 5384 3022 5453 qui
3081 5381 3548 5436 Commentarium
3609 5378 3756 5434 istud

2174 5474 2368 5530 Latine
2405 5492 2434 5530 a
2475 5491 2532 5530 se
2564 5476 2832 5530 redditum
2873 5475 2974 5530 sub
3003 5472 3240 5530 Victoris
3267 5471 3487 5527 nomine
3514 5471 3758 5540 publica-

2171 5569 2274 5622 vit.
2335 5566 2480 5622 Idem
2540 5567 2631 5622 alii
2678 5567 2879 5640 Cyrillo
2923 5566 3293 5621 Alexandrino
3333 5565 3552 5620 codices
3584 5563 3759 5619 ascrip-

2176 5657 2343 5724 hunt;
2395 5661 2696 5730 cujusmodi
2734 5660 2900 5716 etiam
2953 5659 3091 5715 alter
3147 5656 3495 5713 Bibliotheca:
3551 5653 3759 5727 Regina.

555 5852 664 5922 (lli)
706 5849 837 5904 Vide
873 5861 1000 5904 tom.
1024 5865 1052 5900 v
1086 5849 1393 5904 Comment.
1438 5850 1491 5902 in
1515 5849 1698 5914 Joau.,
1733 5865 1879 5907 num.
1905 5849 1959 5914 2,
1989 5865 2042 5918 p.
2077 5847 2167 5901 93.
