4152 6462
408 393 545 447 ῐίὶΤἹ

1601 393 2174 452 ORIGENIANORUM
2219 396 2583 452 APPENDIX.

3536 391 3676 447 I278

414 511 519 564 Nec
564 509 736 564 titulis
784 511 957 565 solum
1007 510 1297 567 diversitas
1337 510 1497 574 inest,
1547 514 1638 567 sed
1676 513 1793 566 libri
1825 514 1986 567 etiam
2020 517 2064 572 Α
2099 512 2227 566 dere
2258 512 2417 567 solet.
2466 511 2647 565 Nihilo
2690 511 2861 580 magis
2888 524 3009 564 cum
3045 506 3298 576 Origcnis
3333 506 3677 576 dogmatibus

411 601 711 655 contextni.
751 601 807 655 Iit
842 602 1129 656 Codicibus
1158 602 1405 666 Victoris,
1437 602 1520 656 vel
1548 604 1733 674 Cyrilli
1772 604 1991 656 nomine

412 694 713 761 inscriptis.
773 693 1086 763 Origenem,
1152 695 1465 758 Eusebium,
1521 694 1990 766 Chrysostomum,

411 786 806 854 Apollinarium
879 799 935 843 et
1001 789 1347 844 Theodorum
1411 789 1643 851 citatos;
1726 787 1992 840 Catharos

413 893 541 933 vero
569 880 851 935 haereticos
881 881 1197 950 perstrictos
1244 880 1483 947 reperias
1517 896 1530 931 :
1557 887 1717 948 atque
1749 879 1863 933 haec
1893 892 1990 930 uo—

411 971 579 1033 mina,
609 971 823 1041 aliaque
872 973 1063 1036 multa,
1091 988 1243 1027 erasa
1272 971 1515 1026 oﬂ‘endas
1553 972 1622 1025 ab
1662 972 1993 1038 exemplari-

412 1060 515 1114 bus
558 1076 681 1130 quas
727 1078 922 1117 nomen
956 1063 1212 1131 Origenis
1244 1063 1295 1116 in
1329 1062 1511 1118 fronte
1540 1073 1754 1131 gerunt.
1780 1062 1910 1130 Quae
1943 1064 1990 1118 si

412 1154 536 1219 quis
581 1169 709 1208 casu
746 1156 1039 1225 contigisse
1078 1164 1248 1223 putet,
1278 1170 1467 1223 parum
1515 1156 1605 1211 ille
1646 1156 1991 1209 librariorum

411 1243 695 1297 audaciam
730 1247 1086 1315 perspexerit.
1122 1246 1251 1301 Mihi
1290 1260 1416 1301 vero
1456 1260 1581 1299 cum
1610 1256 1761 1298 certo
1783 1255 1997 1300 constet

410 1334 875 1388 Commentariuut
911 1338 1052 1391 istud
1088 1354 1193 1391 non
1231 1353 1352 1392 esse
1388 1336 1661 1408 Origcnis,
1700 1336 1995 1391 verisimile

418 1423 476 1475 lit
521 1424 589 1478 ab
628 1424 693 1478 iis
733 1423 902 1480 fuisse
945 1426 1355 1495 interpolatum,
1407 1436 1462 1481 et
1508 1426 1561 1479 in
1610 1426 1991 1494 Origenianam

416 1514 849 1570 lueuarationem
897 1534 1174 1581 recusutn,
1215 1534 1327 1588 quo
1377 1518 1592 1573 facilius
1649 1517 1883 1573 lectores
1909 1519 1994 1573 vel

412 1615 686 1673 emptores
716 1608 1149 1663 nancisceretur.

480 1690 600 1748 Jam
647 1711 776 1750 vero
829 1698 902 1749 uti
954 1698 1154 1766 potius,
1202 1696 1429 1762 Victori,
1484 1714 1553 1751 an
1610 1697 1834 1769 Cyrillo,
1893 1698 1995 1752 tri-

411 1787 685 1842 buendum
727 1790 797 1842 sit
838 1790 978 1843 istud
1014 1790 1483 1845 Cotnmentariutn
1530 1791 1855 1861 dijudicare,
1890 1792 1990 1846 etsi

411 1888 496 1932 est
528 1890 723 1947 praeter
753 1880 1087 1943 institutum,
1120 1882 1294 1935 dicant
1341 1892 1520 1935 tamen
1576 1885 1756 1937 obiter
1788 1882 1992 1938 Victori
2027 1864 2068 1918 Β

414 1969 790 2029 verisimilius.
818 1986 979 2040 quam
1021 1972 1225 2041 Cyrillo
1283 1974 1486 2027 ascribi
1516 1992 1529 2027 :
1573 1989 1673 2029 nec
1701 1975 1846 2029 enim
1874 1976 1995 2029 Ori-

413 2071 745 2128 genemtam
779 2064 974 2116 crebro
1010 2074 1203 2118 testem
1239 2079 1267 2118 a
1314 2065 1517 2134 Cyrillo
1557 2065 1854 2131 lamlatum,
1891 2081 1991 2120 nec

409 2153 786 2222 Chrysostomi
841 2165 1151 2223 usurpatam
1194 2158 1261 2211 ab
1291 2172 1357 2212 eo
1408 2160 1787 2213 auctoritatem
1842 2158 1997 2213 facile

414 2246 735 2312 putaverint.
799 2245 872 2298 De
927 2247 1157 2301 Victoris
1221 2257 1379 2303 actate
1416 2250 1771 2319 quaestionem
1832 2249 1995 2302 habet

418 2339 698 2404 i’eltanus,
731 2348 786 2393 et
817 2337 1033 2393 Juliano
1076 2339 1441 2408 antiquiorem
1490 2356 1612 2395 esse
1661 2350 1834 2409 putat,
1874 2340 1996 2393 ideo

417 2433 562 2499 quod
592 2430 865 2485 decimum
902 2432 1120 2485 tertium
1143 2431 1311 2486 Marci
1343 2442 1506 2503 caput
1534 2447 1811 2502 esponens
1866 2432 1989 2487 fun-

416 2532 668 2579 damenta
703 2524 882 2594 templi
935 2539 1220 2593 superesse
1250 2526 1430 2591 dicat;
1482 2541 1544 2581 ea
1597 2541 1725 2581 vero
1781 2524 1999 2581 Juliano

419 2617 721 2685 imperante
756 2616 921 2670 fuisse
970 2616 1203 2679 refossa,
1240 2613 1399 2684 juxta
1430 2615 1716 2687 Nicephori
1750 2619 1998 2672 testimo-

418 2707 567 2760 nium
616 2706 853 2774 :capite
912 2720 1041 2760 vero
1103 2709 1347 2775 sequenti
1396 2708 1661 2763 Catharos
1716 2709 1999 2762 haereticos

418 2797 687 2866 suggillet,
714 2812 942 2866 quorum
972 2799 1196 2854 haeresis
1232 2810 1359 2855 ante
1406 2801 1546 2855 hanc
1576 2810 1789 2857 aetatem
1822 2802 2000 2857 fuerat

421 2890 491 2944 ab
522 2891 763 2944 Ecclesia
793 2891 1095 2960 proﬂigata.

491 2980 555 3039 ν.
584 2982 741 3037 Circa
775 2983 1047 3045 homilias,
1086 2999 1206 3051 quae
1252 2981 1319 3036 In
1368 2982 1597 3036 diversos
1649 2983 1870 3038 inscribi
1916 2997 2003 3037 so-

425 3076 554 3139 lent,
584 3089 709 3130 ante
734 3078 916 3129 omnia
952 3078 1246 3129 limandum
1283 3088 1367 3129 est
1407 3077 1575 3131 fuisse
1609 3077 1751 3144 ipsas
1786 3092 1815 3129 a
1860 3076 1999 3129 Mer-

424 3170 534 3225 lino
560 3184 624 3222 ex
679 3169 845 3221 variis
886 3168 1023 3221 locis
1073 3167 1352 3229 collectas,
1384 3178 1438 3222 et
1468 3185 1531 3222 eo
1570 3168 1861 3221 collocatas
1905 3183 1999 3221 or-

423 3262 567 3325 dine,
593 3276 700 3330 quo
737 3264 875 3313 inter
920 3276 978 3313 se
1015 3261 1289 3328 dispositae
1319 3271 1636 3314 cernuntur.
1676 3259 1729 3313 ld
1777 3260 1891 3327 ipse
1947 3260 1998 3312 itt
2032 3234 2074 3291 ο
2111 3278 2215 3316 nou
2250 3259 2546 3315 clausulam

422 3352 657 3404 editione
690 3367 783 3405 sua
826 3352 892 3405 de
924 3352 987 3406 iis
1023 3351 1283 3418 praefatus
1319 3361 1424 3405 est.
1458 3351 1612 3417 Quod
1663 3366 2000 3417 prteritorum-

425 3447 527 3498 dus
572 3445 669 3497 fuit
710 3446 901 3508 lector,
932 3462 1002 3499 ne
1052 3444 1286 3498 miretur
1338 3446 1614 3513 quomodo
1673 3444 1912 3509 diversa,
1948 3454 2003 3497 et

423 3552 613 3603 parum
658 3538 758 3591 sibi
799 3552 1036 3604 congrua
1076 3539 1315 3591 membra
1347 3537 1399 3589 in
1430 3553 1594 3589 unum
1635 3551 1835 3604 corpus
1871 3552 2005 3591 con-

423 3630 698 3685 ﬂuxerint.
752 3629 1003 3700 Singulas
1040 3646 1182 3685 nunc
1234 3645 1478 3685 seorsum
1514 3644 1575 3683 ac
1601 3629 1878 3698 sigillatim
1911 3646 2006 3685 ex-

420 3724 710 3778 entiamus.

498 3817 675 3870 Prima
708 3818 775 3872 ab
814 3816 1066 3887 Origeuis
1089 3815 1233 3886 stylo
1267 3816 1485 3883 penitus
1506 3814 1679 3866 aliena
1713 3826 1795 3867 est
1823 3832 1837 3869 :
1867 3814 2002 3868 sitn-

423 3911 544 3978 plex
572 3912 659 3964 ille
693 3920 849 3965 estet
886 3909 1189 3973 familiaris,
1213 3908 1445 3962 litteram
1489 3907 1726 3962 breviter
1756 3908 2003 3976 exponit,

425 4012 537 4055 tum
560 4002 756 4055 transit
779 4003 843 4055 ad
874 4000 1164 4071 allegorias
1209 4010 1263 4052 et
1295 3999 1665 4068 tropologias;
1702 4000 1817 4053 btec
1839 4000 2004 4053 abun-

426 4098 521 4151 dat
542 4095 837 4149 schematis
860 4104 913 4149 et
943 4096 1131 4164 tropis,
1172 4096 1306 4149 ludit
1339 4096 1390 4147 in
1423 4094 1622 4157 verbis,
1648 4104 1703 4146 et
1725 4094 1883 4147 aliter
1911 4095 2005 4148 de-

427 4190 592 4257 nique
622 4187 911 4254 clauditur,
941 4203 1102 4256 quam
1131 4187 1386 4243 homilias
1413 4199 1540 4239 suas
1571 4184 1833 4256 Origenes
1855 4185 2006 4238 clau-

2099 604 2367 673 cettgruit.
2404 605 2567 659 Docet
2599 604 2861 673 Origenes
2886 601 3109 655 bomilia
3156 599 3223 652 14
3254 601 3307 651 in
3343 597 3536 651 Lucam
3565 596 3679 650 Ma-

2096 695 2232 748 riam
2270 697 2477 763 apertis
2501 700 2640 750 uteri
2668 696 2925 751 claustris
2938 694 3215 749 Christum
3247 691 3417 746 fuisse
3435 691 3676 755 enixam,

2095 797 2153 841 ut
2185 803 2347 857 supra
2383 803 2480 842 suo
2513 787 2631 840 loco
2660 787 2861 841 dictum
2894 793 2978 838 est
3010 803 3022 837 :
3052 783 3322 837 contraria
3361 782 3542 834 omnia
3576 785 3680 834 hac

2096 878 2323 930 bomilia
2368 887 2703 933 statuuntur.
2738 876 2904 930 Plane
2949 876 3131 941 itaque
3163 889 3266 927 non
3294 883 3377 926 est
3402 870 3677 941 Origenis.

2096 967 2348 1023 Latinum
2408 968 2726 1033 scriptorem
2753 965 2927 1036 stylns
2978 966 3177 1033 arguit.
3228 964 3519 1017 Auctorem
3548 960 3681 1014 divi-

2100 1068 2211 1121 net,
2239 1059 2284 1113 si
2337 1059 2459 1127 quis
2494 1058 2751 1112 hariolari
2805 1067 2973 1110 amat.
3029 1056 3322 1126 Reperitur
3353 1055 3443 1108 illa
3477 1054 3530 1108 in
3567 1051 3672 1107 Le-

2095 1152 2366 1206 ctionario
2391 1152 2620 1220 quodam
2660 1150 2825 1204 veteri
2859 1149 3195 1202 bibliothecae
3228 1147 3424 1211 Retine.

2165 1244 2234 1296 At
2279 1242 2545 1295 mirabilis
2591 1250 2678 1295 est
2735 1257 2922 1293 eorum
2981 1250 3193 1307 stupor,
3238 1238 3327 1307 qui
3377 1237 3675 1291 secundam

2099 1334 2378 1389 ltotniliatn
2414 1332 2635 1405 Origeni
2684 1332 3106 1400 adjudicarnnt;
3172 1346 3295 1385 nam
3348 1339 3544 1398 prazter
3567 1338 3679 1399 sty-

2104 1427 2215 1479 lum
2247 1427 2313 1479 ab
2334 1425 2663 1495 Origeniauo
2688 1425 2849 1493 genio
2883 1425 3258 1488 abhoreutem,
3295 1432 3350 1476 et
3375 1420 3675 1483 clausulam

2096 1520 2166 1572 ab
2217 1516 2565 1588 Origenianis
2608 1516 2901 1579 diversam,
2958 1516 3287 1570 Manichaeos
3340 1524 3397 1569 et
3448 1512 3681 1567 Arianos

2102 1611 2360 1682 Origeuis
2388 1609 2720 1678 temporibus
2745 1609 3081 1678 posteriores
3118 1607 3438 1661 nominatim
3491 1604 3680 1672 appel-

2095 1704 2192 1759 lat.
2243 1704 2439 1757 Filiutn
2488 1702 2629 1756 Patri
2685 1701 2970 1772 ὁμοούσιον
3032 1716 3156 1755 esse
3206 1700 3377 1765 dicit;
3444 1699 3679 1768 Dionysii

2100 1794 2441 1863 Areopagittc
2468 1808 2631 1862 opera
2675 1795 2827 1859 citat,
2859 1808 2981 1846 cum
3032 1790 3285 1860 Origenis
3308 1800 3441 1845 aetas
3488 1792 3588 1844 bos
3617 1790 3683 1843 li-

2100 1886 2227 1939 bros
2259 1885 2493 1939 nondum
2524 1886 2766 1939 vidisset.
2806 1883 3047 1938 [labetur
3082 1886 3195 1938 haec
3231 1882 3452 1936 bomilia
3483 1885 3535 1935 in
3567 1896 3685 1934 ma-

2100 1981 2376 2049 nuscripto
2436 1978 2782 2033 Bibliotheca:
2842 1976 3024 2041 Regia:
3077 1975 3265 2031 codice
3321 1975 3465 2029 inter
3514 1973 3682 2027 multa

2102 2073 2384 2142 Augustini
2404 2072 2687 2142 opuscula.
2720 2071 2794 2125 De
2823 2081 3045 2124 auctore
3068 2079 3275 2124 certum
3303 2067 3438 2123 nihil
3457 2068 3687 2123 delinire

2140 2181 2345 2220 OSSIIIII.

2140 2183 2345 2220 ossum.

2104 2183 2137 2237 Ρ
2170 2254 2247 2310 Ne
2271 2254 2483 2310 tertiam
2516 2253 2739 2321 quidem
2792 2252 3014 2322 Origeni
3044 2252 3309 2320 deputare
3348 2249 3549 2315 ausim,
3594 2264 3684 2306 re-

2100 2357 2373 2419 pugnante
2418 2346 2657 2401 clausula
2693 2346 2919 2414 etston
2964 2362 2979 2397 :
3013 2348 3264 2412 quamvis
3296 2345 3363 2397 ad
3403 2342 3687 2413 Origeuia-

2101 2453 2228 2491 num
2286 2451 2535 2504 saporem
2590 2434 2818 2504 propius
2883 2434 3113 2488 accedat
3150 2448 3316 2500 quam
3368 2433 3685 2502 superiores

2101 2530 2254 2593 diue;
2298 2527 2562 2597 pauculas
2599 2527 2747 2581 enim
2808 2526 3073 2595 quasdam
3150 2525 3442 2595 allegorias
3497 2525 3681 2579 habet.

2101 2619 2297 2673 Prima:
2328 2628 2509 2671 tamen
2544 2617 2779 2671 similior
2799 2626 3064 2686 estquam
3088 2618 3366 2683 secundae,
3399 2615 3536 2670 adeo
3558 2630 3686 2671 cre-

2107 2713 2203 2768 bra
2242 2722 2324 2767 est
2360 2710 2549 2780 ﬁguris
2574 2720 2629 2764 et
2660 2710 3203 2778 interrogationibus.
3240 2708 3494 2762 Latinum
3554 2710 3689 2762 scri-

2104 2814 2313 2873 ptorem
2366 2802 2538 2866 dicas,
2580 2808 2634 2853 et
2688 2799 2907 2867 quidem
2940 2798 3271 2869 Hieronymo
3304 2797 3683 2853 recentiorem.

2103 2896 2247 2950 Idem
2297 2903 2414 2949 esto
2449 2897 2513 2947 de
2546 2903 2737 2962 quarta
2764 2891 2983 2945 bomilia
3003 2890 3295 2959 judicium,
3324 2906 3486 2959 quam
3524 2890 3687 2945 exhi-

2104 2987 2229 3042 bent
2262 3000 2477 3055 quoque
2508 2984 2848 3039 Lectiouaria
2890 2982 3067 3052 Regia:
3091 2983 3459 3037 Bibliotheca.

2176 3080 2376 3134 Eadem
2401 3087 2457 3132 et
2489 3078 2735 3147 quintam
2763 3075 3043 3131 homiliam
3075 3076 3359 3140 exhibent,
3390 3088 3513 3143 quas
3552 3070 3687 3127 nihil

2107 3169 2493 3241 Origenianum
2540 3168 2722 3237 habet,
2770 3183 2874 3222 non
2935 3167 3157 3237 stylutn,
3206 3181 3311 3220 non
3373 3166 3685 3235 allegorias,

2591 3277 2606 3313 :
2646 3260 2823 3313 oratio
2856 3259 3095 3323 concisa,
3140 3256 3421 3322 dissoluta,
3442 3259 3689 3327 ἐσχημα-

2107 3354 2359 3425 τισμένη.
2396 3353 2614 3406 Initium
2643 3352 2901 3416 bomilize,
2931 3352 3072 3419 qttod
3098 3349 3349 3419 Origenis
3379 3352 3676 3404 doctrinam

2117 3450 2280 3517 Sapit,
2315 3444 2605 3499 lectoribus
2634 3443 2908 3513 imposuit.
2936 3442 3065 3497 Vide
3093 3453 3296 3498 tomum
3328 3460 3361 3497 x
3398 3444 3454 3497 in
3493 3443 3690 3497 Matth.

2113 3557 2260 3595 mnu.
2297 3539 2352 3604 I,
2382 3538 2601 3592 easdem
2638 3536 2753 3591 fere
2776 3536 3015 3606 reperies
3040 3538 3357 3591 sententias.
3399 3535 3553 3602 Quod
3582 3536 3689 3588 nisi

2114 3634 2276 3690 dubia
2300 3640 2447 3687 esset
2476 3630 2836 3701 lnterpretum
2866 3630 3020 3695 ﬁdes,
3068 3630 3387 3697 scriptorem
3440 3626 3689 3681 Latinutr

2108 3741 2232 3783 esse
2250 3726 2549 3797 judicarem
2573 3740 2640 3779 ex
2666 3724 2751 3779 bis
2770 3724 2949 3778 verbis
2981 3741 2994 3777 :
3026 3741 3045 3773 ε
3079 3721 3192 3794 (1³7)
3218 3721 3351 3778 Cum
3371 3736 3522 3790 ager,
3552 3731 3696 3789 quou

2114 3822 2167 3875 in
2200 3837 2265 3876 eo
2288 3820 2492 3889 aliquid
2549 3828 2764 3885 agatur,
2796 3818 2880 3872 vel
2923 3816 3048 3870 villa
3100 3834 3129 3870 a
3190 3814 3695 3871 circumvallatione

2108 3914 2318 3977 limitis,
2351 3915 2453 3967 hoc
2477 3920 2562 3966 est
2589 3912 2886 3966 munitione
2911 3910 3171 3965 custodia:
3210 3924 3406 3962 nomen
3462 3920 3693 3971 accepe-

2112 4008 2204 4070 rit,
2262 4019 2503 4074 congrue
2565 4004 2973 4073 dispensatione
3023 4001 3207 4056 carnis
3264 4000 3355 4055 illo
3413 4000 3694 4066 ingressus

2113 4099 2376 4152 asseritur
2403 4097 2683 4160 Dominus,
2717 4112 2825 4165 quo
2848 4112 2945 4165 per
2971 4094 3189 4149 deitatis
3225 4102 3433 4163 portam
3454 4091 3689 4144 circum-

2114 4190 2290 4244 dando
2322 4190 2604 4244 attrahens
2636 4190 2703 4243 ad
2738 4187 3114 4243 credulitatem
3168 4184 3498 4249 incredulos,
3524 4192 3581 4238 et
3604 4198 3693 4237 sa-

500 4369 616 4437 (I'l)
650 4366 783 4422 Cum
819 4383 969 4437 ager,
1004 4366 1149 4436 quod
1198 4367 1254 4418 in
1291 4382 1350 4418 eo
1396 4365 1601 4438 aiiquid
1641 4375 1875 4438 gagatar,
1909 4375 2015 4421 etc.
2050 4376 2095 4431 ι)
2126 4376 2399 4438 poterant,
2433 4368 2556 4435 quia
2596 4363 3102 4438 quos'_delictort_tm
3144 4364 3356 4417 sarcina
3411 4360 3690 4429 deprimit,

432 4435 558 4493 Iltec
601 4435 809 4501 verba,
856 4435 1031 4503 ﬁatque
1106 4437 1498 4505 prmccdcntia,
1564 4454 1583 4485 ι
1628 4435 2012 4502 Capharuautu

432 4524 667 4579 namque
699 4510 1086 4577 interpretatur
1128 4523 1252 4576 agsr
1309 4505 1404 4579 vel
1440 4505 1565 4559 villa
1616 4506 2013 4579 consolationis.

426 4576 740 4648 tium—ager,
781 4598 800 4630 ι
829 4576 965 4640 etc.,
1007 4592 1110 4629 non
1148 4586 1364 4648 exstant
1392 4576 1443 4628 itt
1480 4577 1733 4629 omnibus
1763 4576 1828 4648 iis
1854 4587 2017 4645 quot-

429 4658 562 4717 quot
598 4646 703 4702 vidi
743 4649 986 4716 antiquis
1040 4647 1360 4699 bomiliariis
1404 4661 1565 4717 manu
1617 4646 1879 4717 exaratis,
1931 4648 2021 4700 ubi

435 4716 625 4774 borum
665 4721 951 4772 verborum
978 4719 1097 4772 loco
1134 4718 1322 4781 legitur
1357 4731 1370 4766 :
1411 4734 1429 4767 ι
1476 4716 1585 4770 Cur
1630 4716 1699 4769 ibi
1736 4718 2021 4786 ingressus

432 4791 559 4842 est?
591 4788 820 4857 PrOpter
855 4790 955 4842 hoc
984 4789 1125 4855 quod
1158 4798 1210 4840 et
1244 4786 1468 4857 invenit,
1496 4796 1546 4839 et
1575 4787 1757 4857 statim
1792 4787 2024 4840 manife-

433 4874 576 4912 stum
603 4871 677 4912 est
692 4855 712 4915 ,ἡ
740 4861 971 4912 Accessit
1001 4858 1068 4910 ad
1096 4874 1213 4910 eum
1259 4855 1514 4909 Centurio
1543 4855 1762 4924 (Matth.
1794 4870 1910 4918 vm,
1942 4857 2019 4927 5).

434 4933 677 4983 Accessit
735 4945 896 4992 vere;
971 4946 1075 4981 non
1149 4929 1580 4992 dimidius,-sed
1631 4936 1776 4980 totus
1831 4943 1844 4979 :
1914 4943 2019 4982 nou

437 5010 657 5066 aspectu
688 5001 931 5068 corporis
955 5008 1184 5061 tantum,
1226 5000 1391 5053 sedet
1418 4997 1610 5050 anima:
1641 4996 1976 5065 plenitudine
2004 5013 2016 5047 :

438 5088 542 5122 non
575 5072 709 5123 facie
743 5080 971 5134 tantum,
1001 5073 1164 5121 sedet
1199 5070 1545 5122 immaculato
1567 5070 1749 5120 corde.
1788 5085 1806 5116 ι
1849 5068 1941 5120 Sic
1967 5077 2023 5121 et

437 5140 588 5192 initio
613 5141 848 5193 ltomilize
890 5156 987 5207 pro
1013 5140 1095 5192 Itis
1123 5140 1301 5192 verbis
1331 5156 1343 5192 :
1376 5138 1759 5207 «Descendente
1802 5136 1931 5189 Iesu
1957 5140 2023 5190 de

431 5220 624 5269 monte.
640 5222 828 5262 secuta'
841 5206 964 5262 stitit
982 5211 1148 5262 turba:
1165 5212 1343 5262 ntultw
1360 5206 1721 5277 (Mattlt.vnt,l
1735 5207 1774 5276 ).
1789 5207 2022 5261 Docente

443 5297 569 5333 \ero
604 5281 833 5334 Domino
894 5284 944 5333 in
984 5292 1193 5340 monte,
1225 5279 1477 5347 discipuli
1515 5289 1672 5331 erant
1715 5295 1837 5331 cutn
1880 5278 2018 5346 ipso,

435 5350 634 5419 quibus
660 5353 843 5403 datttm
884 5361 1001 5403 crat
1040 5351 1275 5402 crelestis
1313 5351 1579 5401 doctrina:
1612 5364 1772 5402 nosse
1801 5358 2010 5401 seet-eta

436 5439 530 5489 per
558 5437 677 5488 qua:
725 5421 917 5473 salutis
956 5421 1181 5471 scientia
1218 5420 1510 5472 hrutorum
1553 5423 1717 5472 corda
1769 5420 2017 5482 salirent,

441 5506 826 5556 (securumque
852 5490 1023 5543 oculis
1051 5504 1147 5557 per
1187 5491 1475 5541 mundana:
1523 5489 1900 5543 delectationis
1934 5497 2020 5542 te-

438 5564 632 5613 nebras
677 5560 1036 5629 caligantibus
1090 5560 1278 5612 lucent-
1320 5559 1695 5629 patefacerent
1739 5560 2005 5613 Veritatis.

440 5631 592 5683 Unde
630 5640 684 5683 et
739 5627 996 5682 Dominus
1041 5632 1105 5681 ad
1156 5644 1290 5681 eos:
1336 5627 1437 5682 Vos
1490 5632 1635 5691 estis,
1696 5632 1890 5696 inquit,
1933 5628 2013 5681 sul

434 5711 612 5763 terrm,
652 5716 738 5752 vos
765 5705 885 5753 estis
933 5708 987 5751 et
1017 5700 1218 5750 lumina
1243 5700 1423 5751 mundi
1449 5698 1663 5767 (Matth.
1689 5714 1741 5761 v,
1784 5699 1871 5761 15,
1902 5699 2015 5767 14).

438 5771 593 5822 Νηιιο
617 5785 743 5823 vero
783 5772 1144 5823 descendente
1174 5783 1239 5819 eo
1270 5771 1337 5821 de
1367 5780 1570 5830 monte,
1616 5773 1784 5823 turbte
1816 5784 2019 5823 secuta:

436 5849 562 5895 sunt
582 5856 703 5893 eum
732 5856 743 5890 :
767 5841 819 5894 iu
847 5848 1081 5893 montem
1111 5839 1317 5897 scilicet
1347 5847 1643 5894 ascendere
1671 5855 2015 5910 nequaquam

2126 4435 2192 4490 ad
2230 4439 2619 4509 mysteriorum
2648 4435 2897 4509 Sublimia
2933 4435 3033 4489 nisi
3070 4438 3281 4509 abiecto
3326 4446 3690 4509 0t_tere_sc_an-

2126 4509 2254 4562 dere
2282 4501 2505 4561 ininime
2540 4506 2739 4560 valent.
2772 4506 3049 4561 Idcircoet
3086 4506 3181 4557 lilii
3221 4503 3383 4558 Israel
3436 4501 3691 4569 primitus

2128 4579 2181 4630 itt
2216 4586 2453 4631 montem
2507 4577 2804 4630 ascendere
2842 4593 2946 4629 non
2979 4586 3232 4643 poterant
3256 4575 3322 4627 ad
3366 4571 3690 4626 obviandutn

2130 4648 2257 4713 Deo,
2283 4649 2405 4716 quia
2433 4646 2764 4718 IEgyptiaca
2786 4647 2993 4711 gravati
3040 4646 3457 4701 conversatione
3488 4654 3689 4718 pralpee

2128 4704 2434 4779 dieliatitur,
2465 4704 2561 4771 scuti
2582 4704 2733 4769 solus
2752 4704 2982 4787 Moyses,
3014 4728 3152 4779 etc.;
3197 4735 3214 4765 ι
3252 4704 3691 4787 rnss.nostri1ta-

2128 4789 2251 4841 bent
2288 4811 2298 4842 :
2332 4789 2598 4842 «Docenle
2620 4790 2669 4839 itt
2692 4786 2873 4841 monte
2898 4788 3140 4848 Domino,
3161 4786 3406 4852 discipuli
3430 4789 3692 4836 venerunt

2125 4860 2192 4913 ad
2223 4874 2346 4913 eunt
2384 4863 2524 4913 sicut
2564 4860 2791 4917 alacres,
2826 4860 2960 4910 sicut
2998 4857 3298 4919 dottteSIici,
3331 4855 3471 4908 sicut
3503 4852 3687 4921 proxi—

2127 4930 2220 4992 tni,
2255 4932 2399 4985 sicut
2434 4930 2591 4982 amici
2624 4928 2704 4979 vel
2735 4930 2951 4983 fratres.
2978 4928 3099 4983 Ideo
3124 4928 3197 4980 ait
3238 4937 3292 4980 et
3329 4924 3590 4999 Dominus
3620 4921 3687 4999 ad

2125 5015 2219 5052 eos
2258 5019 2270 5053 :
2325 4999 2423 5053 Vos
2478 5001 2601 5052 estis
2647 5000 2728 5051 sal
2774 5009 2947 5063 terrw,
2974 5008 3050 5060 et,
3070 5014 3155 5050 vos
3185 4999 3308 5049 estis
3349 4996 3443 5047 tua:
3499 4994 3682 5043 mundi

2127 5069 2340 5138 (Matth.
2370 5086 2424 5132 v,
2456 5070 2544 5134 I5,
2590 5069 2700 5135 M).
2757 5069 2907 5121 hunc
2936 5083 3064 5121 vero
3112 5068 3467 5121 descendente
3517 5078 3581 5114 eo
3625 5064 3691 5113 de

2126 5151 2330 5206 tnonte,
2367 5142 2537 5195 turba:
2576 5149 2776 5192 secuta:
2829 5148 2955 5192 sunt
3005 5155 3150 5201 eum,
3193 5152 3314 5204 rpite
3356 5138 3406 5190 iit
3455 5142 3690 5206 montem

2124 5201 2422 5265 ascendere
2454 5227 2556 5263 non
2606 5219 2897 5276 potuerunt
2930 5220 2989 5262 ut
3020 5209 3160 5280 pigri
3192 5201 3392 5276 populi,
3420 5201 3690 5280 _ut_neg|'i-

2124 5291 2331 5348 gentes,
2368 5296 2424 5335 ttt
2462 5274 2783 5348 imperfecti.
2815 5280 2890 5332 Ita
2928 5290 2982 5333 et
3014 5274 3105 5332 lilii
3146 5274 3307 5331 Israel
3354 5274 3601 5348 primitus
3636 5274 3688 5323 itt

2125 5344 2362 5404 montem
2399 5344 2693 5404 ascendere
2734 5366 2838 5401 non
2870 5351 3152 5403 valuerunt
3206 5368 3219 5401 :
3261 5354 3326 5400 ad
3356 5344 3684 5421 obviattiltttn

2122 5421 2235 5474 Deo
2272 5436 2494 5490 pergere
2536 5436 2639 5472 non
2665 5428 2959 5485 potuerunt
2994 5430 3212 5491 propter
3243 5435 3393 5471 suam
3427 5414 3692 5491 irreligio-

2123 5482 2336 5545 sitalém
2369 5482 2423 5545 Et
2453 5482 2808 5558 impietatem,
2844 5491 2937 5543 sed
2966 5482 3111 5542 solus
3143 5489 3375 5558 Moyses,
3409 5506 3427 5537 ι
3457 5495 3563 5538 etc.
3598 5482 3692 5535 Sic

2123 5561 2357 5628 denique
2402 5572 2456 5615 et
2498 5562 2636 5621 haec,
2678 5571 2733 5612 et
2777 5560 2897 5613 aliae
2950 5560 3217 5627 pleraeque
3267 5559 3519 5619 homilize,
3557 5568 3693 5619 quas

2128 5633 2229 5684 Sub
2257 5632 2506 5700 Origenis
2552 5631 2769 5684 nomine
2810 5629 3065 5683 Merlinus
3099 5631 3289 5701 edidit,
3331 5638 3690 5701 put-terquem

2123 5703 2266 5769 quod
2296 5699 2504 5754 tuendis
2530 5701 2727 5769 ubique
2756 5710 2985 5763 scatent,
3034 5715 3097 5751 ac
3137 5699 3346 5754 lacunis
3397 5699 3695 5771 innumeris

2127 5773 2362 5833 inhiant,
2402 5772 2629 5838 plurima
2666 5771 2864 5825 habent
2912 5771 3115 5825 intexta
3144 5786 3267 5835 qua:
3301 5771 3354 5823 in
3392 5777 3692 5823 manuscri-

2123 5843 2228 5911 ptis
2264 5840 2583 5897 bomiliariis
2613 5842 2770 5895 aliter
2798 5849 3273 5906 reprazs'entanttrr.
