4152 6460
459 388 596 444 I279

1729 387 1787 442 Ρ.
1835 387 2148 445 DANIELIS
2187 389 2420 446 IIUETH

3579 400 3715 449 12ηο

465 513 654 564 uitatis
687 508 1003 564 miraculum
1027 519 1145 564 erat
1193 517 1432 564 acturus.
1468 528 1484 560 ι
1521 509 1563 563 Α
1593 509 1779 579 primae
1808 510 2041 564 humilia:
2071 518 2115 572 Α
2146 528 2440 583 synonyma
2463 551 2480 577 ,
2541 513 2841 565 antitheses
2862 555 2874 573 ,
2943 511 3265 578 allusioues,
3322 511 3532 564 colores
3601 523 3718 567 arte

461 601 604 673 Stylo
633 618 822 673 parum
857 604 1126 658 dissentit.

531 695 693 749 Sexta
741 695 961 748 homilia
1011 696 1220 764 prima»,
1257 694 1452 758 tertizc,
1488 703 1697 764 quarta:
1759 709 1823 750 ac
1868 695 2037 763 quin-

461 795 548 851 tae,
573 787 665 840 sed
697 787 870 840 tertiae
894 786 1236 854 potissimum
1267 786 1458 842 similis
1502 796 1603 847 est,
1629 787 1794 858 stylo,
1830 789 2037 858 figuris,

460 876 738 942 clausula;
776 882 915 931 unde
943 893 973 930 a
1021 878 1216 931 Latino
1263 894 1478 948 quoque
1531 879 1752 932 homine
1780 880 2038 948 scriptam

460 969 809 1022 arbitramur.
861 969 973 1040 (l8)
1001 969 1109 1024 Nec
1141 971 1300 1026 aliter
1357 972 1425 1026 de
1458 973 1685 1041 septima
1711 971 2038 1038 judicamns,

467 1059 593 1114 licet
619 1059 857 1114 clausula
885 1073 1090 1116 careat.
1140 1063 1252 1133 (l9)
1318 1064 1620 1135 Utramque
1682 1073 2041 1134 repraesentat

460 1151 834 1205 lectionarinm
874 1155 1143 1222 quoddam
1199 1155 1377 1224 Regia:
1413 1156 1759 1211 Bibliotheca
1809 1176 1822 1211 :
1865 1167 1920 1211 et
1959 1171 2042 1211 se-

462 1245 684 1312 ptimam
725 1246 940 1314 quidem
977 1248 1079 1301 hoc
1104 1249 1256 1302 initio
1296 1265 1308 1300 :
1347 1267 1366 1298 ‹
1409 1248 1650 1313 Fratres,
1685 1249 1818 1302 dicit
1845 1250 2040 1319 aliquis

469 1348 536 1389 ex
570 1337 740 1401 vobis,
773 1337 872 1391 feci
903 1349 1120 1408 peccata
1159 1343 1323 1393 multa
1349 1351 1405 1394 et
1442 1357 1635 1411 magna
1670 1359 1682 1394 :
1714 1351 1769 1397 et
1801 1343 1926 1413 quis
1968 1358 2034 1396 ex

461 1428 612 1482 vobis
639 1440 723 1483 est
759 1431 849 1497 qui
917 1447 1020 1484 non
1072 1435 1298 1500 peccet?
1331 1433 1410 1488 Tu
1473 1436 1581 1500 dic,
1645 1437 1824 1491 erravi
1874 1451 2038 1504 super

459 1534 650 1574 omnes
687 1524 956 1577 homines.
994 1523 1206 1579 Suilieit
1248 1527 1342 1581 tibi
1385 1527 1436 1581 in
1470 1529 1740 1606 sacriﬁcio
1782 1530 1881 1583 ista
1910 1546 2038 1583 con-

463 1610 649 1681 fessio.
687 1615 780 1669 Dic
813 1625 867 1669 tu
901 1617 1052 1685 prior
1113 1619 1431 1687 iniquitates
1476 1628 1618 1685 tuas,
1667 1631 1725 1675 ut
1766 1622 2036 1692 justilice-

462 1703 538 1758 ris
565 1705 628 1756 ³⁹.
665 1706 943 1774 Cognosce
967 1720 1037 1773 te,
1062 1712 1313 1778 quoniam
1351 1723 1603 1778 peccator
1643 1727 1703 1766 es
1733 1729 1744 1762 :
1775 1715 1912 1768 habe
1946 1718 2040 1766 tri-

469 1797 692 1862 stitiam,
731 1813 852 1852 cum
908 1803 1242 1856 converteris
1278 1820 1289 1854 :
1318 1816 1436 1857 esto
1471 1820 1534 1858 ac
1563 1805 1607 1858 si
1635 1807 1956 1874 desperatus
1978 1817 2032 1860 et

470 1899 733 1955 maestus;
767 1891 859 1943 sed
887 1903 940 1943 et
964 1892 1232 1961 lacrymas
1257 1905 1608 1964 compunctus
1635 1896 1866 1950 ell'unde.
1892 1899 2040 1951 Nun-

461 1981 590 2046 quid
623 1981 826 2048 aliquid
861 1983 1007 2037 aliud
1043 1983 1142 2037 l'nit
1197 1985 1250 2038 in
1307 1987 1617 2049 meretrice,
1655 2004 1821 2058 quam
1870 1990 2041 2060 lacry-

461 2085 671 2125 marum
694 2073 924 2126 ellusio?
945 2083 1000 2129 et
1021 2089 1086 2128 ex
1121 2075 1222 2130 hac
1267 2077 1586 2146 prolusione
1618 2079 1822 2135 invenit
1852 2085 2039 2150 praesi-

462 2161 631 2228 dimn,
669 2170 723 2216 et
747 2174 970 2231 accepta
1028 2165 1222 2219 ﬁducia
1255 2170 1483 2222 accessit
1508 2170 1573 2222 ad
1611 2171 1817 2225 fontem
1855 2173 2037 2226 Domi-

460 2266 587 2303 num
611 2250 817 2307 Jesum.
873 2253 979 2307 Sed
1016 2258 1301 2311 veniamus
1335 2259 1400 2310 ad
1441 2275 1686 2317 causam.
1742 2263 1880 2329 Quid
1909 2279 2039 2334 ergo

458 2345 828 2412 evangelista?
868 2345 936 2399 Et
977 2349 1098 2402 inde
1141 2350 1398 2404 lramiens
1459 2351 1717 2408 Dominus
1768 2353 1925 2409 Jesas
1981 2358 2038 2410 in

459 2445 630 2500 partes
661 2435 808 2506 Tyri,
840 2446 888 2490 et
915 2436 1151 2504 Sidonis,
1180 2449 1229 2492 et
1264 2455 1380 2492 ecce
1407 2441 1600 2494 mulier
1627 2440 1930 2497 Chananwa
1968 2444 2035 2500 ⁸⁸.

462 2524 593 2578 Mira
629 2543 734 2588 res,
760 2542 793 2579 ο
823 2527 1164 2596 Evangelista
1191 2529 1205 2581 !
1248 2545 1266 2578 ι
1311 2528 1537 2600 Reliqua
1569 2534 1705 2588 utin
1732 2533 1891 2589 libris
1919 2536 2036 2589 edi-

461 2617 529 2669 tis
558 2629 822 2686 coucepta
855 2629 1004 2672 sunt.

529 2705 682 2772 Quod
715 2709 782 2762 de
832 2710 1078 2778 proxime
1108 2712 1567 2778 praecedentibus,
1599 2714 1742 2770 idem
1774 2719 2037 2774 sentimus

457 2797 525 2851 de
551 2799 778 2861 Octava,
804 2815 924 2869 qua;
954 2801 1239 2858 rhetoricis
1287 2807 1574 2876 pigmentis
1619 2823 1902 2879 perspersa
1933 2822 2038 2866 est.

467 2892 518 2946 Id
545 2894 730 2948 oll'ecit
781 2893 1059 2959 Merlinus,
1092 2905 1148 2949 et
1178 2896 1432 2969 Origenis
1473 2899 1673 2969 stylum
1723 2907 2038 2968 neutiquam

464 2985 668 3039 referre
699 3001 819 3040 eam
859 2987 1141 3042 confessus
1173 2999 1272 3049 est.
1331 3005 1502 3061 seque
1555 2993 1656 3045 hoc
1716 3007 1825 3046 uno
1876 3009 2038 3063 argu-

461 3090 643 3130 mento
683 3079 884 3131 dudum
918 3077 1266 3151 Origenianis
1300 3083 1522 3151 scriptis
1548 3084 1864 3146 inseruisse,
1892 3087 2037 3154 quod

2141 603 2389 673 quaesiti:
2454 617 2574 671 qua:
2627 602 2805 655 omnia
2869 601 3250 672 Origenianam
3315 600 3718 670 simplicitatem

2143 709 2252 746 non
2294 692 2533 760 sapiunt.
2585 690 2869 760 Alli-goria}
2895 705 3154 760 praeterea
3192 691 3372 755 nullae,
3410 691 3570 743 nullm
3604 701 3718 744 tro-

2142 783 2387 854 pologtaz.
2420 783 2625 853 Siquid
2657 783 2971 852 conjectura
3019 786 3191 852 valeo,
3242 785 3571 854 scriptorem
3612 780 3720 838 La-

2146 878 2316 931 tinum
2346 877 2596 931 dixerim.

2215 973 2286 1026 Ea
2318 983 2467 1028 certe
2489 981 2570 1027 est
2606 971 2814 1039 primae,
2856 971 3050 1034 tertiae,
3085 981 3311 1040 quartae,
3343 969 3569 1035 quintte,
3595 985 3720 1024 sex-

2144 1077 2235 1131 ta},
2268 1068 2534 1136 septimas,
2566 1075 2775 1119 octavae
2827 1074 2879 1118 et
2911 1064 3134 1118 det-ima:
3175 1064 3528 1130 congruentia
3579 1063 3720 1116 inter

2151 1173 2210 1211 se
2234 1167 2288 1211 et
2311 1155 2771 1224 similitudo,‘(20)
2801 1165 2858 1208 ut
2891 1169 3026 1223 pene
3057 1154 3328 1208 allirmare
3351 1153 3523 1207 ausim
3559 1155 3722 1208 unius

2141 1263 2260 1304 esse
2319 1265 2507 1303 omnes
2551 1258 2604 1300 et
2655 1248 2896 1315 ejusdem
2943 1247 3223 1311 auctoris;
3263 1256 3424 1312 atque
3463 1245 3598 1316 ejus,
3663 1256 3722 1299 ut

2141 1340 2274 1403 dixi,
2324 1338 2541 1392 Latini:
2588 1339 2820 1392 secunda
2890 1337 3112 1391 alterius
3190 1347 3270 1391 est
3348 1336 3640 1406 Scriptoris
3701 1354 3716 1389 :

2141 1444 2281 1483 nona
2335 1436 2562 1482 consula
2618 1439 2701 1480 est
2755 1426 2953 1495 triplici
3000 1427 3162 1478 trium
3215 1427 3539 1495 scriptorum
3600 1427 3715 1480 fra-

2139 1528 2380 1587 gmento.
2433 1518 2516 1572 Ab
2547 1516 2782 1584 Origene
2811 1527 2993 1569 autem
3031 1515 3172 1567 nulla
3219 1519 3430 1584 penitus
3478 1516 3718 1586 profecta

2140 1621 2243 1672 est,
2269 1621 2630 1677 prmterunam
2663 1609 2811 1677 prior
2838 1607 2924 1660 illa
2961 1623 3116 1659 nontc
3146 1609 3433 1675 particula.

2215 1706 2298 1760 γι.
2335 1706 2558 1759 Michael
2589 1705 2896 1760 Cluslerins
2935 1706 2985 1757 in
3017 1704 3335 1758 Pra-fatione
3373 1704 3439 1756 ad
3490 1719 3617 1758 suos
3663 1705 3720 1757 in

2146 1799 2430 1853 Jeremiam
2461 1798 2920 1859 Commentarios.
2952 1813 3072 1864 cap.
3109 1796 3164 1857 7,
3199 1811 3412 1865 paragr.
3444 1797 3501 1858 tl,
3537 1809 3721 1850 narrat
3787 1803 3794 1820 ‘

2145 1892 2195 1942 in
2238 1890 2498 1944 Va'icano
2551 1893 2784 1956 quodam
2833 1889 3024 1943 codice
3087 1888 3278 1943 Cra-co
3335 1898 3574 1956 repertas
3618 1890 3720 1942 sibi

2143 1979 2395 2050 Origcnis
2427 1981 2683 2034 homilias
2726 1982 2779 2034 in
2825 1979 3114 2033 Jeremiam
3151 1982 3378 2049 viginti;
3424 1995 3722 2048 earumque

2143 2085 2492 2140 postremam,
2539 2073 2641 2127 etsi
2700 2073 2751 2128 id
2808 2073 3077 2127 indicaret
3130 2073 3336 2138 titulus,
3377 2089 3718 2141 nequaqnant

2145 2175 2324 2221 tamen
2353 2169 2418 2219 ad
2452 2165 2741 2234 Origenem
2774 2165 3124 2234 pertinuisse.
3161 2165 3445 2218 Salinectit
3474 2173 3720 2232 postmo-

2142 2261 2266 2310 dum
2311 2274 2372 2312 ea
2404 2258 2517 2328 jam
2549 2257 2693 2312 edita
2727 2257 3076 2325 comperiisse
3107 2272 3165 2310 se
3201 2273 3306 2310 non
3338 2255 3591 2324 Origenis
3625 2257 3722 2308 lto-

2145 2347 2372 2410 miliam,
2405 2349 2506 2401 sed
2549 2347 2810 2415 insignem
2859 2360 2978 2400 esse
3025 2345 3322 2399 Clementis
3366 2345 3719 2397 Alexandrini

2143 2439 2478 2503 Tractatum,
2513 2437 2665 2505 cujus
2710 2438 3079 2491 meminerunt
3125 2437 3410 2498 Eusebius,
3458 2435 3724 2505 Hierony-

2141 2548 2262 2586 mus
2323 2541 2374 2585 et
2419 2531 2662 2594 PhOtius,
2696 2531 2894 2601 quippe
2945 2533 3018 2586 ita
3051 2530 3342 2600 inscriptus
3381 2528 3482 2583 l‘uit
3513 2547 3529 2584 :
3567 2529 3659 2594 Τίς
3691 2531 3725 2582 ό

2141 2624 2476 2692 σωζόμενος
2503 2625 2801 2689 πλούσιος
2819 2642 2838 2681 :

2216 2713 2323 2770 VII.
2352 2715 2565 2770 Scholia
2600 2717 2656 2770 in
2688 2714 2994 2770 Orationem
3035 2714 3387 2780 Dominicam,
3417 2723 3470 2768 et
3494 2712 3719 2768 Cantica

2142 2807 2203 2862 Β.
2240 2808 2496 2875 Virginis,
2520 2808 2798 2862 Zachariae
2844 2819 2897 2865 et
2924 2809 3194 2863 Simeonis
3228 2807 3420 2862 Graece
3452 2824 3573 2861 cum
3622 2823 3720 2862 sua

2145 2901 2592 2970 interpretatione
2631 2899 2824 2952 Latina
2860 2900 3038 2966 edidit
3091 2898 3386 2953 FCtlel‘lClIS
3443 2899 3718 2963 Mnrellns,

2145 2994 2245 3048 sub
2275 2994 2494 3047 nomine
2520 2991 2789 3061 Origenis,
2817 2993 2954 3050 sive,
2979 3001 3036 3044 ut
3060 2991 3172 3060 ipse
3201 2991 3470 3058 apposuit,
3498 2991 3719 3044 alterius

2141 3085 2383 3140 dot-toris
2415 3083 2735 3156 συγχρόνου,
2759 3097 2928 3150 eaque
2955 3097 3013 3135 se
3053 3098 3083 3135 e
3112 3081 3281 3135 veteri
3334 3083 3716 3149 manuscripto

462 3185 490 3218 a
510 3170 692 3222 multis
717 3179 940 3238 putetur
961 3186 1085 3225 esse
1106 3173 1440 3237 Adatnantii,
1464 3185 1517 3228 et
1552 3175 1694 3228 inter
1723 3176 1839 3245 ejus
1872 3192 2035 3246 opera
2066 3196 2110 3254 ο
2143 3177 2328 3232 codice
2355 3192 2420 3230 ex
2451 3177 2597 3229 Italis
2631 3174 2971 3228 bibliothecis
3006 3174 3252 3241 profecto
3285 3174 3566 3242 selegissc,
3618 3191 3716 3228 ex-

461 3270 676 3325 reperta
713 3262 807 3316 sit.
860 3261 991 3316 Eam
1021 3273 1200 3317 autem
1235 3265 1378 3318 inter
1417 3281 1582 3334 opera
1627 3265 1765 3321 falso
1802 3270 2038 3339 ascripta

458 3345 788 3420 Hieronymo
815 3356 992 3419 posuit
1016 3354 1289 3410 Victorius
1316 3367 1463 3410 tomo
1489 3374 1651 3414 nono.

533 3440 762 3495 Humilia
795 3458 934 3496 nona
967 3448 1224 3500 membris
1249 3448 1424 3501 tribus
1455 3449 1506 3501 in
1537 3465 1701 3503 unum
1739 3451 2040 3518 compactis

461 3532 694 3586 Conflata
730 3544 831 3589 est.
860 3534 992 3589 Pars
1025 3538 1174 3605 prior
1197 3539 1328 3591 nihil
1356 3541 1498 3594 aliud
1529 3554 1610 3596 est
1645 3559 1806 3610 quam
1847 3543 2041 3611 Orige-

463 3622 616 3676 uiani
652 3632 920 3677 tractatus
951 3628 1210 3681 tricesimi
1244 3633 1423 3697 quarti
1472 3633 1524 3686 in
1575 3634 1883 3688 Matth-.eutn
1918 3652 2043 3704 por-

468 3713 573 3777 tio;
605 3714 744 3767 unde
776 3717 1038 3770 nonnulla
1075 3721 1326 3774 consulto
1356 3735 1627 3792 expuncta
1677 3735 1836 3791 sunt;
1891 3727 2042 3795 quod

466 3806 532 3859 its
563 3806 809 3859 doctrina
841 3809 1022 3863 minus
1046 3824 1176 3864 sana
1202 3815 1596 3870 contineretur.
1647 3817 1719 3871 Ea
1753 3832 1880 3873 vero
1916 3834 2042 3888 pars

463 3911 584 3964 qua:
608 3899 677 3952 ab
701 3900 784 3953 his
801 3900 1013 3955 orditur
1037 3905 1222 3958 verbis
1254 3923 1267 3958 :
1301 3923 1322 3956 ‹
1356 3907 1396 3960 Α
1437 3909 1710 3978 plerisque
1751 3911 2038 3965 conscien-

465 3987 538 4040 tia
561 3989 827 4058 accipitur
871 4003 1236 4060 peccatorum,
1270 4013 1290 4046 ι
1327 4006 1459 4060 etc.,
1492 4009 1547 4052 et
1579 3999 1630 4052 in
1682 3999 1748 4054 iis
1793 3999 1992 4053 desinit
2026 4019 2040 4054 :

469 4097 489 4130 ‹
527 4078 664 4135 Miro
687 4082 842 4137 valde
869 4087 1026 4139 modo
1055 4088 1240 4154 paucis
1267 4091 1449 4143 verbis
1478 4105 1770 4159 expressus
1792 4103 1875 4146 est
1906 4093 2045 4161 ignis

465 4170 740 4236 gehennae,
771 4193 791 4226 ι
824 4175 1104 4246 desumpta
1133 4191 1306 4234 estex
1335 4180 1475 4234 libro
1508 4181 2043 4236 Commentariormn

470 4262 778 4336 Hieronymi
819 4267 872 4318 in
930 4267 1158 4324 Isaiam.
1218 4270 1444 4340 Reliqua
1488 4273 1847 4342 suppeditavit
1883 4283 2045 4343 caput

467 4353 554 4414 I7,
593 4355 712 4409 libri
748 4373 779 4408 v
835 4355 1132 4412 Moralium
1163 4359 1412 4430 Gregorii
1445 4361 1645 4430 Magni.

537 4449 809 4503 Decimam
859 4451 1136 4505 homiliam
1191 4470 1295 4506 non
1346 4470 1469 4508 esse
1536 4455 1786 4525 Origenis
1840 4456 2024 4508 statim

2142 3269 2453 3336 scripsisse,
2477 3267 2822 3320 transtulisse
2845 3266 3106 3319 declarat.
3139 3265 3195 3320 In
3225 3266 3340 3333 ipso
3373 3264 3717 3318 Scholiorum

2147 3359 2302 3412 titulo
2351 3356 2540 3412 Grarco
2597 3372 2789 3410 nomen
2821 3356 3073 3425 Origenis
3105 3356 3420 3424 neutiquam
3446 3355 3718 3419 offendas,

2143 3450 2236 3504 sed
2265 3449 2391 3502 illml
2425 3450 2689 3502 duntaxat
2725 3465 2738 3498 :
2783 3449 3132 3517 Ἀνωνύμου
3167 3449 3392 3516 σχόλια
3420 3451 3510 3512 εις
3530 3448 3725 3516 εὐχὴν

2145 3540 2462 3610 κιιοιακήν.
2483 3541 2634 3596 Unde
2660 3541 2728 3594 ab
2750 3541 2866 3609 ipso
2886 3541 3578 3609 Morello'nomenOrigenis
3595 3558 3725 3608 sup-

2147 3635 2384 3703 positnm
2417 3633 2684 3700 suspicor.
2719 3632 2862 3687 Bene
2894 3646 3025 3684 vero
3053 3642 3138 3684 est
3166 3634 3310 3701 quod
3343 3631 3560 3685 Petrum
3585 3631 3723 3684 Lao-

2145 3728 2419 3780 dicensem
2457 3724 2756 3792 legitimum
2791 3735 3070 3778 auctorem
3111 3740 3177 3777 ex
3217 3723 3568 3778 Bibliotheca:
3621 3726 3725 3777 ιιι..

2149 3829 2290 3872 trntu
2326 3827 2474 3871 tomo
2501 3818 2680 3885 priore
2709 3818 3114 3885 cognoscimus.
3154 3818 3208 3871 in
3242 3833 3350 3885 quo
3370 3819 3573 3871 scholia
3611 3819 3726 3871 hate

2144 3910 2199 3962 in
2235 3908 2545 3962 Orationem
2575 3906 2906 3960 Dominicam
2962 3907 3153 3962 Latine
3187 3924 3448 3963 conversa
3474 3925 3596 3962 cum
3622 3911 3729 3963 illis

2149 3998 2409 4053 Germani
2442 3998 2770 4067 patriarchae
2813 3998 3280 4067 Constantinopoli
3328 3999 3618 4065 conjuncta
3673 4002 3725 4053 in

2148 4103 2310 4141 unum
2347 4097 2402 4142 et
2436 4090 2694 4156 pcrmista
2724 4087 3098 4156 reperiuntur.
3126 4090 3288 4158 Atqui
3324 4089 3533 4144 Morelli
3557 4097 3727 4145 codex

2148 4179 2365 4232 Scholia
2399 4179 2455 4232 in
2491 4177 2711 4232 Cantica
2741 4181 2916 4234 eidem
2946 4181 3240 4244 tribuebat,
3279 4183 3365 4235 cui
3401 4191 3457 4235 et
3509 4183 3728 4237 Scholia

2147 4273 2204 4324 in
2229 4269 2539 4324 Orationem
2573 4271 2944 4337 Dominicam;
2971 4281 3024 4325 et
3071 4274 3123 4327 id
3176 4277 3503 4341 persuadere
3550 4287 3730 4345 potest

2147 4363 2272 4432 Styli
2305 4363 2628 4416 similitudo.

2222 4453 2355 4508 Vlll.
2383 4455 2461 4506 Ad
2501 4454 2660 4506 linem
2687 4453 2948 4508 librorum
2976 4456 3115 4524 Περὶ
3152 4455 3356 4526 ἀρχῶν
3397 4460 3560 4513 attexi
3590 4458 3731 4513 solet

467 4551 745 4606 agnoscet,
781 4543 1029 4611 quisquis
1067 4559 1228 4597 nares
1273 4545 1542 4599 habuerit.
1573 4549 1793 4600 Alienus
1817 4555 1901 4599 est
1929 4558 2042 4616 sty-
2078 4528 2121 4581 Ῐ)
2157 4544 2386 4607 libellus,
2419 4546 2507 4611 qui
2540 4543 2851 4598 Lameutum
2888 4545 3132 4615 Origenis
3188 4549 3522 4604 inscribitur.
3560 4549 3730 4619 Hujus

467 4631 550 4684 Ius
583 4632 650 4685 ab
683 4633 934 4701 Origene,
969 4635 1144 4686 aliena
1179 4637 1445 4698 clausula,
1503 4639 1680 4692 aliena
1730 4637 2043 4699 schemata,

537 4727 583 4759 "
611 4725 716 4782 Isa.
741 4743 894 4792 xun,
924 4729 1014 4783 26.
1091 4732 1137 4765 ⁸⁸
1171 4731 1360 4785 Matth.
1398 4747 1487 4793 xv,
1514 4731 1574 4784 2t
1597 4774 1613 4795 ,
1649 4730 1741 4784 22.

537 4845 649 4912 (l8)
683 4845 792 4900 Nec
837 4847 990 4900 aliter
1027 4850 1090 4902 de
1119 4851 1338 4912 septima
1378 4847 1705 4915 judiramns,
1753 4857 1861 4901 etc.
1898 4847 2039 4903 Male

467 4915 783 4977 hicindit'at
815 4918 1058 4980 llnetins,
1097 4931 1153 4970 ut
1197 4935 1248 4970 tn
1283 4918 1420 4970 infra
1460 4920 1980 4973 demonstrabimus.

536 4986 649 5055 (I9)
681 4983 966 5056 Utramque
1017 4996 1374 5056 reprwsentat,
1425 4994 1528 5040 etc.
1580 4987 1801 5040 Sextam
1852 4989 2040 5040 itidem

465 5059 566 5108 sub
597 5056 848 5121 Origenis
907 5061 1122 5111 nomine
1182 5069 1572 5126 repra-seutant
1624 5069 1858 5124 quatuor
1906 5072 2039 5110 mss.

469 5142 609 5193 quos
646 5127 877 5180 vidimus
903 5131 1139 5186 codices.
1175 5129 1310 5178 alter
1337 5127 1690 5178 Marci-iurum
1715 5129 1924 5178 ordinis
1952 5128 2044 5180 Ci—

468 5197 806 5261 stt-rciensis,
845 5199 982 5251 alter
1031 5198 1360 5250 cathedralis
1408 5198 1655 5249 eez-Iesia:
1682 5195 2041 5260 Turonensis,

469 5267 652 5334 etduo
683 5269 911 5322 vetustis
945 5269 1033 5319 imi
1064 5268 1345 5321 'l'lutatnci.
1413 5267 1822 5334 lleprzeseutant
1879 5267 2042 5319 etiam

472 5333 842 5389 Homiliarinm
865 5338 931 5390 alt
957 5339 1288 5391 Alcoinnsen
1312 5333 1502 5388 Albino
1527 5336 1720 5390 Flat'Ctt
1739 5335 2047 5400 collectum,

471 5404 705 5457 Colonim
737 5408 940 5458 editum
971 5426 1110 5460 anno
1145 5406 1299 5470 1576,
1340 5423 1459 5471 pag.
1497 5408 1620 5463 Ilii.
1673 5405 1896 5456 alterum
1937 5405 2048 5458 Πυ-

472 5473 764 5526 miltarium
799 5475 1022 5529 Basilum
1077 5479 1348 5542 vulgatum
1386 5493 1511 5530 ann.
1549 5477 1704 5536 1595,
1747 5476 1838 5530 lol.
1870 5476 1958 5540 60,
1997 5486 2053 5528 et

473 5542 828 5613 Cumbellsius
856 5545 1200 5600 Bibliotheca'
1237 5548 1648 5598 concionatorim
1680 5555 1810 5597 tum.
1850 5544 1891 5600 Ι.
1927 5562 2050 5613 pag.

476 5610 598 5666 740.
638 5611 789 5665 Ilatte
826 5630 1037 5681 quoque
1077 5618 1180 5668 sub
1223 5615 1376 5666 Beda:
1413 5618 1654 5666 nomine-
1680 5615 1902 5668 exltibet
1930 5610 2054 5668 ido-

478 5697 636 5733 mnus
676 5693 860 5734 noster
903 5684 1198 5737 Martcnins
1230 5683 1487 5736 Thesauri
1529 5687 1786 5736 Anecdot.
1830 5694 1960 5735 tom.
1985 5681 2053 5745 V,

476 5751 581 5804 eui.
613 5751 740 5810 518,
797 5768 902 5804 ttno
963 5753 1180 5816 Maioris
1241 5753 1545 5807 Monasterii
1599 5770 1764 5820 prope
1805 5753 2054 5808 Turonos

478 5822 665 5878 codice
699 5820 888 5888 fultus,
923 5825 1012 5891 qui
1051 5825 1205 5877 Beda:
1233 5839 1430 5877 nomen
1456 5825 1507 5876 in
1539 5825 1717 5879 fronte
1743 5826 1978 5890 prtcl'ett.

2158 4639 2660 4706 interpretationem
2701 4637 3028 4709 Hieronymo
3063 4641 3252 4694 tribuit
3297 4641 3474 4696 Guido
3503 4641 3730 4696 Canne-

2216 4849 2329 4916 (ΞΟ)
2360 4845 2430 4900 Ut
2464 4862 2590 4907 pene
2617 4845 2879 4914 afﬁrmare
2913 4845 3266 4916 ﬂltttiﬂt_llllilll
3305 4861 3414 4916 esse
3441 4861 3636 4908 omnes,
3678 4858 3729 4897 et

2146 4913 2382 4986 ejusdem
2432 4913 2686 4972 ana-oris;
2739 4925 2897 4986 atque
2925 4916 3040 4982 ejus
3078 4913 3470 4986 Latini.__l’cne
3518 4916 3730 4986 erravit

2149 4984 2395 5048 Iinetins,
2424 4995 2586 5052 atque
2622 4985 2665 5039 si
2699 4984 2855 5051 plane
2883 5000 3047 5037 ausus
3075 4994 3220 5037 esset
3240 4984 3535 5046 allirmare,
3567 4985 3731 5052 plane

2148 5067 2407 5111 errasset.
2437 5056 2567 5106 Nam
2597 5055 2818 5107 humilia
2844 5071 2964 5122 quae
2984 5056 3126 5106 inter
3159 5069 3252 5106 eas
3277 5054 3508 5118 septima
3536 5071 3728 5106 nume-

2151 5139 2321 5189 ratur,
2351 5127 2506 5191 cujus
2533 5135 2732 5176 tantam
2757 5140 2876 5174 cum
2905 5124 3023 5176 aliis
3039 5124 3447 5191 congruentiam
3487 5135 3542 5176 et
3567 5125 3726 5177 sinti-

2154 5198 2432 5250 Iitndinem
2463 5210 2584 5247 esse
2615 5196 2712 5251 ait.
2754 5194 3018 5260 ipsissima
3057 5205 3138 5247 est
3171 5193 3408 5254 humilia,
3439 5194 3518 5244 vel
3549 5196 3730 5261 potius

2157 5283 2278 5332 pars
2295 5266 2526 5319 humilia:
2543 5267 2605 5316 de.
2623 5264 2949 5332 Chananzea,
2971 5278 3131 5329 quam
3153 5263 3488 5315 Mabillonins
3505 5275 3558 5316 et
3575 5265 3726 5316 mttlti

2157 5331 2276 5403 post
2302 5353 2422 5389 eum
2452 5336 2660 5386 Lanren
2693 5334 2741 5385 io
2764 5331 3074 5403 Hovariensi
3101 5336 3372 5403 episcopo,
3400 5332 3488 5384 al.i
3508 5336 3725 5401 presby-

2161 5401 2307 5469 tero,
2335 5406 2426 5457 alii
2450 5403 2740 5456 Laurentio
2769 5401 3038 5467 lllellilluo,
3073 5402 3159 5454 alii
3186 5402 3463 5455 Mediolani
3486 5406 3565 5454 nsi
3595 5403 3733 5456 falso

2166 5479 2504 5533 tribuerunt;
2547 5487 2706 5539 quam
2759 5486 2886 5523 vero
2917 5473 3146 5525 domnus
3172 5487 3268 5523 nos
3294 5487 3356 5523 er
3384 5471 3732 5523 Montel’alco-

2161 5547 2282 5598 nins
2312 5546 2370 5598 ὃ.
2402 5544 2792 5611 Chrysostomo
2841 5541 2966 5607 jure
3023 5552 3076 5594 et
3133 5542 3328 5594 merito
3378 5542 3729 5611 adiudicavit.

2162 5613 2314 5667 Hauc
2353 5608 2779 5667 euitn'contnlit.
2835 5612 3079 5664 eruditus
3110 5614 3188 5662 vir
3245 5626 3368 5664 cum
3420 5608 3612 5663 Graeco
3667 5610 3728 5664 S.

2160 5680 2536 5752 Chrysostonii
2599 5691 2877 5738 contextu.
2941 5693 2994 5733 et
3037 5681 3255 5752 reperit
3303 5692 3468 5746 atque
3505 5682 3736 5752 monuit

2164 5749 2366 5806 meram
2406 5769 2525 5806 eam
2564 5767 2682 5803 esse
2708 5750 3232 5817 interpretationem,
3264 5766 3357 5802 seu
3407 5749 3586 5819 potius
3624 5749 3738 5804 fra-

2163 5832 2436 5890 gmentum
2465 5823 2698 5879 lIOIIIIli-J.‘
2732 5820 2932 5875 Graeca:
2963 5824 3025 5875 de
3052 5821 3375 5875 Cltananwa.
