4152 6424
384 441 518 496 19.84

1542 441 2113 498 ORIGEMANORUM
2155 443 2522 499 ᾹΡΡΕΝΠΙΧ.

3511 442 3530 496 1
3542 441 3648 495 9.82

385 561 502 622 lita,
566 560 618 613 in
673 561 864 615 ha'resi
922 561 1398 630 Origenlstarum;
1461 562 1650 614 tribuit
1695 572 1750 615 et
1787 563 1953 615 editio
1983 569 2022 623 Α
2059 577 2144 614 ras
2191 565 2437 626 relatam,
2472 573 2526 616 et
2557 562 2705 632 operi
2739 578 2837 616 suo
2875 563 3017 632 Περὶ
3052 563 3208 630 ὕλης
3241 562 3524 616 intextam.
3555 560 3644 612 Fi-

378 651 611 717 Merlini,
636 662 690 706 et
714 655 881 708 codex
907 670 1076 706 manu
1096 665 1349 706 exaratus
1374 653 1720 708 Bibliotheca?-
1755 654 1954 723 Regina.

377 745 482 798 Sed
515 756 705 800 contra
736 748 1016 810 Erasmus,
1045 766 1063 799 ι
1101 746 1422 800 Lamentnnt
1475 748 1600 812 hoc,
1631 747 1828 815 inquit,
1856 762 1957 802 nec

384 840 452 891 ab
481 839 721 908 Origene
754 840 1018 908 scriptum
1048 849 1150 903 est,
1195 855 1294 894 nec
1346 840 1414 893 ab
1463 839 1791 910 Hieronymo
1835 855 1957 894 ver—

379 947 521 993 sum,
550 931 646 984 sed
685 931 1000 998 ﬁgmentum
1033 942 1117 986 est
1143 933 1371 1001 alicujus
1421 933 1648 993 indocti.
1700 933 1793 1001 qui
1837 942 1955 986 stu-

375 1023 553 1075 duerit
579 1021 886 1088 huiusmodi
913 1023 1096 1076 colore
1122 1022 1413 1091 Origenem
1448 1023 1732 1075 infamare.
1777 1022 1951 1076 Simili

374 1111 608 1166 artificio
638 1113 906 1166 tinxerant
927 1115 1208 1182 epistolam
1236 1113 1550 1184 llierouymi
1579 1113 1753 1178 titulo,
1777 1114 1950 1182 inqua

378 1204 700 1272 deplorabat
728 1206 872 1274 quod
893 1206 1183 1274 aliquando
1209 1222 1330 1260 cum
1367 1204 1598 1274 Origene
1627 1205 1941 1260 sensisset.»

379 1297 443 1349 Et
479 1296 728 1352 Gelasius
761 1297 810 1349 in
845 1299 1076 1350 concilio
1109 1296 1357 1351 Romano
1389 1315 1402 1350 :
1444 1315 1462 1348 s
1517 1297 1676 1350 Liber
1719 1298 1811 1366 qui
1857 1313 1952 1364 ap-

380 1388 611 1456 pellatur
642 1389 719 1441 De
747 1390 1050 1454 paenitentia
1088 1389 1351 1458 Origenis,
1392 1391 1754 1459 apocryphus.
1795 1408 1812 1440 ι
1853 1389 1951 1441 Mi-

373 1496 492 1533 rum
529 1480 711 1550 itaque
747 1482 865 1534 sine
906 1480 1162 1535 falsitatis
1195 1493 1317 1534 nota
1347 1499 1377 1536 a
1425 1482 1686 1551 theologis
1723 1480 1940 1549 quibus-

372 1574 492 1626 dam
546 1572 743 1625 librum
796 1573 938 1626 hunc
995 1588 1380 1640 nonnunquam
1459 1573 1510 1626 in
1577 1572 1947 1626 testimonium

372 1666 552 1727 ritari,
585 1675 640 1720 et
673 1665 813 1719 inter
839 1665 1071 1734 genuina
1113 1665 1364 1734 Origenis
1391 1678 1557 1733 opera
1591 1681 1620 1717 a
1663 1663 1949 1718 Vincentio

373 1758 738 1812 Bellovaceusi
780 1758 965 1826 reponi
995 1755 1150 1818 Spec.
1181 1757 1356 1811 doctr.
1382 1757 1476 1811 lib.
1505 1772 1659 1822 xvut,
1697 1771 1818 1824 cap.
1855 1757 1944 1810 43.

373 1850 470 1904 llic
515 1864 646 1903 vero
716 1848 940 1902 ridenda
989 1857 1074 1900 est
1137 1847 1454 1901 heterodoxi
1500 1847 1780 1914 cujusdam
1843 1848 1942 1900 hu-

2059 656 2180 707 dem
2221 655 2305 707 his
2321 655 2580 708 conciliat
2601 657 2742 723 quod
2775 666 2961 709 narrat
2989 655 3367 709 Eusebiuslib.
3394 669 3446 706 Vt
3478 651 3646 713 Hist.,

2058 765 2178 816 cap.
2231 749 2322 809 55,
2365 749 2435 803 ab
2466 750 2640 802 aetatis
2675 762 2789 802 suae
2834 748 3179 818 prazshyteris
3221 761 3382 815 quam
3414 745 3644 814 plurima

2057 843 2124 897 de
2152 841 2387 910 Origene
2424 842 2646 912 scriptis
2679 841 2846 896 fuisse
2888 842 3084 896 tradita
3114 860 3128 907 ;
3170 852 3223 895 et
3255 841 3395 910 quod
3436 839 3644 908 Dialogi

2055 935 2291 1003 Scriptor
2325 950 2479 1003 reges
2515 935 2778 1004 quosdam
2811 933 3012 988 Christi
3058 933 3216 987 fidem
3252 932 3553 1002 amplexos,
3591 939 3648 984 et

2058 1026 2252 1093 templa
2303 1027 2646 1080 ethnicorum
2687 1041 2811 1079 cum
2863 1025 3020 1078 idolis
3065 1040 3253 1079 eversa
3309 1037 3646 1077 commemo-

2057 1128 2172 1182 rat;
2229 1119 2363 1172 nihil
2425 1121 2570 1172 enim
2648 1118 2954 1186 hujusmodi
3009 1115 3261 1186 Origeuis
3313 1116 3644 1185 temporibus

2053 1211 2317 1279 contigit,
2365 1213 2460 1265 sed
2508 1209 2845 1264 Constantini
2904 1228 2917 1264 :
2971 1209 3114 1263 unde
3164 1208 3382 1261 Maximi
3425 1216 3640 1261 aetatem

2055 1303 2228 1372 possis
2271 1303 2545 1372 colligere.
2582 1304 2700 1374 (2t)
2738 1301 2954 1356 Fefellit
3007 1303 3241 1356 fortasse
3289 1299 3546 1355 Basilium
3587 1307 3645 1353 et

2057 1392 2377 1464 Gregorium
2413 1395 2614 1464 Dialogi
2647 1394 2831 1448 titulus
2867 1409 3060 1446 nomen
3109 1391 3418 1446 Adatnanlii
3451 1388 3646 1460 praefe-

2054 1499 2200 1544 rens,
2238 1484 2381 1552 quod
2421 1485 2471 1536 iu
2507 1499 2572 1537 eo
2629 1484 2831 1552 primas
2875 1493 3054 1551 partes
3099 1490 3294 1536 tractet
3341 1478 3640 1549 Origenes;

2051 1575 2505 1644 quemadmodum
2569 1573 2719 1629 Ltelii
2753 1584 2808 1627 et
2840 1574 3065 1628 Catonis
3096 1574 3314 1628 nomina
3348 1573 3644 1641 praeferunt

2056 1665 2257 1730 Ilialogi
2310 1667 2375 1720 de
2423 1667 2702 1731 amicitia;
2746 1675 2800 1720 et
2836 1667 2902 1720 de
2937 1675 3223 1720 senectute
3283 1679 3387 1718 non
3433 1665 3574 1732 quod
3611 1645 3655 1716 ai

2051 1757 2259 1812 Catone
2335 1758 2418 1811 vel
2473 1757 2642 1812 Leelio
2691 1759 2876 1827 scripti
2926 1757 3055 1819 sint,
3105 1757 3199 1811 sed
3255 1756 3395 1824 quod
3454 1755 3643 1824 primas

2052 1851 2184 1919 ipsis
2229 1858 2413 1918 partes
2463 1851 2793 1904 tribuantur.
2851 1848 3152 1902 Mirandum
3205 1862 3368 1917 porro
3405 1863 3508 1901 non
3558 1855 3644 1902 est

371 1941 455 2010 ius
484 1940 662 1994 malis
695 1939 981 2006 δυβίιιὶιειεν
1006 1937 1097 2006 qui
1150 1937 1472 1991 Lamelllum
1517 1935 1736 2006 Origeni
1780 1937 1950 1990 ascri-
1980 1913 2022 1967 Β
2054 1941 2527 2010 interloquentium
2573 1957 2927 2011 personarum
2961 1943 3177 1995 nomina
3216 1956 3392 2010 neque
3443 1942 3495 1994 in
3533 1941 3644 1995 Eu-

372 2044 545 2100 ptutn,
577 2047 608 2086 a
637 2032 779 2086 libro
809 2031 883 2084 De
910 2030 1216 2100 pwnitentia
1245 2027 1521 2084 diversum
1552 2029 1682 2098 quid
1703 2043 1824 2082 esse
1850 2044 1948 2098 pu-

371 2127 522 2181 tavit.

437 2219 528 2274 IX.
573 2215 854 2287 Dialogum
891 2214 968 2270 De
1016 2214 1315 2269 orthodoxa
1351 2213 1477 2282 ﬁde,
1513 2213 1603 2283 qui
1653 2221 1709 2267 et
1757 2223 1948 2266 contra

377 2313 760 2368 Marcionistas
806 2309 1026 2364 inscribi
1054 2309 1211 2370 solet,
1237 2306 1457 2377 Origeni
1489 2307 1736 2361 tribuere
1759 2308 1950 2361 vidi-n-

377 2416 463 2459 tur
489 2404 728 2460 Basilius
791 2413 846 2458 et
883 2401 1180 2468 Gregorius
1206 2399 1605 2454 Nazianzenus.
1635 2397 1768 2451 Cum
1805 2398 1946 2450 enim

367 2515 431 2554 ex
464 2499 720 2566 operibus
747 2510 894 2550 mere
956 2493 1299 2560 Origenianis
1335 2491 1688 2546 Philocaliam
1711 2489 1950 2544 conﬂare

369 2607 429 2646 se
463 2589 695 2661 professi
732 2588 864 2651 sint,
901 2587 1264 2656 fragmentum
1294 2599 1324 2639 e
1355 2596 1508 2653 parte
1551 2585 1710 2638 tcttia
1741 2581 1945 2652 Dialogi

368 2684 525 2739 istius
549 2684 928 2752 depromptum
959 2681 1010 2733 in
1046 2677 1400 2732 Philocaliam
1423 2677 1804 2746 'conjecerunt.
1844 2677 1950 2728 lla-

369 2791 475 2845 que
507 2775 655 2828 illum
689 2789 811 2829 esse
837 2773 1089 2842 Origeuis
1118 2771 1416 2827 credidisse
1445 2771 1564 2822 illos
1597 2769 1947 2839 perspicuum

367 2879 474 2924 est.
507 2870 574 2922 At
610 2866 883 2920 inducitur
906 2866 957 2920 in
993 2879 1060 2918 eo
1107 2864 1326 2933 Dialogo
1368 2862 1628 2931 Origenes
1665 2861 1947 2932 probatam

369 2961 422 3015 in
473 2958 714 3014 Ecclesia
769 2958 835 3012 de
887 2956 1086 3010 tunicis
1128 2956 1368 3025 pelliceis
1398 2954 1612 3018 Adami,
1646 2964 1702 3008 et
1731 2958 1797 3009 de
1827 2970 1949 3008 cor-

369 3068 500 3122 pore
531 3055 767 3106 humauo
824 3059 880 3102 et
923 3050 1126 3108 anima,
1164 3049 1340 3117 deque
1375 3047 1778 3101 resurrectione
1825 3062 1950 3101 sen-

367 3147 593 3202 tentiam
617 3157 998 3214 prapugnans;
1026 3157 1147 3195 eam
1175 3141 1278 3194 alia
1303 3141 1542 3194 sensisse
1571 3135 1747 3206 ipsum
1781 3154 1947 3209 supra

369 3237 790 3294 ostenderimus.
846 3233 1001 3289 Unde
1051 3233 1241 3301 opella:
1287 3233 1447 3300 hujus
1499 3233 1739 3299 scriptor
1774 3231 2018 3325 neuti-c

368 3345 530 3398 quam
576 3328 726 3383 credi
781 3335 980 3394 potest.
1029 3324 1298 3377 Prmterea
1347 3321 1415 3375 ad
1465 3321 1624 3374 linem
1665 3319 1948 3389 fragmenti

368 3419 528 3488 hujus
558 3419 700 3488 quod
738 3416 1050 3470 Philocaliw
1085 3415 1348 3468 insertum
1387 3421 1493 3475 est,
1520 3411 1775 3466 Scholion
1811 3412 1950 3465 istud

366 3513 594 3581 reperiri
621 3510 758 3566 solet
784 3526 798 3562 :
824 3507 1008 3562 Ταῦτα
1041 3506 1148 3559 ἀπὸ
1185 3504 1277 3558 τοῦ
1309 3501 1352 3569 ξ’
1383 3503 1542 3571 λόγου
1564 3501 1666 3573 τῆς
1689 3503 1950 3556 Εὐσεῦίου

366 3603 460 3658 τοῦ
481 3603 766 3674 Παμφίλου
788 3597 1200 3669 Εὐαγγελικῆς
1215 3594 1724 3666 προπαρασκευῆς
1744 3613 1952 3667 παρεκ-

370 3697 649 3768 6ἐ6ληται.
685 3695 939 3766 Μαξίμου
971 3693 1026 3746 δέ
1057 3694 1215 3755 εἰσιν,
1239 3691 1313 3755 ὥς
1342 3707 1505 3760 φησιν
1534 3691 1563 3744 ὁ
1594 3690 1756 3753 αὐτὸς
1780 3691 1950 3743 Εὐσέ-

370 3793 506 3855 ϐιος,
531 3792 631 3843 οὐκ
660 3790 876 3860 ἀσήμου
911 3788 968 3839 ἐν
997 3788 1110 3849 τοῖς
1142 3785 1489 3856 Χριστιανοῖς
1544 3783 1909 3854 συγγραφέως
1934 3799 1946 3813 ⁸

368 3883 646 3948 αὑτολεξεὶ
685 3883 742 3936 δὲ
773 3881 1000 3953 εὓρηται
1030 3878 1202 3932 ταῦτα
1224 3878 1453 3948 κείμενα
1487 3877 1583 3931 καὶ
1616 3880 1674 3930 ὲν
1699 3875 1778 3946 τῷ
1819 3876 1952 3947 Ὤρι-

367 3977 558 4047 γένους
588 3976 726 4048 πρὸς
758 3970 1201 4045 Μαρκιωνιστάς,
1248 3970 1341 4024 καὶ
1395 3968 1587 4031 ἄλλους
1636 3967 1947 4039 αἱρετικοὺς

363 4069 622 4140 διαλόγῳ,
647 4067 949 4139 Εὑτροπίου
998 4064 1333 4128 δικάζοντος,
1361 4061 1631 4130 Μεγεθίου
1664 4061 1721 4114 δὲ
1742 4059 1952 4114 ἀντιλέ-

367 4180 579 4234 γοντος.
611 4182 629 4214 ι
667 4161 792 4215 Haec
816 4176 846 4214 e
871 4159 1102 4228 septimo
1144 4158 1281 4210 libro
1313 4156 1642 4225 Etangs/ira?
1687 4170 1952 4222 prrepara-

367 4257 528 4310 tionis
555 4254 769 4308 Eusebii
800 4251 1068 4320 Pamphili
1119 4250 1435 4318 deprompta
1475 4256 1626 4300 sunt.
1660 4244 1802 4301 Sunt
1853 4261 1951 4298 au-

371 4360 476 4403 tem
527 4347 768 4410 Maximi,
825 4355 885 4399 ut
918 4344 1013 4396 -ait
1057 4343 1171 4410 ipse
1219 4340 1506 4403 Eusebius,
1549 4353 1654 4392 non
1699 4336 1950 4405 ignobilis

370 4442 516 4495 inter
569 4439 914 4495 Christianos
950 4434 1258 4504 scriptoris.
1301 4431 1547 4486 Totidem
1601 4444 1732 4484 vero
1773 4429 1952 4483 verbis

369 4531 576 4600 scripta
609 4545 669 4584 ea
704 4527 1056 4582 inveniuntur
1077 4524 1129 4578 in
1158 4522 1413 4592 Origenis
1437 4523 1699 4575 adversus
1721 4518 1952 4574 Marcio-

2051 2035 2224 2098 scbio,
2275 2050 2449 2104 neque
2495 2035 2549 2088 in
2600 2033 2894 2088 Philocalia
2938 2049 3304 2104 comparere:
3353 2051 3476 2088 nam
3514 2051 3639 2090 cum

2053 2127 2290 2188 rubrica,
2330 2127 2506 2181 aliove
2531 2127 2715 2181 colore
2754 2128 3015 2195 ejusmodi
3052 2127 3268 2180 nomina
3305 2137 3358 2182 et
3388 2126 3640 2182 lemmata

2051 2217 2289 2272 solerent
2321 2217 2607 2287 distingui,
2635 2233 2665 2271 a
2693 2217 2930 2272 librariis
2959 2233 3334 2287 saepenumero
3357 2219 3641 2274 distinctio

2052 2311 2168 2366 hinc
2198 2311 2573 2376 omittebatur,
2594 2311 2676 2366 vel
2712 2327 2811 2381 per
2846 2312 3132 2376 incuriam,
3166 2312 3254 2366 vel
3289 2315 3468 2382 potius
3497 2315 3642 2383 quod

2052 2419 2172 2458 eam
2206 2405 2258 2457 in
2294 2405 2635 2457 commodius
2669 2403 2977 2472 rejicientes
3005 2414 3238 2473 tempus,
3270 2406 3486 2472 penitus
3520 2415 3643 2458 tan-

2053 2491 2197 2553 dem,
2258 2491 2508 2546 obliviosi
2563 2494 2762 2562 quippe
2817 2493 3082 2558 homines,
3133 2497 3638 2563 prtetermittereut.

2056 2581 2328 2650 Duplicetn
2361 2583 2754 2638 lucubrationis
2795 2583 2952 2652 hujus
2989 2584 3490 2652 interpretationem
3531 2585 3640 2640 La-

2055 2674 2166 2726 tina
2209 2672 2542 2729 Genebrardi
2593 2676 2804 2743 profert
2854 2676 3042 2739 editio,
3092 2675 3320 2729 alteram
3370 2675 3637 2732 .loachimi

2053 2761 2310 2828 Perionii,
2333 2764 2606 2818 Laurentii
2646 2764 2914 2819 llutnfridi
2945 2765 3196 2820 alteram.
3220 2766 3341 2820 Alia
3375 2778 3637 2837 praeterea

2052 2870 2080 2906 a
2114 2853 2322 2910 Joanne
2363 2856 2492 2912 Pico
2546 2869 2798 2911 senatore
2839 2856 3126 2912 Parisieusi
3168 2857 3451 2913 lucubrata
3499 2874 3644 2915 anno

2055 2944 2214 3010 1556,
2247 2961 2492 3000 seorsum
2519 2948 2662 3002 edita
2692 2956 2894 3002 exstat.

2125 3034 2194 3089 X.
2245 3036 2423 3090 Alium
2475 3051 2610 3100 suo,
2667 3035 3029 3106 Origenisque
3085 3038 3308 3094 nomine
3356 3039 3639 3109 Dialogum

2051 3137 2416 3197 supposuerat
2459 3128 2746 3183 htercticns
2788 3130 3028 3197 quidam,
3076 3145 3294 3184 onmem
3337 3130 3464 3186 licet
3514 3146 3639 3186 cum

2052 3234 2117 3274 eo
2164 3219 2365 3288 Ephesi
2408 3217 2548 3272 forte
2599 3218 2700 3272 sibi
2753 3220 2870 3273 viso
2902 3234 3253 3290 congressum
3288 3236 3354 3276 ac
3393 3224 3640 3292 disputa-

2060 3315 2259 3367 tionem
2317 3314 2696 3366 detrectasset.
2749 3310 3024 3364 Fictitiatn
3077 3312 3428 3382 scriptionem
3493 3316 3643 3370 misit

2057 3403 2285 3459 Romam
2322 3403 2390 3457 ad
2427 3419 2556 3457 suos
2595 3403 2911 3471 discipulos,
2956 3405 3267 3475 passimque
3309 3407 3642 3462 dissemina-

2060 3499 2159 3560 vit,
2208 3507 2263 3552 et
2308 3496 2634 3558 Antiochize,
2682 3497 2996 3564 priusquam
3037 3497 3162 3552 illuc
3202 3501 3486 3553 accederet
3518 3497 3644 3554 Ori-

2054 3607 2244 3662 genes,
2274 3591 2345 3645 ob
2381 3589 2573 3642 falsam
2601 3589 2884 3642 victoriam
2919 3589 3106 3644 inanes
3144 3590 3254 3660 egit
3284 3591 3587 3661 triumphos
3622 3610 3640 3647 :

2057 3698 2178 3736 mox
2219 3697 2347 3736 vero
2383 3690 2441 3735 ut
2482 3678 2659 3734 adfuit
2695 3679 3074 3752 Adamantius,
3119 3681 3356 3735 hominis
3391 3683 3644 3737 contudit

2055 3786 2422 3841 protei-nam,
2472 3785 2525 3826 et
2589 3771 2889 3825 vanitatem
2951 3771 3255 3828 manifestis
3303 3775 3642 3845 argumentis

2054 3869 2310 3920 convicit.

2125 3958 2218 4014 XI.
2258 3957 2419 4013 Falso
2449 3970 2667 4026 quoque
2696 3955 3000 4025 praescribit
3029 3955 3129 4008 sihi
3164 3969 3358 4009 nomen
3391 3952 3643 4024 Origeni‘s

2053 4053 2263 4108 libellus
2310 4051 2558 4121 quidam,
2601 4050 2692 4118 qui
2740 4046 3184 4116 philosophorum
3227 4055 3405 4100 sectas
3448 4063 3511 4100 ac
3547 4048 3644 4102 do-

2053 4154 2236 4214 gmata
2288 4152 2560 4208 recenset,
2593 4152 2650 4196 et
2690 4140 3000 4212 Ὠριγένους
3032 4137 3466 4209 φιλοσοφούμενα
3507 4139 3648 4195 solet

2051 4235 2329 4307 appellari.
2363 4233 2579 4288 Primus
2625 4243 2806 4287 autem
2856 4233 2946 4286 hic
2991 4241 3078 4286 est
3131 4232 3270 4285 liber
3319 4231 3637 4299 grandioris

2050 4331 2254 4401 operis,
2287 4341 2396 4398 quo
2427 4327 2670 4381 haereses
2692 4340 2882 4381 onmes
2908 4323 3272 4379 confutandas
3303 4333 3494 4377 auctor
3531 4325 3638 4380 sibi

2052 4427 2446 4493 proposuerat,
2495 4419 2638 4486 quod
2702 4432 2768 4470 ex
2823 4415 3092 4484 dogmatis
3151 4413 3638 4483 philosophorum,

2055 4517 2336 4570 haereseou
2367 4521 2549 4580 pestes
2583 4508 2698 4563 fere
2735 4507 2988 4577 profecta:
3019 4507 3163 4572 sint;
3203 4505 3395 4573 hisque
3417 4504 3640 4560 convel~

369 4598 569 4686 nistas,
595 4621 844 4687 aliosque
875 4617 1163 4671 haereticos
1186 4615 1428 4682 Dialogo,
1457 4622 1651 4680 agente
1671 4612 1948 4682 Etumpio,
1983 4631 2029 4689 ι)
2059 4608 2235 4662 Iendis
2273 4604 2420 4659 utilis
2474 4604 2546 4656 sit
2594 4601 2809 4656 illorum
2861 4599 3189 4654 confutatio.
3227 4598 3474 4652 Lat-vane
3516 4598 3643 4652 huic

368 4716 695 4770 defendente
717 4711 1008 4781 Megethio.
1040 4727 1058 4761 ι
1085 4707 1300 4763 Revera
1327 4704 1590 4761 Eusebius
1619 4704 1759 4759 libro
1779 4720 1848 4758 vn
1877 4703 1950 4758 De

366 4818 654 4875 pra'parat.
670 4803 955 4873 evarigeiic.
979 4801 1342 4871 fragmentum
1369 4799 1420 4852 id
1439 4798 1678 4862 exhibet,
1693 4807 1824 4853 etex
1843 4797 1952 4851 Ma-

371 4900 501 4954 ximi
540 4899 679 4953 libro
723 4895 863 4964 Περὶ
900 4895 1055 4962 ὕλης
1093 4908 1214 4949 sese
1243 4902 1548 4947 mutuatum
1598 4905 1721 4946 esse
1759 4890 1948 4944 tradit.

369 4991 522 5047 Utris
539 5000 722 5046 autem
747 4974 869 5060 plus
894 4989 1194 5041 habeanms
1224 4981 1948 5050 lidei,BasilioetGregorio,

368 5099 505 5154 opus
529 5083 581 5138 id
603 5080 822 5152 Origeui
844 5077 1243 5142 tribuentibus;
1269 5092 1335 5130 an
1357 5074 1588 5129 Eusebio
1611 5075 1750 5129 idem
1784 5072 1944 5127 Maxi-

371 5194 461 5231 mo
483 5174 809 5245 assignanti,
851 5171 1236 5239 ainbigendnm
1269 5183 1377 5222 non
1413 5175 1495 5221 est
1525 5183 1537 5219 :
1565 5181 1708 5236 smpe
1751 5165 1952 5235 quippe

370 5268 704 5323 ostendimus
729 5264 997 5319 neminem
1017 5261 1069 5314 in
1086 5259 1492 5329 perscrutandis
1509 5257 1763 5328 Origeuis
1790 5260 1952 5312 rebus

373 5351 582 5414 tantum
613 5357 928 5411 adhibuisse
955 5369 1103 5409 curae
1134 5361 1190 5406 et
1212 5350 1469 5415 solertire,
1497 5357 1755 5418 quantam
1792 5348 1952 5403 adbi-

371 5447 1137 5507 huitEusebitts.Veriautem
1175 5443 1353 5498 simile
1373 5453 1458 5497 est
1483 5441 1725 5496 habitam
1762 5455 1950 5496 revera

375 5544 542 5598 fuisse
575 5541 795 5612 Origeni
832 5555 953 5594 cum
990 5537 1276 5606 Megethio,
1316 5534 1520 5626 δίκτυα,
1567 5533 1801 5602 aliisque
1836 5533 1949 5586 ba:-

374 5637 558 5692 reticis
589 5633 1048 5690 concertationem
1073 5646 1087 5695 ;
1111 5639 1167 5682 at
1192 5643 1222 5682 a
1248 5625 1486 5681 Maximo
1502 5626 1698 5681 deinde
1724 5625 1776 5678 in
1808 5625 1954 5680 litte-

448 5795 558 5868 (21)
601 5792 810 5868 efellit
839 5791 1066 5868 fortasse
1093 5785 1360 5868 Basiliam
1387 5792 1449 5868 ει.
1473 5781 1786 5868 Gregorium
1807 5779 1954 5868 Pin-

373 5851 478 5937 ίοάι
511 5851 993 5937 εἶιιιίαὲ,ριρ.’νίόε
1019 5875 1138 5937 qnze
1153 5857 1397 5937 _d_iximns
1419 5853 1485 5937 de
1515 5854 1680 5937 hocce
1706 5851 1950 5937 Dialpgo,

377 5921 509 5994 tuin.
534 5937 574 6004 Ι,
599 5921 842 6009 Praefat.,
876 5947 993 6002 pag.
1026 5921 1114 5998 η,
1148 5928 1232 5994 t5,
1259 5926 1388 5981 etin
1420 5921 1790 5978 admonitione
1826 5921 1953 5976 huic

2057 4698 2340 4768 scriptioui
2390 4693 3026 4768 personam'detrahunt
3081 4691 3165 4744 vel
3220 4691 3383 4744 verba
3453 4689 3640 4744 ismare

2056 4809 2177 4863 qua:
2209 4801 2428 4846 exstant
2451 4790 2502 4842 in
2534 4788 2799 4858 prooemio
2831 4803 2843 4838 :
2871 4784 3056 4840 Ταῦτα
3073 4783 3130 4837 δὲ
3162 4783 3346 4855 ’ἐτερος
3372 4784 3470 4837 οὐκ
3491 4782 3646 4851 ἐλέγ-

2055 4885 2158 4952 ξει,
2193 4883 2228 4955 ἦ
2258 4881 2318 4936 τὸ
2344 4883 2403 4935 ὲν
2452 4877 2750 4950 Ἐκκλησία
2778 4875 3082 4948 παραδοθὲν
3110 4876 3262 4942 ἅγιον
3305 4873 3550 4944 Πνεῦμα,
3580 4865 3642 4926 οὗ

2053 4976 2414 5049 τυγχάνοντες
2465 4972 2730 5044 πρότερον
2755 4971 2806 5023 οἱ
2863 4967 3150 5022 ἀπόστολοι
3196 4966 3488 5038 μετέδοσαν
3529 4967 3641 5028 τοῖς

2055 5070 2231 5142 ὀρθῶς
2262 5055 2801 5121 πεπιστευκόσιψῶν
2830 5062 2989 5132 ἡμεῖς
3005 5058 3235 5129 διάδοχοι
3257 5056 3640 5127 τυγχάνοντες,

2055 5167 2157 5238 τῆς
2207 5181 2268 5218 τε
2316 5161 2486 5232 αὐτῆς
2518 5161 2740 5230 χάριτος
2785 5156 3126 5227 μετέχοντες,
3157 5151 3543 5224 άρχιερατείας
3581 5166 3645 5202 τε

2053 5258 2148 5311 καὶ
2166 5252 2533 5316 διδασκαλίας,
2563 5251 2659 5304 καὶ
2684 5248 2912 5320 φρουροὶ
2938 5248 3038 5318 τῆς
3071 5245 3395 5316 Ἐκκλησίας
3433 5243 3644 5316 λελογι-

2059 5350 2268 5420 σμένοι,
2284 5347 2384 5400 οὐκ
2397 5343 2662 5416 ὀφθαλμῷ
2673 5341 3026 5412 νυστάξομεν.
3047 5338 3174 5394 Haec
3193 5347 3366 5392 autem
3384 5354 3486 5390 non
3508 5338 3645 5389 alius

2059 5449 2326 5511 coarguet,
2348 5455 2508 5509 quam
2536 5437 2766 5489 traditus
2793 5435 2847 5487 in
2874 5433 3112 5486 Ecclesia
3139 5431 3375 5500 Spiritus
3392 5438 3605 5482 sanctus
3625 5442 3644 5480 :

2058 5547 2210 5603 quem
2247 5545 2365 5583 cum
2397 5528 2644 5596 primitus
2673 5523 2992 5591 accepissent
3032 5518 3279 5589 apostoli,
3316 5517 3382 5571 iis
3410 5531 3646 5570 conmut-

2062 5626 2309 5680 nicatum
2348 5620 2440 5692 qui
2483 5626 2617 5674 recte
2665 5617 2731 5671 de
2759 5615 2867 5670 Deo
2906 5613 3196 5669 sentiebant
3229 5626 3248 5664 :
3280 5623 3505 5681 quorum
3551 5622 3646 5660 nos

3181 5701 3188 5744 Ι

2059 5777 2214 5860 ορεςί
2275 5775 2496 5848 praefixa
2551 5787 2674 5845 pag.
2735 5769 2879 5839 800,
2931 5768 3033 5825 80l
3095 5778 3150 5825 et
3226 5765 3332 5823 802
3400 5764 3644 5838 ejusdem

2063 5860 2216 5907 tonn.
