4152 6422
517 464 537 515 I
550 465 654 519 “’85

1297 459 1357 513 Ρ.
1403 460 1714 513 DANIELIS
1753 458 1980 514 HUETII
2026 457 2603 515 OHIGENIANOHUM
2649 452 3027 508 APPENDIX:

3626 442 3761 497 ΗΜ

516 600 635 636 cum
668 598 995 637 successores
1018 584 1203 648 simus,
1242 592 1292 635 et
1316 584 1549 650 ejusdem
1575 584 1761 652 gratim
1789 584 2091 651 participes,
2127 587 2167 639 A
2198 581 2318 634 nius
2351 588 2625 633 auctorem
2670 589 2790 630 esse
2815 574 3150 644 Cyprianum
3188 567 3393 622 levibus
3435 579 3565 620 sane
3597 564 3771 618 ratio-

515 690 711 726 necnon
740 675 1092 741 episcopatus,
1122 682 1172 726 et
1204 674 1520 742 magisterii,
1560 684 1606 726 et
1641 676 1880 727 custodes
1916 673 2093 727 Eccle-

514 765 606 817 sia:
636 766 885 831 reputati,
913 780 1015 817 non
1040 766 1204 817 oculis
1232 781 1327 834 per
1351 766 1649 818 socordiam
1668 766 2090 820 dormitabimus.

515 856 677 923 Atqui
719 872 817 910 nec
859 856 1115 911 Ecclesia:
1158 868 1341 913 custos
1391 858 1679 928 Origenes,
1733 873 1831 912 nec
1880 858 2093 926 episco-

514 963 613 1014 pus
649 948 769 1001 fuit.
822 948 1120 1017 Episcopus
1163 958 1341 1003 autem
1390 949 1489 1003 fuit
1534 948 1885 1018 Epiphanius,
1930 957 1983 1003 et
2033 948 2096 1002 Ii-

515 1038 668 1093 brum
710 1042 927 1109 scripsit
959 1046 1025 1095 de
1073 1042 1372 1096 hzeresibus
1400 1060 1413 1095 :
1443 1043 1586 1095 unde
1615 1059 1719 1095 non
1762 1041 1936 1093 inanis
1962 1055 2093 1094 con-

510 1133 720 1200 jectura
755 1134 989 1189 sumitur
1032 1135 1134 1189 hoc
1178 1148 1315 1203 opus
1367 1134 1431 1187 ad
1488 1134 1661 1203 ipsum
1691 1148 1815 1189 esse
1857 1132 2096 1189 referen-

515 1222 662 1275 dum.

507 1332 511 1345 τ
586 1312 697 1367 XII.
724 1312 986 1368 Libellum
1027 1313 1103 1367 De
1126 1314 1497 1384 singularitate
1520 1312 1833 1367 clericorum
1871 1312 2091 1382 Origeni

516 1403 713 1457 addicit
742 1416 894 1459 vetus
927 1406 1095 1459 codex
1134 1405 1310 1474 Regia:
1340 1404 1701 1459 Bibliotheca}.
1732 1404 2003 1457 Addicunt
2041 1412 2096 1456 et

514 1494 811 1549 Lanilulius
847 1513 875 1549 a
911 1498 1174 1550 Columna
1229 1499 1280 1550 in
1338 1496 1615 1551 Breviario
1646 1496 1937 1559 historiali,
1989 1495 2093 1548 La-

515 1588 731 1641 ziarilus
761 1585 1111 1651 C(elestinus,
1152 1589 1462 1643 Antoninus
1512 1600 1567 1642 et
1612 1588 1927 1644 Vincentius
1983 1588 2098 1642 Bel-

516 1678 840 1742 lovacencis,
875 1695 1011 1748 quos
1046 1688 1291 1732 recenset
1330 1678 1631 1742 Pamelius;
1673 1688 1727 1733 et
1757 1679 1956 1747 quibus
1983 1679 2097 1744 ipse

515 1769 768 1835 succinit,
796 1785 915 1821 cum
964 1770 1015 1821 in
1048 1768 1373 1822 Prtefatione
1410 1769 1476 1822 ad
1507 1770 1723 1822 tertium
1752 1778 1953 1822 tomum
1989 1768 2094 1839 Cy-

516 1858 715 1926 priani,
748 1868 859 1911 tum
887 1858 940 1911 in
971 1868 1291 1928 argumento
1318 1856 1440 1910 libri
1464 1858 1602 1926 ejus,
1629 1867 1683 1911 et
1708 1857 1761 1910 in
1786 1857 2096 1911 adnotatio-

514 1951 679 2005 nibus
703 1951 769 2004 ad
804 1959 965 2018 caput
990 1950 1224 2018 primum
1258 1950 1379 2004 libri
1411 1948 1735 2004 Tertulliani
1790 1948 1868 2002 De
1915 1949 2098 2003 exhor-
2128 1930 2169 1984 Β

513 2042 709 2096 latione
739 2043 1017 2095 castitatis.
1066 2041 1173 2097 Sed
1206 2042 1467 2095 reclamat
1508 2041 1800 2106 Baronius,
1823 2042 1965 2109 quod
1995 2042 2096 2095 hoc

515 2146 680 2201 Opere
725 2131 1043 2186 feminarum
1088 2133 1503 2187 contubernium
1537 2132 1752 2186 clericis
1803 2131 2097 2185 interdicu-

517 2234 638 2288 tur;
675 2239 797 2278 cum
825 2225 966 2277 inter
994 2223 1246 2277 mulieres
1274 2234 1325 2275 et
1358 2224 1565 2293 puellas
1592 2223 1855 2291 Origenes
1881 2222 2097 2276 assidue

517 2316 588 2369 sit
623 2326 996 2370 conversatus.
1040 2315 1205 2367 Addit
1251 2314 1302 2368 id
1339 2315 1502 2369 fuisse
1534 2329 1713 2368 causa
1738 2330 1836 2369 cur
1863 2316 2097 2383 scriptus

519 2407 588 2460 ab
616 2405 939 2460 Adamantio
972 2406 1073 2460 iste
1108 2406 1244 2460 liber
1271 2407 1514 2461 creditus
1564 2406 1654 2471 sit,
1693 2406 1838 2476 quod
1872 2414 2094 2475 sponta-

516 2513 674 2551 neam
727 2499 1119 2553 castrationem
1170 2513 1275 2553 non
1318 2500 1739 2569 improbaverit;
1788 2512 1952 2569 atque
1996 2502 2098 2553 hoc

518 2590 660 2645 idem
708 2600 1089 2661 argumentum
1146 2593 1428 2660 usurpavit
1476 2592 1748 2646 Pamelius
1793 2611 1806 2646 :
1845 2611 1863 2645 ι
1910 2592 2094 2661 Atqui,

516 2683 692 2752 inquit
724 2683 1009 2748 Barouius,
1041 2683 1341 2737 debuerunt
1383 2684 1435 2737 hi
1467 2686 1781 2738 meminisse
1823 2686 1998 2753 aliqua
2029 2702 2095 2740 ex

516 2784 671 2846 parte
718 2774 990 2827 laudatum
1031 2788 1247 2843 quoque
1301 2789 1329 2826 a
1384 2774 1612 2828 Domino
1659 2776 1896 2829 villicum
1947 2777 2092 2830 illuni

517 2863 840 2933 iiquitatis,
867 2877 988 2916 cum
1017 2863 1216 2932 alioqui
1247 2864 1387 2918 idem
1416 2879 1607 2919 anetor
1630 2865 1697 2919 de
1741 2866 1825 2920 his
1856 2866 1946 2933 qui
1980 2867 2095 2920 haec

516 2962 935 3023 perpetrarent,
990 2953 1096 3008 alio
1162 2951 1568 3009 Commentario
1617 2970 1676 3010 se
1734 2964 2093 3009 tractaturum

514 3042 799 3109 spondeat.
838 3059 858 3091 s
908 3040 1102 3095 Utilius
1139 3043 1507 3111 respondisset
1535 3043 1818 3107 Baronius,
1855 3044 1900 3099 si
1923 3046 2096 3099 dixis-

515 3141 601 3187 set
627 3134 960 3188 exsectionis
980 3150 1092 3189 suae
1112 3134 1402 3205 Origenem
1427 3138 1767 3207 paenituisse,
1790 3148 1843 3191 et
1869 3152 1899 3189 a
1932 3137 2095 3192 simili

518 3223 765 3280 facinore
794 3226 1033 3293 reliquos
1067 3227 1429 3281 absterruisse
1475 3227 1531 3281 in
1573 3226 1996 3283 Commentariis
2026 3228 2092 3282 ad

521 3316 868 3386 Evangelium
926 3316 1185 3372 Matthsei.
1240 3317 1396 3384 Quod
1434 3333 1564 3389 ergo
1614 3320 1667 3373 in
1722 3330 2095 3390 argumentum

520 3418 802 3462 traxerunt
839 3411 1102 3473 nonnulli,
1136 3422 1196 3463 ut
1235 3411 1430 3464 librum
1475 3411 1549 3465 De
1591 3413 1964 3480 singularitate
1994 3413 2098 3467 cle-

520 3497 751 3550 ricorum
792 3498 1007 3567 Origeni
1054 3501 1413 3566 ascriberent,
1446 3502 1589 3569 quod
1621 3517 1812 3569 nempe
1853 3502 2099 3556 volunta-

521 3590 658 3641 riam
714 3588 1029 3658 genitalium
1096 3592 1517 3659 amputationem
1575 3607 1681 3647 non
1738 3598 2097 3665 damnaverit,

521 3676 752 3746 idipsum
799 3678 996 3731 indicio
1030 3679 1161 3732 mihi
1192 3689 1277 3732 est
1302 3679 1504 3737 librum
1534 3696 1640 3734 non
1662 3696 1783 3737 esse
1811 3683 2094 3755 Origenis;

517 3772 720 3840 quippe
745 3786 908 3841 quem
930 3774 1088 3828 annis
1111 3775 1507 3844 provectiorem
1533 3774 1794 3831 facinoris
1821 3777 1872 3831 in
1900 3778 2095 3847 juven-

520 3864 652 3917 tutis
682 3863 865 3919 calore
888 3865 1107 3920 admissi
1138 3866 1473 3937 ptenituerit.
1502 3868 1735 3923 Baronio
1756 3886 1820 3924 ex
1847 3870 2099 3941 Origenis

521 3950 729 4009 familia
763 3956 1109 4013 fetumhunc
1154 3960 1444 4028 depellenti
1491 3961 1816 4033 astipulatur
1844 3965 2095 4019 codicum

519 4046 809 4114 dissensio,
849 4063 1081 4118 quorum
1122 4050 1213 4105 alii
1261 4050 1617 4123 Hieronymo,
1652 4054 1952 4124 Augustino
1983 4057 2095 4122 alii,

520 4140 766 4208 plerique
809 4140 1081 4210 Cypriano
1128 4143 1425 4213 assignant.
1479 4144 1740 4201 Erasmus
1788 4148 1855 4201 ad
1894 4148 2096 4203 calcem

519 4230 643 4285 libri
690 4233 973 4302 Augustini
1007 4233 1081 4286 De
1136 4235 1268 4287 bono
1319 4236 1599 4291 uiduitatis
1628 4251 1647 4288 :
1674 4256 1693 4289 ι
1734 4238 2095 4306 Sequebatur,

519 4323 720 4392 inquit,
752 4325 854 4379 hoc
885 4326 1005 4380 loco
1031 4325 1242 4381 libellus
1266 4326 1340 4380 De
1367 4328 1737 4397 singularitate
1767 4331 2097 4397 clericorum,

518 4419 615 4484 qui
642 4418 803 4472 toties
824 4425 879 4471 et
901 4417 1242 4488 Hieronymi,
1268 4430 1322 4472 et
1343 4420 1597 4489 Cypriani
1631 4422 1847 4476 nomine
1868 4438 2100 4479 excusas

519 4518 624 4573 est,
657 4523 778 4563 cum
812 4512 1025 4579 phrasis
1060 4526 1158 4564 nec
1188 4511 1595 4582 Hieronymum,
1616 4527 1716 4567 nec
1743 4515 2096 4584 Cyprianum,

2197 671 2357 725 nibus
2384 668 2667 723 contendit
2695 684 2710 721 :
2743 680 2922 734 neque
2944 678 3067 717 eum
3093 666 3275 713 movet
3302 656 3424 727 styli
3456 654 3765 719 disparitas,

2195 762 2337 831 quod
2377 774 2484 815 non
2512 760 2760 814 eumdem
2793 769 3009 825 semper
3044 751 3166 818 styli
3199 758 3436 804 tenorem
3463 745 3771 817 Cyprianus

2198 853 2518 907 servaverit.

2266 942 2320 995 In
2354 954 2459 995 tam
2490 944 2749 1003 obscura,
2783 950 3039 1010 tanquam
3080 947 3431 993 controversa
3469 936 3772 1005 quaestione

2195 1042 2402 1087 certum
2448 1034 2649 1102 aliquid
2698 1041 2940 1085 statuere
2981 1030 3196 1084 difﬁcile
3243 1040 3343 1084 est.
3376 1025 3629 1097 Cypriani
3662 1018 3766 1077 non

2196 1140 2316 1179 esse
2361 1126 2503 1180 istud
2536 1141 2671 1193 opus
2694 1124 2931 1177 clamant
2974 1122 3219 1177 barbarie
3262 1121 3343 1173 ha:
3370 1132 3549 1181 voces,
3583 1116 3761 1185 cujus-

2198 1219 2339 1273 modi
2392 1218 2562 1271 nullas
2617 1219 2669 1271 in
2716 1231 2851 1284 pttro
2903 1231 2966 1269 ac
3023 1225 3166 1267 terso
3214 1210 3465 1283 Cypriani
3520 1221 3772 1263 sermone

2198 1308 2532 1361 nanciscaris
2588 1324 2599 1359 :
2662 1326 2680 1357 ι
2739 1304 3299 1365 Constitutionarios,
3362 1300 3764 1370 repnlsoriuni,

2197 1395 2562 1462 vulgaritatis,
2619 1393 2977 1458 ﬂuxurarum,
3040 1392 3397 1461 probrositas,
3456 1388 3769 1460 participia,

2196 1485 2447 1549 adunari,
2496 1485 2778 1547 vauiﬁcat,
2818 1493 3143 1553 egestosain,
3192 1484 3528 1546 intimemus,
3578 1495 3771 1549 procu-

2201 1580 2397 1642 rativa,
2432 1577 2731 1643 absentari,
2751 1576 3130 1647 conjugalitas,
3164 1575 3479 1643 parentalis,
3507 1592 3525 1623 ι
3554 1574 3770 1641 aliaque

2196 1668 2450 1738 plurima.
2490 1668 2621 1734 Quis
2663 1679 3026 1723 monstrorum
3060 1666 3321 1737 ejusmodi
3357 1675 3633 1735 parentem
3662 1664 3770 1732 Cy—

2198 1763 2448 1831 prianum
2477 1762 2661 1817 dicat?
2691 1763 3054 1816 Arianismnm
3085 1772 3344 1831 prieterea
3372 1762 3483 1813 [nec
3504 1758 3722 1825 sapiunt
3751 1772 3766 1808 :

2197 1853 2258 1909 Si
2303 1854 2545 1909 Christus
2575 1872 2881 1925 comparare
2923 1856 3145 1924 seipsum
3184 1870 3345 1907 ausus
3394 1864 3467 1905 est
3512 1851 3639 1914 Deo,
3677 1852 3769 1918 qui

2196 1947 2271 1999 ait
2303 1961 2320 1998 :
2352 1945 2515 1999 Pater
2555 1946 2728 2013 maior
2754 1963 2834 2000 me
2878 1957 2952 2000 est
3000 1960 3018 1998 :
3056 1956 3147 1998 aut
3176 1947 3223 1998 si
3247 1944 3466 2011 apostoli
3496 1957 3770 2011 cowquare

2196 2040 2497 2107 semetipsos
2547 2040 2666 2091 ausi
2718 2049 2838 2092 sunt
2888 2037 3097 2091 Christo
3146 2036 3212 2091 “.
3255 2036 3521 2105 Rapinam
3576 2049 3771 2101 nempe

2197 2130 2515 2195 arbitratur,
2543 2130 2818 2183 Christum
2853 2143 2974 2183 esse
2997 2128 3256 2197 aequalem
3289 2129 3394 2181 Deo
3415 2126 3491 2191 ";
3528 2135 3770 2179 tantum-

2196 2236 2303 2290 que
2365 2222 2697 2276 discriminis
2751 2222 3033 2277 Christum
3093 2223 3234 2275 inter
3283 2230 3338 2274 et
3394 2220 3559 2274 Deum
3618 2234 3771 2279 esse,

2196 2324 2458 2381 quantum
2484 2313 2758 2381 apostolos
2804 2313 2946 2368 inter
2982 2323 3036 2367 et
3060 2313 3355 2367 Christum.
3387 2310 3769 2381 Primigeniam

2196 2417 2251 2461 et
2286 2408 2521 2461 nativa-ii
2572 2406 3006 2463 lucubratiouem
3061 2408 3235 2478 stylus
3287 2407 3416 2471 olet,
3453 2421 3558 2460 non
3605 2407 3773 2459 intcr‘

2199 2501 2585 2568 pretationem,
2625 2514 2745 2569 quae
2784 2504 3009 2555 astricta
3044 2501 3157 2554 fere
3185 2510 3268 2554 est
3298 2509 3353 2553 et
3394 2509 3662 2553 contorta.
3696 2498 3774 2553 Ea

2196 2608 2325 2647 vero
2354 2602 2439 2647 est
2467 2593 2759 2662 scriptoris
2789 2594 3094 2661 barbaries,
3140 2602 3191 2645 ut
3224 2591 3554 2646 hellenismis
3591 2592 3772 2646 locum

2196 2685 2413 2739 dedisse
2444 2686 2667 2739 minime
2696 2668 2947 2740 mirabile
2987 2684 3079 2748 sit,
3109 2684 3199 2753 qui
3241 2692 3319 2737 tot
3356 2683 3687 2753 stribligines
3709 2699 3773 2738 ac

2196 2775 2497 2829 dictionum
2547 2784 2797 2845 portenta
2852 2775 3094 2829 admisit.
3156 2776 3342 2844 Spirat
3382 2784 3557 2829 tamen
3594 2774 3775 2827 felicia

2192 2867 2598 2936 juvenescentis
2641 2866 2898 2921 Ecclesiae
2926 2877 3188 2935 tempora,
3239 2867 3376 2921 adeo
3412 2878 3467 2920 ut
3522 2866 3565 2919 si
3595 2867 3776 2920 minus

2200 2960 2349 3013 illum
2381 2959 2693 3030 Hieronymi
2743 2969 2799 3013 et
2841 2960 3127 3029 Augustini
3164 2974 3279 3013 aevo
3326 2960 3657 3028 superiorem
3690 2960 3774 3013 di-

2197 3067 2407 3115 camus.
2432 3056 2576 3122 quod
2600 3056 2938 3123 probabilius
2960 3070 3081 3110 esse
3109 3066 3263 3125 puto,
3294 3070 3397 3110 non
3431 3054 3599 3109 multo
3623 3065 3775 3109 certe

2199 3142 2509 3197 inferiorem
2540 3145 2705 3199 liceat
2742 3147 3018 3202 arbitrari.

2270 3235 2559 3305 Reperitur
2586 3238 2803 3300 quidem
2835 3238 2977 3292 inter
3008 3237 3144 3292 falso
3184 3238 3412 3307 ascripta
3442 3237 3778 3311 Hieronymo

2198 3344 2359 3396 opera
2406 3328 2647 3398 Epistula
2680 3330 2746 3382 ad
2774 3329 3043 3384 Oceanum
3072 3332 3139 3385 de
3169 3332 3274 3385 vita
3304 3330 3644 3396 clericorum,
3676 3333 3774 3386 sed

2200 3420 2445 3489 Sulpicio
2511 3422 2716 3476 Severo
2789 3423 3085 3489 recentior,
3148 3424 3347 3494 quippe
3412 3441 3530 3493 quae
3596 3428 3772 3479 sancti

2198 3513 2413 3567 Martini
2466 3511 2643 3567 Vitam
2700 3515 2769 3569 ab
2820 3529 2888 3569 eo
2941 3516 3199 3585 scriptam
3262 3517 3466 3571 laudet.
3520 3517 3772 3588 Ejusdem

2198 3604 2313 3659 fere
2367 3620 2431 3660 ea
2487 3615 2574 3661 est
2626 3608 2926 3676 argumenti
2977 3622 3042 3661 ac
3086 3608 3254 3663 altera
3311 3610 3425 3665 haec
3478 3625 3600 3680 qua:
3646 3610 3773 3666 Ori-

2198 3697 2318 3765 geni
2385 3696 2695 3767 afﬁngitur,
2766 3708 2826 3752 ut
2886 3700 2929 3754 si
2995 3701 3119 3768 quis
3185 3702 3331 3755 illam
3403 3718 3469 3757 ex
3524 3707 3624 3759 hac
3677 3722 3777 3760 exe

2199 3800 2443 3856 pressam
2476 3789 2644 3853 dicat,
2667 3788 2943 3857 conjector
2972 3805 3077 3845 non
3116 3792 3329 3861 ineptus
3370 3797 3538 3850 videri
3577 3800 3768 3866 possit.

2272 3875 2410 3933 XIII.
2468 3876 2645 3935 Josias
2671 3881 2965 3949 Simlerus,
3017 3894 3073 3940 et
3134 3884 3414 3941 Conradus
3463 3887 3672 3942 Frisius
3718 3890 3773 3943 in

2203 3968 2446 4039 Epitome
2497 3972 2837 4030 Bibliotheca:
2877 3976 3214 4035 Gesnerianae
3259 3992 3486 4036 narrant
3524 3982 3775 4054 Origenis

2199 4065 2395 4119 librum
2440 4066 2519 4122 De
2552 4070 2842 4123 astrolobio
2892 4072 2945 4126 in
2988 4072 3244 4127 Vaticana
3296 4076 3617 4130 bibliotheca
3652 4092 3775 4130 ser-

2199 4159 2340 4211 vari.
2400 4160 2721 4229 Argumenti
2781 4164 2939 4232 hujus
2998 4168 3351 4236 scriptionem
3418 4170 3487 4225 ab
3538 4168 3773 4238 Origene

2197 4249 2398 4303 exiisse
2428 4265 2610 4315 nemo,
2636 4254 2779 4320 quod
2807 4256 3002 4320 sciam,
3032 4255 3232 4311 litteris
3254 4258 3513 4326 prodidit.
3540 4257 3616 4311 Ne
3638 4260 3770 4326 quid

2202 4348 2379 4394 tamen
2412 4342 2808 4398 inconsiderate
2852 4345 3221 4415 decernerem,
3258 4350 3443 4402 curavi
3482 4348 3775 4405 Vaticanus

2198 4435 2523 4503 perlustrari
2568 4438 2791 4505 forulos,
2839 4440 3046 4497 indices
3088 4444 3259 4497 evolvi
3307 4462 3321 4499 :
3362 4446 3565 4500 nullum
3614 4446 3775 4515 plane

2200 4525 2302 4579 hoc
2332 4527 2488 4582 titulo
2530 4528 2725 4583 librum
2768 4531 2878 4586 illic
2916 4535 3140 4602 reperiri
3189 4536 3450 4605 perlatum
3479 4547 3565 4591 est
3589 4539 3653 4591 ad
3687 4556 3773 4593 me

521 4614 623 4654 nec
660 4600 1020 4698 Augustinum
1078 4601 1322 4656 referat:
1372 4604 1602 4671 proinde
1646 4621 1753 4658 non
1796 4618 1881 4660 est
1927 4608 2094 4662 visum
2128 4626 2172 4681 υ
2202 4621 2272 4667 ab
2301 4617 2512 4682 amicis,
2542 4621 2743 4687 quibus
2784 4623 2834 4675 id
2877 4600 3075 4693 negotii
3107 4600 3379 4682 dederam.
3414 4629 3558 4683 Inter
3587 4630 3771 4698 spuria

518 4705 587 4745 eo
640 4706 877 4759 praesens
926 4693 1177 4747 volumen
1233 4711 1481 4750 onerare.
1532 4716 1552 4750 s
1612 4698 1972 4756 Bellarminus
2018 4701 2096 4756 De

508 4783 699 4849 script.
754 4783 1047 4839 ecclesiast.
1100 4787 1151 4838 in
1207 4786 1520 4856 Cypriano,
1593 4804 1765 4860 neque
1820 4791 2092 4861 Origenis.

520 4888 694 4941 neque
722 4874 1002 4942 Cypriani,
1041 4878 1136 4931 sed
1185 4877 1364 4933 Latini
1415 4890 1594 4936 tamen
1648 4884 1930 4953 scriptoris
1970 4899 2094 4942 esse

519 4974 725 5020 censet.
759 4965 1028 5022 Pamelius
1062 4979 1268 5034 autem,
1292 4980 1347 5024 et
1371 4981 1494 5040 post
1522 4986 1646 5027 eum
1678 4974 1902 5029 Rivctus
1924 4977 1992 5042 “,
2024 4994 2091 5034 ex

516 5052 852 5111 hellenismis
881 5059 1209 5127 quibusdam
1250 5063 1508 5131 suspicati
1544 5074 1673 5120 sunt
1710 5082 1741 5121 e
1766 5066 1958 5123 Graeco
1983 5068 2087 5124 La-

520 5148 632 5203 tine
659 5163 783 5203 esse
806 5164 1156 5207 conversum.
1199 5152 1431 5224 Sulijicit
1469 5156 1737 5213 Pamelius
1773 5174 1999 5216 censere
2031 5177 2091 5217 se

515 5253 838 5295 conversum
893 5244 995 5297 hoc
1031 5259 1168 5313 Opus
1206 5245 1317 5315 jam
1353 5249 1477 5302 inde
1522 5250 1590 5302 ab
1617 5260 1775 5305 astate
1811 5253 2091 5322 Cypriani,

517 5332 586 5384 ob
624 5333 901 5388 schemata
948 5344 1004 5388 et
1044 5336 1273 5405 phrases
1313 5338 1432 5406 ejus
1458 5340 1657 5396 aetatis.
1690 5342 1892 5397 Contra
1918 5343 2090 5400 Baro-

590 5582 881 5660 _Baron.
930 5605 1020 5647 an.
1066 5591 1193 5657 233,
1245 5608 1363 5660 cap.
1414 5595 1504 5660 45,
1557 5598 1649 5655 44,

515 5650 567 5688 ⁸⁸
593 5653 817 5725 Philipp.
858 5674 915 5725 Il,
943 5662 996 5717 6.
1076 5650 1445 5733 M’_i5nssévilt.
1487 5650 1553 5723 ad
1570 5650 1788 5724 calcem

2098 5831 2171 5851 ﬁ

1741 5599 1785 5631 δ’
1828 5600 2007 5683 Hivet.
2052 5601 2239 5659 Critic.
2301 5624 2443 5663 socr.
2478 5610 2571 5667 lib.
2608 5627 2670 5677 ll,
2703 5627 2822 5683 cap.
2862 5615 2929 5671 15
2957 5626 3010 5671 et
3057 5612 3143 5671 l5.

2195 4709 2401 4779 itaque,
2427 4721 2482 4766 et
2515 4712 2654 4767 falso
2682 4715 2854 4769 aflicta
2889 4717 3110 4789 Origeni
3141 4735 3301 4789 opera
3339 4721 3481 4775 istud
3514 4726 3773 4775 amarule-

2199 4811 2307 4857 tur.
2352 4802 2495 4858 Idem
2542 4816 2728 4875 aperte
2764 4808 2995 4864 definire
3048 4826 3154 4866 non
3181 4813 3350 4867 ausim
3398 4816 3462 4867 de
3499 4815 3772 4869 Breviaria

2196 4892 2465 4963 Origenis,
2508 4898 2650 4964 quod
2689 4899 2741 4952 in
2773 4899 3069 4956 Casenatis
3115 4904 3453 4959 bibliothecae
3485 4904 3767 4975 Catalogo,

2195 4985 2265 5038 ab
2311 4984 2639 5057 Hieronymo
2685 5004 3008 5045 conversum
3050 4993 3236 5049 haberi
3279 4997 3469 5051 scribit
3518 4997 3769 5051 Possevi-

2197 5092 2299 5132 nus
2328 5076 2408 5143 “;
2443 5093 2618 5145 neque
2656 5082 2722 5135 de
2753 5082 3033 5145 Sermone,
3071 5087 3160 5154 qui
3187 5085 3265 5140 De
3296 5088 3549 5141 catechesi
3579 5090 3774 5143 inscria

2197 5178 2321 5237 plus
2340 5182 2445 5232 est,
2472 5183 2528 5225 et
2559 5172 2611 5226 in
2651 5172 3121 5246 lleidelbergensis
3154 5178 3491 5233 bibliotheca:
3509 5180 3771 5244 Catalogo

2196 5261 2265 5314 ab
2312 5262 2499 5316 eodem
2554 5275 2868 5321 recensetur
2902 5286 2916 5322 :
2953 5272 3201 5339 quamvis
3256 5272 3370 5326 haec
3421 5273 3550 5326 mihi
3609 5273 3774 5327 νειΙιιρ

2198 5362 2445 5422 suspecta
2476 5354 2605 5408 sint.

3248 5619 3300 5689 ⁸³⁴
3323 5618 3474 5673 Joan.
3528 5636 3641 5685 xiv,
3671 5621 3768 5680 ΞΒ.
