  <div class='ocr_page' id='page_1' title='image "/cluster/home/n/w/nwhite01/storage/ocr_20150623/17:no.7/coo.31924054872977/654.png"; bbox 0 0 4152 6452; ppageno 0'>
   <div class='ocr_carea' id='block_1_1' title="bbox 419 464 517 518">
    <p class='ocr_par' dir='ltr' id='par_1_1' title="bbox 419 464 517 518">
     <span class='ocr_line' id='line_1_1' title="bbox 419 464 517 518; baseline -0.031 0"><span class='ocrx_word' id='word_1_1' title='bbox 419 464 517 518; x_wconf 64' lang='lat'><strong>19.8</strong></span> 
     </span>
    </p>
   </div>
   <div class='ocr_carea' id='block_1_2' title="bbox 428 616 3219 654">
    <p class='ocr_par' dir='ltr' id='par_1_2' title="bbox 428 616 3219 654">
     <span class='ocr_line' id='line_1_2' title="bbox 428 616 3219 654; baseline 0.004 -10"><span class='ocrx_word' id='word_1_2' title='bbox 428 616 3219 654; x_wconf 40' lang='grc' dir='ltr'>Ἥ</span> 
     </span>
    </p>
   </div>
   <div class='ocr_carea' id='block_1_3' title="bbox 1192 460 2867 524">
    <p class='ocr_par' dir='ltr' id='par_1_3' title="bbox 1192 460 2867 524">
     <span class='ocr_line' id='line_1_3' title="bbox 1192 460 2867 524; baseline 0.004 -8"><span class='ocrx_word' id='word_1_3' title='bbox 1192 460 1618 517; x_wconf 79' lang='lat' dir='ltr'><strong>EXCERPTUM</strong></span> <span class='ocrx_word' id='word_1_4' title='bbox 1660 462 1750 516; x_wconf 67' lang='lat' dir='ltr'><strong>EX</strong></span> <span class='ocrx_word' id='word_1_5' title='bbox 1791 463 1854 519; x_wconf 71' lang='grc' dir='ltr'><strong>(ἶ.</strong></span> <span class='ocrx_word' id='word_1_6' title='bbox 1898 461 2097 518; x_wconf 84' lang='lat' dir='ltr'><strong>BULLI</strong></span> <span class='ocrx_word' id='word_1_7' title='bbox 2140 464 2286 519; x_wconf 84' lang='lat' dir='ltr'><strong>DEF.</strong></span> <span class='ocrx_word' id='word_1_8' title='bbox 2328 465 2508 519; x_wconf 79' lang='lat' dir='ltr'><strong>FIDE!</strong></span> <span class='ocrx_word' id='word_1_9' title='bbox 2549 466 2867 524; x_wconf 66' lang='lat' dir='ltr'><strong>NlCASNJE.</strong></span> 
     </span>
    </p>
   </div>
   <div class='ocr_carea' id='block_1_4' title="bbox 3333 645 3559 657">
    <p class='ocr_par' dir='ltr' id='par_1_4' title="bbox 3333 645 3559 657">
     <span class='ocr_line' id='line_1_4' title="bbox 3333 645 3559 657; baseline 0.013 -3"><span class='ocrx_word' id='word_1_10' title='bbox 3333 645 3559 657; x_wconf 50' lang='grc' dir='ltr'><strong>*οφ-...μ</strong></span> 
     </span>
    </p>
   </div>
   <div class='ocr_carea' id='block_1_5' title="bbox 1590 792 2455 909">
    <p class='ocr_par' dir='ltr' id='par_1_5' title="bbox 1590 792 2455 909">
     <span class='ocr_line' id='line_1_5' title="bbox 1590 792 2455 909; baseline 0.005 -6"><span class='ocrx_word' id='word_1_11' title='bbox 1590 792 2455 909; x_wconf 81' lang='lat' dir='ltr'><strong>EXCERPTUM</strong></span> 
     </span>
    </p>
   </div>
   <div class='ocr_carea' id='block_1_6' title="bbox 1987 1031 2069 1074">
    <p class='ocr_par' dir='ltr' id='par_1_6' title="bbox 1987 1031 2069 1074">
     <span class='ocr_line' id='line_1_6' title="bbox 1987 1031 2069 1074; baseline 0.024 -2"><span class='ocrx_word' id='word_1_12' title='bbox 1987 1031 2069 1074; x_wconf 68' lang='lat' dir='ltr'><strong>EX</strong></span> 
     </span>
    </p>
   </div>
   <div class='ocr_carea' id='block_1_7' title="bbox 1344 1184 2713 1305">
    <p class='ocr_par' dir='ltr' id='par_1_7' title="bbox 1344 1184 2713 1305">
     <span class='ocr_line' id='line_1_7' title="bbox 1344 1184 2713 1305; baseline 0.001 -3"><span class='ocrx_word' id='word_1_13' title='bbox 1344 1189 2105 1305; x_wconf 77' lang='lat' dir='ltr'><strong>GEORGII</strong></span> <span class='ocrx_word' id='word_1_14' title='bbox 2176 1184 2713 1303; x_wconf 65' lang='lat' dir='ltr'><strong>BELLI</strong></span> 
     </span>
    </p>
   </div>
   <div class='ocr_carea' id='block_1_8' title="bbox 1718 1403 2347 1465">
    <p class='ocr_par' dir='ltr' id='par_1_8' title="bbox 1718 1403 2347 1465">
     <span class='ocr_line' id='line_1_8' title="bbox 1718 1403 2347 1465; baseline 0.005 -3"><span class='ocrx_word' id='word_1_15' title='bbox 1718 1404 1984 1464; x_wconf 80' lang='lat' dir='ltr'><strong>PRESB.</strong></span> <span class='ocrx_word' id='word_1_16' title='bbox 2033 1403 2347 1465; x_wconf 83' lang='lat' dir='ltr'><strong>ANGLIC.</strong></span> 
     </span>
    </p>
   </div>
   <div class='ocr_carea' id='block_1_9' title="bbox 1109 1582 2939 1675">
    <p class='ocr_par' dir='ltr' id='par_1_9' title="bbox 1109 1582 2939 1675">
     <span class='ocr_line' id='line_1_9' title="bbox 1109 1582 2939 1675; baseline 0.001 -3"><span class='ocrx_word' id='word_1_17' title='bbox 1109 1582 1880 1674; x_wconf 84' lang='lat' dir='ltr'><strong>DEFENSIONE</strong></span> <span class='ocrx_word' id='word_1_18' title='bbox 1959 1583 2287 1671; x_wconf 84' lang='lat' dir='ltr'><strong>FIDEI</strong></span> <span class='ocrx_word' id='word_1_19' title='bbox 2370 1584 2939 1675; x_wconf 65' lang='lat' dir='ltr'><strong>NlC/ENIE.</strong></span> 
     </span>
    </p>
   </div>
   <div class='ocr_carea' id='block_1_10' title="bbox 1509 1770 2537 1848">
    <p class='ocr_par' dir='ltr' id='par_1_10' title="bbox 1509 1770 2537 1848">
     <span class='ocr_line' id='line_1_10' title="bbox 1509 1770 2537 1848; baseline -0.002 -17"><span class='ocrx_word' id='word_1_20' title='bbox 1509 1776 1664 1848; x_wconf 78' lang='lat' dir='ltr'><strong>(Cap.</strong></span> <span class='ocrx_word' id='word_1_21' title='bbox 1693 1774 1787 1841; x_wconf 82' lang='lat' dir='ltr'><strong>IX,</strong></span> <span class='ocrx_word' id='word_1_22' title='bbox 1819 1773 1896 1828; x_wconf 76' lang='lat' dir='ltr'><strong>De</strong></span> <span class='ocrx_word' id='word_1_23' title='bbox 1926 1770 2053 1826; x_wconf 82' lang='lat' dir='ltr'><em>Filii</em></span> <span class='ocrx_word' id='word_1_24' title='bbox 2082 1771 2163 1838; x_wconf 82' lang='grc' dir='ltr'><strong>τῷ</strong></span> <span class='ocrx_word' id='word_1_25' title='bbox 2191 1775 2537 1847; x_wconf 81' lang='grc' dir='ltr'><strong>ὁμοουσίῳ.)</strong></span> 
     </span>
    </p>
   </div>
   <div class='ocr_carea' id='block_1_11' title="bbox 403 2064 3643 2147">
    <p class='ocr_par' dir='ltr' id='par_1_11' title="bbox 403 2064 3643 2147">
     <span class='ocr_line' id='line_1_11' title="bbox 403 2064 3643 2147; baseline 0 -20"><span class='ocrx_word' id='word_1_26' title='bbox 403 2072 644 2143; x_wconf 80' lang='lat' dir='ltr'><strong>Origenis</strong></span> <span class='ocrx_word' id='word_1_27' title='bbox 676 2072 976 2124; x_wconf 83' lang='lat' dir='ltr'><strong>doctrinam</strong></span> <span class='ocrx_word' id='word_1_28' title='bbox 1008 2069 1073 2123; x_wconf 87' lang='lat' dir='ltr'><strong>de</strong></span> <span class='ocrx_word' id='word_1_29' title='bbox 1290 2067 1385 2121; x_wconf 90' lang='lat' dir='ltr'><strong>Dei</strong></span> <span class='ocrx_word' id='word_1_30' title='bbox 1425 2084 1564 2147; x_wconf 58' lang='grc' dir='ltr'><strong>ἰθεῖα</strong></span> <span class='ocrx_word' id='word_1_31' title='bbox 1606 2065 1881 2144; x_wconf 71' lang='lat' dir='ltr'><strong>divinitate</strong></span> <span class='ocrx_word' id='word_1_32' title='bbox 1940 2064 2153 2145; x_wconf 80' lang='lat' dir='ltr'><strong>omnino</strong></span> <span class='ocrx_word' id='word_1_33' title='bbox 2206 2064 2550 2147; x_wconf 31' lang='lat' dir='ltr'><strong>catholicam.</strong></span> <span class='ocrx_word' id='word_1_34' title='bbox 2580 2075 2629 2147; x_wconf 76' lang='lat' dir='ltr'><strong>et</strong></span> <span class='ocrx_word' id='word_1_35' title='bbox 2684 2066 2922 2147; x_wconf 59' lang='lat' dir='ltr'><strong>Nic-atria:</strong></span> <span class='ocrx_word' id='word_1_36' title='bbox 2980 2069 3105 2139; x_wconf 71' lang='lat' dir='ltr'><strong>ﬁdei</strong></span> <span class='ocrx_word' id='word_1_37' title='bbox 3158 2071 3313 2147; x_wconf 77' lang='lat' dir='ltr'><strong>plane</strong></span> <span class='ocrx_word' id='word_1_38' title='bbox 3342 2089 3643 2147; x_wconf 72' lang='lat' dir='ltr'><strong>consonam</strong></span> 
     </span>
    </p>
   </div>
   <div class='ocr_carea' id='block_1_12' title="bbox 466 2138 3643 2215">
    <p class='ocr_par' dir='ltr' id='par_1_12' title="bbox 466 2138 3643 2215">
     <span class='ocr_line' id='line_1_12' title="bbox 466 2138 3643 2215; baseline 0.001 -18"><span class='ocrx_word' id='word_1_39' title='bbox 466 2138 651 2213; x_wconf 65' lang='lat' dir='ltr'><strong>fuisse,</strong></span> <span class='ocrx_word' id='word_1_40' title='bbox 683 2145 942 2211; x_wconf 77' lang='lat' dir='ltr'><strong>prwcipue</strong></span> <span class='ocrx_word' id='word_1_41' title='bbox 962 2157 1027 2195; x_wconf 80' lang='lat' dir='ltr'><strong>ea:</strong></span> <span class='ocrx_word' id='word_1_42' title='bbox 1056 2141 1353 2215; x_wconf 66' lang='lat' dir='ltr'><strong>indubitata</strong></span> <span class='ocrx_word' id='word_1_43' title='bbox 1388 2138 1527 2215; x_wconf 65' lang='lat' dir='ltr'><strong>eius,</strong></span> <span class='ocrx_word' id='word_1_44' title='bbox 1568 2149 1617 2190; x_wconf 89' lang='lat' dir='ltr'><strong>et</strong></span> <span class='ocrx_word' id='word_1_45' title='bbox 1672 2138 1904 2215; x_wconf 70' lang='lat' dir='ltr'><strong>maxime</strong></span> <span class='ocrx_word' id='word_1_46' title='bbox 1946 2138 2268 2215; x_wconf 68' lang='lat' dir='ltr'><strong>incorrupto,</strong></span> <span class='ocrx_word' id='word_1_47' title='bbox 2311 2147 2464 2207; x_wconf 85' lang='lat' dir='ltr'><strong>atque</strong></span> <span class='ocrx_word' id='word_1_48' title='bbox 2496 2139 2561 2190; x_wconf 89' lang='lat' dir='ltr'><strong>ab</strong></span> <span class='ocrx_word' id='word_1_49' title='bbox 2603 2139 2715 2206; x_wconf 85' lang='lat' dir='ltr'><strong>ipso</strong></span> <span class='ocrx_word' id='word_1_50' title='bbox 2734 2140 2850 2207; x_wconf 85' lang='lat' dir='ltr'><strong>junt</strong></span> <span class='ocrx_word' id='word_1_51' title='bbox 2885 2138 3004 2194; x_wconf 77' lang='lat' dir='ltr'><strong>sene</strong></span> <span class='ocrx_word' id='word_1_52' title='bbox 3032 2143 3351 2196; x_wconf 86' lang='lat' dir='ltr'><strong>accuratiori</strong></span> <span class='ocrx_word' id='word_1_53' title='bbox 3370 2145 3643 2215; x_wconf 82' lang='lat' dir='ltr'><strong>diligentia</strong></span> 
     </span>
    </p>
   </div>
   <div class='ocr_carea' id='block_1_13' title="bbox 462 2206 2329 2285">
    <p class='ocr_par' dir='ltr' id='par_1_13' title="bbox 462 2206 2329 2285">
     <span class='ocr_line' id='line_1_13' title="bbox 462 2206 2329 2285; baseline -0.006 -16"><span class='ocrx_word' id='word_1_54' title='bbox 462 2206 765 2269; x_wconf 74' lang='lat' dir='ltr'><strong>elucubroto</strong></span> <span class='ocrx_word' id='word_1_55' title='bbox 801 2206 965 2282; x_wconf 76' lang='lat' dir='ltr'><strong>Opere</strong></span> <span class='ocrx_word' id='word_1_56' title='bbox 991 2221 1181 2285; x_wconf 68' lang='lat' dir='ltr'><strong>contra</strong></span> <span class='ocrx_word' id='word_1_57' title='bbox 1202 2210 1442 2277; x_wconf 83' lang='lat' dir='ltr'><strong>Celsum,</strong></span> <span class='ocrx_word' id='word_1_58' title='bbox 1477 2209 1590 2277; x_wconf 82' lang='lat' dir='ltr'><strong>[use</strong></span> <span class='ocrx_word' id='word_1_59' title='bbox 1618 2220 1667 2263; x_wconf 86' lang='lat' dir='ltr'><strong>et</strong></span> <span class='ocrx_word' id='word_1_60' title='bbox 1698 2207 1984 2261; x_wconf 72' lang='lat' dir='ltr'><strong>luculenter</strong></span> <span class='ocrx_word' id='word_1_61' title='bbox 2016 2206 2329 2263; x_wconf 69' lang='lat' dir='ltr'><strong>ostenditur.</strong></span> 
     </span>
    </p>
   </div>
   <div class='ocr_carea' id='block_1_14' title="bbox 457 2520 3640 2599">
    <p class='ocr_par' dir='ltr' id='par_1_14' title="bbox 457 2520 3640 2599">
     <span class='ocr_line' id='line_1_14' title="bbox 457 2520 3640 2599; baseline 0 -19"><span class='ocrx_word' id='word_1_62' title='bbox 457 2528 485 2599; x_wconf 86' lang='lat'>§</span> <span class='ocrx_word' id='word_1_63' title='bbox 517 2527 555 2583; x_wconf 95' lang='lat' dir='ltr'><strong>I.</strong></span> <span class='ocrx_word' id='word_1_64' title='bbox 610 2527 763 2582; x_wconf 90' lang='lat' dir='ltr'><strong>Dictu</strong></span> <span class='ocrx_word' id='word_1_65' title='bbox 820 2529 1017 2583; x_wconf 89' lang='lat' dir='ltr'><strong>mirum</strong></span> <span class='ocrx_word' id='word_1_66' title='bbox 1048 2536 1154 2592; x_wconf 86' lang='lat' dir='ltr'><strong>est,</strong></span> <span class='ocrx_word' id='word_1_67' title='bbox 1210 2540 1371 2595; x_wconf 88' lang='lat' dir='ltr'><strong>quam</strong></span> <span class='ocrx_word' id='word_1_68' title='bbox 1422 2539 1583 2593; x_wconf 83' lang='lat' dir='ltr'><strong>super</strong></span> <span class='ocrx_word' id='word_1_69' title='bbox 1643 2523 1801 2593; x_wconf 84' lang='lat' dir='ltr'><strong>hujus</strong></span> <span class='ocrx_word' id='word_1_70' title='bbox 1855 2522 1957 2576; x_wconf 90' lang='lat' dir='ltr'><strong>viri</strong></span> <span class='ocrx_word' id='word_1_71' title='bbox 1990 2527 2033 2584; x_wconf 81' lang='grc' dir='ltr'>Α</span> <span class='ocrx_word' id='word_1_72' title='bbox 2063 2520 2295 2576; x_wconf 84' lang='lat' dir='ltr'><strong>versiam</strong></span> <span class='ocrx_word' id='word_1_73' title='bbox 2328 2522 2589 2576; x_wconf 88' lang='lat' dir='ltr'><strong>Arianam</strong></span> <span class='ocrx_word' id='word_1_74' title='bbox 2628 2523 2871 2594; x_wconf 75' lang='lat' dir='ltr'><strong>scripsit,</strong></span> <span class='ocrx_word' id='word_1_75' title='bbox 2905 2539 3028 2579; x_wconf 91' lang='lat' dir='ltr'><strong>cum</strong></span> <span class='ocrx_word' id='word_1_76' title='bbox 3059 2526 3210 2596; x_wconf 89' lang='lat' dir='ltr'><strong>prius</strong></span> <span class='ocrx_word' id='word_1_77' title='bbox 3243 2524 3410 2581; x_wconf 79' lang='lat' dir='ltr'><strong>fuerit</strong></span> <span class='ocrx_word' id='word_1_78' title='bbox 3454 2526 3640 2599; x_wconf 87' lang='lat' dir='ltr'><strong>Orige-</strong></span> 
     </span>
    </p>
   </div>
   <div class='ocr_carea' id='block_1_15' title="bbox 387 2614 3056 2692">
    <p class='ocr_par' dir='ltr' id='par_1_15' title="bbox 387 2614 3056 2692">
     <span class='ocr_line' id='line_1_15' title="bbox 387 2614 3056 2692; baseline -0.001 -18"><span class='ocrx_word' id='word_1_79' title='bbox 387 2620 822 2692; x_wconf 79' lang='grc' dir='ltr'><strong>πολυθρυλλήτου</strong></span> <span class='ocrx_word' id='word_1_80' title='bbox 867 2622 1139 2685; x_wconf 89' lang='lat' dir='ltr'><strong>doctrina,</strong></span> <span class='ocrx_word' id='word_1_81' title='bbox 1195 2620 1248 2674; x_wconf 92' lang='lat' dir='ltr'><strong>in</strong></span> <span class='ocrx_word' id='word_1_82' title='bbox 1304 2629 1484 2687; x_wconf 88' lang='lat' dir='ltr'><strong>partes</strong></span> <span class='ocrx_word' id='word_1_83' title='bbox 1518 2620 1737 2682; x_wconf 89' lang='lat' dir='ltr'><strong>iveriut,</strong></span> <span class='ocrx_word' id='word_1_84' title='bbox 1798 2627 1961 2686; x_wconf 90' lang='lat' dir='ltr'><strong>atque</strong></span> <span class='ocrx_word' id='word_1_85' title='bbox 2063 2614 2148 2668; x_wconf 91' lang='lat' dir='ltr'><strong>nis</strong></span> <span class='ocrx_word' id='word_1_86' title='bbox 2219 2614 2563 2671; x_wconf 83' lang='lat' dir='ltr'><strong>adversarius</strong></span> <span class='ocrx_word' id='word_1_87' title='bbox 2618 2615 3056 2685; x_wconf 81' lang='lat' dir='ltr'><strong>infensissimus;</strong></span> 
     </span>
    </p>
   </div>
   <div class='ocr_carea' id='block_1_16' title="bbox 387 2711 1958 2782">
    <p class='ocr_par' dir='ltr' id='par_1_16' title="bbox 387 2711 1958 2782">
     <span class='ocr_line' id='line_1_16' title="bbox 387 2711 1958 2782; baseline 0.001 -18"><span class='ocrx_word' id='word_1_88' title='bbox 387 2712 655 2765; x_wconf 85' lang='lat' dir='ltr'><strong>acerrime</strong></span> <span class='ocrx_word' id='word_1_89' title='bbox 694 2713 833 2767; x_wconf 88' lang='lat' dir='ltr'><strong>inter</strong></span> <span class='ocrx_word' id='word_1_90' title='bbox 881 2729 940 2769; x_wconf 91' lang='lat' dir='ltr'><strong>se</strong></span> <span class='ocrx_word' id='word_1_91' title='bbox 984 2713 1261 2782; x_wconf 85' lang='lat' dir='ltr'><strong>digladiati</strong></span> <span class='ocrx_word' id='word_1_92' title='bbox 1316 2712 1519 2766; x_wconf 85' lang='lat' dir='ltr'><strong>fuerint</strong></span> <span class='ocrx_word' id='word_1_93' title='bbox 1568 2711 1800 2781; x_wconf 79' lang='lat' dir='ltr'><strong>theologi</strong></span> <span class='ocrx_word' id='word_1_94' title='bbox 1853 2725 1958 2779; x_wconf 84' lang='lat' dir='ltr'><strong>qua</strong></span> 
     </span>
    </p>
   </div>
   <div class='ocr_carea' id='block_1_17' title="bbox 386 2800 1955 2870">
    <p class='ocr_par' dir='ltr' id='par_1_17' title="bbox 386 2800 1955 2870">
     <span class='ocr_line' id='line_1_17' title="bbox 386 2800 1955 2870; baseline 0.001 -18"><span class='ocrx_word' id='word_1_95' title='bbox 386 2810 621 2865; x_wconf 86' lang='lat' dir='ltr'><strong>veteres,</strong></span> <span class='ocrx_word' id='word_1_96' title='bbox 656 2816 761 2870; x_wconf 89' lang='lat' dir='ltr'><strong>qua</strong></span> <span class='ocrx_word' id='word_1_97' title='bbox 808 2806 1159 2858; x_wconf 88' lang='lat' dir='ltr'><strong>recentiores.</strong></span> <span class='ocrx_word' id='word_1_98' title='bbox 1218 2801 1289 2856; x_wconf 90' lang='lat' dir='ltr'><strong>Ut</strong></span> <span class='ocrx_word' id='word_1_99' title='bbox 1322 2803 1388 2856; x_wconf 87' lang='lat' dir='ltr'><strong>de</strong></span> <span class='ocrx_word' id='word_1_100' title='bbox 1438 2802 1711 2856; x_wconf 77' lang='lat' dir='ltr'><strong>veteribus</strong></span> <span class='ocrx_word' id='word_1_101' title='bbox 1760 2800 1955 2863; x_wconf 90' lang='lat' dir='ltr'><strong>solum,</strong></span> 
     </span>
    </p>
   </div>
   <div class='ocr_carea' id='block_1_18' title="bbox 387 2894 1956 2965">
    <p class='ocr_par' dir='ltr' id='par_1_18' title="bbox 387 2894 1956 2965">
     <span class='ocr_line' id='line_1_18' title="bbox 387 2894 1956 2965; baseline 0.002 -21"><span class='ocrx_word' id='word_1_102' title='bbox 387 2906 592 2947; x_wconf 89' lang='lat' dir='ltr'><strong>memor</strong></span> <span class='ocrx_word' id='word_1_103' title='bbox 632 2894 862 2950; x_wconf 88' lang='lat' dir='ltr'><strong>instituti</strong></span> <span class='ocrx_word' id='word_1_104' title='bbox 903 2897 1030 2960; x_wconf 91' lang='lat' dir='ltr'><strong>mei,</strong></span> <span class='ocrx_word' id='word_1_105' title='bbox 1072 2911 1256 2965; x_wconf 86' lang='lat' dir='ltr'><strong>agam;</strong></span> <span class='ocrx_word' id='word_1_106' title='bbox 1320 2910 1384 2948; x_wconf 81' lang='lat' dir='ltr'><strong>ex</strong></span> <span class='ocrx_word' id='word_1_107' title='bbox 1430 2895 1497 2948; x_wconf 87' lang='lat' dir='ltr'><strong>iis</strong></span> <span class='ocrx_word' id='word_1_108' title='bbox 1532 2895 1619 2949; x_wconf 84' lang='lat' dir='ltr'><strong>alii</strong></span> <span class='ocrx_word' id='word_1_109' title='bbox 1668 2895 1956 2964; x_wconf 79' lang='lat' dir='ltr'><strong>Origenem</strong></span> 
     </span>
    </p>
   </div>
   <div class='ocr_carea' id='block_1_19' title="bbox 386 2981 1959 3053">
    <p class='ocr_par' dir='ltr' id='par_1_19' title="bbox 386 2981 1959 3053">
     <span class='ocr_line' id='line_1_19' title="bbox 386 2981 1959 3053; baseline 0.001 -20"><span class='ocrx_word' id='word_1_110' title='bbox 386 2981 453 3033; x_wconf 90' lang='lat' dir='ltr'><strong>ad</strong></span> <span class='ocrx_word' id='word_1_111' title='bbox 482 2982 679 3035; x_wconf 77' lang='lat' dir='ltr'><strong>cmlum</strong></span> <span class='ocrx_word' id='word_1_112' title='bbox 715 2999 885 3052; x_wconf 86' lang='lat' dir='ltr'><strong>usque</strong></span> <span class='ocrx_word' id='word_1_113' title='bbox 921 2984 1171 3037; x_wconf 80' lang='lat' dir='ltr'><strong>laudibus</strong></span> <span class='ocrx_word' id='word_1_114' title='bbox 1220 2984 1515 3049; x_wconf 79' lang='lat' dir='ltr'><strong>extollunt;</strong></span> <span class='ocrx_word' id='word_1_115' title='bbox 1550 2984 1639 3036; x_wconf 85' lang='lat' dir='ltr'><strong>alii</strong></span> <span class='ocrx_word' id='word_1_116' title='bbox 1676 2985 1847 3053; x_wconf 89' lang='lat' dir='ltr'><strong>ipsum</strong></span> <span class='ocrx_word' id='word_1_117' title='bbox 1901 2994 1959 3036; x_wconf 93' lang='lat' dir='ltr'><strong>ut</strong></span> 
     </span>
    </p>
   </div>
   <div class='ocr_carea' id='block_1_20' title="bbox 383 3074 1958 3144">
    <p class='ocr_par' dir='ltr' id='par_1_20' title="bbox 383 3074 1958 3144">
     <span class='ocr_line' id='line_1_20' title="bbox 383 3074 1958 3144; baseline 0.002 -19"><span class='ocrx_word' id='word_1_118' title='bbox 383 3075 678 3140; x_wconf 87' lang='lat' dir='ltr'><strong>pessimmn</strong></span> <span class='ocrx_word' id='word_1_119' title='bbox 728 3074 1184 3139; x_wconf 64' lang='lat' dir='ltr'><strong>haeresiarcham,</strong></span> <span class='ocrx_word' id='word_1_120' title='bbox 1242 3078 1483 3144; x_wconf 81' lang='lat' dir='ltr'><strong>adeoque</strong></span> <span class='ocrx_word' id='word_1_121' title='bbox 1524 3078 1762 3128; x_wconf 76' lang='lat' dir='ltr'><strong>omniurn</strong></span> <span class='ocrx_word' id='word_1_122' title='bbox 1821 3088 1958 3142; x_wconf 87' lang='lat' dir='ltr'><strong>pene</strong></span> 
     </span>
    </p>
   </div>
   <div class='ocr_carea' id='block_1_21' title="bbox 386 3164 1953 3238">
    <p class='ocr_par' dir='ltr' id='par_1_21' title="bbox 386 3164 1953 3238">
     <span class='ocr_line' id='line_1_21' title="bbox 386 3164 1953 3238; baseline 0 -19"><span class='ocrx_word' id='word_1_123' title='bbox 386 3166 693 3229; x_wconf 68' lang='lat' dir='ltr'><strong>limresium,</strong></span> <span class='ocrx_word' id='word_1_124' title='bbox 739 3170 1037 3236; x_wconf 68' lang='lat' dir='ltr'><strong>praasertim</strong></span> <span class='ocrx_word' id='word_1_125' title='bbox 1074 3184 1195 3238; x_wconf 63' lang='lat' dir='ltr'><strong>quae</strong></span> <span class='ocrx_word' id='word_1_126' title='bbox 1237 3167 1490 3222; x_wconf 67' lang='lat' dir='ltr'><strong>Ecclesia:</strong></span> <span class='ocrx_word' id='word_1_127' title='bbox 1530 3167 1686 3220; x_wconf 84' lang='lat' dir='ltr'><strong>ﬁdem</strong></span> <span class='ocrx_word' id='word_1_128' title='bbox 1736 3167 1803 3221; x_wconf 87' lang='lat' dir='ltr'><strong>de</strong></span> <span class='ocrx_word' id='word_1_129' title='bbox 1852 3164 1953 3220; x_wconf 90' lang='lat' dir='ltr'><strong>SS.</strong></span> 
     </span>
    </p>
   </div>
   <div class='ocr_carea' id='block_1_22' title="bbox 383 3256 1955 3329">
    <p class='ocr_par' dir='ltr' id='par_1_22' title="bbox 383 3256 1955 3329">
     <span class='ocr_line' id='line_1_22' title="bbox 383 3256 1955 3329; baseline 0.001 -19"><span class='ocrx_word' id='word_1_130' title='bbox 383 3256 644 3315; x_wconf 87' lang='lat' dir='ltr'><strong>Trinitate</strong></span> <span class='ocrx_word' id='word_1_131' title='bbox 674 3271 945 3329; x_wconf 88' lang='lat' dir='ltr'><strong>spectant,</strong></span> <span class='ocrx_word' id='word_1_132' title='bbox 998 3261 1202 3316; x_wconf 82' lang='lat' dir='ltr'><strong>fontem</strong></span> <span class='ocrx_word' id='word_1_133' title='bbox 1256 3270 1313 3314; x_wconf 91' lang='lat' dir='ltr'><strong>et</strong></span> <span class='ocrx_word' id='word_1_134' title='bbox 1376 3260 1771 3329; x_wconf 88' lang='lat' dir='ltr'><strong>scaturiginem</strong></span> <span class='ocrx_word' id='word_1_135' title='bbox 1822 3257 1955 3311; x_wconf 88' lang='lat' dir='ltr'><strong>diris</strong></span> 
     </span>
    </p>
   </div>
   <div class='ocr_carea' id='block_1_23' title="bbox 381 3348 1954 3420">
    <p class='ocr_par' dir='ltr' id='par_1_23' title="bbox 381 3348 1954 3420">
     <span class='ocr_line' id='line_1_23' title="bbox 381 3348 1954 3420; baseline 0.003 -21"><span class='ocrx_word' id='word_1_136' title='bbox 381 3349 667 3403; x_wconf 86' lang='lat' dir='ltr'><strong>devovent.</strong></span> <span class='ocrx_word' id='word_1_137' title='bbox 723 3348 828 3403; x_wconf 88' lang='lat' dir='ltr'><strong>Sed</strong></span> <span class='ocrx_word' id='word_1_138' title='bbox 886 3349 1201 3405; x_wconf 81' lang='lat' dir='ltr'><strong>Catliolicos</strong></span> <span class='ocrx_word' id='word_1_139' title='bbox 1239 3352 1383 3420; x_wconf 90' lang='lat' dir='ltr'><strong>quod</strong></span> <span class='ocrx_word' id='word_1_140' title='bbox 1436 3352 1633 3405; x_wconf 90' lang='lat' dir='ltr'><strong>attinet</strong></span> <span class='ocrx_word' id='word_1_141' title='bbox 1686 3351 1954 3413; x_wconf 87' lang='lat' dir='ltr'><strong>doctores,</strong></span> 
     </span>
    </p>
   </div>
   <div class='ocr_carea' id='block_1_24' title="bbox 381 3437 1957 3512">
    <p class='ocr_par' dir='ltr' id='par_1_24' title="bbox 381 3437 1957 3512">
     <span class='ocr_line' id='line_1_24' title="bbox 381 3437 1957 3512; baseline 0.004 -23"><span class='ocrx_word' id='word_1_142' title='bbox 381 3438 473 3506; x_wconf 88' lang='lat' dir='ltr'><strong>qui</strong></span> <span class='ocrx_word' id='word_1_143' title='bbox 505 3437 756 3507; x_wconf 87' lang='lat' dir='ltr'><strong>Origenis</strong></span> <span class='ocrx_word' id='word_1_144' title='bbox 784 3450 944 3495; x_wconf 68' lang='lat' dir='ltr'><strong>aetate</strong></span> <span class='ocrx_word' id='word_1_145' title='bbox 975 3443 1265 3496; x_wconf 85' lang='lat' dir='ltr'><strong>viciniores</strong></span> <span class='ocrx_word' id='word_1_146' title='bbox 1297 3443 1450 3496; x_wconf 84' lang='lat' dir='ltr'><strong>fuere</strong></span> <span class='ocrx_word' id='word_1_147' title='bbox 1475 3480 1491 3505; x_wconf 93' lang='lat'><strong>,</strong></span> <span class='ocrx_word' id='word_1_148' title='bbox 1526 3443 1699 3511; x_wconf 85' lang='lat' dir='ltr'><strong>major</strong></span> <span class='ocrx_word' id='word_1_149' title='bbox 1722 3452 1776 3497; x_wconf 92' lang='lat' dir='ltr'><strong>et</strong></span> <span class='ocrx_word' id='word_1_150' title='bbox 1802 3442 1957 3512; x_wconf 83' lang='lat' dir='ltr'><strong>longe</strong></span> 
     </span>
    </p>
   </div>
   <div class='ocr_carea' id='block_1_25' title="bbox 381 3530 1951 3603">
    <p class='ocr_par' dir='ltr' id='par_1_25' title="bbox 381 3530 1951 3603">
     <span class='ocr_line' id='line_1_25' title="bbox 381 3530 1951 3603; baseline 0.004 -21"><span class='ocrx_word' id='word_1_151' title='bbox 381 3530 556 3597; x_wconf 91' lang='lat' dir='ltr'><strong>potior</strong></span> <span class='ocrx_word' id='word_1_152' title='bbox 584 3532 686 3586; x_wconf 84' lang='lat' dir='ltr'><strong>fuit</strong></span> <span class='ocrx_word' id='word_1_153' title='bbox 716 3549 972 3588; x_wconf 89' lang='lat' dir='ltr'><strong>numerus</strong></span> <span class='ocrx_word' id='word_1_154' title='bbox 993 3550 1206 3599; x_wconf 88' lang='lat' dir='ltr'><strong>eorum,</strong></span> <span class='ocrx_word' id='word_1_155' title='bbox 1249 3535 1339 3602; x_wconf 88' lang='lat' dir='ltr'><strong>qui</strong></span> <span class='ocrx_word' id='word_1_156' title='bbox 1374 3535 1470 3603; x_wconf 88' lang='lat' dir='ltr'><strong>ipsi</strong></span> <span class='ocrx_word' id='word_1_157' title='bbox 1500 3533 1773 3603; x_wconf 89' lang='lat' dir='ltr'><strong>astipulati</strong></span> <span class='ocrx_word' id='word_1_158' title='bbox 1802 3543 1951 3588; x_wconf 86' lang='lat' dir='ltr'><strong>sunt.</strong></span> 
     </span>
    </p>
   </div>
   <div class='ocr_carea' id='block_1_26' title="bbox 378 3620 1955 3693">
    <p class='ocr_par' dir='ltr' id='par_1_26' title="bbox 378 3620 1955 3693">
     <span class='ocr_line' id='line_1_26' title="bbox 378 3620 1955 3693; baseline 0.004 -21"><span class='ocrx_word' id='word_1_159' title='bbox 378 3620 683 3677; x_wconf 77' lang='lat' dir='ltr'><strong>Alexander</strong></span> <span class='ocrx_word' id='word_1_160' title='bbox 728 3622 1259 3693; x_wconf 84' lang='lat' dir='ltr'><strong>llierosolymitanus</strong></span> <span class='ocrx_word' id='word_1_161' title='bbox 1297 3663 1311 3687; x_wconf 93' lang='lat'><strong>,</strong></span> <span class='ocrx_word' id='word_1_162' title='bbox 1370 3623 1717 3677; x_wconf 86' lang='lat' dir='ltr'><strong>&#39;l&#39;beoctistus</strong></span> <span class='ocrx_word' id='word_1_163' title='bbox 1772 3624 1955 3678; x_wconf 65' lang='lat' dir='ltr'><strong>Caesa-</strong></span> 
     </span>
    </p>
   </div>
   <div class='ocr_carea' id='block_1_27' title="bbox 379 3712 1956 3786">
    <p class='ocr_par' dir='ltr' id='par_1_27' title="bbox 379 3712 1956 3786">
     <span class='ocr_line' id='line_1_27' title="bbox 379 3712 1956 3786; baseline 0.004 -21"><span class='ocrx_word' id='word_1_164' title='bbox 379 3712 595 3779; x_wconf 90' lang='lat' dir='ltr'><strong>riensis,</strong></span> <span class='ocrx_word' id='word_1_165' title='bbox 628 3714 917 3786; x_wconf 85' lang='lat' dir='ltr'><strong>Dionysius</strong></span> <span class='ocrx_word' id='word_1_166' title='bbox 970 3716 1369 3770; x_wconf 87' lang='lat' dir='ltr'><strong>Alexandrinus</strong></span> <span class='ocrx_word' id='word_1_167' title='bbox 1401 3715 1750 3770; x_wconf 89' lang='lat' dir='ltr'><strong>Firmilianus</strong></span> <span class='ocrx_word' id='word_1_168' title='bbox 1776 3716 1956 3770; x_wconf 62' lang='lat' dir='ltr'><strong>Caesa-</strong></span> 
     </span>
    </p>
   </div>
   <div class='ocr_carea' id='block_1_28' title="bbox 380 3804 1949 3879">
    <p class='ocr_par' dir='ltr' id='par_1_28' title="bbox 380 3804 1949 3879">
     <span class='ocr_line' id='line_1_28' title="bbox 380 3804 1949 3879; baseline 0.006 -23"><span class='ocrx_word' id='word_1_169' title='bbox 380 3804 600 3868; x_wconf 85' lang='lat' dir='ltr'><strong>riensis,</strong></span> <span class='ocrx_word' id='word_1_170' title='bbox 627 3805 922 3878; x_wconf 76' lang='lat' dir='ltr'><strong>Gregorius</strong></span> <span class='ocrx_word' id='word_1_171' title='bbox 949 3809 1418 3879; x_wconf 88' lang='lat' dir='ltr'><strong>Thaumaturgus,</strong></span> <span class='ocrx_word' id='word_1_172' title='bbox 1463 3819 1517 3862; x_wconf 91' lang='lat' dir='ltr'><strong>et</strong></span> <span class='ocrx_word' id='word_1_173' title='bbox 1552 3809 1949 3875; x_wconf 87' lang='lat' dir='ltr'><strong>Athenodorus,</strong></span> 
     </span>
    </p>
   </div>
   <div class='ocr_carea' id='block_1_29' title="bbox 3136 2620 3640 2690">
    <p class='ocr_par' dir='ltr' id='par_1_29' title="bbox 3136 2620 3640 2690">
     <span class='ocr_line' id='line_1_29' title="bbox 3136 2620 3640 2690; baseline 0.008 -17"><span class='ocrx_word' id='word_1_174' title='bbox 3136 2635 3292 2673; x_wconf 68' lang='lat' dir='ltr'><strong>suun:</strong></span> <span class='ocrx_word' id='word_1_175' title='bbox 3353 2620 3640 2690; x_wconf 82' lang='lat' dir='ltr'><strong>abquaudo</strong></span> 
     </span>
    </p>
   </div>
   <div class='ocr_carea' id='block_1_30' title="bbox 2059 2703 3640 2781">
    <p class='ocr_par' dir='ltr' id='par_1_30' title="bbox 2059 2703 3640 2781">
     <span class='ocr_line' id='line_1_30' title="bbox 2059 2703 3640 2781; baseline 0.009 -24"><span class='ocrx_word' id='word_1_176' title='bbox 2059 2703 2241 2757; x_wconf 89' lang='lat' dir='ltr'><strong>odium</strong></span> <span class='ocrx_word' id='word_1_177' title='bbox 2266 2704 2535 2773; x_wconf 89' lang='lat' dir='ltr'><strong>deposuit,</strong></span> <span class='ocrx_word' id='word_1_178' title='bbox 2571 2722 2634 2761; x_wconf 89' lang='lat' dir='ltr'><strong>ac</strong></span> <span class='ocrx_word' id='word_1_179' title='bbox 2672 2707 2890 2763; x_wconf 90' lang='lat' dir='ltr'><strong>tandem</strong></span> <span class='ocrx_word' id='word_1_180' title='bbox 2940 2710 3082 2765; x_wconf 89' lang='lat' dir='ltr'><strong>inter</strong></span> <span class='ocrx_word' id='word_1_181' title='bbox 3126 2712 3243 2781; x_wconf 87' lang='lat' dir='ltr'><strong>ejus</strong></span> <span class='ocrx_word' id='word_1_182' title='bbox 3281 2713 3640 2771; x_wconf 86' lang='lat' dir='ltr'><strong>admiratores</strong></span> 
     </span>
    </p>
   </div>
   <div class='ocr_carea' id='block_1_31' title="bbox 2060 2799 3639 2873">
    <p class='ocr_par' dir='ltr' id='par_1_31' title="bbox 2060 2799 3639 2873">
     <span class='ocr_line' id='line_1_31' title="bbox 2060 2799 3639 2873; baseline 0.008 -24"><span class='ocrx_word' id='word_1_183' title='bbox 2060 2811 2253 2851; x_wconf 90' lang='lat' dir='ltr'><strong>nomen</strong></span> <span class='ocrx_word' id='word_1_184' title='bbox 2275 2812 2429 2851; x_wconf 88' lang='lat' dir='ltr'><strong>suum</strong></span> <span class='ocrx_word' id='word_1_185' title='bbox 2459 2799 2700 2866; x_wconf 79' lang='lat' dir='ltr'><strong>proﬁteri</strong></span> <span class='ocrx_word' id='word_1_186' title='bbox 2731 2815 2836 2853; x_wconf 93' lang='lat' dir='ltr'><strong>non</strong></span> <span class='ocrx_word' id='word_1_187' title='bbox 2867 2803 3104 2856; x_wconf 88' lang='lat' dir='ltr'><strong>erubuit.</strong></span> <span class='ocrx_word' id='word_1_188' title='bbox 3140 2804 3377 2873; x_wconf 86' lang='lat' dir='ltr'><strong>Denique</strong></span> <span class='ocrx_word' id='word_1_189' title='bbox 3409 2803 3639 2863; x_wconf 74' lang='lat' dir='ltr'><strong>Rufinus</strong></span> 
     </span>
    </p>
   </div>
   <div class='ocr_carea' id='block_1_32' title="bbox 2059 2887 3639 2967">
    <p class='ocr_par' dir='ltr' id='par_1_32' title="bbox 2059 2887 3639 2967">
     <span class='ocr_line' id='line_1_32' title="bbox 2059 2887 3639 2967; baseline 0.009 -28"><span class='ocrx_word' id='word_1_190' title='bbox 2059 2888 2111 2956; x_wconf 87' lang='lat' dir='ltr'><strong>(a</strong></span> <span class='ocrx_word' id='word_1_191' title='bbox 2133 2887 2393 2943; x_wconf 81' lang='lat' dir='ltr'><strong>Cassiano</strong></span> <span class='ocrx_word' id='word_1_192' title='bbox 2424 2890 2517 2944; x_wconf 92' lang='lat' dir='ltr'><strong>lib.</strong></span> <span class='ocrx_word' id='word_1_193' title='bbox 2579 2906 2653 2944; x_wconf 79' lang='lat' dir='ltr'><strong>vn</strong></span> <span class='ocrx_word' id='word_1_194' title='bbox 2692 2890 2769 2944; x_wconf 86' lang='lat' dir='ltr'><strong>De</strong></span> <span class='ocrx_word' id='word_1_195' title='bbox 2818 2893 3082 2948; x_wconf 85' lang='lat' dir='ltr'><strong>incarnat.</strong></span> <span class='ocrx_word' id='word_1_196' title='bbox 3121 2896 3313 2959; x_wconf 89' lang='lat' dir='ltr'><strong>dictus,</strong></span> <span class='ocrx_word' id='word_1_197' title='bbox 3378 2899 3639 2967; x_wconf 83' lang='lat' dir='ltr'><strong>quidquid</strong></span> 
     </span>
    </p>
   </div>
   <div class='ocr_carea' id='block_1_33' title="bbox 2057 2981 3636 3059">
    <p class='ocr_par' dir='ltr' id='par_1_33' title="bbox 2057 2981 3636 3059">
     <span class='ocr_line' id='line_1_33' title="bbox 2057 2981 3636 3059; baseline 0.008 -26"><span class='ocrx_word' id='word_1_198' title='bbox 2057 2983 2124 3034; x_wconf 89' lang='lat' dir='ltr'><strong>de</strong></span> <span class='ocrx_word' id='word_1_199' title='bbox 2162 2982 2276 3050; x_wconf 89' lang='lat' dir='ltr'><strong>ipso</strong></span> <span class='ocrx_word' id='word_1_200' title='bbox 2319 2981 2581 3049; x_wconf 84' lang='lat' dir='ltr'><strong>judicavit</strong></span> <span class='ocrx_word' id='word_1_201' title='bbox 2609 2985 2830 3052; x_wconf 82' lang='lat' dir='ltr'><strong>sequior</strong></span> <span class='ocrx_word' id='word_1_202' title='bbox 2857 2996 3013 3050; x_wconf 72' lang='lat' dir='ltr'><strong>aetas,</strong></span> <span class='ocrx_word' id='word_1_203' title='bbox 3068 3004 3087 3037; x_wconf 73' lang='grc' dir='ltr'><strong><em>ι</em></strong></span> <span class='ocrx_word' id='word_1_204' title='bbox 3112 2987 3435 3044; x_wconf 71' lang='lat' dir='ltr'><strong>Christiana:</strong></span> <span class='ocrx_word' id='word_1_205' title='bbox 3456 2992 3636 3059; x_wconf 87' lang='lat' dir='ltr'><strong>philo-</strong></span> 
     </span>
    </p>
   </div>
   <div class='ocr_carea' id='block_1_34' title="bbox 2057 3072 3635 3141">
    <p class='ocr_par' dir='ltr' id='par_1_34' title="bbox 2057 3072 3635 3141">
     <span class='ocr_line' id='line_1_34' title="bbox 2057 3072 3635 3141; baseline 0.009 -16"><span class='ocrx_word' id='word_1_206' title='bbox 2057 3072 2262 3141; x_wconf 60' lang='lat' dir='ltr'><strong>sophiae</strong></span> <span class='ocrx_word' id='word_1_207' title='bbox 2314 3074 2431 3137; x_wconf 89' lang='lat' dir='ltr'><strong>vir,</strong></span> <span class='ocrx_word' id='word_1_208' title='bbox 2487 3075 2629 3129; x_wconf 83' lang='lat' dir='ltr'><strong>haud</strong></span> <span class='ocrx_word' id='word_1_209' title='bbox 2675 3080 3071 3132; x_wconf 88' lang='lat' dir='ltr'><strong>contemnenda</strong></span> <span class='ocrx_word' id='word_1_210' title='bbox 3141 3081 3635 3139; x_wconf 89' lang='lat' dir='ltr'><strong>ecclesiasticormn</strong></span> 
     </span>
    </p>
   </div>
   <div class='ocr_carea' id='block_1_35' title="bbox 2056 3162 3633 3239">
    <p class='ocr_par' dir='ltr' id='par_1_35' title="bbox 2056 3162 3633 3239">
     <span class='ocr_line' id='line_1_35' title="bbox 2056 3162 3633 3239; baseline 0.009 -22"><span class='ocrx_word' id='word_1_211' title='bbox 2056 3162 2337 3218; x_wconf 91' lang='lat' dir='ltr'><strong>doctorum</strong></span> <span class='ocrx_word' id='word_1_212' title='bbox 2362 3166 2573 3235; x_wconf 91' lang='lat' dir='ltr'><strong>portio;</strong></span> <span class='ocrx_word' id='word_1_213' title='bbox 2623 3186 2643 3218; x_wconf 73' lang='grc' dir='ltr'><strong><em>ι</em></strong></span> <span class='ocrx_word' id='word_1_214' title='bbox 2688 3167 2841 3237; x_wconf 86' lang='lat' dir='ltr'><strong>cujus</strong></span> <span class='ocrx_word' id='word_1_215' title='bbox 2864 3171 3277 3226; x_wconf 84' lang='lat' dir='ltr'><strong>sanctimoniam</strong></span> <span class='ocrx_word' id='word_1_216' title='bbox 3327 3174 3439 3239; x_wconf 90' lang='lat' dir='ltr'><strong>ipse</strong></span> <span class='ocrx_word' id='word_1_217' title='bbox 3470 3178 3633 3231; x_wconf 82' lang='lat' dir='ltr'><strong>etiam</strong></span> 
     </span>
    </p>
   </div>
   <div class='ocr_carea' id='block_1_36' title="bbox 2058 3252 3630 3330">
    <p class='ocr_par' dir='ltr' id='par_1_36' title="bbox 2058 3252 3630 3330">
     <span class='ocr_line' id='line_1_36' title="bbox 2058 3252 3630 3330; baseline 0.01 -24"><span class='ocrx_word' id='word_1_218' title='bbox 2058 3252 2427 3326; x_wconf 82' lang='lat' dir='ltr'><strong>Hieronymus</strong></span> <span class='ocrx_word' id='word_1_219' title='bbox 2462 3257 2747 3327; x_wconf 86' lang='lat' dir='ltr'><strong>aliquando</strong></span> <span class='ocrx_word' id='word_1_220' title='bbox 2774 3262 3002 3314; x_wconf 87' lang='lat' dir='ltr'><strong>summis</strong></span> <span class='ocrx_word' id='word_1_221' title='bbox 3039 3262 3292 3319; x_wconf 89' lang='lat' dir='ltr'><strong>laudibus</strong></span> <span class='ocrx_word' id='word_1_222' title='bbox 3324 3267 3539 3330; x_wconf 81' lang='lat' dir='ltr'><strong>extulit,</strong></span> <span class='ocrx_word' id='word_1_223' title='bbox 3570 3280 3630 3322; x_wconf 91' lang='lat' dir='ltr'><strong>ut</strong></span> 
     </span>
    </p>
   </div>
   <div class='ocr_carea' id='block_1_37' title="bbox 2055 3348 3629 3426">
    <p class='ocr_par' dir='ltr' id='par_1_37' title="bbox 2055 3348 3629 3426">
     <span class='ocr_line' id='line_1_37' title="bbox 2055 3348 3629 3426; baseline 0.005 -25"><span class='ocrx_word' id='word_1_224' title='bbox 2055 3362 2121 3401; x_wconf 87' lang='lat' dir='ltr'><strong>ex</strong></span> <span class='ocrx_word' id='word_1_225' title='bbox 2148 3349 2372 3418; x_wconf 86' lang='lat' dir='ltr'><strong>epistola</strong></span> <span class='ocrx_word' id='word_1_226' title='bbox 2424 3348 2540 3415; x_wconf 76' lang='lat' dir='ltr'><strong>ejus</strong></span> <span class='ocrx_word' id='word_1_227' title='bbox 2574 3351 2781 3420; x_wconf 88' lang='lat' dir='ltr'><strong>quinta,</strong></span> <span class='ocrx_word' id='word_1_228' title='bbox 2833 3352 2900 3405; x_wconf 88' lang='lat' dir='ltr'><strong>ad</strong></span> <span class='ocrx_word' id='word_1_229' title='bbox 2942 3351 3304 3421; x_wconf 88' lang='lat' dir='ltr'><strong>Florentium,</strong></span> <span class='ocrx_word' id='word_1_230' title='bbox 3354 3360 3629 3426; x_wconf 87' lang='lat' dir='ltr'><strong>constat),</strong></span> 
     </span>
    </p>
   </div>
   <div class='ocr_carea' id='block_1_38' title="bbox 2057 3440 3630 3515">
    <p class='ocr_par' dir='ltr' id='par_1_38' title="bbox 2057 3440 3630 3515">
     <span class='ocr_line' id='line_1_38' title="bbox 2057 3440 3630 3515; baseline 0.006 -19"><span class='ocrx_word' id='word_1_231' title='bbox 2057 3440 2310 3511; x_wconf 88' lang='lat' dir='ltr'><strong>Origenis</strong></span> <span class='ocrx_word' id='word_1_232' title='bbox 2366 3443 2667 3497; x_wconf 87' lang='lat' dir='ltr'><strong>acerrimus</strong></span> <span class='ocrx_word' id='word_1_233' title='bbox 2723 3443 3130 3515; x_wconf 85' lang='lat' dir='ltr'><strong>hyperaspistes</strong></span> <span class='ocrx_word' id='word_1_234' title='bbox 3180 3447 3309 3513; x_wconf 82' lang='lat' dir='ltr'><strong>fuit;</strong></span> <span class='ocrx_word' id='word_1_235' title='bbox 3383 3460 3441 3503; x_wconf 92' lang='lat' dir='ltr'><strong>ut</strong></span> <span class='ocrx_word' id='word_1_236' title='bbox 3499 3452 3630 3505; x_wconf 87' lang='lat' dir='ltr'><strong>nihil</strong></span> 
     </span>
    </p>
   </div>
   <div class='ocr_carea' id='block_1_39' title="bbox 2056 3533 3633 3606">
    <p class='ocr_par' dir='ltr' id='par_1_39' title="bbox 2056 3533 3633 3606">
     <span class='ocr_line' id='line_1_39' title="bbox 2056 3533 3633 3606; baseline 0.006 -21"><span class='ocrx_word' id='word_1_237' title='bbox 2056 3533 2234 3586; x_wconf 90' lang='lat' dir='ltr'><strong>dicam</strong></span> <span class='ocrx_word' id='word_1_238' title='bbox 2264 3533 2332 3587; x_wconf 89' lang='lat' dir='ltr'><strong>de</strong></span> <span class='ocrx_word' id='word_1_239' title='bbox 2365 3534 2666 3589; x_wconf 89' lang='lat' dir='ltr'><strong>innumeris</strong></span> <span class='ocrx_word' id='word_1_240' title='bbox 2696 3550 2791 3604; x_wconf 87' lang='lat' dir='ltr'><strong>per</strong></span> <span class='ocrx_word' id='word_1_241' title='bbox 2819 3535 3112 3605; x_wconf 58' lang='lat' dir='ltr'><strong>IEgyptum</strong></span> <span class='ocrx_word' id='word_1_242' title='bbox 3145 3538 3407 3606; x_wconf 76' lang='lat' dir='ltr'><strong>dispersis</strong></span> <span class='ocrx_word' id='word_1_243' title='bbox 3443 3556 3633 3593; x_wconf 89' lang='lat' dir='ltr'><strong>mona-</strong></span> 
     </span>
    </p>
   </div>
   <div class='ocr_carea' id='block_1_40' title="bbox 2056 3625 3631 3702">
    <p class='ocr_par' dir='ltr' id='par_1_40' title="bbox 2056 3625 3631 3702">
     <span class='ocr_line' id='line_1_40' title="bbox 2056 3625 3631 3702; baseline 0.006 -24"><span class='ocrx_word' id='word_1_244' title='bbox 2056 3625 2198 3688; x_wconf 88' lang='lat' dir='ltr'><strong>chis,</strong></span> <span class='ocrx_word' id='word_1_245' title='bbox 2230 3626 2321 3693; x_wconf 90' lang='lat' dir='ltr'><strong>qui</strong></span> <span class='ocrx_word' id='word_1_246' title='bbox 2350 3627 2583 3680; x_wconf 81' lang='lat' dir='ltr'><strong>maxima</strong></span> <span class='ocrx_word' id='word_1_247' title='bbox 2617 3625 2866 3695; x_wconf 85' lang='lat' dir='ltr'><strong>Origeuis</strong></span> <span class='ocrx_word' id='word_1_248' title='bbox 2897 3629 2962 3681; x_wconf 92' lang='lat' dir='ltr'><strong>de</strong></span> <span class='ocrx_word' id='word_1_249' title='bbox 2989 3644 3152 3685; x_wconf 83' lang='lat' dir='ltr'><strong>causa</strong></span> <span class='ocrx_word' id='word_1_250' title='bbox 3184 3645 3305 3685; x_wconf 90' lang='lat' dir='ltr'><strong>cum</strong></span> <span class='ocrx_word' id='word_1_251' title='bbox 3331 3631 3631 3702; x_wconf 74' lang='lat' dir='ltr'><strong>Theophila</strong></span> 
     </span>
    </p>
   </div>
   <div class='ocr_carea' id='block_1_41' title="bbox 2055 3715 3052 3775">
    <p class='ocr_par' dir='ltr' id='par_1_41' title="bbox 2055 3715 3052 3775">
     <span class='ocr_line' id='line_1_41' title="bbox 2055 3715 3052 3775; baseline 0.004 -6"><span class='ocrx_word' id='word_1_252' title='bbox 2055 3715 2420 3771; x_wconf 84' lang='lat' dir='ltr'><strong>Alexandrino</strong></span> <span class='ocrx_word' id='word_1_253' title='bbox 2456 3720 2752 3773; x_wconf 85' lang='lat' dir='ltr'><strong>certamina</strong></span> <span class='ocrx_word' id='word_1_254' title='bbox 2794 3720 3052 3775; x_wconf 81' lang='lat' dir='ltr'><strong>inierunt.</strong></span> 
     </span>
    </p>
   </div>
   <div class='ocr_carea' id='block_1_42' title="bbox 2100 3804 3623 3876">
    <p class='ocr_par' dir='ltr' id='par_1_42' title="bbox 2100 3804 3623 3876">
     <span class='ocr_line' id='line_1_42' title="bbox 2100 3804 3623 3876; baseline 0.01 -18"><span class='ocrx_word' id='word_1_255' title='bbox 2100 3804 2249 3876; x_wconf 80' lang='lat' dir='ltr'><strong>&#39;§|l.</strong></span> <span class='ocrx_word' id='word_1_256' title='bbox 2288 3806 2341 3860; x_wconf 92' lang='lat' dir='ltr'><strong>In</strong></span> <span class='ocrx_word' id='word_1_257' title='bbox 2385 3808 2491 3862; x_wconf 87' lang='lat' dir='ltr'><strong>hoc</strong></span> <span class='ocrx_word' id='word_1_258' title='bbox 2543 3820 2693 3863; x_wconf 90' lang='lat' dir='ltr'><strong>tanto</strong></span> <span class='ocrx_word' id='word_1_259' title='bbox 2756 3821 3029 3864; x_wconf 85' lang='lat' dir='ltr'><strong>tantorum</strong></span> <span class='ocrx_word' id='word_1_260' title='bbox 3088 3813 3329 3866; x_wconf 88' lang='lat' dir='ltr'><strong>virorum</strong></span> <span class='ocrx_word' id='word_1_261' title='bbox 3376 3816 3623 3873; x_wconf 84' lang='lat' dir='ltr'><strong>dissensu</strong></span> 
     </span>
    </p>
   </div>
   <div class='ocr_carea' id='block_1_43' title="bbox 376 3886 3623 3971">
    <p class='ocr_par' dir='ltr' id='par_1_43' title="bbox 376 3886 3623 3971">
     <span class='ocr_line' id='line_1_43' title="bbox 376 3886 3623 3971; baseline 0.003 -21"><span class='ocrx_word' id='word_1_262' title='bbox 376 3893 629 3965; x_wconf 83' lang='lat' dir='ltr'><strong>Origenis</strong></span> <span class='ocrx_word' id='word_1_263' title='bbox 658 3902 945 3968; x_wconf 67' lang='lat' dir='ltr'><strong>coaetanei,</strong></span> <span class='ocrx_word' id='word_1_264' title='bbox 980 3902 1154 3971; x_wconf 83' lang='lat' dir='ltr'><strong>ipsum</strong></span> <span class='ocrx_word' id='word_1_265' title='bbox 1184 3903 1236 3956; x_wconf 90' lang='lat' dir='ltr'><strong>in</strong></span> <span class='ocrx_word' id='word_1_266' title='bbox 1264 3903 1497 3955; x_wconf 80' lang='lat' dir='ltr'><strong>maximo</strong></span> <span class='ocrx_word' id='word_1_267' title='bbox 1521 3903 1695 3971; x_wconf 86' lang='lat' dir='ltr'><strong>pretio</strong></span> <span class='ocrx_word' id='word_1_268' title='bbox 1736 3917 1951 3970; x_wconf 89' lang='lat' dir='ltr'><strong>semper</strong></span> <span class='ocrx_word' id='word_1_269' title='bbox 1982 3886 2023 3940; x_wconf 80' lang='grc' dir='ltr'><strong>Β</strong></span> <span class='ocrx_word' id='word_1_270' title='bbox 2049 3898 2340 3963; x_wconf 76' lang='lat' dir='ltr'><strong>optandum</strong></span> <span class='ocrx_word' id='word_1_271' title='bbox 2364 3909 2505 3963; x_wconf 85' lang='lat' dir='ltr'><strong>erat,</strong></span> <span class='ocrx_word' id='word_1_272' title='bbox 2546 3912 2603 3954; x_wconf 89' lang='lat' dir='ltr'><strong>ut</strong></span> <span class='ocrx_word' id='word_1_273' title='bbox 2654 3917 2720 3955; x_wconf 82' lang='lat' dir='ltr'><strong>ex</strong></span> <span class='ocrx_word' id='word_1_274' title='bbox 2776 3902 3021 3965; x_wconf 89' lang='lat' dir='ltr'><strong>intinitis,</strong></span> <span class='ocrx_word' id='word_1_275' title='bbox 3065 3918 3185 3971; x_wconf 68' lang='lat' dir='ltr'><strong>quae</strong></span> <span class='ocrx_word' id='word_1_276' title='bbox 3232 3905 3623 3963; x_wconf 79' lang='lat' dir='ltr'><strong>Chalcenterus</strong></span> 
     </span>
    </p>
   </div>
   <div class='ocr_carea' id='block_1_44' title="bbox 377 3988 3628 4061">
    <p class='ocr_par' dir='ltr' id='par_1_44' title="bbox 377 3988 3628 4061">
     <span class='ocr_line' id='line_1_44' title="bbox 377 3988 3628 4061; baseline 0.003 -19"><span class='ocrx_word' id='word_1_277' title='bbox 377 3989 681 4045; x_wconf 90' lang='lat' dir='ltr'><strong>habuerunt</strong></span> <span class='ocrx_word' id='word_1_278' title='bbox 712 4011 725 4047; x_wconf 91' lang='lat'><strong>:</strong></span> <span class='ocrx_word' id='word_1_279' title='bbox 761 4002 816 4047; x_wconf 90' lang='lat' dir='ltr'><strong>et</strong></span> <span class='ocrx_word' id='word_1_280' title='bbox 878 4004 987 4048; x_wconf 91' lang='lat' dir='ltr'><strong>tota</strong></span> <span class='ocrx_word' id='word_1_281' title='bbox 1042 3994 1352 4057; x_wconf 80' lang='lat' dir='ltr'><strong>Palaestina,</strong></span> <span class='ocrx_word' id='word_1_282' title='bbox 1403 3994 1623 4057; x_wconf 89' lang='lat' dir='ltr'><strong>Arabia,</strong></span> <span class='ocrx_word' id='word_1_283' title='bbox 1669 3994 1948 4049; x_wconf 69' lang='lat' dir='ltr'><strong>Phoenicia</strong></span> <span class='ocrx_word' id='word_1_284' title='bbox 2050 3988 2140 4044; x_wconf 92' lang='lat' dir='ltr'><strong>ille</strong></span> <span class='ocrx_word' id='word_1_285' title='bbox 2168 3990 2527 4053; x_wconf 81' lang='lat' dir='ltr'><strong>elucubravit,</strong></span> <span class='ocrx_word' id='word_1_286' title='bbox 2578 3993 2797 4060; x_wconf 86' lang='lat' dir='ltr'><strong>scriptis</strong></span> <span class='ocrx_word' id='word_1_287' title='bbox 2828 3993 2983 4061; x_wconf 91' lang='lat' dir='ltr'><strong>plura</strong></span> <span class='ocrx_word' id='word_1_288' title='bbox 3031 3995 3097 4047; x_wconf 91' lang='lat' dir='ltr'><strong>ad</strong></span> <span class='ocrx_word' id='word_1_289' title='bbox 3135 4010 3235 4049; x_wconf 92' lang='lat' dir='ltr'><strong>nos</strong></span> <span class='ocrx_word' id='word_1_290' title='bbox 3279 4000 3628 4055; x_wconf 78' lang='lat' dir='ltr'><strong>devertissent</strong></span> 
     </span>
    </p>
   </div>
   <div class='ocr_carea' id='block_1_45' title="bbox 374 4082 1946 4157">
    <p class='ocr_par' dir='ltr' id='par_1_45' title="bbox 374 4082 1946 4157">
     <span class='ocr_line' id='line_1_45' title="bbox 374 4082 1946 4157; baseline 0.003 -23"><span class='ocrx_word' id='word_1_291' title='bbox 374 4091 429 4135; x_wconf 91' lang='lat' dir='ltr'><strong>et</strong></span> <span class='ocrx_word' id='word_1_292' title='bbox 472 4082 676 4137; x_wconf 84' lang='lat' dir='ltr'><strong>Achaia</strong></span> <span class='ocrx_word' id='word_1_293' title='bbox 726 4099 945 4139; x_wconf 81' lang='lat' dir='ltr'><strong>causam</strong></span> <span class='ocrx_word' id='word_1_294' title='bbox 996 4086 1246 4157; x_wconf 81' lang='lat' dir='ltr'><strong>Origenis</strong></span> <span class='ocrx_word' id='word_1_295' title='bbox 1301 4086 1560 4139; x_wconf 86' lang='lat' dir='ltr'><strong>adversus</strong></span> <span class='ocrx_word' id='word_1_296' title='bbox 1621 4086 1946 4139; x_wconf 89' lang='lat' dir='ltr'><strong>Demetrium</strong></span> 
     </span>
    </p>
   </div>
   <div class='ocr_carea' id='block_1_46' title="bbox 374 4169 1946 4246">
    <p class='ocr_par' dir='ltr' id='par_1_46' title="bbox 374 4169 1946 4246">
     <span class='ocr_line' id='line_1_46' title="bbox 374 4169 1946 4246; baseline 0.005 -25"><span class='ocrx_word' id='word_1_297' title='bbox 374 4169 795 4227; x_wconf 77' lang='lat' dir='ltr'><strong>Alexandrinum</strong></span> <span class='ocrx_word' id='word_1_298' title='bbox 826 4186 1253 4246; x_wconf 84' lang='lat' dir='ltr'><strong>propugnarunt.</strong></span> <span class='ocrx_word' id='word_1_299' title='bbox 1287 4175 1539 4230; x_wconf 80' lang='lat' dir='ltr'><strong>Eamdem</strong></span> <span class='ocrx_word' id='word_1_300' title='bbox 1561 4176 1752 4229; x_wconf 90' lang='lat' dir='ltr'><strong>deinde</strong></span> <span class='ocrx_word' id='word_1_301' title='bbox 1790 4176 1946 4229; x_wconf 88' lang='lat' dir='ltr'><strong>tutati</strong></span> 
     </span>
    </p>
   </div>
   <div class='ocr_carea' id='block_1_47' title="bbox 374 4262 1949 4337">
    <p class='ocr_par' dir='ltr' id='par_1_47' title="bbox 374 4262 1949 4337">
     <span class='ocr_line' id='line_1_47' title="bbox 374 4262 1949 4337; baseline 0.005 -24"><span class='ocrx_word' id='word_1_302' title='bbox 374 4272 500 4315; x_wconf 90' lang='lat' dir='ltr'><strong>sunt</strong></span> <span class='ocrx_word' id='word_1_303' title='bbox 558 4262 873 4332; x_wconf 87' lang='lat' dir='ltr'><strong>Pamphilus</strong></span> <span class='ocrx_word' id='word_1_304' title='bbox 936 4278 1142 4337; x_wconf 80' lang='lat' dir='ltr'><strong>martyr</strong></span> <span class='ocrx_word' id='word_1_305' title='bbox 1192 4276 1247 4321; x_wconf 89' lang='lat' dir='ltr'><strong>et</strong></span> <span class='ocrx_word' id='word_1_306' title='bbox 1300 4267 1563 4322; x_wconf 87' lang='lat' dir='ltr'><strong>Eusebius</strong></span> <span class='ocrx_word' id='word_1_307' title='bbox 1599 4266 1949 4322; x_wconf 70' lang='lat' dir='ltr'><strong>Caesariensis</strong></span> 
     </span>
    </p>
   </div>
   <div class='ocr_carea' id='block_1_48' title="bbox 372 4354 1948 4427">
    <p class='ocr_par' dir='ltr' id='par_1_48' title="bbox 372 4354 1948 4427">
     <span class='ocr_line' id='line_1_48' title="bbox 372 4354 1948 4427; baseline 0.003 -20"><span class='ocrx_word' id='word_1_308' title='bbox 372 4366 468 4421; x_wconf 85' lang='lat' dir='ltr'><strong>per</strong></span> <span class='ocrx_word' id='word_1_309' title='bbox 487 4354 797 4424; x_wconf 85' lang='lat' dir='ltr'><strong>Apologiam</strong></span> <span class='ocrx_word' id='word_1_310' title='bbox 830 4373 921 4411; x_wconf 74' lang='lat' dir='ltr'><strong>sex</strong></span> <span class='ocrx_word' id='word_1_311' title='bbox 951 4358 1119 4411; x_wconf 73' lang='lat' dir='ltr'><strong>libr0s</strong></span> <span class='ocrx_word' id='word_1_312' title='bbox 1153 4359 1514 4427; x_wconf 75' lang='lat' dir='ltr'><strong>complexam,</strong></span> <span class='ocrx_word' id='word_1_313' title='bbox 1569 4374 1793 4427; x_wconf 90' lang='lat' dir='ltr'><strong>quorum</strong></span> <span class='ocrx_word' id='word_1_314' title='bbox 1827 4358 1948 4413; x_wconf 90' lang='lat' dir='ltr'><strong>uni-</strong></span> 
     </span>
    </p>
   </div>
   <div class='ocr_carea' id='block_1_49' title="bbox 370 4450 1946 4520">
    <p class='ocr_par' dir='ltr' id='par_1_49' title="bbox 370 4450 1946 4520">
     <span class='ocr_line' id='line_1_49' title="bbox 370 4450 1946 4520; baseline 0.005 -20"><span class='ocrx_word' id='word_1_315' title='bbox 370 4460 467 4502; x_wconf 89' lang='lat' dir='ltr'><strong>cus</strong></span> <span class='ocrx_word' id='word_1_316' title='bbox 518 4457 782 4517; x_wconf 87' lang='lat' dir='ltr'><strong>superest.</strong></span> <span class='ocrx_word' id='word_1_317' title='bbox 821 4450 968 4504; x_wconf 86' lang='lat' dir='ltr'><strong>Alios</strong></span> <span class='ocrx_word' id='word_1_318' title='bbox 1019 4467 1239 4520; x_wconf 88' lang='lat' dir='ltr'><strong>quoque</strong></span> <span class='ocrx_word' id='word_1_319' title='bbox 1297 4452 1476 4519; x_wconf 83' lang='lat' dir='ltr'><strong>magni</strong></span> <span class='ocrx_word' id='word_1_320' title='bbox 1522 4452 1759 4507; x_wconf 88' lang='lat' dir='ltr'><strong>nominis</strong></span> <span class='ocrx_word' id='word_1_321' title='bbox 1800 4453 1946 4508; x_wconf 86' lang='lat' dir='ltr'><strong>viros</strong></span> 
     </span>
    </p>
   </div>
   <div class='ocr_carea' id='block_1_50' title="bbox 370 4540 1939 4614">
    <p class='ocr_par' dir='ltr' id='par_1_50' title="bbox 370 4540 1939 4614">
     <span class='ocr_line' id='line_1_50' title="bbox 370 4540 1939 4614; baseline 0.004 -21"><span class='ocrx_word' id='word_1_322' title='bbox 370 4540 679 4610; x_wconf 84' lang='lat' dir='ltr'><strong>complures</strong></span> <span class='ocrx_word' id='word_1_323' title='bbox 719 4543 940 4598; x_wconf 86' lang='lat' dir='ltr'><strong>Eusebii</strong></span> <span class='ocrx_word' id='word_1_324' title='bbox 975 4546 1311 4613; x_wconf 88' lang='lat' dir='ltr'><strong>temporibus</strong></span> <span class='ocrx_word' id='word_1_325' title='bbox 1350 4545 1639 4614; x_wconf 84' lang='lat' dir='ltr'><strong>Apologias</strong></span> <span class='ocrx_word' id='word_1_326' title='bbox 1675 4561 1774 4614; x_wconf 91' lang='lat' dir='ltr'><strong>pro</strong></span> <span class='ocrx_word' id='word_1_327' title='bbox 1812 4544 1939 4600; x_wconf 83' lang='lat' dir='ltr'><strong>Ori-</strong></span> 
     </span>
    </p>
   </div>
   <div class='ocr_carea' id='block_1_51' title="bbox 367 4635 1942 4708">
    <p class='ocr_par' dir='ltr' id='par_1_51' title="bbox 367 4635 1942 4708">
     <span class='ocr_line' id='line_1_51' title="bbox 367 4635 1942 4708; baseline 0.004 -22"><span class='ocrx_word' id='word_1_328' title='bbox 367 4646 503 4701; x_wconf 88' lang='lat' dir='ltr'><strong>gene</strong></span> <span class='ocrx_word' id='word_1_329' title='bbox 528 4635 808 4705; x_wconf 88' lang='lat' dir='ltr'><strong>scripsisse</strong></span> <span class='ocrx_word' id='word_1_330' title='bbox 843 4637 1006 4691; x_wconf 91' lang='lat' dir='ltr'><strong>tradit</strong></span> <span class='ocrx_word' id='word_1_331' title='bbox 1032 4636 1255 4691; x_wconf 89' lang='lat' dir='ltr'><strong>Pbotius</strong></span> <span class='ocrx_word' id='word_1_332' title='bbox 1281 4639 1400 4692; x_wconf 90' lang='lat' dir='ltr'><strong>cod.</strong></span> <span class='ocrx_word' id='word_1_333' title='bbox 1436 4653 1625 4692; x_wconf 77' lang='lat' dir='ltr'><strong>cxvnt.</strong></span> <span class='ocrx_word' id='word_1_334' title='bbox 1656 4639 1942 4708; x_wconf 84' lang='lat' dir='ltr'><strong>Origenem</strong></span> 
     </span>
    </p>
   </div>
   <div class='ocr_carea' id='block_1_52' title="bbox 366 4728 1942 4794">
    <p class='ocr_par' dir='ltr' id='par_1_52' title="bbox 366 4728 1942 4794">
     <span class='ocr_line' id='line_1_52' title="bbox 366 4728 1942 4794; baseline 0.003 -16"><span class='ocrx_word' id='word_1_335' title='bbox 366 4740 532 4794; x_wconf 91' lang='lat' dir='ltr'><strong>porro</strong></span> <span class='ocrx_word' id='word_1_336' title='bbox 562 4735 817 4792; x_wconf 88' lang='lat' dir='ltr'><strong>tanquam</strong></span> <span class='ocrx_word' id='word_1_337' title='bbox 864 4728 1146 4783; x_wconf 80' lang='lat' dir='ltr'><strong>catholica:</strong></span> <span class='ocrx_word' id='word_1_338' title='bbox 1194 4729 1314 4783; x_wconf 84' lang='lat' dir='ltr'><strong>ﬁdei</strong></span> <span class='ocrx_word' id='word_1_339' title='bbox 1366 4731 1630 4785; x_wconf 80' lang='lat' dir='ltr'><strong>adversus</strong></span> <span class='ocrx_word' id='word_1_340' title='bbox 1665 4731 1942 4793; x_wconf 69' lang='lat' dir='ltr'><strong>haeresim,</strong></span> 
     </span>
    </p>
   </div>
   <div class='ocr_carea' id='block_1_53' title="bbox 365 4821 1943 4893">
    <p class='ocr_par' dir='ltr' id='par_1_53' title="bbox 365 4821 1943 4893">
     <span class='ocr_line' id='line_1_53' title="bbox 365 4821 1943 4893; baseline 0.004 -23"><span class='ocrx_word' id='word_1_341' title='bbox 365 4832 487 4887; x_wconf 74' lang='lat' dir='ltr'><strong>quae</strong></span> <span class='ocrx_word' id='word_1_342' title='bbox 515 4832 702 4889; x_wconf 89' lang='lat' dir='ltr'><strong>postea</strong></span> <span class='ocrx_word' id='word_1_343' title='bbox 737 4823 936 4876; x_wconf 84' lang='lat' dir='ltr'><strong>Ariana</strong></span> <span class='ocrx_word' id='word_1_344' title='bbox 980 4824 1126 4878; x_wconf 90' lang='lat' dir='ltr'><strong>dicta</strong></span> <span class='ocrx_word' id='word_1_345' title='bbox 1162 4821 1286 4886; x_wconf 82' lang='lat' dir='ltr'><strong>fuit,</strong></span> <span class='ocrx_word' id='word_1_346' title='bbox 1316 4835 1594 4878; x_wconf 89' lang='lat' dir='ltr'><strong>strenuum</strong></span> <span class='ocrx_word' id='word_1_347' title='bbox 1628 4838 1943 4893; x_wconf 89' lang='lat' dir='ltr'><strong>propugna-</strong></span> 
     </span>
    </p>
   </div>
   <div class='ocr_carea' id='block_1_54' title="bbox 366 4910 1943 4983">
    <p class='ocr_par' dir='ltr' id='par_1_54' title="bbox 366 4910 1943 4983">
     <span class='ocr_line' id='line_1_54' title="bbox 366 4910 1943 4983; baseline 0.004 -23"><span class='ocrx_word' id='word_1_348' title='bbox 366 4917 539 4964; x_wconf 89' lang='lat' dir='ltr'><strong>torem</strong></span> <span class='ocrx_word' id='word_1_349' title='bbox 596 4910 835 4965; x_wconf 85' lang='lat' dir='ltr'><strong>laudavit</strong></span> <span class='ocrx_word' id='word_1_350' title='bbox 887 4928 1113 4983; x_wconf 85' lang='lat' dir='ltr'><strong>magnus</strong></span> <span class='ocrx_word' id='word_1_351' title='bbox 1164 4914 1500 4967; x_wconf 85' lang='lat' dir='ltr'><strong>Athanasius</strong></span> <span class='ocrx_word' id='word_1_352' title='bbox 1561 4913 1613 4965; x_wconf 92' lang='lat' dir='ltr'><strong>in</strong></span> <span class='ocrx_word' id='word_1_353' title='bbox 1669 4912 1806 4968; x_wconf 91' lang='lat' dir='ltr'><strong>libro</strong></span> <span class='ocrx_word' id='word_1_354' title='bbox 1866 4911 1943 4966; x_wconf 85' lang='lat' dir='ltr'><strong>De</strong></span> 
     </span>
    </p>
   </div>
   <div class='ocr_carea' id='block_1_55' title="bbox 363 5001 1942 5074">
    <p class='ocr_par' dir='ltr' id='par_1_55' title="bbox 363 5001 1942 5074">
     <span class='ocr_line' id='line_1_55' title="bbox 363 5001 1942 5074; baseline 0.003 -22"><span class='ocrx_word' id='word_1_355' title='bbox 363 5001 584 5055; x_wconf 81' lang='lat' dir='ltr'><strong>decretis</strong></span> <span class='ocrx_word' id='word_1_356' title='bbox 629 5002 867 5058; x_wconf 62' lang='lat' dir='ltr'><strong>Nicena:</strong></span> <span class='ocrx_word' id='word_1_357' title='bbox 895 5006 1103 5074; x_wconf 76' lang='lat' dir='ltr'><strong>synodi.</strong></span> <span class='ocrx_word' id='word_1_358' title='bbox 1154 5003 1248 5059; x_wconf 85' lang='lat' dir='ltr'><strong>His</strong></span> <span class='ocrx_word' id='word_1_359' title='bbox 1278 5004 1651 5059; x_wconf 83' lang='lat' dir='ltr'><strong>accensendus</strong></span> <span class='ocrx_word' id='word_1_360' title='bbox 1687 5003 1942 5074; x_wconf 89' lang='lat' dir='ltr'><strong>Didymus</strong></span> 
     </span>
    </p>
   </div>
   <div class='ocr_carea' id='block_1_56' title="bbox 362 5091 1932 5165">
    <p class='ocr_par' dir='ltr' id='par_1_56' title="bbox 362 5091 1932 5165">
     <span class='ocr_line' id='line_1_56' title="bbox 362 5091 1932 5165; baseline -0.001 -18"><span class='ocrx_word' id='word_1_361' title='bbox 362 5091 761 5149; x_wconf 73' lang='lat' dir='ltr'><strong>AleXandrinus</strong></span> <span class='ocrx_word' id='word_1_362' title='bbox 790 5096 908 5165; x_wconf 88' lang='lat' dir='ltr'><strong>(vir</strong></span> <span class='ocrx_word' id='word_1_363' title='bbox 969 5095 1220 5159; x_wconf 87' lang='lat' dir='ltr'><strong>celebris,</strong></span> <span class='ocrx_word' id='word_1_364' title='bbox 1256 5111 1365 5165; x_wconf 91' lang='lat' dir='ltr'><strong>quo</strong></span> <span class='ocrx_word' id='word_1_365' title='bbox 1402 5096 1662 5163; x_wconf 78' lang='lat' dir='ltr'><strong>magistro</strong></span> <span class='ocrx_word' id='word_1_366' title='bbox 1691 5108 1752 5147; x_wconf 90' lang='lat' dir='ltr'><strong>se</strong></span> <span class='ocrx_word' id='word_1_367' title='bbox 1777 5109 1932 5147; x_wconf 89' lang='lat' dir='ltr'><strong>usum</strong></span> 
     </span>
    </p>
   </div>
   <div class='ocr_carea' id='block_1_57' title="bbox 362 5183 1938 5257">
    <p class='ocr_par' dir='ltr' id='par_1_57' title="bbox 362 5183 1938 5257">
     <span class='ocr_line' id='line_1_57' title="bbox 362 5183 1938 5257; baseline -0.001 -20"><span class='ocrx_word' id='word_1_368' title='bbox 362 5184 563 5252; x_wconf 71' lang='lat' dir='ltr'><strong>saepius</strong></span> <span class='ocrx_word' id='word_1_369' title='bbox 607 5184 968 5257; x_wconf 84' lang='lat' dir='ltr'><strong>Hieronymus</strong></span> <span class='ocrx_word' id='word_1_370' title='bbox 1021 5187 1330 5257; x_wconf 81' lang='lat' dir='ltr'><strong>gloriatur),</strong></span> <span class='ocrx_word' id='word_1_371' title='bbox 1394 5186 1484 5254; x_wconf 83' lang='lat' dir='ltr'><strong>qui</strong></span> <span class='ocrx_word' id='word_1_372' title='bbox 1547 5199 1645 5251; x_wconf 86' lang='lat' dir='ltr'><strong>pro</strong></span> <span class='ocrx_word' id='word_1_373' title='bbox 1706 5183 1938 5250; x_wconf 75' lang='lat' dir='ltr'><strong>Origene</strong></span> 
     </span>
    </p>
   </div>
   <div class='ocr_carea' id='block_1_58' title="bbox 361 5277 1939 5348">
    <p class='ocr_par' dir='ltr' id='par_1_58' title="bbox 361 5277 1939 5348">
     <span class='ocr_line' id='line_1_58' title="bbox 361 5277 1939 5348; baseline 0.001 -19"><span class='ocrx_word' id='word_1_374' title='bbox 361 5277 769 5348; x_wconf 83' lang='lat' dir='ltr'><strong>Apologeticum</strong></span> <span class='ocrx_word' id='word_1_375' title='bbox 798 5280 987 5343; x_wconf 90' lang='lat' dir='ltr'><strong>edidit,</strong></span> <span class='ocrx_word' id='word_1_376' title='bbox 1019 5290 1075 5335; x_wconf 91' lang='lat' dir='ltr'><strong>et</strong></span> <span class='ocrx_word' id='word_1_377' title='bbox 1107 5278 1262 5335; x_wconf 81' lang='lat' dir='ltr'><strong>Titus</strong></span> <span class='ocrx_word' id='word_1_378' title='bbox 1291 5278 1607 5334; x_wconf 86' lang='lat' dir='ltr'><strong>Bostrorum</strong></span> <span class='ocrx_word' id='word_1_379' title='bbox 1631 5280 1939 5347; x_wconf 86' lang='lat' dir='ltr'><strong>episcopus,</strong></span> 
     </span>
    </p>
   </div>
   <div class='ocr_carea' id='block_1_59' title="bbox 361 5368 1941 5442">
    <p class='ocr_par' dir='ltr' id='par_1_59' title="bbox 361 5368 1941 5442">
     <span class='ocr_line' id='line_1_59' title="bbox 361 5368 1941 5442; baseline -0.003 -17"><span class='ocrx_word' id='word_1_380' title='bbox 361 5383 414 5425; x_wconf 90' lang='lat' dir='ltr'><strong>et</strong></span> <span class='ocrx_word' id='word_1_381' title='bbox 438 5372 821 5442; x_wconf 82' lang='lat' dir='ltr'><strong>Gregoriorum</strong></span> <span class='ocrx_word' id='word_1_382' title='bbox 858 5372 1037 5427; x_wconf 90' lang='lat' dir='ltr'><strong>nobile</strong></span> <span class='ocrx_word' id='word_1_383' title='bbox 1082 5387 1203 5440; x_wconf 89' lang='lat' dir='ltr'><strong>par,</strong></span> <span class='ocrx_word' id='word_1_384' title='bbox 1244 5370 1618 5425; x_wconf 79' lang='lat' dir='ltr'><strong>Nazianzenus</strong></span> <span class='ocrx_word' id='word_1_385' title='bbox 1656 5380 1711 5424; x_wconf 90' lang='lat' dir='ltr'><strong>et</strong></span> <span class='ocrx_word' id='word_1_386' title='bbox 1744 5368 1941 5439; x_wconf 75' lang='lat' dir='ltr'><strong>NySse-</strong></span> 
     </span>
    </p>
   </div>
   <div class='ocr_carea' id='block_1_60' title="bbox 363 5461 1930 5533">
    <p class='ocr_par' dir='ltr' id='par_1_60' title="bbox 363 5461 1930 5533">
     <span class='ocr_line' id='line_1_60' title="bbox 363 5461 1930 5533; baseline -0.003 -14"><span class='ocrx_word' id='word_1_387' title='bbox 363 5483 485 5531; x_wconf 86' lang='lat' dir='ltr'><strong>nus,</strong></span> <span class='ocrx_word' id='word_1_388' title='bbox 512 5478 567 5521; x_wconf 88' lang='lat' dir='ltr'><strong>et</strong></span> <span class='ocrx_word' id='word_1_389' title='bbox 591 5467 832 5522; x_wconf 84' lang='lat' dir='ltr'><strong>Joannes</strong></span> <span class='ocrx_word' id='word_1_390' title='bbox 863 5466 1410 5533; x_wconf 80' lang='lat' dir='ltr'><strong>Hierosolyinilanus,</strong></span> <span class='ocrx_word' id='word_1_391' title='bbox 1445 5463 1682 5518; x_wconf 89' lang='lat' dir='ltr'><strong>assiduis</strong></span> <span class='ocrx_word' id='word_1_392' title='bbox 1711 5478 1831 5516; x_wconf 87' lang='lat' dir='ltr'><strong>eam</strong></span> <span class='ocrx_word' id='word_1_393' title='bbox 1862 5461 1930 5515; x_wconf 88' lang='lat' dir='ltr'><strong>ob</strong></span> 
     </span>
    </p>
   </div>
   <div class='ocr_carea' id='block_1_61' title="bbox 364 5554 1934 5627">
    <p class='ocr_par' dir='ltr' id='par_1_61' title="bbox 364 5554 1934 5627">
     <span class='ocr_line' id='line_1_61' title="bbox 364 5554 1934 5627; baseline -0.002 -18"><span class='ocrx_word' id='word_1_394' title='bbox 364 5572 475 5610; x_wconf 87' lang='lat' dir='ltr'><strong>rem</strong></span> <span class='ocrx_word' id='word_1_395' title='bbox 528 5557 812 5627; x_wconf 86' lang='lat' dir='ltr'><strong>Epiphauii</strong></span> <span class='ocrx_word' id='word_1_396' title='bbox 882 5569 939 5613; x_wconf 88' lang='lat' dir='ltr'><strong>et</strong></span> <span class='ocrx_word' id='word_1_397' title='bbox 988 5558 1300 5627; x_wconf 87' lang='lat' dir='ltr'><strong>llieronymi</strong></span> <span class='ocrx_word' id='word_1_398' title='bbox 1347 5556 1565 5625; x_wconf 87' lang='lat' dir='ltr'><strong>probris</strong></span> <span class='ocrx_word' id='word_1_399' title='bbox 1628 5554 1934 5608; x_wconf 84' lang='lat' dir='ltr'><strong>lacessitus.</strong></span> 
     </span>
    </p>
   </div>
   <div class='ocr_carea' id='block_1_62' title="bbox 1967 5231 2011 5286">
    <p class='ocr_par' dir='ltr' id='par_1_62' title="bbox 1967 5231 2011 5286">
     <span class='ocr_line' id='line_1_62' title="bbox 1967 5231 2011 5286; baseline 0 0"><span class='ocrx_word' id='word_1_400' title='bbox 1967 5231 2011 5286; x_wconf 86' lang='lat' dir='ltr'><strong><em>C</em></strong></span> 
     </span>
    </p>
   </div>
   <div class='ocr_carea' id='block_1_63' title="bbox 360 5649 1999 5722">
    <p class='ocr_par' dir='ltr' id='par_1_63' title="bbox 360 5649 1999 5722">
     <span class='ocr_line' id='line_1_63' title="bbox 360 5649 1999 5722; baseline -0.002 -19"><span class='ocrx_word' id='word_1_401' title='bbox 360 5649 663 5706; x_wconf 77' lang='lat' dir='ltr'><strong>Methodius</strong></span> <span class='ocrx_word' id='word_1_402' title='bbox 687 5666 936 5722; x_wconf 86' lang='lat' dir='ltr'><strong>quoque,</strong></span> <span class='ocrx_word' id='word_1_403' title='bbox 982 5651 1072 5720; x_wconf 93' lang='lat' dir='ltr'><strong>qui</strong></span> <span class='ocrx_word' id='word_1_404' title='bbox 1115 5650 1206 5704; x_wconf 79' lang='lat' dir='ltr'><strong>d.u</strong></span> <span class='ocrx_word' id='word_1_405' title='bbox 1253 5656 1380 5703; x_wconf 88' lang='lat' dir='ltr'><strong>ante</strong></span> <span class='ocrx_word' id='word_1_406' title='bbox 1420 5659 1662 5703; x_wconf 79' lang='lat' dir='ltr'><strong>exortam</strong></span> <span class='ocrx_word' id='word_1_407' title='bbox 1720 5658 1939 5700; x_wconf 82' lang='lat' dir='ltr'><strong>contro-</strong></span> <span class='ocrx_word' id='word_1_408' title='bbox 1988 5688 1999 5699; x_wconf 92' lang='lat'><strong>.</strong></span> 
     </span>
    </p>
   </div>
   <div class='ocr_carea' id='block_1_64' title="bbox 431 5763 1926 5837">
    <p class='ocr_par' dir='ltr' id='par_1_64' title="bbox 431 5763 1926 5837">
     <span class='ocr_line' id='line_1_64' title="bbox 431 5763 1926 5837; baseline -0.006 -16"><span class='ocrx_word' id='word_1_409' title='bbox 431 5766 543 5833; x_wconf 71' lang='lat'><strong>1‘22)</strong></span> <span class='ocrx_word' id='word_1_410' title='bbox 582 5765 653 5820; x_wconf 83' lang='lat' dir='ltr'><strong><em>Ut</em></strong></span> <span class='ocrx_word' id='word_1_411' title='bbox 682 5768 840 5835; x_wconf 81' lang='lat' dir='ltr'><strong>facile</strong></span> <span class='ocrx_word' id='word_1_412' title='bbox 862 5768 1135 5837; x_wconf 81' lang='lat' dir='ltr'><strong>conjicias,</strong></span> <span class='ocrx_word' id='word_1_413' title='bbox 1162 5775 1378 5837; x_wconf 62' lang='lat' dir='ltr'><strong>quanto</strong></span> <span class='ocrx_word' id='word_1_414' title='bbox 1418 5763 1610 5837; x_wconf 65' lang='lat' dir='ltr'><strong>majori</strong></span> <span class='ocrx_word' id='word_1_415' title='bbox 1655 5771 1769 5831; x_wconf 79' lang='lat' dir='ltr'><strong>post</strong></span> <span class='ocrx_word' id='word_1_416' title='bbox 1812 5775 1926 5828; x_wconf 74' lang='lat' dir='ltr'><strong>ejus</strong></span> 
     </span>
    </p>
   </div>
   <div class='ocr_carea' id='block_1_65' title="bbox 268 5834 1923 5905">
    <p class='ocr_par' dir='ltr' id='par_1_65' title="bbox 268 5834 1923 5905">
     <span class='ocr_line' id='line_1_65' title="bbox 268 5834 1923 5905; baseline -0.007 -12"><span class='ocrx_word' id='word_1_417' title='bbox 268 5886 274 5893; x_wconf 91' lang='lat'><strong>.</strong></span> <span class='ocrx_word' id='word_1_418' title='bbox 361 5838 557 5890; x_wconf 84' lang='lat' dir='ltr'><strong>obitum</strong></span> <span class='ocrx_word' id='word_1_419' title='bbox 604 5834 966 5905; x_wconf 39' lang='lat' dir='ltr'><strong>conﬁdentia,&#39;</strong></span> <span class='ocrx_word' id='word_1_420' title='bbox 998 5848 1103 5892; x_wconf 90' lang='lat' dir='ltr'><strong>etc.</strong></span> <span class='ocrx_word' id='word_1_421' title='bbox 1158 5834 1289 5891; x_wconf 86' lang='lat' dir='ltr'><strong>Vide</strong></span> <span class='ocrx_word' id='word_1_422' title='bbox 1337 5834 1714 5905; x_wconf 68' lang='lat' dir='ltr'><strong>Prml’atiouem</strong></span> <span class='ocrx_word' id='word_1_423' title='bbox 1779 5842 1923 5905; x_wconf 70' lang='lat' dir='ltr'><strong>torno</strong></span> 
     </span>
    </p>
   </div>
   <div class='ocr_carea' id='block_1_66' title="bbox 362 5900 1926 5978">
    <p class='ocr_par' dir='ltr' id='par_1_66' title="bbox 362 5900 1926 5978">
     <span class='ocr_line' id='line_1_66' title="bbox 362 5900 1926 5978; baseline -0.003 -18"><span class='ocrx_word' id='word_1_424' title='bbox 362 5919 545 5963; x_wconf 89' lang='lat' dir='ltr'><strong>nostro</strong></span> <span class='ocrx_word' id='word_1_425' title='bbox 561 5900 722 5977; x_wconf 83' lang='lat' dir='ltr'><strong>priori</strong></span> <span class='ocrx_word' id='word_1_426' title='bbox 748 5900 1046 5977; x_wconf 41' lang='lat' dir='ltr'><strong>practix&#39;am,</strong></span> <span class='ocrx_word' id='word_1_427' title='bbox 1080 5923 1201 5978; x_wconf 84' lang='lat' dir='ltr'><strong>pag.</strong></span> <span class='ocrx_word' id='word_1_428' title='bbox 1227 5905 1283 5974; x_wconf 74' lang='lat'><strong>2,</strong></span> <span class='ocrx_word' id='word_1_429' title='bbox 1310 5907 1343 5961; x_wconf 78' lang='lat'><strong>5</strong></span> <span class='ocrx_word' id='word_1_430' title='bbox 1366 5915 1424 5961; x_wconf 79' lang='lat' dir='ltr'><strong>et</strong></span> <span class='ocrx_word' id='word_1_431' title='bbox 1456 5905 1511 5972; x_wconf 76' lang='grc'><strong>4,</strong></span> <span class='ocrx_word' id='word_1_432' title='bbox 1544 5905 1632 5960; x_wconf 88' lang='lat' dir='ltr'><strong>ubi</strong></span> <span class='ocrx_word' id='word_1_433' title='bbox 1654 5904 1768 5958; x_wconf 67' lang='lat' dir='ltr'><strong>haec</strong></span> <span class='ocrx_word' id='word_1_434' title='bbox 1790 5900 1926 5956; x_wconf 84' lang='lat' dir='ltr'><strong>Bulli</strong></span> 
     </span>
    </p>
   </div>
   <div class='ocr_carea' id='block_1_67' title="bbox 2050 4079 3620 4155">
    <p class='ocr_par' dir='ltr' id='par_1_67' title="bbox 2050 4079 3620 4155">
     <span class='ocr_line' id='line_1_67' title="bbox 2050 4079 3620 4155; baseline 0.006 -22"><span class='ocrx_word' id='word_1_435' title='bbox 2050 4079 2258 4150; x_wconf 89' lang='lat' dir='ltr'><strong>integra</strong></span> <span class='ocrx_word' id='word_1_436' title='bbox 2294 4092 2350 4136; x_wconf 93' lang='lat' dir='ltr'><strong>et</strong></span> <span class='ocrx_word' id='word_1_437' title='bbox 2384 4080 2620 4147; x_wconf 88' lang='lat' dir='ltr'><strong>illibata;</strong></span> <span class='ocrx_word' id='word_1_438' title='bbox 2653 4083 2797 4137; x_wconf 87' lang='lat' dir='ltr'><strong>unde</strong></span> <span class='ocrx_word' id='word_1_439' title='bbox 2841 4084 2976 4152; x_wconf 89' lang='lat' dir='ltr'><strong>ipsi,</strong></span> <span class='ocrx_word' id='word_1_440' title='bbox 3025 4086 3201 4140; x_wconf 90' lang='lat' dir='ltr'><strong>neutri</strong></span> <span class='ocrx_word' id='word_1_441' title='bbox 3230 4089 3365 4155; x_wconf 89' lang='lat' dir='ltr'><strong>parti</strong></span> <span class='ocrx_word' id='word_1_442' title='bbox 3399 4090 3620 4153; x_wconf 78' lang='lat' dir='ltr'><strong>addicti,</strong></span> 
     </span>
    </p>
   </div>
   <div class='ocr_carea' id='block_1_68' title="bbox 2047 4173 3620 4246">
    <p class='ocr_par' dir='ltr' id='par_1_68' title="bbox 2047 4173 3620 4246">
     <span class='ocr_line' id='line_1_68' title="bbox 2047 4173 3620 4246; baseline 0.006 -20"><span class='ocrx_word' id='word_1_443' title='bbox 2047 4173 2113 4226; x_wconf 87' lang='lat' dir='ltr'><strong>de</strong></span> <span class='ocrx_word' id='word_1_444' title='bbox 2161 4173 2278 4242; x_wconf 84' lang='lat' dir='ltr'><strong>ejus</strong></span> <span class='ocrx_word' id='word_1_445' title='bbox 2324 4173 2568 4227; x_wconf 82' lang='lat' dir='ltr'><strong>doetrina</strong></span> <span class='ocrx_word' id='word_1_446' title='bbox 2635 4176 2835 4228; x_wconf 90' lang='lat' dir='ltr'><strong>certius</strong></span> <span class='ocrx_word' id='word_1_447' title='bbox 2880 4174 3178 4241; x_wconf 89' lang='lat' dir='ltr'><strong>dijudicare</strong></span> <span class='ocrx_word' id='word_1_448' title='bbox 3236 4180 3620 4246; x_wconf 88' lang='lat' dir='ltr'><strong>potuissemus.</strong></span> 
     </span>
    </p>
   </div>
   <div class='ocr_carea' id='block_1_69' title="bbox 2045 4263 3621 4338">
    <p class='ocr_par' dir='ltr' id='par_1_69' title="bbox 2045 4263 3621 4338">
     <span class='ocr_line' id='line_1_69' title="bbox 2045 4263 3621 4338; baseline 0.005 -20"><span class='ocrx_word' id='word_1_449' title='bbox 2045 4268 2144 4319; x_wconf 85' lang='lat' dir='ltr'><strong>Ast</strong></span> <span class='ocrx_word' id='word_1_450' title='bbox 2192 4263 2367 4335; x_wconf 87' lang='lat' dir='ltr'><strong>(proh</strong></span> <span class='ocrx_word' id='word_1_451' title='bbox 2407 4264 2644 4334; x_wconf 80' lang='lat' dir='ltr'><strong>dolor!)</strong></span> <span class='ocrx_word' id='word_1_452' title='bbox 2701 4280 2767 4319; x_wconf 80' lang='lat' dir='ltr'><strong>ex</strong></span> <span class='ocrx_word' id='word_1_453' title='bbox 2829 4265 2984 4319; x_wconf 91' lang='lat' dir='ltr'><strong>libris</strong></span> <span class='ocrx_word' id='word_1_454' title='bbox 3040 4264 3288 4336; x_wconf 87' lang='lat' dir='ltr'><strong>Origeuis</strong></span> <span class='ocrx_word' id='word_1_455' title='bbox 3337 4272 3621 4338; x_wconf 87' lang='lat' dir='ltr'><strong>quosdam,</strong></span> 
     </span>
    </p>
   </div>
   <div class='ocr_carea' id='block_1_70' title="bbox 2046 4355 3624 4418">
    <p class='ocr_par' dir='ltr' id='par_1_70' title="bbox 2046 4355 3624 4418">
     <span class='ocr_line' id='line_1_70' title="bbox 2046 4355 3624 4418; baseline 0.007 -11"><span class='ocrx_word' id='word_1_456' title='bbox 2046 4356 2173 4408; x_wconf 90' lang='lat' dir='ltr'><strong>dum</strong></span> <span class='ocrx_word' id='word_1_457' title='bbox 2198 4356 2244 4408; x_wconf 89' lang='lat' dir='ltr'><strong>is</strong></span> <span class='ocrx_word' id='word_1_458' title='bbox 2265 4355 2440 4408; x_wconf 87' lang='lat' dir='ltr'><strong>adhuc</strong></span> <span class='ocrx_word' id='word_1_459' title='bbox 2463 4356 2692 4418; x_wconf 83' lang='lat' dir='ltr'><strong>viveret,</strong></span> <span class='ocrx_word' id='word_1_460' title='bbox 2730 4371 2759 4407; x_wconf 87' lang='lat' dir='ltr'><strong>a</strong></span> <span class='ocrx_word' id='word_1_461' title='bbox 2786 4356 3138 4411; x_wconf 87' lang='lat' dir='ltr'><strong>maleleriatis</strong></span> <span class='ocrx_word' id='word_1_462' title='bbox 3168 4361 3476 4416; x_wconf 87' lang='lat' dir='ltr'><strong>hominibus</strong></span> <span class='ocrx_word' id='word_1_463' title='bbox 3502 4379 3624 4417; x_wconf 88' lang='lat' dir='ltr'><strong>cor-</strong></span> 
     </span>
    </p>
   </div>
   <div class='ocr_carea' id='block_1_71' title="bbox 2047 4444 3622 4517">
    <p class='ocr_par' dir='ltr' id='par_1_71' title="bbox 2047 4444 3622 4517">
     <span class='ocr_line' id='line_1_71' title="bbox 2047 4444 3622 4517; baseline 0.005 -18"><span class='ocrx_word' id='word_1_464' title='bbox 2047 4454 2236 4513; x_wconf 90' lang='lat' dir='ltr'><strong>ruptos</strong></span> <span class='ocrx_word' id='word_1_465' title='bbox 2294 4454 2455 4513; x_wconf 89' lang='lat' dir='ltr'><strong>atque</strong></span> <span class='ocrx_word' id='word_1_466' title='bbox 2504 4444 2895 4512; x_wconf 87' lang='lat' dir='ltr'><strong>interpolatos;</strong></span> <span class='ocrx_word' id='word_1_467' title='bbox 2968 4455 3024 4501; x_wconf 90' lang='lat' dir='ltr'><strong>et</strong></span> <span class='ocrx_word' id='word_1_468' title='bbox 3091 4450 3290 4517; x_wconf 84' lang='lat' dir='ltr'><strong>scripta</strong></span> <span class='ocrx_word' id='word_1_469' title='bbox 3363 4454 3622 4507; x_wconf 86' lang='lat' dir='ltr'><strong>nonnulla</strong></span> 
     </span>
    </p>
   </div>
   <div class='ocr_carea' id='block_1_72' title="bbox 2045 4538 3623 4607">
    <p class='ocr_par' dir='ltr' id='par_1_72' title="bbox 2045 4538 3623 4607">
     <span class='ocr_line' id='line_1_72' title="bbox 2045 4538 3623 4607; baseline 0.005 -17"><span class='ocrx_word' id='word_1_470' title='bbox 2045 4538 2218 4592; x_wconf 85' lang='lat' dir='ltr'><strong>aliena</strong></span> <span class='ocrx_word' id='word_1_471' title='bbox 2258 4550 2481 4607; x_wconf 88' lang='lat' dir='ltr'><strong>prorsus</strong></span> <span class='ocrx_word' id='word_1_472' title='bbox 2504 4551 2568 4590; x_wconf 90' lang='lat' dir='ltr'><strong>ac</strong></span> <span class='ocrx_word' id='word_1_473' title='bbox 2597 4538 2782 4605; x_wconf 86' lang='lat' dir='ltr'><strong>spuria</strong></span> <span class='ocrx_word' id='word_1_474' title='bbox 2828 4540 2931 4593; x_wconf 89' lang='lat' dir='ltr'><strong>sub</strong></span> <span class='ocrx_word' id='word_1_475' title='bbox 2970 4538 3087 4605; x_wconf 88' lang='lat' dir='ltr'><strong>ejus</strong></span> <span class='ocrx_word' id='word_1_476' title='bbox 3117 4543 3335 4597; x_wconf 89' lang='lat' dir='ltr'><strong>nomine</strong></span> <span class='ocrx_word' id='word_1_477' title='bbox 3376 4544 3623 4598; x_wconf 87' lang='lat' dir='ltr'><strong>celebra-</strong></span> 
     </span>
    </p>
   </div>
   <div class='ocr_carea' id='block_1_73' title="bbox 2046 4623 3620 4702">
    <p class='ocr_par' dir='ltr' id='par_1_73' title="bbox 2046 4623 3620 4702">
     <span class='ocr_line' id='line_1_73' title="bbox 2046 4623 3620 4702; baseline 0.004 -18"><span class='ocrx_word' id='word_1_478' title='bbox 2046 4630 2252 4685; x_wconf 85' lang='lat' dir='ltr'><strong>tissimo</strong></span> <span class='ocrx_word' id='word_1_479' title='bbox 2270 4628 2415 4683; x_wconf 83' lang='lat' dir='ltr'><strong>edita</strong></span> <span class='ocrx_word' id='word_1_480' title='bbox 2449 4623 2622 4683; x_wconf 73' lang='lat' dir='ltr'><strong>fuisse</strong></span> <span class='ocrx_word' id='word_1_481' title='bbox 2665 4630 2778 4699; x_wconf 90' lang='lat' dir='ltr'><strong>ipse</strong></span> <span class='ocrx_word' id='word_1_482' title='bbox 2813 4640 3153 4699; x_wconf 87' lang='lat' dir='ltr'><strong>conquestus</strong></span> <span class='ocrx_word' id='word_1_483' title='bbox 3182 4642 3267 4685; x_wconf 89' lang='lat' dir='ltr'><strong>est</strong></span> <span class='ocrx_word' id='word_1_484' title='bbox 3296 4633 3348 4686; x_wconf 92' lang='lat' dir='ltr'><strong>in</strong></span> <span class='ocrx_word' id='word_1_485' title='bbox 3380 4634 3620 4702; x_wconf 80' lang='lat' dir='ltr'><strong>Epistula</strong></span> 
     </span>
    </p>
   </div>
   <div class='ocr_carea' id='block_1_74' title="bbox 2045 4720 3620 4794">
    <p class='ocr_par' dir='ltr' id='par_1_74' title="bbox 2045 4720 3620 4794">
     <span class='ocr_line' id='line_1_74' title="bbox 2045 4720 3620 4794; baseline 0.004 -19"><span class='ocrx_word' id='word_1_486' title='bbox 2045 4723 2113 4777; x_wconf 90' lang='lat' dir='ltr'><strong>ad</strong></span> <span class='ocrx_word' id='word_1_487' title='bbox 2153 4722 2417 4792; x_wconf 83' lang='lat' dir='ltr'><strong>quosdam</strong></span> <span class='ocrx_word' id='word_1_488' title='bbox 2467 4720 2852 4775; x_wconf 78' lang='lat' dir='ltr'><strong>Alexandriam</strong></span> <span class='ocrx_word' id='word_1_489' title='bbox 2903 4723 3129 4792; x_wconf 88' lang='lat' dir='ltr'><strong>scripta.</strong></span> <span class='ocrx_word' id='word_1_490' title='bbox 3186 4722 3299 4794; x_wconf 73' lang='grc'>(22)</span> <span class='ocrx_word' id='word_1_491' title='bbox 3348 4722 3415 4778; x_wconf 90' lang='lat' dir='ltr'><strong>Ut</strong></span> <span class='ocrx_word' id='word_1_492' title='bbox 3456 4724 3620 4781; x_wconf 80' lang='lat' dir='ltr'><strong>facile</strong></span> 
     </span>
    </p>
   </div>
   <div class='ocr_carea' id='block_1_75' title="bbox 2044 4813 3619 4885">
    <p class='ocr_par' dir='ltr' id='par_1_75' title="bbox 2044 4813 3619 4885">
     <span class='ocr_line' id='line_1_75' title="bbox 2044 4813 3619 4885; baseline 0.003 -16"><span class='ocrx_word' id='word_1_493' title='bbox 2044 4813 2325 4883; x_wconf 87' lang='lat' dir='ltr'><strong>conjicias,</strong></span> <span class='ocrx_word' id='word_1_494' title='bbox 2360 4823 2571 4882; x_wconf 87' lang='lat' dir='ltr'><strong>quanto</strong></span> <span class='ocrx_word' id='word_1_495' title='bbox 2596 4814 2785 4880; x_wconf 85' lang='lat' dir='ltr'><strong>majori</strong></span> <span class='ocrx_word' id='word_1_496' title='bbox 2807 4815 3063 4885; x_wconf 77' lang='lat' dir='ltr'><strong>postejus</strong></span> <span class='ocrx_word' id='word_1_497' title='bbox 3085 4817 3292 4870; x_wconf 90' lang='lat' dir='ltr'><strong>obitum</strong></span> <span class='ocrx_word' id='word_1_498' title='bbox 3334 4820 3619 4874; x_wconf 87' lang='lat' dir='ltr'><strong>conliden-</strong></span> 
     </span>
    </p>
   </div>
   <div class='ocr_carea' id='block_1_76' title="bbox 2046 4906 3620 4979">
    <p class='ocr_par' dir='ltr' id='par_1_76' title="bbox 2046 4906 3620 4979">
     <span class='ocr_line' id='line_1_76' title="bbox 2046 4906 3620 4979; baseline 0.004 -18"><span class='ocrx_word' id='word_1_499' title='bbox 2046 4908 2119 4961; x_wconf 91' lang='lat' dir='ltr'><strong>tia</strong></span> <span class='ocrx_word' id='word_1_500' title='bbox 2170 4908 2256 4961; x_wconf 91' lang='lat' dir='ltr'><strong>isti</strong></span> <span class='ocrx_word' id='word_1_501' title='bbox 2302 4908 2644 4961; x_wconf 89' lang='lat' dir='ltr'><strong>tenebriones</strong></span> <span class='ocrx_word' id='word_1_502' title='bbox 2691 4906 2741 4960; x_wconf 89' lang='lat' dir='ltr'><strong>id</strong></span> <span class='ocrx_word' id='word_1_503' title='bbox 2788 4923 2959 4974; x_wconf 84' lang='lat' dir='ltr'><strong>genus</strong></span> <span class='ocrx_word' id='word_1_504' title='bbox 3000 4906 3238 4964; x_wconf 80' lang='lat' dir='ltr'><strong>facinora</strong></span> <span class='ocrx_word' id='word_1_505' title='bbox 3275 4923 3620 4979; x_wconf 85' lang='lat' dir='ltr'><strong>perpetrave-</strong></span> 
     </span>
    </p>
   </div>
   <div class='ocr_carea' id='block_1_77' title="bbox 2043 4994 3621 5070">
    <p class='ocr_par' dir='ltr' id='par_1_77' title="bbox 2043 4994 3621 5070">
     <span class='ocr_line' id='line_1_77' title="bbox 2043 4994 3621 5070; baseline 0.003 -20"><span class='ocrx_word' id='word_1_506' title='bbox 2043 4998 2185 5062; x_wconf 87' lang='lat' dir='ltr'><strong>rint,</strong></span> <span class='ocrx_word' id='word_1_507' title='bbox 2215 5005 2362 5051; x_wconf 88' lang='lat' dir='ltr'><strong>certe</strong></span> <span class='ocrx_word' id='word_1_508' title='bbox 2394 4994 2839 5065; x_wconf 88' lang='lat' dir='ltr'><strong>Origenianorum</strong></span> <span class='ocrx_word' id='word_1_509' title='bbox 2885 5012 3108 5067; x_wconf 89' lang='lat' dir='ltr'><strong>operum</strong></span> <span class='ocrx_word' id='word_1_510' title='bbox 3136 5014 3264 5068; x_wconf 88' lang='lat' dir='ltr'><strong>pars</strong></span> <span class='ocrx_word' id='word_1_511' title='bbox 3309 4999 3465 5070; x_wconf 83' lang='lat' dir='ltr'><strong>longe</strong></span> <span class='ocrx_word' id='word_1_512' title='bbox 3502 5018 3621 5056; x_wconf 86' lang='lat' dir='ltr'><strong>ma-</strong></span> 
     </span>
    </p>
   </div>
   <div class='ocr_carea' id='block_1_78' title="bbox 2043 5087 3614 5159">
    <p class='ocr_par' dir='ltr' id='par_1_78' title="bbox 2043 5087 3614 5159">
     <span class='ocr_line' id='line_1_78' title="bbox 2043 5087 3614 5159; baseline 0.004 -19"><span class='ocrx_word' id='word_1_513' title='bbox 2043 5088 2185 5141; x_wconf 77' lang='lat' dir='ltr'><strong>xima</strong></span> <span class='ocrx_word' id='word_1_514' title='bbox 2226 5087 2338 5157; x_wconf 87' lang='lat' dir='ltr'><strong>jam</strong></span> <span class='ocrx_word' id='word_1_515' title='bbox 2393 5087 2609 5156; x_wconf 90' lang='lat' dir='ltr'><strong>penitus</strong></span> <span class='ocrx_word' id='word_1_516' title='bbox 2657 5087 3059 5142; x_wconf 90' lang='lat' dir='ltr'><strong>interciderunt</strong></span> <span class='ocrx_word' id='word_1_517' title='bbox 3102 5108 3115 5143; x_wconf 89' lang='lat'><strong>:</strong></span> <span class='ocrx_word' id='word_1_518' title='bbox 3162 5106 3388 5159; x_wconf 68' lang='lat' dir='ltr'><strong>quaeque</strong></span> <span class='ocrx_word' id='word_1_519' title='bbox 3453 5094 3614 5147; x_wconf 91' lang='lat' dir='ltr'><strong>hodie</strong></span> 
     </span>
    </p>
   </div>
   <div class='ocr_carea' id='block_1_79' title="bbox 2044 5178 3618 5250">
    <p class='ocr_par' dir='ltr' id='par_1_79' title="bbox 2044 5178 3618 5250">
     <span class='ocr_line' id='line_1_79' title="bbox 2044 5178 3618 5250; baseline 0.004 -17"><span class='ocrx_word' id='word_1_520' title='bbox 2044 5188 2352 5247; x_wconf 89' lang='lat' dir='ltr'><strong>supersunt,</strong></span> <span class='ocrx_word' id='word_1_521' title='bbox 2416 5193 2501 5242; x_wconf 89' lang='lat' dir='ltr'><strong>ea,</strong></span> <span class='ocrx_word' id='word_1_522' title='bbox 2556 5180 2788 5248; x_wconf 89' lang='lat' dir='ltr'><strong>demptis</strong></span> <span class='ocrx_word' id='word_1_523' title='bbox 2844 5191 3026 5233; x_wconf 85' lang='lat' dir='ltr'><strong>contra</strong></span> <span class='ocrx_word' id='word_1_524' title='bbox 3070 5178 3278 5235; x_wconf 79' lang='lat' dir='ltr'><strong>Celsum</strong></span> <span class='ocrx_word' id='word_1_525' title='bbox 3340 5182 3513 5250; x_wconf 91' lang='lat' dir='ltr'><strong>libris,</strong></span> <span class='ocrx_word' id='word_1_526' title='bbox 3563 5196 3618 5239; x_wconf 93' lang='lat' dir='ltr'><strong>et</strong></span> 
     </span>
    </p>
   </div>
   <div class='ocr_carea' id='block_1_80' title="bbox 2043 5267 3616 5338">
    <p class='ocr_par' dir='ltr' id='par_1_80' title="bbox 2043 5267 3616 5338">
     <span class='ocr_line' id='line_1_80' title="bbox 2043 5267 3616 5338; baseline 0.004 -15"><span class='ocrx_word' id='word_1_527' title='bbox 2043 5270 2312 5337; x_wconf 82' lang='lat' dir='ltr'><strong>excerptis</strong></span> <span class='ocrx_word' id='word_1_528' title='bbox 2341 5269 2691 5337; x_wconf 88' lang='lat' dir='ltr'><strong>quibusdam,</strong></span> <span class='ocrx_word' id='word_1_529' title='bbox 2727 5285 2847 5338; x_wconf 76' lang='lat' dir='ltr'><strong>qua:</strong></span> <span class='ocrx_word' id='word_1_530' title='bbox 2872 5267 3173 5324; x_wconf 77' lang='lat' dir='ltr'><strong>Philocalia</strong></span> <span class='ocrx_word' id='word_1_531' title='bbox 3206 5287 3483 5338; x_wconf 87' lang='lat' dir='ltr'><strong>vocantur,</strong></span> <span class='ocrx_word' id='word_1_532' title='bbox 3516 5274 3616 5329; x_wconf 84' lang='lat' dir='ltr'><strong>La-</strong></span> 
     </span>
    </p>
   </div>
   <div class='ocr_carea' id='block_1_81' title="bbox 2041 5360 3616 5431">
    <p class='ocr_par' dir='ltr' id='par_1_81' title="bbox 2041 5360 3616 5431">
     <span class='ocr_line' id='line_1_81' title="bbox 2041 5360 3616 5431; baseline 0.005 -17"><span class='ocrx_word' id='word_1_533' title='bbox 2041 5360 2151 5414; x_wconf 89' lang='lat' dir='ltr'><strong>tine</strong></span> <span class='ocrx_word' id='word_1_534' title='bbox 2179 5370 2383 5414; x_wconf 88' lang='lat' dir='ltr'><strong>tantum</strong></span> <span class='ocrx_word' id='word_1_535' title='bbox 2410 5361 2762 5426; x_wconf 81' lang='lat' dir='ltr'><strong>exstiterunt,</strong></span> <span class='ocrx_word' id='word_1_536' title='bbox 2794 5362 2976 5431; x_wconf 90' lang='lat' dir='ltr'><strong>idque,</strong></span> <span class='ocrx_word' id='word_1_537' title='bbox 3014 5371 3072 5416; x_wconf 90' lang='lat' dir='ltr'><strong>ut</strong></span> <span class='ocrx_word' id='word_1_538' title='bbox 3098 5378 3166 5417; x_wconf 82' lang='lat' dir='ltr'><strong>ex</strong></span> <span class='ocrx_word' id='word_1_539' title='bbox 3212 5367 3375 5417; x_wconf 84' lang='lat' dir='ltr'><strong>certis</strong></span> <span class='ocrx_word' id='word_1_540' title='bbox 3404 5365 3616 5422; x_wconf 87' lang='lat' dir='ltr'><strong>indiciis</strong></span> 
     </span>
    </p>
   </div>
   <div class='ocr_carea' id='block_1_82' title="bbox 2038 5452 3615 5527">
    <p class='ocr_par' dir='ltr' id='par_1_82' title="bbox 2038 5452 3615 5527">
     <span class='ocr_line' id='line_1_82' title="bbox 2038 5452 3615 5527; baseline 0.004 -22"><span class='ocrx_word' id='word_1_541' title='bbox 2038 5461 2272 5515; x_wconf 89' lang='lat' dir='ltr'><strong>constat,</strong></span> <span class='ocrx_word' id='word_1_542' title='bbox 2299 5452 2525 5506; x_wconf 90' lang='lat' dir='ltr'><strong>multum</strong></span> <span class='ocrx_word' id='word_1_543' title='bbox 2550 5454 2619 5506; x_wconf 91' lang='lat' dir='ltr'><strong>ab</strong></span> <span class='ocrx_word' id='word_1_544' title='bbox 2648 5452 3033 5522; x_wconf 88' lang='lat' dir='ltr'><strong>interpretibus</strong></span> <span class='ocrx_word' id='word_1_545' title='bbox 3074 5454 3399 5524; x_wconf 90' lang='lat' dir='ltr'><strong>interpolata</strong></span> <span class='ocrx_word' id='word_1_546' title='bbox 3452 5467 3615 5527; x_wconf 87' lang='lat' dir='ltr'><strong>atque</strong></span> 
     </span>
    </p>
   </div>
   <div class='ocr_carea' id='block_1_83' title="bbox 2038 5544 3614 5614">
    <p class='ocr_par' dir='ltr' id='par_1_83' title="bbox 2038 5544 3614 5614">
     <span class='ocr_line' id='line_1_83' title="bbox 2038 5544 3614 5614; baseline 0.004 -16"><span class='ocrx_word' id='word_1_547' title='bbox 2038 5545 2319 5599; x_wconf 87' lang='lat' dir='ltr'><strong>immutata</strong></span> <span class='ocrx_word' id='word_1_548' title='bbox 2347 5560 2361 5596; x_wconf 89' lang='lat'><strong>:</strong></span> <span class='ocrx_word' id='word_1_549' title='bbox 2399 5544 2571 5598; x_wconf 92' lang='lat' dir='ltr'><strong>donec</strong></span> <span class='ocrx_word' id='word_1_550' title='bbox 2605 5561 2777 5614; x_wconf 87' lang='lat' dir='ltr'><strong>nuper</strong></span> <span class='ocrx_word' id='word_1_551' title='bbox 2804 5545 3142 5600; x_wconf 89' lang='lat' dir='ltr'><strong>clarissimus</strong></span> <span class='ocrx_word' id='word_1_552' title='bbox 3178 5546 3361 5601; x_wconf 90' lang='lat' dir='ltr'><strong>Daniel</strong></span> <span class='ocrx_word' id='word_1_553' title='bbox 3387 5548 3614 5605; x_wconf 86' lang='lat' dir='ltr'><strong>Huetius</strong></span> 
     </span>
    </p>
   </div>
   <div class='ocr_carea' id='block_1_84' title="bbox 2036 5635 3612 5709">
    <p class='ocr_par' dir='ltr' id='par_1_84' title="bbox 2036 5635 3612 5709">
     <span class='ocr_line' id='line_1_84' title="bbox 2036 5635 3612 5709; baseline 0.002 -17"><span class='ocrx_word' id='word_1_554' title='bbox 2036 5636 2340 5709; x_wconf 80' lang='grc' dir='ltr'><strong>ὲξηγητικά</strong></span> <span class='ocrx_word' id='word_1_555' title='bbox 2365 5635 2613 5706; x_wconf 88' lang='lat' dir='ltr'><strong>Origenis</strong></span> <span class='ocrx_word' id='word_1_556' title='bbox 2642 5651 2747 5691; x_wconf 93' lang='lat' dir='ltr'><strong>non</strong></span> <span class='ocrx_word' id='word_1_557' title='bbox 2777 5651 2944 5705; x_wconf 88' lang='lat' dir='ltr'><strong>pauca</strong></span> <span class='ocrx_word' id='word_1_558' title='bbox 2981 5652 3047 5690; x_wconf 80' lang='lat' dir='ltr'><strong>ex</strong></span> <span class='ocrx_word' id='word_1_559' title='bbox 3089 5652 3219 5692; x_wconf 88' lang='lat' dir='ltr'><strong>mss.</strong></span> <span class='ocrx_word' id='word_1_560' title='bbox 3272 5638 3462 5694; x_wconf 69' lang='lat' dir='ltr'><strong>Grmce</strong></span> <span class='ocrx_word' id='word_1_561' title='bbox 3493 5643 3612 5695; x_wconf 89' lang='lat' dir='ltr'><strong>edi-</strong></span> 
     </span>
    </p>
   </div>
   <div class='ocr_carea' id='block_1_85' title="bbox 2034 5750 3609 5809">
    <p class='ocr_par' dir='ltr' id='par_1_85' title="bbox 2034 5750 3609 5809">
     <span class='ocr_line' id='line_1_85' title="bbox 2034 5750 3609 5809; baseline 0.003 -5"><span class='ocrx_word' id='word_1_562' title='bbox 2034 5761 2087 5806; x_wconf 82' lang='lat' dir='ltr'><strong>et</strong></span> <span class='ocrx_word' id='word_1_563' title='bbox 2118 5750 2290 5805; x_wconf 84' lang='lat' dir='ltr'><strong>Huetii</strong></span> <span class='ocrx_word' id='word_1_564' title='bbox 2316 5750 2582 5806; x_wconf 89' lang='lat' dir='ltr'><strong>sententia</strong></span> <span class='ocrx_word' id='word_1_565' title='bbox 2629 5750 2695 5803; x_wconf 90' lang='lat' dir='ltr'><strong>de</strong></span> <span class='ocrx_word' id='word_1_566' title='bbox 2744 5750 3137 5805; x_wconf 86' lang='lat' dir='ltr'><strong>adulteratione</strong></span> <span class='ocrx_word' id='word_1_567' title='bbox 3184 5751 3444 5806; x_wconf 89' lang='lat' dir='ltr'><strong>librorum</strong></span> <span class='ocrx_word' id='word_1_568' title='bbox 3487 5752 3609 5809; x_wconf 86' lang='lat' dir='ltr'><strong>Ori-</strong></span> 
     </span>
    </p>
   </div>
   <div class='ocr_carea' id='block_1_86' title="bbox 2034 5821 3608 5894">
    <p class='ocr_par' dir='ltr' id='par_1_86' title="bbox 2034 5821 3608 5894">
     <span class='ocr_line' id='line_1_86' title="bbox 2034 5821 3608 5894; baseline 0.001 -18"><span class='ocrx_word' id='word_1_569' title='bbox 2034 5826 2185 5893; x_wconf 83' lang='lat' dir='ltr'><strong>genis</strong></span> <span class='ocrx_word' id='word_1_570' title='bbox 2225 5833 2344 5894; x_wconf 88' lang='lat' dir='ltr'><strong>post</strong></span> <span class='ocrx_word' id='word_1_571' title='bbox 2364 5822 2479 5891; x_wconf 81' lang='lat' dir='ltr'><strong>ejus</strong></span> <span class='ocrx_word' id='word_1_572' title='bbox 2527 5821 2734 5877; x_wconf 84' lang='lat' dir='ltr'><strong>obitum</strong></span> <span class='ocrx_word' id='word_1_573' title='bbox 2783 5823 2850 5878; x_wconf 87' lang='lat' dir='ltr'><strong>ab</strong></span> <span class='ocrx_word' id='word_1_574' title='bbox 2909 5823 3179 5879; x_wconf 66' lang='lat' dir='ltr'><strong>haereticis</strong></span> <span class='ocrx_word' id='word_1_575' title='bbox 3234 5823 3377 5880; x_wconf 78' lang='lat' dir='ltr'><strong>facta</strong></span> <span class='ocrx_word' id='word_1_576' title='bbox 3422 5825 3608 5881; x_wconf 77' lang='lat' dir='ltr'><strong>confu-</strong></span> 
     </span>
    </p>
   </div>
   <div class='ocr_carea' id='block_1_87' title="bbox 2035 5903 2196 5951">
    <p class='ocr_par' dir='ltr' id='par_1_87' title="bbox 2035 5903 2196 5951">
     <span class='ocr_line' id='line_1_87' title="bbox 2035 5903 2196 5951; baseline -0.006 -2"><span class='ocrx_word' id='word_1_577' title='bbox 2035 5903 2196 5951; x_wconf 85' lang='lat' dir='ltr'><strong>tatur.</strong></span> 
     </span>
    </p>
   </div>
  </div>
