4152 6402
535 437 674 493 12:37

1959 433 2382 492 EXCERPTUM

3651 437 3791 491 1288

533 558 630 610 dit.
659 555 798 622 Quin
835 571 902 611 eo
941 557 1159 611 nomine
1197 557 1262 610 de
1310 557 1656 628 φιλαρχαίοις
1701 559 1950 614 omnibus
1979 575 2116 628 praz-
2147 565 2190 620 Α
2220 558 2420 626 quique
2448 555 2583 610 adeo
2610 556 2839 624 genuina
2877 554 2993 622 ejus
3031 555 3234 624 scripta
3279 570 3309 609 a
3350 555 3551 624 spuriis
3591 559 3794 625 Optime

533 650 678 701 clare
714 651 938 703 meritus
970 651 1040 702 sit
1066 649 1148 702 vir
1186 650 1555 715 doctissimus,
1590 669 1751 706 nemo
1773 653 1874 706 nisi
1903 654 2115 706 invidus

533 740 866 794 diﬂitebitnr.
912 741 1056 794 ldem
1111 751 1287 796 tamen
1335 741 1564 797 Huetius
1599 745 1885 812 profitetur
1920 743 2112 811 Orige-

533 831 676 883 niun.
715 831 807 884 lib.
840 847 924 891 Ill,
963 845 1081 900 cap.
1113 831 1164 894 l,
1205 847 1355 884 num.
1392 833 1446 895 5,
1482 833 1582 887 sibi
1631 849 1753 887 esse
1801 835 2111 899 verisimile,

538 941 555 972 i
579 923 852 991 Quotquot
886 923 1053 976 libros
1083 922 1334 990 Origenis
1359 927 1423 977 ad
1455 940 1551 978 nos
1601 923 1814 978 fortuna
1850 927 2108 979 transmi.

531 1017 622 1075 sit,
654 1015 876 1069 violatos
918 1031 1058 1071 esse.
1114 1027 1166 1068 at
1217 1032 1312 1070 eos
1343 1020 1708 1086 potissimum,
1762 1020 1855 1088 qui
1918 1030 2114 1088 praeter

534 1109 864 1161 notariorum
894 1109 1187 1178 σςςὰλματα
1232 1121 1287 1163 et
1349 1111 1724 1167 Inereticormu
1766 1113 2114 1165 adulteratio—

534 1217 650 1265 nes,
684 1201 1038 1269 interpretum
1071 1203 1236 1255 etiam
1265 1201 1716 1258 ballucinationes
1746 1214 1800 1258 et
1829 1204 2111 1271 perfidiam

532 1304 834 1350 senserunt.
871 1315 888 1347 ι
956 1296 1259 1362 Excipi-re,
1313 1298 1363 1350 ni
1417 1298 1598 1360 fallor,
1649 1299 1907 1351 debuerat
1947 1299 2114 1352 libros

531 1397 717 1440 contra
775 1386 1024 1449 Celsum;
1063 1389 1262 1456 quippe
1316 1403 1455 1458 quos
1509 1399 1707 1458 ιιι-αξιοι·
1767 1389 2110 1444 librariorum

532 1479 850 1548 σφάλματα,
875 1495 902 1530 a
927 1479 1124 1546 quibus
1157 1479 1285 1532 nulli
1321 1490 1560 1532 veterum
1603 1480 1722 1533 libri
1755 1496 1976 1548 prorsus
2014 1482 2114 1533 iiii-

532 1581 726 1619 ntunes
756 1577 904 1629 sunt,
939 1567 1100 1619 aliam
1146 1568 1486 1621 violationein
1539 1571 1830 1623 notabilem
1882 1572 2114 1626 subiisse

533 1672 713 1720 nemo,
753 1658 898 1726 quod
930 1660 1120 1722 sciam,
1160 1659 1424 1712 hactenus
1455 1662 1763 1728 suspicatus
1794 1662 1979 1716 fuerit.

601 1747 742 1818 §lll.
773 1749 1038 1803 Caeterum
1081 1749 1125 1802 si
1165 1751 1343 1802 omnia
1378 1749 1628 1819 Origenis
1670 1753 1892 1821 scripta,
1941 1768 2114 1822 eaque

532 1855 667 1908 pura
690 1849 744 1894 et
768 1841 1103 1909 incorrupta,
1159 1841 1319 1895 bodic
1363 1849 1679 1905 exstarent;
1733 1843 1876 1896 haud
1928 1845 2108 1897 omnia

2219 659 2422 703 norunt
2442 649 2775 714 discernere,
2818 649 2948 702 mihi
2991 649 3424 717 suppeditarunt.
3485 648 3561 702 Ex
3596 651 3794 718 quibus

2214 742 2467 796 omnibus
2498 755 2658 808 spero
2688 739 2820 805 fore,
2854 749 2912 794 ut
2940 740 3109 794 lector
3131 740 3384 795 cordatus
3403 740 3550 793 clare
3575 741 3792 796 tandem

2217 835 2529 904 perSpiciat,
2573 849 2736 902 quam
2785 834 3112 902 impotenter
3156 833 3209 886 in
3261 832 3552 901 Origenem
3592 837 3789 888 debac-

2214 928 2405 982 chatus
2432 930 2498 979 sit
2533 925 2806 987 Petavius,
2841 927 2967 980 dum
3000 926 3070 978 ita
3115 924 3183 979 de
3221 923 3378 978 Patre
3411 925 3528 992 (vel
3555 925 3792 980 inimicis

2208 1019 2516 1086 judicibus)
2548 1017 2891 1070 sanctissimo
2937 1027 3100 1083 atque
3140 1016 3510 1069 eruditissimo
3553 1017 3794 1072 scribere

2216 1125 2318 1162 non
2363 1120 2447 1162 est
2499 1109 2747 1161 veritus:
2792 1125 2809 1157 ι
2843 1109 2914 1160 De
2961 1105 3212 1177 Origene,
3243 1126 3262 1158 ι
3315 1109 3490 1178 inquit
3537 1107 3794 1162 Petavius

2219 1199 2291 1252 De
2314 1198 2504 1252 Trinit.
2538 1201 2627 1256 lib.
2665 1214 2702 1263 ι,
2739 1215 2857 1266 cap.
2908 1199 2994 1261 19.,
3038 1215 3187 1251 num.
3230 1198 3284 1263 9,
3341 1217 3359 1249 ι
3393 1209 3623 1262 constat,
3667 1214 3792 1254 eum

2215 1293 2282 1345 de
2319 1291 2456 1345 Filio
2484 1308 2546 1345 ac
2583 1292 2786 1360 Spiritu
2837 1301 3027 1345 sancto
3077 1293 3239 1362 impie
3282 1293 3622 1362 absurdeque
3660 1309 3788 1345 seu-

2213 1385 2370 1440 sisse.
2393 1404 2411 1436 i
2447 1385 2510 1438 Et
2544 1385 2702 1451 paulo
2726 1394 2846 1451 post
2873 1401 3018 1438 num.
3047 1385 3113 1437 lt)
3144 1403 3157 1437 :
3202 1404 3220 1436 ι
3251 1385 3510 1455 Origenes
3546 1393 3606 1437 ut
3636 1395 3794 1439 aetate

2220 1478 2408 1530 Arium
2465 1477 2783 1536 antecessit,
2843 1477 2921 1530 sic
2976 1477 3249 1546 impietate
3298 1493 3425 1545 par;
3476 1476 3587 1530 imo
3642 1476 3792 1545 impii

2219 1567 2489 1636 dogmatis
2527 1580 2714 1620 auctor
2751 1566 2823 1619 illi
2861 1566 2979 1619 fuit.
3003 1585 3022 1618 ι
3060 1567 3122 1620 Et
3145 1569 3343 1634 passim
3373 1567 3499 1621 alibi
3527 1566 3791 1636 ejusmodi

2214 1659 2457 1711 convicia
2511 1658 2564 1710 iii
2622 1657 3092 1728 Origencmjacit.
3155 1659 3408 1712 Fortasse
3463 1657 3794 1712 existimavit

2212 1749 2443 1807 Jesuita.
2474 1765 2533 1804 se
2570 1750 2826 1816 religione
2850 1765 2945 1802 sua
2977 1753 3044 1802 ad
3078 1751 3126 1802 id
3151 1750 3470 1803 obstrictum
3501 1749 3670 1803 fuisse
3690 1790 3703 1813 ,
3734 1757 3794 1801 ut

2216 1843 2287 1895 ita
2314 1843 2622 1896 venerando
2654 1840 2797 1894 Patri
2835 1842 3218 1905 malediceret;
3250 1844 3392 1910 quod
3423 1840 3632 1896 scilicet
3666 1839 3794 1896 Ori-

533 1941 711 1984 tamen
742 1946 882 1984 vera:
905 1946 968 1983 ac
995 1933 1241 1998 genuinze
1285 1931 1403 1996 ejus
1447 1932 1733 1986 sententiae
1773 1933 2113 1988 declaranda:
2143 1907 2185 1962 Β
2215 1951 2377 2007 gcues
2407 1944 2461 1988 et
2491 1933 2808 2005 Origenistze
2833 1949 2954 1988 cum
2983 1934 3320 2003 dogmatibus
3357 1933 3469 1987 suis
3487 1933 3722 1987 damnati
3739 1942 3795 1986 et

529 2023 734 2096 pariter
763 2023 1109 2077 inservirent.
1141 2023 1656 2078 Scilicetvariorum
1687 2025 1926 2079 auctoris
1953 2024 2114 2078 πολυ-

528 2114 743 2184 γράφου
793 2128 1021 2182 operum
1073 2115 1288 2168 diversa
1342 2115 1482 2169 foret
1519 2118 1675 2170 ratio.
1702 2117 1816 2187 (25)
1842 2117 1974 2171 Nam
2010 2118 2111 2171 alia

529 2206 596 2258 ad
652 2205 856 2258 amicos
917 2215 1130 2258 secreto
1171 2206 1411 2274 scripsit,
1455 2222 1576 2275 qua:
1617 2206 1792 2260 lucem
1843 2224 2111 2276 nunquam

531 2297 718 2350 visura
751 2297 1032 2366 speravit;
1068 2297 1120 2350 in
1163 2299 1362 2366 quibus
1405 2297 1572 2352 libere
1607 2313 1671 2352 ac
1712 2314 1847 2367 pene
1879 2301 2114 2367 sceptice

529 2387 809 2452 disseruit,
852 2404 915 2442 ac
951 2390 1269 2458 plerumque
1314 2404 1419 2440 non
1458 2398 1567 2442 tam
1609 2404 1762 2442 suam
1807 2402 2011 2444 certam
2049 2405 2114 2445 ac

531 2481 806 2534 definitam
847 2483 1176 2535 sententiam
1199 2520 1214 2542 ,
1247 2495 1409 2548 quam
1445 2481 1530 2535 vel
1562 2481 1790 2534 aliorum
1818 2482 2112 2536 ratiocina-

533 2575 729 2637 tiones,
755 2575 841 2629 vel
887 2590 1016 2628 suos
1059 2577 1324 2645 quosdam
1369 2575 1654 2644 scrupulos
1681 2590 1744 2629 ac
1773 2576 2113 2630 dubitatiuuo

529 2667 704 2730 cnlas,
732 2665 799 2719 ad
830 2665 1119 2720 clariorem
1144 2667 1397 2721 veritatis
1441 2666 1886 2732 elucidationem,
1917 2684 2113 2738 propo—

531 2757 660 2811 suit.
722 2756 838 2810 Alia
885 2756 1001 2825 ipse
1047 2757 1099 2812 in
1147 2758 1419 2828 publicmn
1475 2759 1694 2822 emisit,
1759 2760 1875 2813 sive
1923 2771 2110 2815 contra

529 2847 796 2912 infideles,
819 2849 933 2903 sive
952 2849 1212 2904 adversus
1274 2851 1577 2916 luereticos,
1630 2866 1726 2905 seu
1774 2853 2010 2923 denique
2047 2852 2113 2908 ad

530 2942 911 2996 instruendam
959 2941 1169 3010 plebem
1209 2943 1614 3008 Christianam;
1656 2946 1706 2997 in
1743 2946 1940 3013 quibus
1967 2986 1982 3006 ,
2031 2947 2114 2998 via

530 3032 656 3086 trita
685 3046 750 3086 ac
777 3040 891 3084 tuta
921 3031 1199 3094 incedens,
1238 3046 1512 3101 receptam
1545 3033 1598 3086 in
1640 3034 1880 3087 Ecclesia
1925 3035 2115 3088 catho-

528 3122 686 3178 licam
732 3122 1030 3176 doctrinam
1055 3123 1350 3176 studiosius
1377 3123 1618 3178 tradidit.
1653 3124 1852 3179 Deinde
1868 3125 1970 3179 alia
1995 3140 2113 3193 pro-

2216 2027 2684 2081 anathematismis
2706 2027 2946 2080 confossi
3002 2025 3202 2078 fuerint
3231 2025 3346 2096 (ὶᾶ)
3392 2026 3443 2079 in
3483 2027 3674 2095 quinta
3704 2041 3797 2097 sy-

2218 2122 2379 2173 nodo.
2416 2117 2616 2172 Verum
2658 2135 2764 2172 non
2804 2119 3024 2172 defuere
3068 2119 3168 2171 viri
3215 2119 3454 2172 illustres
3488 2133 3519 2172 e
3552 2118 3794 2172 llomana

2218 2213 2454 2267 Ecr-Iesia
2535 2210 2830 2281 (Joannem
2893 2210 3077 2265 Picum
3114 2209 3542 2263 Mirandulanum
3635 2207 3780 2271 dico,

2215 2305 2476 2358 Jatobutn
2559 2303 2843 2357 Merlinum
2912 2303 3341 2356 Victurnienscm
3377 2341 3395 2366 ,
3462 2302 3795 2356 Desiderimn

2218 2396 2500 2449 Erasmum
2534 2394 2956 2449 Boterodamum
2979 2433 2995 2454 ,
3036 2394 3246 2447 Sixtum
3279 2393 3598 2456 Senensem,
3633 2391 3798 2446 Clau-

2216 2490 2362 2542 dium
2392 2488 2765 2557 Espencazum,
2803 2485 3104 2539 Gilbertum
3161 2485 3570 2538 Genebrardum
3609 2495 3663 2540 et
3698 2483 3798 2539 Pe-

2220 2592 2358 2635 trum
2389 2581 2689 2634 Ilalloxium
2712 2578 2754 2649 ),
2787 2579 2874 2647 qui
2910 2578 3043 2630 nihil
3074 2578 3173 2630 sibi
3215 2587 3518 2631 metuentes
3554 2591 3584 2628 a
3617 2575 3796 2642 quinti

2217 2671 2434 2724 concilii
2469 2670 2958 2730 anathematismis,
3017 2669 3304 2737 Origenem
3347 2683 3453 2720 non
3485 2667 3643 2720 modo
3677 2668 3798 2722 sine

2219 2766 2417 2832 probro
2447 2766 2746 2822 noininare.
2779 2763 2947 2815 sedet
2970 2761 3144 2829 palam
3177 2771 3470 2830 aperteque
3505 2759 3799 2814 defendere

2220 2857 2335 2911 ausi
2365 2865 2512 2910 sunt.
2552 2855 2816 2908 Nimirum
2868 2864 3014 2907 recte
3059 2853 3372 2921 judicarunt
3409 2851 3542 2917 isti,
3590 2852 3657 2906 ab
3704 2851 3796 2906 illa

2219 2951 2424 3020 synodo
2479 2963 2584 3001 non
2617 2958 2723 3000 tam
2750 2947 2920 3014 ipsum
2955 2944 3264 3014 Origenem,
3295 2955 3389 2997 aut
3418 2944 3648 3013 genuina
3678 2941 3798 2999 Ori-

2217 3043 2373 3112 genis
2418 3041 2636 3110 placita,
2685 3053 2848 3107 quam
2879 3037 3339 3106 perniciosissima
3385 3037 3476 3090 illa
3517 3039 3794 3106 dogmata,

2217 3135 2285 3186 de
2332 3132 2598 3186 Trinitate
2660 3128 2985 3200 ἑτερουσίῳ,
3041 3128 3107 3181 de
3159 3128 3496 3196 phantasnca
3553 3127 3802 3196 corporis

527 3223 783 3282 perauter
811 3215 1098 3276 dictitavit,
1137 3215 1239 3268 alia
1271 3215 1603 3284 diligentiori
1647 3232 1777 3271 cura
1821 3217 2102 3272 elucubra-
2135 3254 2179 3310 ο
2222 3227 2618 3280 νεδιιιτειιιίοηθ
2665 3240 2786 3293 quae
2819 3223 2870 3275 in
2903 3221 3225 3275 adulteratis
3270 3221 3523 3290 Origenis
3577 3221 3803 3290 scriptis

526 3304 625 3358 vit.
660 3303 901 3373 Denique
927 3305 1030 3357 alia
1067 3302 1149 3375 (ut
1175 3305 1358 3359 lluetii
1385 3305 1567 3360 verbis
1600 3312 1742 3373 utar)
1775 3321 1942 3360 senex
1968 3305 2111 3360 Ada-

528 3400 787 3461 mantitts,
817 3398 1034 3466 ingenio
1061 3413 1156 3466 per
1184 3408 1400 3454 aetatem
1442 3398 1612 3470 magis
1645 3399 1895 3462 subacto,
1931 3398 2112 3452 elima-

529 3489 644 3553 vit;
673 3489 774 3542 alia
809 3490 1070 3544 eﬂ'erente
1101 3507 1222 3544 sese
1252 3493 1304 3546 in
1340 3492 1642 3560 iuventutis
1684 3501 1816 3546 testu
1865 3491 2112 3546 fecundi-

531 3590 645 3634 tate
676 3581 937 3648 profudit.
975 3582 1050 3636 De
1078 3583 1276 3652 quilms
1301 3584 1563 3652 prteclare
1585 3585 1720 3638 dixit
1752 3583 2112 3655 Hieronymus

531 3671 584 3726 in
603 3671 831 3740 Prologo
855 3673 920 3726 ad
954 3672 1392 3728 Corinnentarios
1414 3676 1469 3729 in
1504 3674 1725 3740 Lucam,
1753 3675 2037 3745 Origenem
2057 3677 2110 3728 in

527 3762 854 3832 quibusdam
878 3763 1227 3819 Tractatibus
1262 3784 1281 3816 ‹
1307 3767 1462 3834 quasi
1489 3782 1712 3834 puermn
1745 3767 1868 3821 talis
1897 3767 2108 3830 ludere;

529 3854 636 3907 alia
664 3869 786 3908 esse
815 3855 990 3909 virilia
1043 3855 1160 3923 ejus
1207 3867 1264 3911 et
1318 3859 1616 3912 senectutis
1648 3860 1812 3913 seria.
1838 3879 1856 3910 ι
1915 3858 2110 3930 Negari

527 3953 710 3998 autem
768 3960 873 3997 non
931 3955 1127 4012 potest,
1189 3945 1321 4014 quin
1372 3945 1627 4016 Origenis
1675 3947 1992 4016 suffragium
2037 3949 2106 4004 de

527 4035 795 4089 catholica
850 4037 1099 4090 doctrina
1154 4039 1265 4106 peti
1331 4039 1527 4092 debeat
1575 4053 1639 4093 ex
1712 4040 1780 4094 iis
1843 4041 2115 4110 praecipue

527 4127 774 4194 scriptis,
798 4141 920 4195 quae
956 4128 1190 4196 publicis
1234 4130 1421 4182 usibus
1460 4129 1577 4199 ipse
1627 4130 1952 4196 destinavit;
1993 4147 2114 4200 quae

529 4219 764 4286 cogitate
821 4229 878 4273 et
937 4229 1145 4274 attente
1217 4223 1664 4292 exaravitzqua:
1723 4225 1954 4293 denique
1999 4224 2110 4293 jam

529 4325 716 4373 senex,
755 4321 812 4366 et
835 4313 995 4380 longo
1043 4329 1223 4367 rerum
1255 4329 1356 4368 usu
1403 4324 1460 4369 et
1503 4317 1834 4385 experientia
1890 4315 2114 4372 edoctus

528 4404 853 4470 composuit.
880 4403 1195 4470 Huiusmodi
1226 4415 1374 4470 sunt,
1399 4409 1640 4461 omnium
1662 4423 1957 4475 consensu,
1989 4409 2114 4464 libri

527 4503 654 4548 octo
691 4503 876 4548 contra
908 4495 1120 4549 Celsum
1160 4495 1504 4565 Epicureum.
1534 4498 1745 4568 Quippe
1776 4500 1827 4553 in
1853 4501 1938 4554 bis
1966 4515 2117 4555 com-

2212 3319 2649 3376 continerentur,
2725 3327 2914 3382 quaeve
2971 3310 3214 3364 nonnulli
3275 3309 3645 3378 Origcnistm,
3699 3309 3802 3378 qui

2212 3419 2554 3470 vocarentur,
2597 3407 2771 3476 magni
2804 3405 2948 3458 illius
2991 3403 3224 3457 nominis
3266 3402 3567 3471 patrocinio
3610 3399 3803 3454 defen-

2212 3502 2441 3565 derent,
2490 3499 2837 3552 anathemate
2877 3495 3231 3549 condemnata
3273 3494 3458 3548 fuisse.
3514 3493 3804 3548 Damnavit

2213 3594 2429 3663 quidem
2460 3591 2699 3662 synodus
2733 3604 2836 3643 una
2866 3603 2989 3642 cum
3019 3589 3139 3643 istis
3185 3596 3238 3642 et
3279 3587 3549 3656 paradoxa
3596 3586 3683 3638 illa
3732 3587 3806 3640 de

2212 3684 2641 3756 prteexsisteutia
2697 3683 3025 3744 animarum,
3081 3678 3150 3732 de
3200 3679 3366 3733 astris
3407 3688 3463 3731 et
3512 3677 3807 3732 elementis

2213 3779 2489 3838 animatis,
2523 3784 2660 3838 etc.,
2705 3787 2824 3842 qua:
2859 3786 2988 3826 vere
3022 3771 3272 3840 Origenis
3327 3771 3477 3825 fuere
3506 3787 3519 3822 :
3549 3770 3642 3824 sed
3692 3769 3802 3824 ista

2214 3867 2492 3921 damnavit
2521 3874 2733 3920 tantum
2758 3873 2819 3917 ut
2853 3864 2982 3918 falsa
3026 3874 3079 3918 et
3113 3862 3483 3932 perabsurda,
3535 3877 3638 3916 non
3672 3871 3800 3914 tan-

2213 3973 2375 4027 quam
2426 3957 2721 4021 hzeretica;
2773 3955 2876 4009 nisi
2929 3955 3226 4009 accesserit
3284 3954 3571 4022 praefracta
3625 3953 3801 4006 animi

2212 4049 2530 4114 obstinatio,
2563 4058 2618 4102 et
2640 4049 2923 4102 catholicas
2950 4048 3232 4102 sententiae
3274 4056 3617 4110 contemptus
3652 4063 3666 4099 :
3701 4046 3800 4113 qui

2215 4153 2273 4196 ut
2303 4141 2371 4196 ab
2399 4141 2514 4210 ipso
2547 4139 2781 4208 Origene
2807 4139 2992 4208 procul
3035 4138 3226 4204 abfuit,
3267 4138 3338 4192 ita
3379 4139 3430 4192 in
3473 4135 3808 4208 Origenistis

2215 4233 2488 4303 plerisque
2511 4231 2737 4284 nimium
2767 4245 2825 4285 se
2852 4230 3107 4300 prodidit.
3145 4228 3250 4285 Sed
3299 4229 3514 4283 tandem
3569 4228 3636 4283 ad
3678 4243 3803 4285 rem

2215 4328 2387 4396 ipsam
2417 4325 2761 4380 accedamus.

2287 4415 2314 4487 ς
2351 4415 2438 4470 IV.
2467 4416 2522 4470 In
2548 4414 2700 4469 libris
2741 4425 2922 4468 contra
2948 4411 3156 4467 Celsum
3191 4411 3351 4467 toties
3379 4411 3641 4480 Origenes
3668 4427 3806 4467 vere

2215 4506 2478 4571 divinam,
2526 4505 2628 4559 hoc
2653 4513 2759 4567 est,
2792 4503 3114 4566 increatam,
3163 4502 3452 4564 infinitam,
3491 4504 3803 4571 incompre-

530 4603 750 4642 munem
783 4587 1220 4643 Christianorum
1249 4589 1580 4654 doctrinam,
1621 4592 1881 4647 adversus
1913 4594 2112 4647 instru-

2219 4596 2560 4658 hensibilem,
2586 4594 2980 4649 immutabilem
3004 4593 3162 4650 Verbi
3189 4605 3244 4648 et
3271 4593 3522 4652 Filii.Dei
3549 4605 3802 4649 naturam

530 4681 830 4734 ctissimum
863 4679 1143 4750 religionis
1184 4691 1384 4736 nostra:
1423 4685 1631 4736 hostem
1664 4695 1959 4752 propugnat
1994 4704 2006 4739 :
2047 4686 2100 4739 hi

531 4787 748 4826 summo
785 4776 1027 4828 auctoris
1052 4775 1253 4837 studio,
1297 4777 1534 4829 maxima
1576 4779 1904 4844 eruditione,
1954 4780 2114 4848 idque

532 4865 601 4918 ab
627 4866 745 4934 ipso
775 4865 887 4936 jam
923 4867 1280 4936 sexagenario
1307 4867 1500 4937 majori
1533 4868 1853 4937 (utdiserte
1883 4880 2115 4926 testatur

531 4957 796 5012 Eusebius
830 4960 970 5012 Hist.
1009 4958 1299 5013 ecrlesiast.
1349 4960 1444 5014 lib.
1485 4975 1560 5022 vr,
1603 4975 1723 5031 cap.
1759 4962 1874 5031 36)
1926 4963 2114 5018 elucu-

532 5049 674 5104 brati
706 5049 878 5105 fuere.
907 5048 1096 5120 Itaque
1127 5066 1193 5106 ex
1225 5053 1310 5106 bis
1325 5053 1771 5122 praecipuelibris
1796 5055 2109 5110 testimonia

534 5157 652 5198 mea
679 5146 975 5213 proferam,
1024 5145 1222 5213 quibus
1274 5145 1612 5214 Catholicum
1680 5146 1848 5201 fuisse
1900 5148 1952 5201 in
2010 5149 2112 5203 hoc

531 5235 760 5290 articulo
782 5235 1073 5306 Origenem
1105 5237 1386 5292 ostendam
1421 5257 1434 5291 :
1465 5237 1725 5307 subjectis
1744 5247 1953 5294 tantum
1980 5240 2112 5295 locis

532 5328 875 5393 quibusdam,
922 5341 1043 5397 quae
1086 5343 1153 5382 ex
1187 5328 1310 5382 aliis
1352 5329 1519 5397 ipsius
1574 5329 1796 5397 scriptis
1852 5329 2108 5385 catholici

532 5416 804 5484 doctores,
822 5420 916 5490 qui
939 5421 1190 5491 Origenis
1207 5421 1540 5491 temporibus
1563 5423 1921 5492 proximiorcs
1943 5423 2113 5488 fuere,

605 5597 718 5672 (ἳρ)
749 5597 890 5652 Nam
921 5601 1030 5654 alia
1062 5602 1132 5654 ad
1159 5603 1358 5657 amicos
1378 5615 1576 5658 secreto
1612 5605 1849 5672 scripsit,
1894 5615 2004 5658 etc.
2041 5605 2118 5660 De

535 5665 623 5739 his
659 5665 1017 5739 Hieronymus
1056 5673 1108 5724 in
1151 5675 1376 5738 epistola
1402 5676 1492 5739 65,
1523 5676 1588 5727 ad
1619 5665 2027 5730 Pammacliium
2065 5686 2120 5730 et

533 5737 1131 5814 Oi-eaiutm,i§statur,
1189 5737 1487 5813 Origencm
1549 5746 1600 5797 in
1666 5746 1891 5814 cpistola
1953 5759 2116 5813 quam

537 5810 844 5887 scripsitad
868 5809 1191 5887 Fabianum.
1213 5809 1592 5887 pte'nitentiam
1630 5809 1830 5887 egisse,
1866 5809 2121 5868 cur-talia

538 5881 838 5946 scripserit,
887 5885 943 5932 et
991 5881 1596 5939 causamltemeritatis
1661 5881 1714 5937 in
1770 5885 2121 5940 Ambrosium

2215 4690 2477 4753 declarat,
2509 4697 2588 4749 ut,
2623 4688 2670 4741 si
2702 4689 2882 4741 omnia
2917 4688 3020 4741 huc
3049 4688 3352 4756 spectantia
3386 4685 3580 4740 vellem
3625 4686 3804 4740 addu-

2213 4797 2360 4845 cere,
2393 4783 2510 4848 ejus
2548 4780 2920 4851 Syntaginatis
2962 4795 3087 4848 pars
3133 4795 3325 4849 magna
3362 4779 3494 4834 mihi
3536 4780 3804 4834 transcri-

2216 4875 2388 4928 benda
2423 4873 2582 4928 foret.
2615 4872 2798 4942 Itaque
2837 4888 2902 4927 ex
2931 4886 2996 4926 eo
3030 4886 3196 4941 Opere
3241 4871 3358 4926 loca
3405 4882 3614 4926 tantum
3652 4871 3801 4926 sele-

2213 4967 2388 5020 ctiora
2426 4965 2674 5035 quaedam
2732 4962 3094 5032 proferemus.
3156 4962 3211 5016 lit
3264 4963 3400 5017 libro
3449 4980 3461 5016 I
3514 4964 3579 5016 de
3629 4961 3805 5032 Hagis

2213 5073 2279 5113 ex
2311 5057 2535 5112 Oriente
2579 5056 2631 5110 in
2675 5053 2916 5109 Judaeam
2961 5053 3338 5117 venientibus,
3390 5052 3458 5106 ad
3511 5054 3801 5108 visendum

2213 5149 2441 5218 Regem,
2472 5163 2631 5218 quem
2669 5147 2822 5202 stella
2862 5147 3078 5199 insolita
3137 5146 3416 5210 indicavit,
3453 5159 3654 5216 agens,
3714 5147 3800 5198 sic

2215 5241 2452 5307 loquitur
2482 5253 2631 5292 num.
2667 5238 2756 5296 60,
2784 5253 2908 5307 pag.
2929 5239 3034 5291 575
3071 5254 3086 5292 :
3121 5237 3386 5308 Φέροντες
3421 5237 3520 5308 μὲν
3553 5237 3723 5309 δῶρα,
3759 5238 3799 5292 ἃ

2215 5330 2314 5400 (ἵν’
2381 5328 2552 5390 οὕτως
2612 5326 2896 5397 ὀνομάσω)
2959 5327 3196 5398 συνθέτῳ
3249 5326 3355 5379 τινὶ
3412 5329 3477 5379 ὲκ
3522 5325 3659 5378 Θεοῦ
3706 5327 3806 5380 καὶ

2212 5419 2504 5494 ἀνθρώπου
2559 5418 2752 5490 θνητοῦ
2799 5420 3201 5491 προσήνεγκαν,
3241 5418 3485 5490 σύμϐολα
3530 5420 3650 5490 μὲν,
3723 5419 3805 5483 ὡς

2214 5603 2493 5665 retulisse,
2522 5601 2664 5674 quod
2687 5613 2901 5657 secreto
2927 5602 3073 5658 edita
3098 5602 3151 5657 in
3188 5601 3464 5674 publicum
3484 5600 3800 5672 protulerit.

2214 5675 2487 5731 Gsoacws
2520 5673 2750 5726 BL'LLus.

2288 5744 2401 5814 (‘24)
2431 5743 2495 5814 In
2517 5745 2701 5814 quinta
2724 5743 2950 5814 synodo.
2989 5741 3094 5796 Seu
3121 5743 3300 5814 potius
3338 5743 3390 5795 in
3425 5743 3560 5814 alia_
3586 5740 3802 5814 synodo

2215 5809 2685 5881 Coiistantinopoli
2723 5809 2928 5874 habita,
2954 5809 3140 5880 quinta
3181 5813 3267 5866 illa
3301 5811 3588 5868 anteriori.
3616 5809 3629 5812 ’
3662 5809 3802 5866 Vide

2225 5884 2422 5939 Valesii
2479 5882 2646 5938 Notas
2703 5883 2768 5937 ad
2819 5881 3110 5953 Evagrium
3157 5899 3280 5954 pag.
3340 5884 3462 5938 lll.
3535 5883 3615 5939 In.
