4152 6402
400 448 538 499 {£39

1402 450 1493 493 Li
1544 439 1607 493 C.
1649 438 1849 492 BULLI
1895 436 2045 489 DEF.
2088 432 2265 488 FIDEI
2309 432 2635 489 ΝΙΟᾸΞΝᾹΞ.

3504 433 3637 481 ΓΣἻΜ

392 562 600 633 βασιλεί
630 562 721 614 τὸν
744 560 962 631 χρυσὸν,
993 560 1068 623 ὡς
1093 559 1149 612 δὲ
1174 558 1547 630 τεθνηξομένῳ
1572 559 1669 627 τὴν
1694 558 1956 629 σμύρναν,

2070 570 2207 617 rum,
2231 554 2389 608 dictis
2427 553 2721 621 Scriptura!
2764 551 2899 606 locis
2949 551 3320 615 ahutentium;
3367 564 3640 619 quamque

391 656 468 717 ὡς
509 654 567 706 δὲ
607 652 728 722 Θεῷ
749 654 839 705 τὸν
863 650 1175 704 λιϐανωτόν·
1214 653 1247 705 i.
1279 666 1331 706 e.
1370 670 1382 705 :
1417 670 1435 701 ι
1467 651 1721 704 Ferentes
1744 654 1881 703 dona
1909 651 1958 702 ei

392 744 484 811 qui
519 745 940 809 componebatur
972 742 1064 811 (ut
1085 743 1163 795 sic
1195 743 1412 809 loquar)
1440 758 1505 795 ex
1539 742 1645 794 Deo
1668 753 1721 794 et
1746 741 1963 794 homine

393 836 635 895 mortali.
661 833 903 905 symbols
929 833 1266 897 obtulerunt;
1297 849 1485 886 aurum
1518 843 1775 901 tanquam
1825 835 1959 900 regi,

391 936 452 980 ut
479 926 741 978 morituro
777 927 1078 994 myrrham,
1105 933 1162 977 ut
1186 924 1293 977 Deo
1320 925 1464 977 thus.
1501 941 1523 974 ο
1556 922 1652 977 Ubi
1682 922 1734 976 iu
1761 923 1962 977 Christi

390 1030 623 1085 persona
670 1014 915 1084 agnoscit
956 1023 1013 1066 et
1052 1014 1321 1067 hominem
1368 1014 1649 1067 mortalem
1689 1023 1744 1066 et
1797 1014 1961 1065 Deum

393 1107 798 1171 immortalem,
848 1107 934 1160 cui
983 1106 1155 1160 honos
1213 1106 1427 1160 divinus
1474 1105 1651 1158 thuris
1691 1105 1965 1158 oblatione

388 1200 522 1252 olim
548 1197 794 1251 exhiberi
850 1197 1064 1258 solitus,
1110 1196 1389 1250 debeatur.
1434 1196 1530 1249 Cui
1575 1192 1822 1265 geminus
1877 1205 1964 1248 est

395 1288 568 1353 locus,
604 1288 695 1355 qui
730 1287 782 1340 in
811 1286 1003 1340 eodem
1046 1285 1210 1348 libro,
1234 1284 1476 1352 pauculis
1499 1285 1797 1353 interiectis
1820 1286 1965 1354 pagi-

391 1379 499 1443 nis,
532 1377 771 1432 occurrit
804 1395 817 1430 :
851 1375 939 1429 ubi
964 1374 1129 1429 "Celso
1156 1373 1374 1428 ludente
1394 1375 1449 1429 in
1480 1376 1795 1444 sanguinem
1833 1374 1961 1428 Iesu

390 1468 676 1542 profusum
716 1468 771 1521 in
802 1481 989 1529 cruce,
1029 1481 1093 1519 ac
1124 1466 1356 1529 dicente,
1418 1484 1435 1516 ι
1460 1481 1567 1520 non
1610 1465 1774 1521 fuisse
1814 1465 1961 1521 illum

390 1578 681 1626 cruorem,
743 1560 921 1628 qualis
988 1561 1128 1613 divis
1192 1560 1329 1615 solet
1392 1575 1513 1614 esse
1574 1562 1830 1623 beatisu
1888 1562 1959 1614 ita

387 1652 960 1724 respondetOrigeues
993 1668 1140 1705 num.
1170 1651 1260 1717 66,
1290 1668 1410 1720 pag.
1444 1652 1571 1715 580,
1598 1654 1695 1708 381
1729 1652 1961 1723 εἮμεῖς

385 1748 449 1801 δὲ
486 1746 634 1816 αὐτῷ
672 1745 1014 1806 πιστεῦοντες
1067 1744 1262 1813 Ἰησοῦ,
1294 1746 1420 1815 περὶ
1461 1746 1557 1815 μὲν
1585 1746 1683 1815 τῆς
1715 1745 1773 1798 ὲν
1811 1744 1962 1814 αὐτῷ

389 1840 667 1909 θειότητος
694 1838 903 1906 λέγοντι
922 1854 935 1867 υ
973 1836 1111 1905 Ἐγώ
1130 1837 1247 1905 εἰμι
1266 1838 1304 1905 ἡ
1326 1836 1485 1903 ὁδὸς,
1516 1838 1614 1890 καὶ
1631 1838 1668 1905 ἡ
1688 1836 1958 1905 ἀλήθεια,

2066 644 2344 700 sententia:
2368 642 2794 703 Catholicorum,
2836 658 2901 696 ex
2946 656 3112 710 Opere
3161 641 3450 695 creationis
3500 641 3641 695 divi-

2066 736 2288 788 nitatem
2348 730 2468 788 Filii
2530 732 2930 793 asserentiom.
2987 733 3054 787 ad
3111 734 3369 787 amussim
3437 749 3639 789 conve-

2065 827 2197 887 niat,
2222 824 2417 879 oculati
2444 839 2632 877 omnes
2662 823 2866 878 vident.
2923 822 3125 879 Ibidem
3167 825 3324 880 docet
3371 823 3638 895 Origenes

2069 920 2158 973 Dei
2187 918 2347 973 Verbi
2383 917 2719 971 divinitatem
2740 932 2836 985 per
2858 918 3289 974 incarnationem
3317 920 3633 987 neutiquam

2065 1010 2231 1064 fuisse
2280 1011 2354 1063 ita
2418 1007 2906 1077 circumscriptam.
2941 1017 2999 1063 ut
3042 1024 3307 1080 nusquam
3343 1010 3429 1064 illa
3489 1021 3637 1065 esset

2064 1110 2217 1154 extra
2246 1098 2374 1153 Iesu
2413 1114 2610 1167 corpus
2659 1110 2710 1154 et
2747 1102 3021 1166 animam;
3053 1105 3146 1156 sed
3193 1117 3317 1157 esse
3362 1102 3635 1173 fuisseque

2064 1206 2279 1259 semper
2318 1192 2589 1260 φθάνοντα
2645 1192 2948 1262 πανταχοῦ,
2985 1194 3173 1263 ubique
3224 1205 3549 1262 prasentem.
3576 1195 3637 1249 ιιι

2064 1298 2191 1338 vero
2223 1298 2292 1339 ne
2322 1290 2443 1353 quis
2476 1285 2526 1337 in
2570 1283 2942 1340 Cerinthianaa
2999 1284 3221 1341 hatresis
3275 1290 3633 1355 patrocinium

2065 1378 2327 1441 traheret,
2357 1391 2479 1429 mox
2511 1376 2809 1445 subiungit,
2839 1393 2965 1447 pag.
2993 1376 3133 1432 39‘:
3162 1378 3631 1451 Ταῦταδὲφαμεν,

2061 1468 2122 1519 οὐ
2154 1466 2477 1538 χωρίζοντες
2502 1466 2594 1520 τὸν
2622 1467 2749 1520 Υίὸν
2783 1467 2875 1521 τοῦ
2916 1467 3051 1522 Θεοῦ
3114 1468 3223 1523 ἀπὸ
3272 1469 3367 1522 τοῦ
3436 1471 3629 1541 Ἰησοῦ·

2061 1558 2118 1611 ἓν
2145 1559 2253 1628 γὰρ
2274 1558 2507 1628 μάλιστα
2539 1558 2677 1628 μετὰ
2706 1559 2804 1629 τὴν
2832 1560 3142 1631 οἰκονομίαν
3174 1561 3462 1632 γεγένηται
3497 1562 3634 1633 πρὸς

2059 1650 2149 1703 τὸν
2194 1650 2364 1717 Λόγον
2400 1650 2491 1702 τοῦ
2529 1649 2663 1703 Θεοῦ
2688 1650 2721 1721 ἡ
2744 1650 2889 1721 ψυχὴ
2914 1651 3007 1704 καὶ
3032 1652 3092 1704 τὸ
3119 1651 3277 1722 σῶμα
3300 1652 3395 1705 τοῦ
3437 1653 3631 1723 Ἰησοῦ,

2062 1739 2114 1793 id
2138 1749 2241 1803 est,
2277 1758 2295 1790 ι
2334 1738 2460 1793 Haec
2495 1750 2674 1794 autem
2721 1756 2828 1794 non
2887 1756 2953 1795 eo
3005 1756 3034 1794 a
3077 1741 3234 1797 nobis
3285 1743 3426 1797 dicta
3482 1756 3631 1803 sum,

2062 1828 2201 1899 quod
2233 1845 2547 1900 separemus
2578 1846 2609 1885 a
2648 1830 2775 1887 Iesu
2818 1831 3012 1887 Filium
3040 1832 3173 1897 Dei;
3220 1849 3431 1890 summe
3486 1836 3632 1889 enim

390 1930 490 1984 real
525 1906 721 1997 ﬁdem),
764 1929 857 1981 καὶ
884 1928 937 1980 εί
969 1946 1021 1981 τι
1051 1928 1259 1992 τούτοις
1306 1928 1701 2000 παραπλήσιον.
1732 1930 1867 2000 Περὶ
1903 1928 1956 1983 δὲ

2066 1920 2213 1973 unita
2246 1920 2398 1976 fuere
2425 1932 2547 1991 post
2575 1922 3034 1991 dispensationem
3052 1927 3232 1981 anima
3256 1924 3383 1981 Iesu
3407 1942 3636 1997 corpus-

388 2022 506 2085 τοῦ,
534 2023 616 2076 ὅτι
650 2023 707 2074 ἐν
742 2021 1063 2093 ἀνθρωπίνῳ
1089 2019 1298 2089 σώματι
1346 2015 1414 2089 ἦν
1450 2019 1622 2073 ταῦτα
1664 2020 1957 2088 φασκόντι·

396 2116 528 2168 Νῦν
547 2112 615 2165 δὲ
635 2111 852 2179 ζητεῖτέ
861 2128 939 2181 με
961 2105 1304 2183 ἀποκζεῖναι
1318 2112 1647 2179 ἄνθρωπον,
1660 2112 1832 2178 ὅστις
1845 2113 1962 2181 τὴν

387 2206 683 2273 ἀλήθειαν
697 2206 839 2275 ὑμῖν
864 2204 1196 2272 λελάληκα·
1214 2203 1463 2257 σύνθετόν
1492 2221 1543 2256 τι
1566 2204 1756 2275 χρῆμά
1780 2222 1961 2276 φαμεν

388 2302 553 2355 αὑτὸν
572 2301 872 2369 γεγονέναι·
900 2300 936 2353 i.
961 2314 1036 2363 e.,
1057 2318 1075 2351 ι
1100 2298 1207 2352 Nos
1228 2312 1358 2351 vero
1386 2299 1485 2367 ipsi
1508 2296 1633 2352 Iesu
1654 2300 1958 2363 credentes,

394 2396 462 2447 de
492 2394 774 2448 divinitate
810 2392 1025 2461 quidem
1059 2405 1178 2459 qum
1219 2390 1269 2442 in
1310 2404 1378 2443 eo
1422 2400 1539 2443 erat
1567 2390 1766 2444 dicenti
1799 2410 1811 2444 :
1846 2389 1959 2461 Ego

381 2502 502 2539 sum
534 2486 638 2547 ria,
661 2485 850 2538 veritas
872 2495 921 2536 et
950 2485 1052 2535 vita
1073 2483 1140 2545 “,
1186 2490 1240 2534 et
1279 2483 1322 2535 si
1354 2483 1480 2549 quid
1503 2492 1589 2536 est
1621 2482 1704 2536 his
1741 2484 1917 2537 simile
1944 2502 1957 2537 :

385 2577 454 2630 de
482 2589 714 2642 corpore
745 2587 873 2626 vero
909 2577 959 2625 in
1002 2588 1111 2642 quo
1140 2584 1257 2627 erat
1290 2574 1526 2628 lrimano
1557 2574 1636 2627 sic
1670 2572 1914 2642 loquenti
1942 2594 1957 2630 :

390 2665 548 2719 Nutu:
580 2680 661 2717 me
681 2665 917 2734 quwritis
954 2663 1245 2731 interﬁcere
1268 2663 1547 2726 hominem,
1572 2668 1661 2733 qui
1688 2668 1959 2721 veritatem

384 2758 527 2812 vobis
585 2756 789 2810 locutus
834 2773 950 2809 sum
980 2756 1067 2810 δτι
1101 2757 1277 2810 aimus
1316 2771 1436 2809 eum
1492 2756 1659 2811 fuisse
1700 2758 1957 2827 quiddam

382 2850 767 2919 compositum.
789 2867 809 2900 ι
847 2848 971 2901 Mox
1018 2848 1218 2913 dicitp.
1254 2848 1348 2901 38l
1384 2848 1660 2902 Christum
1692 2850 1952 2904 habuisse

383 2940 656 3011 θειότερόν
684 2957 735 2992 τι
772 2942 830 2993 ἐν
866 2939 942 3009 τῷ
979 2938 1293 3009 βλεπομένῳ
1325 2938 1614 3010 ἀνθρώπῳ,
1656 2940 1793 3012 ὅπερ
1832 2935 1901 3012 ἦν
1929 2943 1959 2993 ό

391 3032 611 3099 κυρίως
643 3030 772 3093 Υἱὸς
822 3029 978 3093 Θεοῦ,
1011 3028 1142 3091 Θεὸς
1178 3028 1369 3096 Λόγος,
1409 3027 1545 3081 Θεοῦ
1572 3029 1819 3100 δύναμις,
1865 3034 1960 3086 καὶ

386 3119 525 3174 Θεοῦ
546 3120 723 3188 σοφία·
746 3120 781 3171 i.
800 3134 873 3179 e.,
897 3118 1193 3183 «Quiddam
1219 3118 1449 3172 divinius
1465 3119 1564 3172 sub
1591 3119 1823 3172 humana
1846 3136 1961 3187 spe—

388 3212 514 3274 cie,
559 3210 699 3279 quod
742 3219 860 3261 erat
895 3208 1102 3276 proprie
1160 3205 1253 3259 Dei
1295 3207 1495 3269 Filius.
1529 3209 1670 3262 Deus
1701 3208 1955 3273 Verbum,

386 3305 564 3357 virtus
601 3302 972 3369 sapientiaque
1014 3299 1129 3357 Dei.
1172 3317 1190 3349 ι
1242 3298 1307 3352 Ει
1355 3310 1475 3368 post
1528 3299 1955 3368 aliquammulta.

385 3394 660 3449 Christum
689 3393 923 3461 appellat
951 3406 1098 3444 nutu.
1123 3390 1210 3453 68,
1247 3406 1301 3459 p.
1334 3392 1458 3455 585,
1487 3391 1616 3444 Θεὸν
1653 3394 1709 3444 ἐν
1743 3392 1957 3465 ἀνθρω-

388 3484 529 3553 πίνῳ
580 3482 816 3552 φανέντα
874 3480 1086 3552 σώματι
1147 3484 1233 3533 ἐπ’
1276 3481 1564 3553 εὐεργεσίᾳ
1630 3481 1722 3534 τοῦ
1770 3484 1959 3551 γένους

386 3576 564 3646 ἡμῶν.
591 3594 608 3626 i
634 3576 800 3629 Deum
833 3583 1179 3642 apparentem
1206 3573 1262 3627 in
1285 3575 1520 3627 humano
1538 3589 1785 3643 corpore,
1819 3586 1875 3629 ut
1904 3578 1956 3630 in

389 3674 633 3721 nostrum
656 3682 827 3737 genus
860 3676 1144 3721 exerceret
1170 3665 1602 3721 beneﬁcentiam.
1641 3684 1661 3717 ι

457 3756 487 3829 §
514 3756 578 3811 V.
602 3756 660 3811 In
690 3758 828 3811 libro
850 3758 1087 3812 secundo
1116 3757 1290 3811 citans
1320 3754 1513 3811 Cenes.
1536 3770 1573 3817 t,
1604 3754 1675 3810 26
1710 3774 1724 3809 ε
1755 3754 1955 3813 Facim-

385 3865 503 3902 υκαι
556 3848 813 3902 hominem
869 3849 939 3901 ad
989 3848 1270 3916 imaginem
1316 3858 1363 3899 et
1417 3846 1810 3900 similitudinem
1858 3867 1955 3902 no-

383 3950 592 4003 stram;
639 3946 692 3992 ct
739 3938 911 3992 locum
964 3937 1179 3991 Davidis
1218 3937 1411 4007 psalm.
1452 3953 1677 3999 cxcvm,
1732 3937 1766 3993 5
1792 3957 1805 3990 :
1836 3939 1957 4006 Ipse

380 4032 544 4095 dixit,
587 4041 635 4084 et
680 4030 825 4099 facta
863 4040 1005 4094 sunt,
1042 4032 1151 4099 ipse
1193 4030 1452 4084 mandavit
1497 4040 1543 4083 et
1578 4041 1756 4084 creata
1791 4045 1955 4095 sunt;

383 4124 479 4178 Dei
508 4126 674 4178 fuisse
701 4122 891 4176 Filium
918 4137 980 4176 ac
1011 4122 1360 4187 Sermonem,
1398 4123 1482 4177 cui
1518 4124 1588 4177 ita
1626 4124 1835 4179 locutus
1874 4138 1958 4180 est

381 4229 448 4269 ac
475 4216 729 4283 praecepit
755 4215 893 4267 Deus
918 4212 1103 4276 Pater,
1130 4216 1229 4268 hac
1250 4218 1459 4269 ratione
1487 4216 1696 4285 colligit
1724 4231 1871 4269 num.
1898 4219 1952 4276 9.

382 4321 507 4376 pag.
554 4306 658 4361 393
682 4324 695 4359 :
724 4308 786 4359 Εί
815 4306 923 4376 γὰρ
948 4304 1247 4358 ἐνετείλατο
1267 4307 1295 4358 ό
1317 4306 1468 4369 Θεὸς,
1507 4308 1600 4359 καὶ
1636 4306 1857 4377 ἐκτίσθη
1889 4307 1957 4360 τὰ

379 4404 867 4475 δημιουργήματα’
896 4403 980 4464 τὶς
1004 4400 1090 4464 ἂν,
1118 4402 1255 4454 κατὰ
1285 4401 1346 4453 τὸ
1369 4401 1602 4471 ἀρέσκον
1632 4401 1709 4471 τῷ
1738 4418 1954 4474 προφη-

382 4496 521 4566 τικῷ
540 4495 837 4565 Πνεύματι,
863 4494 948 4563 εἴη
966 4495 994 4545 ὁ
1008 4494 1104 4563 τὴν
1120 4491 1448 4563 τηλικαύτην
1470 4492 1561 4545 τοῦ
1583 4493 1791 4563 Πατρὸς
1808 4495 1958 4547 ἐντο-

2064 2028 2169 2082 que
2183 2029 2304 2067 cum
2326 2012 2506 2069 Verbo
2526 2013 2644 2070 Dei.
2677 2035 2697 2066 ι
2721 2016 2920 2086 Ecquis
2953 2032 3084 2073 vero
3106 2030 3398 2090 utramque
3424 2020 3633 2077 Christi

2062 2111 2332 2168 naturam,
2361 2112 2419 2159 et
2468 2104 2756 2173 utriusque
2786 2116 2994 2161 natura:
3028 2110 3282 2164 unionem
3328 2111 3632 2181 hypostati-

2059 2208 2179 2253 cam
2228 2195 2402 2264 magis
2448 2195 2728 2253 Catholica
2773 2197 3047 2267 explicare
3090 2201 3296 2268 potuit,
3354 2217 3514 2270 quam
3564 2204 3632 2258 ab

2061 2284 2297 2356 Origene
2345 2287 2494 2341 hisce
2521 2288 2574 2341 in
2604 2287 2738 2343 locis
2762 2289 2962 2344 factum
2984 2290 3105 2344 est?
3132 2290 3256 2346 Mox
3279 2293 3475 2347 ibidem
3507 2310 3633 2349 cor-

2060 2390 2160 2443 pus
2189 2374 2395 2429 Christi
2441 2376 2571 2431 dicit
2622 2392 2770 2431 num.
2807 2376 2897 2442 10,
2951 2378 3044 2432 τὸν
3073 2380 3289 2451 ἀληθῶς
3339 2382 3465 2435 ναὸν
3494 2383 3629 2437 Θεοῦ

2058 2465 2153 2519 τοῦ
2197 2466 2395 2535 Λόγον,
2425 2468 2520 2520 καὶ
2565 2469 2663 2539 τῆς
2712 2468 2925 2539 σοφίας,
2958 2472 3055 2525 καὶ
3107 2474 3205 2543 τῆς
3256 2473 3545 2544 ἀληθείας,
3577 2477 3632 2531 id

2060 2563 2179 2619 est,
2240 2576 2260 2609 ι
2301 2556 2499 2612 Verum
2532 2559 2791 2628 templum
2823 2561 2917 2616 Dei
2950 2561 3134 2627 Verbi,
3167 2566 3414 2621 veritatis
3452 2579 3510 2624 et
3542 2584 3630 2623 sa.

2059 2647 2309 2715 pientiaz;
2358 2668 2377 2700 ι
2414 2650 2557 2719 quod
2583 2649 2778 2715 Iudaei,
2820 2652 3091 2722 lapideum
3112 2656 3206 2712 Dei
3232 2659 3487 2729 templum
3511 2661 3630 2731 plus

2058 2741 2194 2795 satis
2218 2752 2561 2807 venerantes,
2598 2755 3064 2815 contempserunt.

2132 2832 2161 2904 ς
2194 2833 2281 2889 Vl.
2308 2833 2365 2889 In
2396 2835 2534 2890 libro
2558 2839 2719 2893 tertio
2753 2840 3031 2910 objicienti
3080 2844 3407 2903 Christianis
3448 2849 3632 2919 Celso,

2058 2939 2210 2981 num.
2239 2926 2332 2992 41,
2355 2941 2409 2996 p.
2457 2929 2583 2993 475,
2615 2930 2744 2996 474,
2777 2950 2800 2984 ι
2849 2937 2992 3003 quod
3028 2934 3213 2992 Iesum
3252 2942 3466 2996 mortali
3503 2958 3630 2997 cor-

2056 3031 2188 3084 pore
2223 3028 2562 3076 constantem
2589 3025 2817 3079 credant
2840 3040 2961 3081 esse
3013 3029 3203 3095 Deum,
3232 3031 3392 3102 idque
3416 3036 3503 3105 pie
3526 3037 3629 3092 sibi

2059 3106 2347 3163 videantur
2379 3108 2592 3178 facere;
2631 3130 2650 3164 ι
2683 3114 2758 3168 ita
2784 3120 3071 3185 respondet
3095 3119 3360 3191 Origenes
3396 3143 3411 3178 :
3440 3127 3628 3180 Ἲστω-

2062 3213 2159 3251 σαν
2205 3199 2255 3251 οί
2301 3199 2687 3268 ἐγκαλοῦντες,
2729 3203 2813 3257 ὅτι
2850 3205 2909 3259 ὃν
2949 3208 3049 3277 μὲν
3087 3211 3378 3282 νομίζομεν
3409 3216 3501 3267 καὶ
3532 3232 3626 3269 πε-

2060 3288 2329 3359 πείσμεθα
2350 3292 2585 3363 ἀρχῆθεν
2612 3290 2751 3348 εἶναι
2788 3296 2920 3350 Θεὸν
2953 3300 3048 3351 καὶ
3075 3300 3203 3353 Υίὸν
3227 3302 3384 3365 Θεοῦ,
3418 3298 3573 3371 οὗτος
3601 3307 3629 3358 6

2056 3381 2344 3451 αὑτολόγος
2373 3385 2489 3437 ἐστὶ
2524 3387 2618 3439 καὶ
2644 3388 2678 3457 ἠ
2718 3388 3013 3458 αὑτοσοφία
3049 3391 3143 3443 καὶ
3186 3394 3220 3463 ἠ
3247 3394 3627 3467 αὑτοαληθεια·

2056 3475 2117 3527 τὸ
2151 3474 2208 3527 δὲ
2233 3474 2424 3546 θνητὸν
2459 3477 2622 3529 αὐτοῦ
2672 3477 2852 3549 σῶμα,
2894 3481 2989 3533 καὶ
3038 3480 3136 3551 τὴν
3186 3483 3532 3558 ἀνθρωπίνην
3572 3491 3631 3542 ὲν

2057 3566 2206 3639 αὐτῷ
2254 3568 2451 3639 ψυχὴν,
2510 3573 2575 3641 τῇ
2610 3570 2747 3641 πρὸς
2803 3574 3006 3627 ἐκεῖνον
3060 3575 3119 3626 οὐ
3172 3576 3332 3645 μόνον
3383 3580 3630 3651 κοινωνίᾳ

2056 3661 2194 3716 ἀλλὰ
2225 3664 2321 3716 καὶ
2349 3662 2537 3716 ὲνὼσει
2566 3664 2662 3716 καὶ
2704 3666 3023 3735 ἀνακράσει,
3075 3668 3144 3720 τὰ
3192 3668 3633 3741 μέγιστά·φαμεν

2056 3754 2499 3826 προσειληφέναι,
2532 3759 2740 3827 καὶτῆς
2772 3758 2985 3812 ἐκείνου
3010 3760 3284 3831 θειότητος
3310 3779 3631 3834 κεκοινωνη-

2057 3847 2192 3900 κότα
2229 3850 2311 3911 εἰς
2354 3848 2485 3901 Θεὸν
2541 3850 2996 3921 μεταϐεϐηκέναι,
3024 3852 3072 3904 id
3096 3862 3201 3915 est,
3244 3870 3265 3904 ι
3302 3854 3490 3910 Sciant
3541 3858 3628 3910 isti

2056 3939 2434 3993 criminatores
2473 3940 2615 3995 hunc
2658 3939 2842 3996 Iesum
2870 3981 2887 4006 ,
2931 3959 3091 4011 quem
3138 3943 3207 3997 ab
3252 3945 3403 3999 initio
3460 3947 3627 4001 Deum

2056 4027 2259 4099 Deique
2286 4030 2479 4083 Filium
2507 4045 2629 4087 esse
2678 4032 2981 4095 credimus,
3012 4035 3185 4102 ipsum
3214 4047 3337 4089 esse
3366 4036 3625 4099 Verbum,

2056 4123 2227 4190 ipsam
2260 4125 2564 4186 veritatem,
2602 4123 2770 4191 ipsam
2800 4124 3163 4192 sapientiam:
3194 4135 3447 4181 caterum
3483 4144 3627 4181 mor-

2056 4215 2163 4269 tale
2197 4214 2317 4282 ejus
2345 4230 2545 4283 corpus
2586 4226 2642 4269 et
2679 4216 2972 4272 humanam
3019 4216 3070 4271 in
3106 4232 3174 4273 eo
3212 4218 3448 4272 animam
3484 4219 3627 4275 illius

2058 4305 2221 4362 Verbi
2252 4323 2358 4362 non
2396 4308 2568 4361 solum
2597 4310 3109 4373 communicatione,
3149 4310 3243 4365 sed
3275 4310 3438 4365 etiam
3471 4312 3627 4366 unico

2056 4415 2126 4455 ne
2158 4408 2214 4454 et
2243 4401 2613 4470 permistione,
2647 4400 2884 4455 maxima
2911 4416 3143 4471 quaeque
3170 4402 3402 4457 diclmus
3466 4417 3627 4459 acce-

2055 4491 2220 4559 pisse,
2246 4500 2301 4546 et
2329 4490 2666 4546 divinitatem
2704 4492 2877 4561 ipsius
2906 4494 3313 4563 participantia,
3362 4495 3416 4550 in
3457 4494 3624 4551 Deum

381 4587 481 4657 λὴν
501 4585 852 4656 ἐκπληρῶσαι
880 4585 1147 4654 δυνηθεὶς,
1184 4584 1217 4655 ἢ
1265 4584 1294 4635 ό
1334 4582 1421 4652 (ἵν’
1453 4582 1624 4646 οὕτως
1664 4583 1951 4656 όνομάσῳ)

2059 4583 2311 4638 evasisse.
2335 4601 2354 4634 ι
2415 4582 2580 4652 Cujus
2635 4584 3004 4650 responsionis
3044 4585 3110 4653 (si
3149 4585 3279 4654 quid
3311 4585 3489 4656 video)
3538 4586 3628 4640 hic

382 4678 625 4749 ιμψυχος
673 4675 828 4743 λόγος
875 4676 971 4728 καὶ
1009 4674 1236 4744 ἀλήθεια
1254 4674 1555 4745 τυγχάνων,
1594 4674 1647 4728 id
1694 4685 1797 4738 est,
1826 4693 1848 4726 τ
1890 4675 1949 4731 Si

380 4770 529 4824 enim
584 4768 859 4823 mandavit
890 4766 1063 4828 Deus.
1109 4775 1166 4822 et
1206 4768 1438 4822 conditae
1475 4776 1601 4821 sunt
1648 4777 1949 4834 creaturae;

381 4859 506 4932 quis
524 4860 678 4930 juxta
699 4858 1022 4913 sententiam
1037 4858 1336 4927 prophetici
1364 4857 1600 4927 Spiritus
1618 4868 1804 4928 posset
1832 4873 1955 4916 esse

382 4952 516 5008 tanti
561 4952 773 5021 paterni
823 4948 1061 5004 mandati
1096 4960 1407 5013 exsecutor,
1444 4965 1603 5020 quam
1656 4950 1765 5015 ille,
1794 4960 1855 5005 ut
1873 4952 1953 5007 sic

381 5043 593 5113 loquar,
620 5042 890 5095 animatus
908 5040 1027 5109 eius
1048 5054 1230 5095 sermo
1262 5050 1318 5094 et
1344 5040 1584 5096 veritas?
1616 5060 1636 5093 ι
1670 5040 1875 5107 Quibus
1895 5044 1951 5097 in

383 5136 567 5190 verbis
603 5133 796 5187 Filium
827 5131 918 5185 Dei
945 5146 975 5183 a
1018 5130 1177 5185 rebus
1210 5133 1409 5185 creatis
1440 5133 1691 5187 omnibus
1726 5134 1957 5202 apertis-

383 5225 519 5281 sime
544 5223 860 5293 distinguit;
891 5221 1020 5291 quin
1056 5230 1111 5276 et
1128 5220 1273 5276 clare
1296 5222 1455 5276 docet
1474 5237 1609 5291 opus
1626 5223 1917 5277 creationis
1934 5264 1952 5288 ,

348 5319 456 5388 .illi
504 5317 594 5372 Dei
638 5316 775 5371 Filio
812 5330 843 5369 a
884 5314 1046 5369 Patre
1100 5329 1199 5369 suo
1254 5316 1677 5377 demandatum,
1742 5324 1950 5369 tantum

382 5410 599 5473 tuisse,
658 5418 843 5480 utpote
902 5406 1563 5475 divinaevomnipotentite
1629 5405 1948 5475 proprium,

383 5516 443 5559 ut
502 5504 690 5575 perlici
758 5502 1067 5569 neutiquam
1121 5499 1358 5569 patuerit
1410 5499 1512 5553 nisi
1568 5499 1635 5553 ab
1693 5512 1792 5560 eo,
1856 5498 1949 5567 qui

382 5597 453 5651 sit
481 5598 594 5665 ipse
636 5595 732 5649 Dei
772 5592 951 5648 Patris
996 5606 1171 5646 sermo
1219 5606 1284 5645 ac
1328 5591 1550 5647 veritas.
1606 5589 1736 5657 Quae
1786 5591 1951 5645 ratio-

378 5689 587 5741 eiuatio
638 5701 800 5755 quam
845 5684 1032 5754 procul
1072 5685 1231 5739 distet
1281 5698 1309 5734 a
1355 5693 1536 5736 mente
1584 5683 1950 5736 Ariomanita—

454 5864 675 5917 “10in.
713 5877 823 5922 xiv,
846 5861 897 5914 6.
974 5861 1017 5890 ⁸⁷
1040 5858 1197 5912 Joau.
1226 5873 1346 5921 vm,
1377 5860 1465 5913 40.

738 5956 1006 6015 Ρηιιοι..
1052 5956 1167 6015 Cn.
1216 5953 1411 6014 XVII.

2057 4690 2253 4731 sensus
2297 4674 2615 4730 manifestus
2648 4686 2733 4731 est
2779 4690 2794 4726 :
2841 4676 2924 4728 An
2958 4675 3093 4730 illud
3119 4690 3217 4730 vos
3246 4675 3557 4739 conturbat,
3592 4692 3627 4731 ο

2058 4767 2386 4838 philosophi,
2417 4769 2560 4837 quod
2623 4782 2722 4823 nos
2773 4766 3064 4822 Christiani
3115 4766 3386 4822 Christum
3429 4767 3626 4821 Serva.

2061 4870 2233 4916 torem
2265 4872 2528 4925 nostrum,
2559 4859 2774 4915 mortali
2799 4874 3028 4928 corpore
3060 4868 3426 4923 constantem,
3456 4859 3625 4914 Deum

2061 4951 2329 5006 dicimus?
2377 4951 2519 5013 lino,
2569 4951 2856 5019 ringamini
2897 4950 3047 5018 licet,
3096 4951 3246 5006 illum
3300 4950 3465 5005 Deum
3504 4965 3627 5005 esse

2062 5041 2391 5097 aﬂirmamus
2450 5042 2824 5110 ipsissimum;
2872 5054 3065 5112 nempe
3118 5043 3290 5112 ipsam
3335 5044 3623 5106 rationem,

2052 5134 2226 5205 ipsam
2259 5139 2566 5197 veritatem,
2600 5135 2771 5203 ipsam
2801 5134 3124 5202 sapientiam
3149 5152 3163 5186 :
3187 5134 3315 5203 quin
3338 5142 3394 5186 et
3422 5133 3474 5186 in
3508 5143 3627 5185 tan.

2056 5235 2167 5280 tum
2198 5225 2390 5291 Deum,
2423 5238 2483 5281 ut
2511 5242 2619 5282 non
2643 5241 2931 5282 vereamur
2954 5225 3159 5289 dicere,
3188 5224 3305 5294 ejus
3334 5224 3496 5278 etiam
3529 5224 3625 5277 hu-

2052 5330 2268 5369 manam
2308 5328 2577 5380 naturam,
2614 5332 2711 5386 per
2758 5317 3013 5371 unionem
3072 5330 3196 5371 cum
3238 5315 3443 5378 divina,
3488 5330 3625 5383 quo-

2053 5406 2341 5461 dammodo
2374 5407 2679 5462 deiiicatam
2709 5423 2861 5463 esse.
2897 5406 3142 5462 Notanda
3168 5406 3256 5463 hic
3294 5415 3378 5461 est
3422 5405 3625 5460 locutio

2051 5498 2271 5551 omnino
2330 5496 2641 5563 Platonica,
2704 5498 3011 5566 αὐτολόγος,
3060 5496 3437 5567 αὑτοαλήθεια.
3489 5496 3623 5551 Nam

2053 5589 2205 5645 Plato
2222 5589 2556 5658 αὐτοαγαθόν
2587 5590 2744 5655 dixit,
2767 5592 2912 5661 quod
2937 5602 3020 5645 est
3047 5604 3176 5644 vere
3206 5604 3270 5643 ac
3298 5604 3393 5657 per
3439 5603 3497 5643 se
3528 5590 3625 5642 ho.

2055 5697 2221 5741 num;
2253 5681 2380 5735 illud
2409 5682 2690 5749 epitheton
2713 5681 3012 5736 attribuens
3034 5680 3133 5736 soli
3158 5694 3289 5737 vero
3318 5695 3381 5735 ac
3412 5695 3622 5734 summo

3191 5953 3259 6012 Η
