4152 6458
518 446 647 506 ιεθι

1934 451 2359 507 EXCERPTUM

3600 519 3608 527 _
3648 452 3789 506 1292

519 574 651 634 heu,
697 586 726 623 a
782 585 888 639 quo
923 571 1010 627 ille
1043 571 1134 625 τδν
1161 572 1334 640 Λόγον
1369 570 1584 640 longius
1617 571 1890 642 sperabat.
1941 571 2096 639 Atqui

2207 569 2401 641 κούρου
2435 570 2544 623 θεοὶ
2565 612 2578 637 ,
2606 567 2846 623 σύνθετοι
2877 567 2938 634 ἐξ
2955 567 3173 639 ἀτόμων
3193 566 3576 638 τυγχάνοντες,
3605 568 3699 622 καὶ
3726 567 3790 622 τὸ

517 664 801 731 Origenes,
832 672 1087 732 tanquam
1119 678 1184 716 ex
1221 662 1531 717 Christiana
1596 662 1926 717 Platonicam
1975 663 2097 730 phi-

523 754 831 823 losophiam
876 755 1174 824 corrigens,
1205 756 1371 808 etiam
1405 754 1496 807 τὸν
1525 755 1697 823 Λόγον
1738 755 1854 808 sive
1901 753 2096 808 Filium

522 845 612 897 liei
642 843 988 914 αὑτοσοφίαν,
1020 845 1432 916 αὑτοαλήθειαν,
1463 862 1528 900 ac
1572 846 1798 916 proinde
1825 847 2098 914 αὐτοαγα-

521 937 611 990 θόν
630 937 752 1007 jure
788 938 980 993 merito
1005 938 1108 993 dici
1138 953 1294 1007 posse
1326 939 1660 1008 pronuntiat.
1691 936 1957 992 Caeterum
1989 953 2098 991 non

524 1040 630 1096 est,
664 1031 807 1101 quod
836 1029 1035 1086 fratres
1069 1031 1240 1086 nostri
1261 1030 1585 1094 Lutherani,
1610 1031 1700 1101 qui
1736 1028 1920 1085 nescio
1939 1044 2098 1098 quam

523 1125 774 1178 humana:
798 1123 852 1178 in
886 1122 1109 1178 Christo
1144 1133 1356 1178 natura!
1387 1123 1747 1195 ubiquitatem
1780 1121 2099 1190 defendunt,

524 1230 590 1270 ex
619 1216 702 1270 his
723 1215 973 1284 Origenis
1003 1214 1182 1270 verbis
1213 1215 1508 1284 quidquam
1552 1230 1730 1270 causae
1773 1230 1886 1270 sua:
1940 1229 2100 1269 acce-

519 1307 651 1361 dere
677 1307 1031 1361 arbitrentur.
1059 1307 1197 1361 Nam
1221 1307 1275 1361 in
1308 1306 1450 1370 loco,
1507 1321 1670 1376 quem
1713 1321 1779 1360 ex
1827 1307 1965 1361 libro
2010 1320 2100 1361 se-

522 1399 703 1452 cundo
739 1397 896 1452 modo
924 1397 1270 1465 adduximus,
1293 1408 1483 1466 aperte
1524 1399 1681 1452 docet
1721 1396 1986 1468 Origenes
2008 1397 2102 1451 τὸν

521 1487 678 1557 λόγον
723 1488 798 1543 ita
845 1503 972 1544 cum
1008 1491 1250 1543 humana
1280 1489 1488 1546 Christi
1513 1500 1708 1544 natura
1747 1489 2101 1560 conjunctum

520 1597 664 1645 esse,
699 1591 756 1636 ut
785 1582 950 1636 etiam
976 1595 1130 1635 extra
1166 1581 1292 1637 Jesu
1322 1583 1558 1636 animam
1602 1596 1904 1652 corpusque
1958 1583 2103 1638 exsi-

521 1682 666 1738 stat;
700 1689 763 1728 ac
784 1673 845 1726 τό
878 1674 1064 1742 ubique
1085 1689 1195 1728 esse
1229 1675 1282 1728 in
1307 1673 1476 1728 solam
1503 1674 1844 1728 divinitatem
1883 1689 2102 1744 compe-

525 1777 662 1820 tere.
688 1765 828 1831 Quin
886 1773 941 1818 et
982 1765 1035 1818 itt
1066 1765 1169 1820 hoc
1207 1766 1326 1835 ipso
1370 1766 1491 1821 loco
1536 1780 1661 1820 mox
1684 1776 1804 1836 post
1831 1767 1994 1821 verba
2023 1766 2102 1820 al-

522 1859 655 1922 Iata,
680 1857 822 1926 quod
853 1857 918 1909 de
955 1855 1310 1923 permistlone
1354 1855 1606 1911 humanae
1648 1856 1701 1910 in
1751 1855 1970 1910 Christo
2004 1871 2101 1910 na-

2200 662 2324 714 ὃσον
2359 659 2452 713 ἐπὶ
2478 663 2544 730 τῇ
2577 660 2832 712 συστάσει
2866 658 3143 723 ἁναλυτοὶ,
3172 656 3649 729 πραγματεύονται
3686 659 3788 723 τὰς

2200 753 2556 823 φθοροποιοὺς
2606 753 2842 824 ἀτόμους
2865 750 3234 806 ἀποσείεσθαι.
3273 750 3436 804 Ἀλλά
3479 750 3574 804 καὶ
3615 753 3644 804 ὁ
3676 751 3789 805 τῶν

2200 844 2440 899 Στοῖκῶν
2459 844 2611 908 Θεὸς,
2637 844 2732 898 ἆτε
2769 843 2928 915 σῶμα
2948 844 3253 914 τυγχάνων,
3292 842 3382 895 ὁτὲ
3433 842 3532 914 μὲν
3578 842 3787 913 ἡγεμο-

2200 934 2350 988 νικδν
2375 934 2489 1004 ἔχει
2527 933 2626 1006 τὴν
2667 934 2796 1005 ὅλην
2830 935 3041 1000 οὐσίαν,
3065 935 3192 988 ὅταν
3236 935 3270 1004 ἡ
3329 932 3644 1005 ἐκπύρωσις
3768 949 3783 962 ·

2199 1028 2289 1081 ὁτὲ
2320 1029 2413 1080 ἐπὶ
2437 1026 2636 1099 μέρους
2663 1026 2872 1096 γίνεται
2915 1028 3116 1098 αὐτῆς,
3160 1027 3289 1080 ὅταν
3326 1027 3360 1098 ἡ
3394 1026 3782 1098 διακόσμησις·

2199 1119 2320 1173 οὐδὲ
2338 1120 2448 1192 γὰρ
2474 1119 2788 1190 δεδύνηνται
2815 1114 2962 1175 οὗτοι
3003 1120 3281 1193 τρανῶσαι
3307 1119 3407 1190 τὴν
3438 1119 3672 1192 φυσικὴν
3691 1119 3788 1172 τοῦ

2199 1212 2337 1266 Θεοῦ
2359 1211 2586 1278 ἔννοιαν,
2611 1211 2686 1275 ὼς
2714 1213 2892 1284 πάντη
2934 1211 3246 1283 ἀφθάρτου,-
3277 1214 3370 1266 καὶ
3416 1212 3589 1267 ἁπλοῦ
3620 1254 3636 1278 ,
3679 1213 3778 1266 καὶ

2199 1306 2518 1370 ἀσυνθέτου,
2559 1308 2654 1361 καὶ
2697 1307 3027 1379 ἀδιαιρέτου.
3062 1307 3136 1360 Τδ
3181 1307 3239 1361 δὲ
3291 1306 3668 1379 καταϐεϐηκδς
3703 1307 3786 1370 εἰς

2200 1399 2521 1472 ἀνθρώπους
2565 1403 2623 1454 ὲν
2657 1405 2839 1473 μορφῇ
2876 1400 3010 1454 Θεοῦ
3046 1397 3281 1472 ὑπῆρχε,
3309 1401 3403 1455 καὶ
3459 1399 3548 1454 διὰ
3599 1399 3786 1469 φιλαν-

2201 1493 2450 1566 θρωπίαν
2495 1493 2687 1548 ἑαυτὸν
2741 1493 3033 1558 ἐκένωσεν,
3069 1493 3156 1545 ἴνα
3193 1493 3505 1563 χωρηθῆναι
3557 1492 3649 1545 ὑπ’
3696 1492 3785 1546 ἀν-

2201 1582 2435 1655 θρώπων
2471 1583 2672 1655 δυνηθῇ
2696 1599 2711 1616 ο
2747 1585 2808 1637 οὐ
2839 1583 3011 1654 δήπου
3061 1583 3105 1636 δ’
3139 1582 3198 1647 ἑξ
3242 1582 3445 1651 ἀγαθοῦ
3489 1585 3569 1647 εἰς
3617 1584 3788 1638 κακὸν

2203 1673 2424 1743 γέγονεν
2479 1672 2627 1745 αὑτῷ
2656 1671 2950 1744 μεταϐολὴ,
2991 1689 3046 1729 κ.
3081 1689 3134 1727 τ.
3165 1671 3215 1726 λ.
3265 1671 3317 1726 id
3363 1679 3467 1734 est,
3513 1689 3532 1722 ι
3564 1671 3642 1725 Ad
3672 1673 3787 1726 Ittec

2201 1765 2336 1820 satis
2391 1780 2712 1834 responsum
2744 1767 2907 1831 erit,
2946 1773 3005 1818 ut
3050 1763 3182 1818 mihi
3229 1762 3465 1828 videtur,
3497 1761 3543 1815 si
3595 1761 3787 1817 dixem

2201 1857 2472 1925 quomodo
2503 1857 2558 1910 in
2585 1856 2793 1910 sanctis
2823 1855 3127 1924 Scripturis
3161 1855 3462 1922 accipiatur
3489 1855 3784 1908 descensus

527 1957 661 2001 tnrze
692 1961 813 2002 cum
850 1945 1026 1999 divina
1055 1944 1286 2008 dixerat,
1316 1946 1388 1999 ita
1419 1946 1534 2015 ipse
1573 1944 1836 2016 Origenes
1895 1947 2099 2001 diserte
2128 1927 2174 1988 Β
2205 1947 2299 2002 Dei
2330 1949 2397 2002 ad
2428 1949 2677 2004 homines
2712 1965 2726 2002 :
2768 1949 2834 2002 ad
2868 1963 3029 2018 quem
3087 1946 3234 2001 nulla
3279 1947 3582 2002 mutatione
3645 1961 3784 2016 Oplls

517 2039 786 2108 explicat,
841 2044 902 2090 ut
968 2035 1103 2089 nihil
1161 2037 1306 2092 aliud
1362 2051 1421 2092 se
1467 2037 1703 2092 voluisse
1759 2038 2100 2109 profiteatur,

515 2147 689 2200 quam
739 2145 958 2186 carnem
993 2130 1119 2186 Jesu
1150 2129 1534 2199 glorificatam,
1564 2131 1786 2185 mutatis
1824 2129 2103 2199 qualitati-

516 2224 628 2279 ‘bus
660 2224 817 2279 talem
849 2239 970 2279 esse
995 2225 1283 2286 redditam,
1319 2221 1536 2290 qualem
1581 2223 1810 2277 decebat
1857 2221 2103 2278 habitare

518 2317 581 2372 in
617 2332 828 2372 summo
864 2317 1090 2379 aethere,
1120 2315 1253 2370 nihil
1307 2315 1630 2370 retinentem
1681 2315 1915 2370 carnalis
1949 2315 2102 2370 iniir-

519 2411 732 2464 ‘mitatis
771 2409 1089 2478 congenitte.
1124 2406 1265 2478 Lege
1287 2447 1303 2474 ,
1336 2409 1381 2462 si
1417 2416 1593 2473 vacat,
1635 2423 1754 2476 quae
1795 2407 1936 2476 apud
1979 2406 2103 2463 Ori-

521 2514 717 2570 geriem
769 2508 1070 2569 sequuntur
1113 2515 1126 2550 :
1168 2511 1269 2567 ego
1309 2510 1340 2552 e
1395 2496 1713 2552 diverticulo
1755 2498 1807 2568 in
1833 2497 1973 2552 viam
2019 2513 2102 2552 re-

513 2591 650 2647 'deo.
751 2617 761 2622 --

595 2680 624 2752 §
650 2680 756 2734 VII.
783 2677 842 2735 In
875 2681 1016 2735 libro
1031 2691 1228 2752 quarto
1253 2682 1528 2736 inducitur
1553 2679 1747 2737 Celsus
1776 2680 2098 2752 Epicureus,

520 2773 789 2828 adversus
810 2772 1244 2828 Christianorum
1270 2774 1335 2828 de
1365 2773 1456 2828 Dei
1493 2771 1615 2826 Filii
1649 2773 1701 2827 in
1745 2781 1921 2828 terras
1979 2773 2102 2828 des-

523 2879 691 2920 censu
729 2874 783 2919 et
810 2864 1175 2936 ὲνσαρκώσει,
1230 2865 1537 2920 doctrinam
1581 2869 1724 2920 hunc
1777 2865 1830 2920 in
1880 2864 2098 2920 modum

514 2959 806 3025 disputans
847 2971 996 3011 num.
1031 2955 1124 3021 14,
1171 2971 1297 3027 pag.
1332 2957 1458 3024 510,
1520 2976 1542 3009 ‹
1577 2957 1721 3012 Deus
1771 2968 1854 3013 est
1903 2957 2098 3024 bonus,

512 3047 766 3118 pulcher,
802 3047 952 3113 felix,
992 3057 1049 3103 et
1087 3047 1451 3118 pulcherrima
1511 3051 1825 3118 optimaque
1868 3050 2094 3120 specie:

521 3141 570 3195 is
623 3139 666 3194 si
719 3140 1073 3195 descenderet
1121 3141 1188 3194 ad
1256 3141 1526 3208 homines,
1569 3151 1630 3196 ut
1680 3151 1920 3198 mutetur
1960 3157 2100 3213 opus

516 3240 635 3298 est;
665 3230 960 3285 mutabitur
989 3240 1171 3285 autem
1201 3246 1232 3285 e
1262 3232 1404 3288 bono
1432 3233 1485 3287 in
1515 3234 1740 3300 malum,
1775 3249 1808 3289 e
1867 3234 2097 3304 pulchro

507 3322 578 3376 'in
609 3333 897 3389 turpem,e
929 3320 1085 3376 felice
1115 3322 1171 3375 in
1203 3321 1501 3387 infelicem,
1543 3338 1612 3379 ex
1662 3324 1869 3392 optimo
1916 3325 1970 3378 in
2003 3339 2099 3380 ne-

511 3413 866 3482 ‘quissimum.
905 3411 1040 3478 Quis
1087 3413 1169 3468 sic
1203 3428 1264 3468 se
1311 3421 1576 3469 mutatum
1627 3415 1882 3484 cuperet?
1936 3415 2099 3473 Certe

509 3502 750 3557 mutatio
800 3503 916 3556 haec
973 3511 1030 3556 et
1077 3500 1495 3557 transformatio
1536 3505 1695 3559 cadit
1733 3507 1786 3558 in
1817 3505 2095 3562 hominem

518 3591 807 3646 mortalem
850 3607 865 3642 :
899 3591 1193 3646 immortali
1223 3608 1352 3647 vero
1385 3608 1598 3665 semper
1625 3595 1813 3652 eodem
1846 3598 2008 3653 modo
2037 3613 2097 3654 se

509 3682 724 3737 'vhabere
756 3682 1032 3736 convenit.
1056 3681 1200 3752 Ergo
1234 3699 1508 3753 nunquam
1549 3687 1691 3742 Deus
1720 3687 1880 3742 talem
1920 3700 2096 3744 muta-

518 3775 724 3829 tionem
753 3773 1042 3844 reciperet.
1083 3792 1103 3827 ι
1130 3772 1250 3829 Jam
1288 3774 1336 3830 si
1383 3775 1649 3848 Origenes
1687 3779 1828 3834 idem
1863 3781 1928 3837 de
1955 3781 2096 3839 Filio

509 3865 615 3919 ‘Dei
646 3865 926 3932 sensisset,
961 3867 1104 3934 quod
1139 3877 1325 3936 postea
1349 3868 1533 3936 Arius,
1564 3884 1726 3940 quam
1785 3871 1944 3929 facile
1999 3889 2095 3944 po-

516 3956 714 4010 tuisset
752 3955 911 4024 hujus
939 3961 1243 4027 argumenti
1290 3959 1468 4029 ipsum
1521 3960 1932 4020 fundamentum
1967 3969 2095 4022 sub-

515 4047 775 4103 vertere?
804 4063 911 4103 uno
938 4050 1149 4105 scilicet
1168 4053 1334 4106 verbo
1365 4053 1595 4110 dicendo
1645 4071 1822 4127 neque
1861 4073 1918 4113 se
1937 4100 1952 4126 ,
1997 4074 2095 4115 ne-

511 4154 623 4208 que
657 4141 960 4197 catholicos
983 4141 1326 4199 Christianos
1359 4147 1442 4200 sui
1495 4151 1755 4218 temporis
1794 4153 2093 4210 credidisse

504 4229 715 4285 'Filium
770 4233 865 4286 Dei
897 4247 1022 4288 esse
1071 4250 1261 4291 revera
1318 4236 1486 4292 Deum
1536 4239 2091 4308 immutabilem;sed

505 4322 678 4391 plane
701 4325 959 4380 statuisse
986 4335 1293 4382 creaturam
1325 4327 1474 4383 illum
1497 4343 1638 4395 esse,
1666 4348 1694 4385 a
1743 4333 1854 4388 Deo
1903 4335 2092 4391 aliena:

515 4427 583 4467 ac
608 4427 830 4481 prorsus
852 4417 1127 4472 mutabilis
1156 4427 1385 4474 naturae.
1419 4420 1525 4476 Sed
1583 4422 1741 4494 longe
1799 4426 1978 4492 aliter,
2035 4439 2091 4482 et

508 4500 662 4556 salva
691 4504 914 4559 omnino
947 4504 1352 4562 Catholicorum
1405 4509 1713 4581 hypothesi,
1744 4513 1810 4569 de
1841 4515 1962 4572 Filii
1995 4518 2089 4573 Dei

2203 2047 2306 2103 est,
2352 2047 2412 2092 ut
2459 2037 2652 2094 Celsus
2693 2045 2850 2108 putat
2912 2052 3013 2092 nos
3041 2036 3276 2106 opinari,
3305 2051 3404 2092 nec
3449 2039 3698 2104 versione
3727 2037 3782 2091 in

2204 2131 2403 2186 malum
2433 2147 2464 2186 e
2483 2132 2647 2196 bono,
2677 2141 2817 2185 aute
2842 2125 3070 2201 pulbhro
3097 2130 3150 2184 in
3180 2139 3414 2201 turpem,
3441 2143 3536 2185 aut
3562 2147 3592 2185 e
3623 2131 3786 2186 felice

2203 2223 2256 2277 in
2295 2223 2566 2278 infelicem
2591 2263 2608 2288 ,
2650 2233 2744 2279 aut
2779 2239 2846 2278 ex
2898 2223 3104 2292 optimo
3135 2223 3188 2278 in
3225 2224 3638 2293 nequissimum.
3672 2223 3784 2276 lin-

2203 2314 2478 2370 mutabilis
2507 2315 2652 2370 enim
2693 2315 2747 2370 in
2779 2330 2874 2371 sua
2903 2315 3141 2371 essentia
3165 2331 3414 2381 manens,
3449 2316 3784 2372 condescen-

2157 2396 2170 2401 ”
2201 2408 2281 2464 dit
2317 2406 2479 2462 rebus
2500 2405 2751 2461 humanis
2779 2407 3118 2474 providentia
3145 2415 3201 2461 et
3220 2407 3641 2476 dispensatione.
3670 2407 3783 2461 Nos

2200 2507 2350 2554 certe
2401 2511 2432 2551 e
2485 2496 2658 2551 sacris
2723 2496 2920 2551 litteris
2985 2496 3150 2550 Deum
3212 2496 3608 2552 immutabilem
3658 2511 3784 2551 esse

2200 2589 2485 2654 discimus,
2501 2587 2594 2644 ubi
2621 2586 2814 2657 legitur
2854 2599 2872 2640 :
2911 2585 2988 2640 Tu
3016 2596 3190 2641 autem
3220 2588 3331 2657 ipse
3359 2604 3412 2642 es
3429 2588 3510 2654 ";
3534 2599 3625 2643 et:
3655 2586 3783 2643 Non

2195 2683 2449 2737 immutor
2469 2681 2539 2738 δ’.
2592 2679 2810 2750 Epicuri
2855 2693 2985 2734 vero
3010 2679 3084 2734 dii
3117 2694 3182 2733 ex
3220 2680 3416 2735 atomis
3469 2681 3780 2750 compositi,

2198 2783 2255 2829 et
2286 2772 2512 2844 proinde
2547 2771 2940 2828 constitutione
2996 2785 3095 2825 sua
3145 2770 3513 2834 dissolubiles,
3578 2771 3782 2826 habent

2199 2866 2341 2935 quod
2371 2873 2556 2934 agant,
2583 2865 2706 2919 dum
2744 2863 2866 2919 illas
2898 2873 3128 2931 atomos,
3155 2878 3276 2933 quae
3310 2865 3632 2934 corporibus
3654 2878 3780 2918 cor-

2200 2956 2503 3027 ruptionem
2529 2954 2792 3022 emcinnt,
2811 2956 3108 3010 excutiant.
3146 2954 3255 3010 Nec
3278 2969 3439 3010 secus
3466 2954 3777 3010 Stoicorum

2200 3049 2363 3117 Deus,
2405 3057 2586 3118 utpote
2613 3063 2835 3118 corpus,
2879 3049 3155 3103 interdum
3221 3063 3376 3103 mens
3407 3057 3491 3103 est
3535 3063 3656 3119 qua:
3692 3059 3775 3104 to-

2198 3149 2309 3198 tam
2359 3142 2597 3212 possidet
2649 3140 3033 3205 substantiam,
3068 3153 3194 3194 cum
3254 3141 3326 3196 sit
3385 3139 3776 3211 conﬂagratio;

2200 3233 2473 3288 interdum
2505 3247 2634 3288 vero
2658 3249 2723 3288 ex
2749 3241 2903 3303 parte
2929 3231 3098 3302 ipsius
3126 3233 3444 3288 substantiae
3464 3241 3778 3302 generatur,

2196 3340 2320 3380 cum
2354 3325 2428 3380 sit
2459 3325 2644 3379 mundi
2673 3326 2965 3381 ordinatio.
2997 3326 3089 3381 Isti
3145 3326 3288 3380 enim
3342 3339 3449 3380 non
3484 3333 3781 3394 potuerunt

2196 3417 2411 3488 quidem
2461 3417 2606 3472 clare
2663 3418 2756 3474 Dei
2804 3427 3052 3473 naturam
3121 3418 3450 3488 intelligere,
3498 3417 3643 3486 quod
3700 3418 3781 3471 sit

2191 3509 2416 3565 omnino
2455 3509 2906 3580 incorruptibilis,
2957 3510 3210 3580 simplex,
3264 3525 3365 3565 nec
3417 3511 3777 3579 compositus,

2193 3617 2297 3658 nec
2338 3601 2644 3658 divisibilis.
2682 3601 2737 3656 Id
2767 3612 2948 3658 autem
2989 3603 3133 3673 quod
3181 3603 3248 3656 ad
3275 3601 3520 3657 homines
3548 3601 3780 3656 descen-

2194 3693 2296 3758 dit,
2325 3694 2380 3748 in
2415 3693 2586 3763 fama
2620 3694 2785 3748 Dei"
2819 3694 3095 3764 substitit,
3149 3702 3205 3748 et
3262 3704 3483 3763 propter
3531 3707 3778 3748 amorem

2193 3785 2412 3840 humani
2437 3785 2656 3855 generis
2685 3786 2922 3855 seipsum
2951 3785 3272 3852 exinauivit,
3314 3796 3374 3840 ut
3423 3795 3606 3855 posset
3638 3799 3772 3840 con-

2192 3875 2298 3946 cipi
2329 3875 2397 3932 ab
2431 3875 2784 3940 hominibus,
2837 3877 3046 3946 absque
3094 3876 3204 3930 ulla
3257 3886 3435 3932 tamen
3475 3878 3780 3931 mutatione

2192 3980 2257 4021 ex
2279 3967 2421 4021 bono
2451 3968 2503 4021 in
2540 3967 2766 4033 malum,
2808 3985 2828 4018 ι
2859 3977 2967 4022 etc.
3016 3967 3146 4022 Post
3200 3967 3377 4037 aliqua
3413 3969 3597 4022 subdit
3629 3968 3777 4020 Ada-

2192 4061 2428 4115 mantius
2459 4075 2611 4115 num.
2647 4058 2734 4122 I5,
2777 4074 2829 4128 p.
2877 4059 3005 4124 5H,
3031 4059 3096 4111 Εί
3129 4058 3188 4111 δὲ
3227 4059 3322 4113 καί
3371 4057 3532 4129 σῶμα
3581 4057 3779 4129 θνητὸν

2193 4152 2286 4206 καὶ
2307 4151 2486 4223 ψυχὴν
2541 4152 2886 4223 ἀνθρωπίνην
2921 4150 3203 4205 ἀναλαϐὼν
3254 4152 3283 4204 ὁ
3325 4151 3591 4214 ἀθάνατος
3639 4151 3777 4215 Θεὸς

2191 4243 2382 4313 Λόγος,
2412 4245 2559 4298 δοκεῖ
2587 4244 2665 4315 τῷ
2697 4245 2888 4315 Κέλσῳ
2919 4245 3275 4299 ἀλλάττεσθαι
3323 4245 3417 4298 καὶ
3472 4244 3779 4315 μεταπλάσ-

2190 4336 2403 4390 τεσθαι·
2438 4336 2776 4406 μανθανέτω,
2808 4337 2888 4389 ὅτι
2919 4339 2948 4390 ὁ
2978 4337 3148 4406 Λόγος
3175 4340 3240 4409 τῇ
3271 4337 3427 4408 οὐσίᾳ
3460 4336 3635 4408 μένων
3671 4338 3780 4390 Λό-

2188 4448 2305 4498 γος,
2329 4429 2480 4484 οὐδὲν
2508 4431 2607 4500 μὲν
2637 4431 2835 4502 πάσχει
2859 4424 2934 4484 ὧν
2966 4430 3167 4500 πάσχει
3195 4431 3256 4483 τὸ
3281 4431 3441 4500 σῶμα
3466 4431 3500 4500 ἢ
3537 4431 3570 4502 ή
3601 4430 3774 4502 ψυχή·

2194 4521 2640 4590 συγκαταϐαίνων
2657 4523 2702 4576 δ’
2725 4523 2838 4576 ἐσθ’
2865 4523 2953 4576 ὅτε
2985 4523 3064 4594 τῷ
3087 4522 3162 4594 μὴ
3185 4521 3466 4592 δυναμένῳ
3491 4522 3656 4575 αὐτοῦ
3674 4522 3780 4587 τὰς

504 4602 710 4648 natura
763 4609 892 4651 vere
934 4597 1115 4652 divina
1167 4608 1224 4654 et
1281 4600 1750 4666 incommutabili.
1797 4613 2088 4678 respondet

2195 4611 2562 4684 μαρμαρυγὰς
2585 4613 2681 4667 καὶ
2699 4613 2798 4684 τὴν
2834 4613 3194 4684 λαμπρότητα
3219 4613 3316 4683 τῆς
3350 4612 3625 4683 θειότητος
3653 4612 3779 4683 βλέ-

500 4685 776 4756 Origenes
826 4689 911 4744 his
944 4691 1124 4746 verbis
1152 4710 1165 4746 :
1218 4695 1378 4747 Δοκεῖ
1403 4696 1466 4766 δή
1515 4714 1605 4767 μοι
1640 4700 1776 4771 πρὸς
1798 4703 1972 4758 ταῦτα
1998 4705 2086 4757 λέ-

507 4776 702 4845 γεσθαι
738 4779 806 4832 τὰ
857 4780 1063 4846 δέοντα,
1124 4785 1512 4860 διηγησαμένῳ
1567 4792 1666 4863 τὴν
1697 4795 1756 4845 ὲν
1794 4797 1915 4859 ταῖς
1940 4796 2083 4867 Γρα-

502 4870 636 4937 φαίς
667 4869 968 4942 λεγομένην
989 4874 1291 4930 κατάϐασιν
1315 4877 1449 4931 Θεοῦ
1473 4880 1608 4951 πρὸς
1639 4882 1707 4934 τὰ
1733 4883 2046 4956 ἀνθρώπινα
2066 4904 2080 4918 ·

503 4961 587 5023 εἰς
634 4961 701 5031 ἡν
739 4963 800 5014 οὐ
849 4964 1150 5036 μεταϐολῆς
1209 4967 1356 5039 αὐτῷ
1387 4970 1497 5036 δεῖ,
1535 4971 1611 5034 ὠς
1675 4973 1882 5039 Κέλσος
1935 4979 2086 5048 ἡμᾶς

501 5051 676 5106 οἴεται
700 5052 896 5122 λέγειν,
925 5054 1050 5108 οὔτε
1076 5059 1282 5129 τροπῆς
1313 5061 1412 5131 τῆς
1431 5059 1493 5126 ἐξ
1524 5062 1728 5130 ἀγαθοῦ
1752 5067 1834 5130 εἰς
1891 5069 2082 5134 κακὸν,

498 5142 539 5213 ἢ
567 5145 631 5196 ὲκ
646 5144 813 5198 καλοῦ
847 5148 928 5209 είς
960 5148 1206 5222 αἰσχρὸν,
1246 5149 1279 5220 ἢ
1310 5149 1370 5214 ἐξ
1402 5152 1746 5224 εὐδαιμονίας
1794 5159 1874 5220 εἰς
1917 5176 2084 5214 κακο-

495 5230 806 5302 δαιμονίαν,
845 5235 878 5306 ἢ
943 5238 1006 5288 ὲκ
1057 5237 1150 5290 τοῦ
1195 5238 1421 5309 ἀρίστου
1471 5244 1552 5307 είς
1587 5243 1650 5296 τὸ
1693 5247 2078 5318 πονηρότατον

507 5324 682 5392 μένων
734 5327 843 5397 γὰρ
886 5330 952 5398 τῇ
1003 5328 1161 5400 οὐσία
1217 5331 1504 5401 ἄτρεπτος,
1543 5338 1962 5404 συγκαταϐαίνει
2012 5345 2078 5412 τῇ

499 5417 731 5505 ’προνοίᾳ
757 5420 851 5472 καὶ
884 5421 952 5490 τῇ
972 5421 1262 5494 οἰκονομίᾳ
1280 5427 1395 5488 τοῖς
1427 5425 1792 5497 ἀνθρωπίνοις
1821 5432 2103 5503 πρᾶγμα-ο

501 5517 608 5558 σιν.
646 5508 836 5578 Ἡμεῖς
871 5510 967 5580 μὲν
988 5506 1080 5566 οὖν
1103 5513 1199 5566 καὶ
1227 5515 1298 5568 τὰ
1334 5515 1451 5569 θεῐα
1478 5519 1787 5590 Γράμματα
1813 5522 2082 5592 παρίστα-

504 5595 605 5664 μεν
637 5597 906 5669 ἄτρεπτον
953 5601 1178 5670 λέγοντα
1202 5606 1294 5660 τὸν
1335 5607 1487 5673 Θεὸν,
1519 5610 1578 5663 έν
1606 5627 1666 5663 τε
1700 5612 1801 5682 τῷ,
1833 5613 1916 5666 Σὺ
1949 5613 2017 5666 δὲ
2047 5613 2080 5668 ὓ

498 5689 682 5753 αὐτὸς
705 5687 783 5744 εἷ’
811 5693 904 5745 καὶ
919 5695 976 5749 ὲν
991 5695 1088 5766 τῷ,
1119 5699 1240 5752 Οὐκ
1265 5699 1618 5772 ήλλοίωμοιι·
1652 5704 1702 5756 oi
1729 5703 1786 5756 δὲ
1811 5704 1907 5757 τοῦ
1933 5706 2081 5758 Ἐπι-

2194 4719 2318 4755 πειν
2348 4742 2365 4766 ,
2429 4703 2594 4756 οἱονεὶ
2641 4701 2778 4774 σὰρξ
2819 4701 3024 4771 γίνεται
3055 4742 3072 4766 ,
3121 4701 3447 4773 σωματικῶς
3509 4701 3780 4774 λαλούμε-

2193 4810 2302 4858 νος,
2332 4795 2386 4850 id
2425 4804 2544 4859 est,
2583 4814 2602 4848 ι
2638 4795 2794 4862 Quod
2841 4794 2886 4849 si
2947 4795 3181 4850 Verbum
3225 4794 3367 4848 Deus
3425 4796 3776 4860 immortalis,

2192 4888 2318 4957 quia
2341 4901 2542 4956 corpus
2568 4887 2800 4946 mortale
2842 4888 3192 4956 animamque
3220 4887 3515 4948 humanam
3559 4903 3781 4945 assum-

2190 4981 2379 5048 pserit,
2423 4979 2581 5036 Celso
2629 4981 2836 5036 idcirco
2885 4979 3158 5034 immutari
3223 4979 3477 5034 videatur
3517 4995 3532 5032 :
3598 4981 3782 5036 discat

2192 5071 2425 5126 Verbum
2456 5087 2677 5128 manere
2714 5071 2949 5128 Verbum
2979 5085 3077 5127 sua
3128 5070 3460 5136 substantia,
3505 5085 3607 5126 nec
3661 5075 3779 5142 pati

2187 5178 2378 5220 eorum
2407 5165 2729 5235 quidquam,
2760 5179 2881 5234 quae
2919 5179 3117 5233 corpus
3172 5174 3267 5220 aut
3296 5165 3478 5219 anima
3524 5167 3730 5234 patitur
3760 5185 3777 5230 ;

2188 5257 2628 5313 condescendere
2654 5265 2836 5311 tamen
2867 5257 3137 5311 interdum
3177 5271 3282 5312 non
3305 5256 3620 5312 valentibus
3651 5259 3779 5328 ejus

2188 5347 2490 5402 claritatem
2540 5361 2605 5402 ac
2661 5347 3006 5416 splendorem
3065 5347 3369 5405 divinitatis
3411 5350 3652 5415 obtueri,
3711 5368 3782 5408 ac

2189 5437 2352 5492 veluti
2391 5450 2612 5493 carnem
2643 5436 2866 5500 factum,
2906 5436 3053 5508 loqui
3095 5439 3474 5509 corporaliter.
3511 5459 3532 5493 ι
3577 5439 3781 5497 Dicant

2189 5527 2398 5581 cordati
2447 5541 2635 5582 omnes
2658 5569 2674 5594 ,
2712 5542 2778 5582 an
2813 5529 2927 5584 haec
2958 5537 3083 5584 sunt
3115 5531 3281 5586 verba
3331 5531 3640 5602 scriptoris,
3675 5536 3778 5604 qui

2196 5635 2216 5669 ι
2250 5618 2439 5672 Arium
2469 5618 2743 5688 impietate
2757 5619 3052 5690 superavit,
3083 5621 3330 5691 adeoque
3362 5622 3514 5692 impii
3541 5623 3778 5693 dogma-

2190 5707 2260 5765 tis
2281 5719 2471 5766 auctor
2498 5708 2572 5767 illi
2588 5709 2714 5766 fuit.
2757 5727 2778 5764 ι
2809 5707 3032 5767 Scilicet
3063 5709 3214 5768 clare
3253 5711 3342 5770 hic
3380 5711 3543 5770 docet
3577 5713 3778 5788 θᾶκοι

565 5896 615 5926 ιε
648 5895 791 5949 Psai.
827 5911 897 5955 CL,
936 5897 1027 5955 ‘28.
1103 5898 1145 5935 ⁸³
1176 5900 1406 5957 Malach.
1444 5920 1526 5972 ιιι,
1557 5905 1607 5958 θ.
1688 5905 1730 5937 ⁶⁰
1761 5905 1996 5969 Philipp.
2031 5923 2089 5974 ιι,
2131 5907 2185 5963 θ.
