4152 6406
473 461 620 517 ’1293

1499 461 1588 513 EX
1624 461 1688 515 Ο.
1730 455 1930 515 BULLI
1971 461 2119 513 DEF.
2163 451 2339 515 FIDE!
2379 459 2703 515 NlC/ENE.

3592 458 3734 517 litis

480 592 578 634 nes
599 577 692 632 τὸν
719 577 893 649 Λόγον
917 579 1032 634 sive
1047 577 1248 634 Filium
1284 578 1376 634 Dei
1405 593 1526 635 esse
1565 580 1732 635 Deum
1766 583 2052 636 immorta-

2160 600 2248 636 τον
2272 582 2542 653 ὑπεροχὴν
2571 582 2678 634 τῶν
2709 577 3076 652 νομιζομένων
3102 577 3268 648 ἀξίων
3319 585 3738 655 προσκυνεῖσθαι

479 667 605 732 lem,
650 669 955 723 substantia
1007 684 1102 724 sua
1159 669 1572 733 immutabilem,
1596 682 1651 724 et
1691 682 1962 740 quatenus
1992 673 2046 726 in

479 758 653 815 forma
683 760 777 816 Dei
817 762 1082 827 subsistit,
1102 761 1253 832 juxta
1293 779 1416 817 cum
1447 763 1610 819 Patre
1634 776 1839 818 natura:
1869 765 2047 819 omni-

479 866 552 906 no
597 851 1048 923 incorruptibilis,
1099 855 1376 925 simplicis,
1434 871 1533 910 nec
1578 858 1910 925 compositae,
1947 873 2048 913 nec

481 941 786 998 divisibilis.
820 944 1111 1014 Aliquanto
1156 956 1275 1015 post
1306 948 1372 999 ad
1423 942 1583 1000 aliam
1622 946 1761 1001 Celsi
1787 948 2048 1015 objectio-

479 1045 628 1092 nem.
683 1034 850 1101 priori
916 1035 1126 1090 at'liuem
1157 1077 1172 1100 ,
1229 1052 1588 1105 I'CSpOllSlll‘llS
1625 1079 1640 1102 ,
1692 1039 1770 1092 sic
1817 1040 2046 1100 orditur.

481 1137 631 1178 num.
661 1124 750 1189 l8,
785 1140 907 1193 pag.
943 1125 1240 1198 512εΠρὸς
1271 1128 1427 1181 τοῦτο
1459 1125 1656 1197 λέγοιτ’
1689 1130 1754 1183 ἂν
1777 1169 1793 1195 ,
1823 1131 1899 1202 πῆ
1951 1129 2048 1200 μὲν

481 1211 611 1282 περὶ
639 1212 738 1282 τῆς
769 1213 862 1267 τοῦ
895 1213 1038 1268 θείου
1061 1216 1231 1286 Λόγου
1261 1215 1474 1285 φύσεως
1512 1217 1662 1282 ὄντος
1687 1218 1821 1272 Θεοῦ
1840 1235 1854 1248 ⁶
1994 1219 2052 1274 δὲ

482 1299 735 1372 περὶτῆς
769 1303 940 1372 Ἰησοῦ
966 1303 1162 1375 ψυχῆς,
1196 1305 1248 1360 id
1291 1315 1390 1370 est,
1427 1325 1446 1358 ι
1485 1309 1564 1362 Ad
1606 1310 1706 1364 hoc
1732 1311 2050 1377 responderi

479 1403 679 1462 potest,
705 1396 1080 1464 distinguendo
1127 1399 1288 1452 divini
1345 1397 1507 1453 Verbi
1565 1409 1814 1455 naturam
1849 1441 1865 1466 ,
1918 1417 2042 1471 quae

483 1482 625 1540 Deus
644 1497 745 1549 est,
773 1498 826 1540 et
846 1485 971 1541 Jesu
1015 1490 1270 1544 animam.
1304 1509 1322 1541 ι
1362 1489 1523 1545 Vides
1546 1491 1634 1546 hic
1685 1493 1852 1560 ipsam
1893 1493 2052 1547 Verbi

481 1585 732 1633 naturam
775 1578 964 1643 Deum,
1001 1580 1113 1634 sive
1142 1580 1375 1634 Verbum
1427 1591 1618 1636 natura
1653 1582 1818 1638 Deum
1851 1583 2054 1639 diserte

483 1668 611 1722 dici.
639 1668 739 1723 ‘Cui
777 1669 970 1722 similis
1019 1669 1266 1736 Origeuis
1303 1671 1455 1726 locus
1502 1675 1704 1728 citatur
1755 1675 1808 1729 in
1865 1687 2052 1731 catena

484 1758 819 1813 Balthasaris
841 1758 1084 1815 Corderii
1118 1762 1173 1814 in
1187 1761 1375 1829 Joan.,
1397 1766 1461 1820 ad
1495 1779 1614 1834 cap.
1653 1782 1691 1830 ι,
1720 1781 1860 1822 vers.
1886 1768 1936 1832 l,
1963 1769 2052 1824 ubi

479 1846 650 1903 Filius
682 1851 770 1904 Dei
796 1852 863 1904 ab
885 1851 1114 1920 Origene
1139 1853 1338 1908 dicitur
1373 1855 1401 1908 ὁ
1428 1857 1766 1928 Δημιουργδς
1796 1856 1890 1912 τοῦ
1921 1877 2056 1914 παν-

2156 671 2305 744 παρά
2332 673 2391 724 τὸ
2423 671 2530 724 τῶν
2555 671 2863 741 σπινθήρων
2891 672 2983 725 καὶ
3029 673 3136 726 τῶν
3166 672 3372 744 λύχνων
3398 675 3513 742 φῶς
3531 693 3542 704 ·
3567 674 3737 737 οὕτως

2155 762 2202 813 οἱ
2228 761 2537 830 νοήσαντες,
2582 761 2701 821 πῶς
2731 761 2759 812 ό
2791 760 2922 824 Θεὸς
2971 761 3086 830 φῶς
3145 765 3287 816 ἐστι’
3341 763 3738 824 καταλαϐόντες

2154 852 2234 914 δὲ,
2271 853 2386 916 πῶς
2417 855 2446 906 ό
2477 853 2606 917 Υἱὸς
2631 853 2722 907 τοῦ
2749 853 2883 906 Θεοῦ
2917 855 3032 924 φῶς
3062 855 3314 926 ἀληθινόν
3337 856 3505 916 ἐστιν,
3529 856 3556 908 ὃ
3578 855 3728 924 φωτὶ

2158 942 2238 1007 ζει
2297 945 2474 999 πάντα
2527 945 2813 1016 ἄνθρωπον
2863 946 3154 1017 ἐρχόμενον
3213 949 3292 1010 εἰς
3347 946 3439 1000 τὸν
3495 949 3735 1017 κόσμον·

2159 1034 2432 1098 συνιέντες
2469 1035 2524 1088 δὲ
2557 1035 2670 1098 καὶ,
2707 1035 2824 1099 πῶς
2851 1029 3004 1100 οὗτός
3052 1054 3184 1107 φησι
3230 1038 3318 1100 τὸ,
3353 1038 3493 1108 Ἐγώ
3522 1041 3638 1108 ειμι
3671 1029 3735 1092 rd

2157 1121 2283 1190 φῶς
2311 1123 2416 1177 τοῦ
2445 1121 2676 1194 κόσμου
2706 1126 2825 1178 ὀὑκ
2851 1125 2917 1179 ἂν
2937 1118 3168 1195 εὐλόγως
3193 1129 3623 1200 προσκυνήσαιεν
3646 1141 3734 1182 τον

2157 1210 2318 1266 οἱονεὶ
2340 1212 2543 1284 βραχὺν
2578 1209 2869 1286 σπινθῆρα,
2892 1213 3129 1286 ὡς’πρδς
3160 1215 3272 1284 φῶς
3301 1216 3392 1270 τὸν
3419 1215 3570 1281 Θεὸν,
3603 1217 3736 1289 ἀληδ

2159 1299 2304 1355 θινοῦ
2337 1303 2533 1369 φωτὸς,
2569 1305 2626 1355 ὲν
2647 1302 2801 1373 ἡλίῳ,
2837 1303 2942 1356 καὶ.
2966 1302 3185 1374 σελήνῃ,
3218 1305 3310 1357 καὶ
3339 1304 3579 1375 ἄστροις·
3645 1305 3736 1358 καὶ

2157 1394 2255 1445 οὐκ
2277 1392 2629 1463 ἀτιμάζοντες
2657 1411 2718 1462 γε
2749 1393 2817 1446 τὰ
2849 1393 3148 1465 τηλικαῦτα
3168 1395 3262 1447 τοῦ
3295 1395 3430 1448 Θεοῦ
3473 1395 3735 1468 δημιουρδ

2158 1485 2378 1552 γήματα
2429 1482 2550 1536 οὐδὲ
2615 1483 3008 1554 Ἀναξαγορίως
3072 1483 3288 1555 μῦδρων
3338 1485 3600 1556 διάπυρον
3651 1485 3736 1537 λέ-

2160 1591 2346 1642 γοντες
2397 1571 2533 1628 εἶναι
2584 1575 2676 1628 τὸν
2720 1575 2890 1644 ἥλιον,
2926 1576 3021 1629 καὶ
3072 1576 3320 1647 σελήνην,
3353 1576 3446 1630 καὶ
3476 1576 3734 1648 ἀστέρας,

2158 1665 2380 1720 τοιαῦτά
2415 1683 2594 1736 φαμεν
2623 1666 2750 1735 περὶ
2784 1667 2955 1737 ἡλίου,
3005 1666 3098 1719 καὶ
3135 1667 3383 1737 σελήνης,
3441 1668 3536 1720 καὶ
3573 1667 3736 1722 ἀστέι

2164 1773 2270 1827 ρων
2290 1773 2302 1785 ο
2325 1755 2438 1808 ἀλλ’
2463 1756 2840 1826 αἰσθανόμενοι
2868 1773 2930 1824 γε
2952 1752 3052 1828 τῆς
3080 1757 3270 1828 ἀφὰτῳ
3300 1759 3540 1830 ὑπεροχῇ
3565 1761 3736 1830 ὑπερ,

2160 1847 2389 1919 εχούσης
2421 1847 2694 1918 θειότητος
2735 1848 2829 1900 τοῦ
2856 1847 3012 1914 Θεοῦ,
3046 1848 3125 1901 ἔτι
3151 1849 3209 1902 δὲ
3245 1849 3337 1903 καὶ
3365 1851 3459 1904 τοῦ
3493 1853 3736 1920 Μονογεο

482 1941 596 2008 τὸς,
629 1942 906 2012 τυγχάνων
935 1941 1068 2005 Θεὶς
1094 1944 1266 2013 Λόγος
1293 1948 1412 1999 κατ’
1445 1949 1653 2013 οὐσίαν,
1695 1967 1713 2000 ι
1751 1950 1840 2006 ille
1873 1965 2052 2005 rerum
2086 1941 2129 1994 Β
2155 1943 2278 2006 νοῦς
2311 1941 2474 1996 αὐτοῦ
2503 1942 2860 2013 ὑπερέχοντος
2888 1943 2955 1996 τὰ
2979 1941 3163 2001 λοιπά.
3191 1943 3249 1997 lii
3279 1953 3384 2010 est,
3419 1963 3438 1996 t
3459 1943 3525 2000 Et
3548 1961 3739 2016 quem-

485 2031 728 2085 omnium
784 2029 1082 2098 Conditor,
1139 2036 1228 2101 qui
1288 2045 1371 2090 est
1417 2038 1711 2092 Secundum
1769 2041 2056 2094 essentiam

488 2122 630 2178 Deus
663 2121 918 2179 Verbum.
950 2144 969 2176 ι
1009 2125 1141 2192 Quis
1167 2140 1294 2180 vero
1324 2140 1389 2180 ex
1425 2127 1644 2184 Arianis
1703 2130 1920 2195 dixerit,
1969 2131 2060 2186 Fi-

481 2212 613 2266 lium
638 2227 760 2270 esse
789 2216 901 2285 ipsa
925 2231 1024 2271 sua
1076 2219 1312 2274 essentia
1370 2233 1433 2274 ac
1483 2220 1786 2275 substantia
1846 2223 2058 2278 Deum?

482 2304 706 2362 Scilicet
736 2309 840 2363 hoc
897 2309 1026 2364 illud
1062 2310 1236 2378 ipsum
1263 2319 1370 2376 est,
1410 2313 1555 2382 quod
1589 2313 1849 2369 adversus
1869 2312 2054 2368 Arium

485 2405 794 2453 statuerunt
821 2399 1011 2456 Patres
1043 2399 1266 2467 Nicaani,
1326 2417 1521 2472 nempe
1549 2399 1746 2458 Filium
1781 2404 1876 2460 Dei
1938 2419 2058 2461 esse

486 2491 598 2544 Deo
628 2489 790 2561 ὀμοοὺ
799 2504 932 2544 σιον.
1974 2555 1979 2560 ,

556 2581 585 2654 §
628 2582 758 2638 Vill.
790 2583 848 2638 In
897 2584 1035 2642 libro
1083 2585 1276 2655 quinto
1337 2587 1603 2644 rationem
1661 2588 1916 2653 reddens,
1959 2604 2058 2643 cur

479 2673 779 2732 Christiani
807 2675 999 2732 Filium
1031 2677 1148 2745 Dei,
1180 2695 1286 2735 non
1326 2678 1492 2734 solem
1525 2719 1542 2743 ,
1577 2681 1761 2736 lunam
1808 2681 2058 2737 stellasve

488 2767 803 2823 adoratione
857 2781 1252 2838 prosequantur
1287 2809 1301 2834 ,
1349 2771 1422 2824 ita
1479 2771 1702 2825 disserit
1763 2789 1912 2826 num.
1965 2771 2054 2836 10,

481 2873 538 2929 p.
572 2859 709 2913 584:
737 2859 814 2914 Οὐ
835 2860 1014 2914 τοίνυν
1047 2855 1116 2931 ἦν
1139 2861 1360 2930 εὔλογον
1379 2862 1505 2926 τοὺς
1523 2861 1866 2934 διδαχθέντας
1888 2882 2057 2935 μεγα-

483 2949 695 3019 λοφυῶς
714 2953 1355 3024 ὑπεραναὸαἱνεινπάντα
1387 2953 1454 3007 τά
1485 2954 2053 3026 δημιουργήματα,....

485 3044 787 3109 ἀσκοῦντας
813 3045 954 3115 ἔχειν
973 3044 1072 3115 τῆν
1097 3044 1354 3116 λαμπρὰν
1374 3047 1467 3099 καὶ
1495 3047 1809 3118 ἀμάραντον
1843 3048 2055 3117 σοφίαν,

481 3137 518 3208 ἢ
550 3137 642 3190 καὶ
677 3135 1028 3206 ἀνειληφότα,
1079 3137 1248 3208 αὐτὴν
1274 3135 1438 3190 οὖσαν
1489 3137 1828 3210 ἀπαύγασμα
1882 3139 2059 3208 φωτὸς

483 3229 658 3283 ἀϊδίου
682 3246 695 3258 ·
729 3228 1144 3300 καταπλαγῆναι
1175 3230 1234 3282 τὺ
1256 3228 1511 3302 αἰσθητὸν
1544 3229 1715 3301 ἡλίου,
1752 3229 1845 3285 καὶ
1905 3231 2059 3303 σελή-

480 3338 603 3393 νης,
642 3321 736 3375 καὶ
790 3289 1002 3393 ἄστρων
1039 3289 1161 3391 ipth
1215 3322 1308 3375 ἐπὶ
1345 3289 1628 3385 τοσοῦτον,
1678 3289 1819 3376 ὥστε
1863 3322 1952 3376 διά
1999 3289 2059 3376 τὸ
2086 3289 2128 3346 C

484 3413 737 3485 αἰσθητὸν
788 3413 904 3484 φῶς
954 3413 1175 3466 ἐκείνων
1222 3413 1442 3483 νομίσαι
1487 3416 1713 3480 ἑαυτοὺς
1765 3414 1915 3469 κάτω
1955 3431 2059 3468 που

484 3503 649 3570 εἶναι,
678 3505 897 3576 ἔχοντας
928 3502 1243 3575 τηλικοῦτον
1261 3505 1465 3575 ’νοητὸν
1493 3506 1745 3575 γνώσεως
1770 3507 1886 3577 φῶς
1904 3547 1918 3572 ,
1968 3503 2062 3561 καὶ

487 3599 606 3668 φῶς
627 3595 909 3670 ἀληθινὸν,
947 3598 1040 3650 καὶ
1088 3598 1204 3665 φῶς
1235 3596 1329 3649 τοῦ
1362 3597 1589 3668 κόσμου,
1648 3599 1742 3653 καὶ
1797 3600 1912 3669 φῶς
1953 3597 2062 3654 τῶν

490 3691 812 3760 ἀνθρώπων,
840 3691 1112 3754 κάκείνοις
1137 3691 1538 3760 προσκυνῆσαι.
1573 3689 1628 3743 ld
1659 3700 1743 3746 est
1765 3731 1782 3754 ,
1819 3711 1837 3742 r
1881 3691 2062 3760 Itaque

492 3799 598 3837 non
629 3784 858 3838 decebat
882 3797 996 3842 eos.
1027 3782 1120 3850 qui
1172 3780 1476 3836 didicerant
1529 3796 1793 3852 generose
1843 3796 2057 3837 omnem

484 3879 791 3924 creaturam
831 3868 1237 3932 transcendere,
1389 3870 1891 3941 contendebantque
1937 3880 2058 3926 stu-

486 3959 590 4014 diis
620 3958 956 4014 ferventibus
993 3959 1058 4013 ad
1088 3960 1594 4016 immarcescibilem
1659 3962 1802 4018 illam
1842 3963 2060 4032 sapien-

485 4050 638 4114 tiam,
671 4050 893 4119 autjam
925 4059 1278 4119 perceperant
1303 4065 1448 4116 eam,
1491 4066 1632 4116 eam,
1671 4057 1912 4123 inquam,
1937 4069 2059 4125 qua:

486 4151 701 4197 aeterna:
732 4141 867 4195 lucis
891 4141 1142 4211 splendor
1185 4151 1307 4208 est;
1342 4143 1727 4215 obstupescere
1776 4147 1843 4201 ad
1908 4147 2058 4212 solis,

485 4234 628 4288 lunae
687 4231 1068 4302 stellarumque
1103 4234 1284 4288 lumen
1317 4235 1594 4298 sensibile,
1632 4236 1684 4290 iu
1737 4245 1966 4302 tantum,
1999 4248 2060 4293 ut

485 4333 770 4393 propterea
800 4337 858 4376 se
883 4323 1173 4378 inferiores
1204 4321 1620 4388 existimarent;
1661 4340 1784 4380 cum
1829 4326 1928 4395 ipsi
1961 4328 2059 4382 ha-

485 4415 651 4471 beant
692 4425 898 4470 tantam
961 4415 1134 4468 lucem
1196 4415 1815 4484 intelligibilem,lucem
1851 4432 2056 4483 veram,

486 4507 661 4562 lucem
697 4508 904 4570 mundi,
929 4506 1102 4561 lucem
1156 4506 1466 4574 hominum;
1499 4523 1671 4576 eaque
1693 4509 2002 4564 adorarent.
2030 4527 2055 4561 ν

2157 2035 2442 2089 admodum
2476 2033 2564 2088 isti
2597 2037 2912 2090 adoratores
2935 2036 3089 2098 solis.
3123 2036 3264 2090 lunae
3313 2036 3733 2106 stellarumque,

2157 2133 2212 2178 et
2237 2124 2593 2180 admiratores
2643 2140 2830 2180 eorum
2886 2127 3148 2195 luminis,
3202 2142 3476 2198 nunquam
3539 2131 3738 2184 adora-

2159 2225 2279 2270 rent
2311 2216 2599 2271 scintillam
2633 2217 2771 2286 ignis
2791 2226 2883 2273 aut
2906 2217 3180 2273 lucernam
3212 2221 3264 2273 iu
3293 2229 3456 2285 terra,
3493 2221 3738 2276 videntes

2159 2307 2657 2376 incomparabiliter
2721 2309 3152 2378 praecellentiora
3185 2350 3204 2375 ,
3268 2326 3496 2381 quorum
3549 2311 3736 2366 lumen

2156 2399 2472 2455 adoratione
2508 2401 2730 2471 dignum
2764 2402 3122 2457 existimant:
3179 2401 3252 2456 ita
3295 2403 3386 2472 qui
3425 2403 3739 2471 intelligunt

2157 2494 2424 2563 quomodo
2459 2492 2603 2548 Deus
2633 2493 2812 2548 lumen
2856 2494 2950 2561 sit,
2977 2505 3034 2548 et
3083 2495 3354 2563 quomodo
3389 2493 3561 2549 Filius
3613 2495 3734 2564 ejus

2155 2584 2246 2638 lux
2277 2600 2405 2640 vcra
2432 2585 2526 2650 sit,
2561 2585 2838 2640 illustrans
2879 2601 3094 2642 onmem
3143 2587 3422 2643 hominem
3488 2589 3540 2641 in
3585 2590 3736 2643 hunc

2159 2676 2414 2731 mundum
2469 2678 2778 2732 venientem
2811 2675 2881 2742 ει,
2933 2686 2988 2732 et
3034 2677 3344 2746 intelligunt
3403 2678 3566 2730 etiam
3605 2673 3736 2732 illud

2157 2768 2273 2837 eius
2295 2768 2518 2831 dictum,
2547 2769 2661 2838 Ego
2692 2785 2807 2822 sum
2833 2769 2926 2822 lux
2954 2771 3141 2824 mundi
3156 2772 3224 2832 τ’,
3256 2769 3524 2824 immerito
3539 2769 3735 2824 adora-

2160 2867 2281 2912 rent
2313 2873 2537 2926 parvam
2571 2858 2714 2913 velut
2739 2861 3029 2915 scintillam
3072 2875 3214 2915 verte
3246 2860 3405 2926 lucis,
3435 2862 3480 2916 si
3535 2862 3602 2916 ad
3650 2863 3738 2916 lu-

2157 2959 2280 3004 m'en
2309 2947 2442 3004 illud
2470 2949 2614 3019 quod
2650 2949 2793 3005 Deus
2826 2959 2911 3006 est
2933 2949 3266 3014 conferatur,
3307 2967 3429 3021 quae
3480 2952 3534 3006 iu
3599 2952 3738 3018 sole.

2157 3039 2285 3095 luna
2309 3049 2367 3096 et
2394 3042 2557 3096 astris
2590 3040 2824 3096 exsistit.
2856 3041 2972 3097 Non
2997 3052 3177 3098 autem
3223 3045 3364 3111 quod
3415 3054 3739 3099 contemna—

2159 3145 2281 3186 mus
2307 3139 2418 3186 tam
2445 3133 2661 3203 egregia
2705 3133 2803 3188 Dei
2859 3149 3046 3204 opera.
3071 3143 3166 3188 aut
3210 3136 3348 3190 sicut
3375 3136 3734 3206 Anaxagoras

2160 3216 2376 3287 globum
2413 3217 2641 3289 ignitum
2671 3220 2839 3275 solem
2871 3222 3265 3283 existimemus.
3294 3232 3354 3276 ut
3375 3233 3430 3278 et
3461 3223 3642 3277 lunam
3683 3231 3741 3279 ct

2163 3317 2309 3363 astra
2344 3317 2577 3376 ciete-ra;
2615 3312 2736 3366 ideo
2767 3311 2884 3366 haec
2921 3313 2988 3368 de
3009 3311 3140 3375 sole,
3178 3312 3304 3367 luna
3331 3323 3388 3368 et
3437 3317 3600 3369 astris
3627 3329 3737 3371 cm—

2165 3402 2297 3455 teris
2319 3400 2595 3456 dicimus:
2647 3403 2742 3458 sed
2770 3404 2914 3472 quod
2953 3418 3312 3474 agnoscamus
3358 3404 3451 3460 Dei
3505 3414 3560 3458 et
3614 3402 3738 3462 Filii

2161 3489 2278 3557 ejus
2310 3492 2575 3562 unigeniti
2609 3493 2960 3548 inenarrabili
2991 3497 3304 3564 praestantia
3338 3497 3742 3566 prince-lienteria

2161 3579 2523 3647 divinitatem,
2553 3595 2675 3652 quae
2701 3593 2896 3638 caetera
2923 3585 3108 3640 omnia
3136 3584 3291 3655 longe
3313 3598 3434 3655 post
3480 3602 3538 3642 se
3585 3589 3740 3643 relin-

2161 3672 2297 3741 quit.
2347 3690 2368 3724 ι
2406 3673 2571 3740 Quid,
2609 3689 2816 3744 quaeso,
2847 3677 2914 3731 ad
2945 3676 3331 3732 declarandum
3375 3693 3559 3734 veram
3619 3677 3738 3734 Filii

2162 3764 2524 3832 divinitatem,
2548 3767 2635 3822 his
2653 3767 2914 3823 disertius
2945 3769 3048 3822 dici
3085 3769 3296 3837 potuit?
3318 3770 3454 3826 Nan.
3481 3785 3741 3841 expresse

2161 3855 2250 3910 hic
2311 3857 2473 3911 tradit
2507 3855 2800 3926 Origenes,
2833 3857 3029 3912 Filium
3069 3873 3192 3913 cum
3222 3859 3383 3913 Patre
3406 3874 3526 3914 esse
3547 3875 3736 3914 verum

2162 3946 2293 4002 illud
2341 3947 2550 4014 lumen,
2583 3950 2727 4016 quod
2758 3949 2899 4003 Deus
2929 3959 3008 4004 est
3031 3989 3046 4011 ,
3075 3949 3164 4004 cui
3193 3949 3385 4003 collata
3424 3965 3604 4018 parvas
3655 3951 3744 4003 in-

2161 4049 2280 4094 star
2317 4037 2567 4094 scintilla:
2599 4047 2685 4094 est
2714 4039 2829 4109 ipsa
2853 4039 2986 4095 solis
3015 4040 3124 4094 lux.
3153 4039 3253 4108 Qui
3281 4051 3336 4094 et
3363 4040 3498 4095 Filio
3515 4042 3741 4112 perinde

2162 4143 2228 4184 ac
2263 4128 2411 4184 Patri
2450 4143 2712 4199 expresse
2761 4130 2953 4184 tribuit
3013 4130 3364 4185 inenarrabili
3416 4132 3734 4202 praestantia

2159 4220 2557 4292 praecellentem
2594 4221 2930 4276 divinitatem
2965 4261 2982 4284 ,
3046 4235 3165 4290 quae
3231 4231 3508 4277 creaturas
3546 4237 3738 4277 omnes

2164 4314 2486 4368 immensum
2534 4323 2777 4383 superat.
2808 4313 3033 4368 Demum
3076 4313 3202 4368 hinc
3230 4313 3424 4367 iterum
3467 4312 3740 4368 concludit

2163 4405 2329 4459 Deum
2364 4392 2578 4461 Patrem
2615 4405 2843 4475 ejusque
2866 4404 3203 4474 unigenitum
3258 4403 3478 4466 Filium,
3540 4404 3738 4472 spretis

2161 4507 2424 4567 quantum
2458 4499 2525 4552 ad
2551 4497 2922 4552 atlorationem
2955 4497 3171 4563 attinet,
3216 4497 3361 4558 sole,
3395 4496 3541 4559 luna,
3573 4507 3738 4551 caue-

488 4598 588 4653 ilic
614 4609 798 4668 aperte
829 4599 958 4652 dicit
990 4597 1254 4668 Origenes
1309 4597 1644 4666 Sapientiam
1697 4600 1812 4654 sive
1859 4598 2056 4654 Filium
2087 4621 2134 4678 ι)
2167 4591 2353 4658 risque
2375 4589 2498 4645 caeli
2527 4589 2847 4654 luminibus,
2876 4588 3022 4644 solos
3047 4589 3264 4656 (nempe
3293 4587 3347 4641 in
3379 4588 3586 4641 unitate
3615 4586 3740 4654 Spi-

485 4689 581 4744 Dei
603 4705 722 4745 esse
748 4690 926 4744 lucem
954 4688 1099 4742 illam
1132 4703 1336 4752 veram,
1381 4689 1555 4743 lucem
1587 4689 1795 4756 mundi,
1841 4699 2058 4747 aeterna:

486 4777 623 4834 lueis
658 4777 1032 4848 splendorem;
1058 4791 1217 4846 quem
1247 4777 1583 4842 Christiani,
1622 4778 1881 4848 neglectis
1919 4779 2058 4844 sole,

489 4869 638 4932 luna,
665 4869 989 4938 ceterisque
1025 4868 1148 4923 coeli
1181 4868 1498 4932 luminibus,
1532 4868 1652 4923 ideo
1683 4869 1884 4933 colant,
1915 4871 2060 4939 quod

485 4961 662 5015 edocti
695 4961 808 5013 sint
843 4961 896 5014 in
927 4961 1078 5015 cultu
1107 4976 1205 5014 suo
1227 4975 1441 5014 omnem
1464 4970 1773 5015 creaturam
1793 4971 2059 5029 generose

489 5049 895 5106 transcendere.
929 5048 1079 5105 Unde
1109 5048 1606 5104 manifestissimum
1638 5059 1721 5106 est
1741 5051 2057 5118 neutiquam

487 5159 608 5198 cum
639 5143 767 5197 Ario
797 5143 1098 5197 somniasse
1125 5143 1444 5211 Origenein,
1477 5140 1671 5196 Filium
1702 5143 1793 5197 Dei
1823 5141 1964 5196 inter
1992 5139 2062 5195 τά

487 5235 940 5308 δημιουργήματα
975 5235 1089 5289 sive
1140 5247 1225 5290 res
1276 5244 1492 5290 creatas
1542 5235 1869 5290 censendum
1917 5249 2060 5289 esse.

490 5328 624 5384 Bern
657 5329 797 5383 hanc
819 5327 998 5382 adhuc
1026 5325 1349 5380 luculentius
1384 5326 1797 5395 explicatpaulo
1824 5334 1943 5396 post
1979 5327 2065 5380 his

489 5422 668 5476 verbis
703 5435 850 5476 num.
878 5420 964 5480 Η,
1001 5435 1053 5486 p.
1089 5415 1194 5472 585
1227 5436 1239 5471 :
1267 5419 1376 5472 Καὶ
1402 5417 1590 5490 ὥσπερ
1616 5418 1687 5483 οἱ,
1712 5417 1800 5471 διὰ
1837 5418 1898 5470 τὸ
1943 5415 2058 5486 φῶς

488 5512 744 5583 αἰσθητὸν
793 5512 888 5565 καὶ
942 5510 1190 5582 οὐράνιον
1229 5505 1389 5573 εἶναι,
1435 5508 1864 5578 προσκυνοῦντες
1881 5509 2053 5578 ἥλιον,

488 5603 584 5656 καὶ
612 5602 858 5672 σελήνην,
889 5601 984 5653 καὶ
1010 5599 1202 5668 ἄστρα,
1232 5599 1331 5651 οὐκ
1358 5599 1423 5651 ἂν
1448 5600 1882 5669 προσκυνήσαιεν
1913 5614 2060 5649 σπιν-

487 5692 634 5764 θῆρα
663 5691 904 5764 πυρὸς,ἢ
930 5691 1118 5760 λύχνον
1149 5691 1242 5743 ἐπὶ
1269 5691 1645 5762 γῆς,ὁρῶντες
1673 5691 1771 5760 τὴν
1799 5690 2062 5762 ἀσύγκρι-

562 5892 609 5924 ⁸¹
637 5891 792 5950 Joan.
830 5908 867 5958 ι,
891 5893 942 5948 9.
1007 5894 1052 5925 ⁸³
1076 5890 1229 5947 Joan.
1261 5907 1376 5955 vin,
1412 5890 1499 5946 12.

2167 4683 2304 4737 ritus
2325 4681 2528 4746 sancti,
2553 4683 2696 4750 quod
2733 4681 2848 4750 ipse
2875 4680 3137 4751 Origenes
3169 4681 3297 4736 alibi
3331 4681 3597 4753 agnoscit)
3652 4684 3738 4736 di-

2167 4773 2293 4828 vino
2320 4773 2463 4828 cultu
2491 4773 2837 4827 honorandos
2865 4788 3006 4828 esse.
3040 4773 3241 4828 Ibidem
3268 4812 3284 4837 ,
3331 4774 3521 4842 paucis
3563 4773 3734 4827 inter-

2160 4865 2342 4934 jectis,
2365 4864 2440 4918 ait
2463 4878 2612 4918 num.
2636 4863 2725 4928 l2,
2763 4879 2816 4934 p.
2840 4862 2966 4925 586,
2999 4865 3162 4916 Deum
3205 4863 3416 4917 Patrem
3449 4879 3553 4916 non
3589 4879 3738 4916 τοπι-

2165 4956 2278 5019 κῶς
2315 4955 2573 5018 localiter,
2608 4963 2795 5023 utpote
2821 4954 3178 5019 immeusum,
3208 4968 3384 5024 neque
3411 4953 3528 5009 loco
3566 4955 3738 5008 Inclu-

2163 5063 2306 5111 sum,
2337 5046 2432 5101 sed
2463 5041 2838 5116 προνοητικῶς
2866 5061 2959 5113 per
2997 5045 3380 5114 providentiam
3401 5045 3734 5108 condescenn

2161 5139 2291 5192 dere
2326 5137 2634 5192 hominibus
2663 5150 2762 5205 pro
2796 5149 2895 5190 sua
2927 5135 3204 5190 bonitate:
3240 5133 3436 5188 Filium
3480 5149 3608 5190 vero
3641 5135 3735 5190 Ι)μὶ

2161 5245 2268 5284 non
2318 5228 2490 5283 solum
2523 5236 2653 5282 tunc
2681 5241 2803 5281 cum
2836 5227 2978 5280 inter
3015 5225 3263 5280 homines
3286 5226 3526 5295 degeret,
3553 5227 3647 5280 sed
3678 5236 3736 5278 et

2161 5332 2372 5386 semper
2416 5319 2533 5372 suis
2559 5319 2754 5377 adesse
2789 5317 3105 5387 discipulis;
3167 5325 3223 5371 et
3273 5332 3606 5387 quanquam,
3667 5331 3738 5373 ex

2165 5409 2371 5463 inﬁnita
2407 5423 2534 5477 erga
2588 5408 2882 5462 humanum
2920 5423 3088 5478 genus
3142 5410 3429 5474 cliaritate,
3474 5409 3736 5477 dignatus

2169 5511 2255 5556 est
2288 5501 2450 5554 etiam
2485 5500 2725 5562 τοπικῶς
2784 5501 3064 5555 nobiscum
3114 5500 3167 5554 in
3219 5509 3494 5570 assumpta
3543 5509 3738 5555 natura

2169 5597 2400 5649 humana
2436 5595 2678 5659 versari;
2715 5605 2895 5650 tamen
2943 5595 3165 5650 omnino
3221 5593 3501 5666 πανταχοῦ
3546 5595 3738 5665 ubique

2165 5696 2486 5756 praesentem
2544 5701 2683 5744 esse.
2731 5687 2937 5754 Quibus
2968 5687 3178 5758 positis,
3217 5688 3412 5744 deinde
3436 5701 3563 5761 _pro
3591 5688 3737 5745 cultu
