4152 6410
398 405 532 454 I299

1843 401 2272 456 EXCERPTUM

3501 399 3642 454 ἴδω

395 513 548 570 tibris
595 526 718 568 atro
768 514 976 570 calculo
1025 523 1176 568 notat
1229 524 1283 568 et
1340 529 1467 568 veru
1538 516 1809 584 transﬁgit
1855 517 1970 585 ipse
2000 525 2045 578 Α
2075 518 2142 570 ab
2173 514 2496 585 Epiphanio,
2532 514 2771 584 adeoque
2813 515 2880 570 ab
2925 514 3043 584 ipso
3074 514 3379 569 Athanasio
3404 515 3640 568 ostendit

396 603 638 665 Huetins,
664 619 728 658 ex
753 606 946 673 quibus
971 620 1068 659 nos
1097 607 1366 673 praecipua
1391 607 1760 660 discutiemus.
1788 605 1973 662 Primo

397 697 612 750 adducit
644 695 867 750 Huetins
916 695 1229 766 Origenian.
1275 697 1368 750 lib.
1417 713 1450 749 ll
1472 738 1486 760 ,
1520 707 1711 766 quaest.
1735 697 1793 762 9.,
1825 713 1972 751 num.

396 787 448 845 3.
486 802 538 855 p.
568 786 690 852 H6,
731 797 984 854 tanquam
1035 789 1214 841 solutu
1263 788 1599 846 diﬂiciliora.
1647 789 1808 842 verba
1850 788 1974 842 Ori-

396 877 546 943 geuis
575 877 666 930 lib.
694 892 783 930 vui
813 888 994 930 contra
1023 877 1252 938 Celsum,
1291 894 1440 934 num.
1470 877 1536 930 12
1567 895 1578 929 :
1605 878 1666 930 Et
1704 878 1760 930 δέ
1789 895 1873 942 τις
1909 879 1974 931 ὲκ

396 966 597 1020 τούτων
642 968 1168 1039 περισπασθήσεται,
1203 971 1276 1039 μή
1309 986 1384 1039 πη
1408 969 1808 1040 αὑτομολοῦμεν
1838 969 1974 1040 πρὸς

397 1059 523 1122 τοὺς
551 1059 910 1131 ἀναιροῦντας
939 1059 1030 1112 δύο
1080 1056 1218 1113 εἶναι
1259 1060 1583 1123 ὑποστάσεις
1624 1062 1840 1134 Πατέρα
1880 1063 1973 1116 καὶ

398 1145 543 1198 Υἱόν·
567 1147 914 1217 ἐπιστησάτω
941 1147 1016 1218 τῷ
1034 1165 1047 1177 °
1079 1144 1188 1203 Ἦν
1211 1148 1280 1201 δὲ
1311 1148 1552 1202 πάντων
1584 1149 1699 1203 τῶν
1731 1165 1973 1206 πιστευ-

396 1235 633 1290 σάντων
651 1240 690 1305 ἠ
721 1239 934 1308 καρδία
967 1241 1063 1293 καὶ
1089 1243 1125 1306 ἡ
1146 1241 1317 1309 ψυχὴ
1331 1242 1460 1310 μία,
1495 1243 1581 1295 ἵνα
1611 1243 1862 1317 Θεωρήσῃ
1891 1246 1969 1300 τό·

411 1329 551 1399 Ἐγὼ
586 1333 684 1385 καὶ
724 1331 928 1400 Πατὴρ
971 1332 1042 1386 ἐν
1085 1333 1292 1399 ἐσμεν,
1330 1335 1380 1388 id
1417 1346 1516 1399 est,
1555 1356 1573 1387 ι
1606 1338 1753 1403 Quod
1782 1340 1825 1392 si
1852 1340 1974 1408 quis

397 1422 485 1476 his
511 1431 687 1478 motus
720 1425 994 1478 verebitur
1027 1439 1092 1478 ne
1123 1426 1260 1479 torte
1293 1428 1714 1498 trauslngiamns
1744 1431 1813 1484 ad
1849 1446 1964 1495 eos,

396 1513 492 1582 qui
524 1525 723 1583 negant
757 1516 890 1570 duas
913 1531 1034 1570 esse
1064 1517 1379 1587 hypnstases
1412 1518 1624 1573 Patrem
1657 1531 1708 1575 et
1735 1521 1926 1576 Filium
1955 1543 1967 1576 :

396 1606 581 1660 audiat
626 1606 785 1671 illud,
822 1605 954 1660 Erat
1007 1616 1182 1661 autem
1237 1611 1468 1663 omnium
1517 1612 1840 1666 credentium
1883 1630 1974 1667 eor

396 1712 557 1750 unum
596 1705 644 1749 et
697 1712 802 1748 una
831 1697 1111 1762 artium”;
1166 1709 1223 1750 nt
1269 1699 1665 1765 contempletur
1721 1699 1848 1753 illud
1888 1701 1972 1754 di-

395 1797 563 1848 ctum,
592 1784 705 1855 Ego
725 1797 771 1840 et
793 1785 954 1840 Pater
979 1803 1140 1840 unum
1169 1804 1348 1841 sumus
1366 1788 1467 1842 ⁸⁸.»
1496 1788 1560 1842 Ει
1579 1790 1770 1843 deinde
1794 1808 1806 1842 :
1834 1789 1973 1861 Θρηο

399 1879 663 1950 σκεὺομεν
688 1875 781 1933 οὖν
805 1879 896 1931 τὸν
919 1879 1134 1951 Πατέρα
1158 1881 1255 1949 τῆς
1282 1879 1558 1951 ἀληθείας,
1599 1882 1692 1936 καὶ
1729 1882 1818 1936 τὸν
1845 1883 1973 1936 Υἱδν

395 1969 492 2041 τὴν
527 1969 806 2040 ἀλήθειαν,
845 1970 972 2022 ὄντα
1008 1970 1102 2023 δύο
1133 1974 1196 2040 τῇ
1229 1972 1523 2025 ὑποστάσει
1566 1974 1881 2044 πράγματα,
1914 1973 1974 2029 ἒν

395 2059 454 2113 δὲ
478 2062 541 2130 τῇ
576 2061 830 2131 ὁμονοίᾳ,
869 2062 962 2114 καὶ
989 2063 1053 2132 τῇ
1087 2062 1406 2133 συμφωνίᾳ,
1455 2063 1550 2116 καὶ
1582 2068 1645 2136 τῇ
1686 2065 1974 2136 ταύτότητι

395 2152 492 2205 τοῦ
531 2152 886 2224 βουλήματος,
929 2154 981 2208 id
1017 2163 1121 2220 est,
1167 2173 1184 2205 ι
1213 2153 1396 2224 itaque
1445 2156 1688 2226 religiose
1748 2158 1974 2214 colimus

395 2241 608 2297 Patrem
644 2243 916 2308 veritatis,
948 2252 1002 2297 et
1034 2245 1308 2298 veritatem
1341 2244 1555 2310 Filium,
1591 2248 1724 2304 duos
1753 2248 1971 2316 quidem

395 2334 690 2404 hypostasi,
718 2349 883 2390 unum
929 2350 1056 2389 vero
1106 2338 1432 2401 concordia,
1473 2353 1759 2406 consensu,
1786 2340 1972 2394 volnu-

396 2423 626 2492 tatisque
658 2425 959 2480 identitate.
984 2445 1003 2477 ι
1040 2427 1117 2479 Ad
1158 2441 1278 2494 qsire
1319 2429 1433 2482 haec
1481 2429 1705 2484 adnotat
1743 2432 1827 2486 vir
1869 2433 1970 2486 do-

395 2513 708 2569 ctissimus:
749 2534 768 2566 ι
806 2514 1020 2570 Patrem
1065 2529 1120 2571 et
1159 2515 1352 2571 Filium
1392 2521 1498 2574 duo
1541 2536 1662 2576 esse
1713 2522 1791 2576 ait
1838 2525 1971 2578 ὑπο-

395 2606 616 2669 στάσει,
665 2622 828 2660 unum
867 2623 1138 2662 consensu
1180 2619 1234 2665 et
1282 2613 1592 2667 concordia.
1622 2615 1784 2684 Atqui
1837 2615 1970 2668 ὑπό⁶

395 2715 584 2762 στάσις
622 2713 718 2767 pro
749 2698 906 2768 οὑσίᾳ
949 2700 1142 2767 priscis
1177 2703 1505 2771 temporibus
1554 2705 1758 2760 solebat
1812 2721 1971 2760 usur-

394 2788 507 2857 pari
538 2789 606 2843 ab
649 2790 877 2843 ethnicis
907 2801 960 2844 et
995 2790 1317 2848 Christianis
1364 2793 1743 2866 (Hieronymus
1767 2837 1781 2858 ,
1813 2800 1965 2866 epist.

392 2881 484 2944 57,
507 2883 574 2934 ad
619 2880 880 2951 Damus.)'
905 2882 1036 2935 Tota
1075 2884 1413 2960 saacnlarinm
1454 2887 1754 2940 litterarum
1783 2889 1967 2945 schola

394 2972 525 3024 nihil
575 2971 718 3026 aliud
757 2972 1054 3024 ὑπόστασιν
1103 2971 1204 3025 nisi
1255 2975 1442 3028 οὐσίαν
1478 2977 1648 3030 novit.
1689 2975 1762 3030 Ita
1814 2994 1965 3032 sum-

393 3074 619 3132 pserunt
647 3063 844 3119 Nicami
877 3065 1080 3128 Patres,
1114 3069 1184 3120 ita
1220 3067 1590 3122 Sardicenses.
1628 3067 1703 3122 Ita
1735 3081 1790 3124 et
1823 3085 1967 3124 sum-

2079 609 2328 663 Petavius
2359 607 2436 662 De
2479 606 2670 660 Trinit.
2704 605 2800 659 lib.
2832 619 2903 673 tv,
2933 621 3055 673 cap.
3090 608 3144 669 1,
3179 621 3328 659 ιιυιιι.
3357 605 3412 667 2,
3443 605 3497 659 5.
3544 605 3644 658 De-

2076 699 2238 768 nique
2268 701 2432 768 (quod
2472 711 2584 752 rem
2625 709 2867 752 nostram
2915 696 3136 765 propius
3167 697 3421 765 spectat),
3453 709 3643 750 vocem

2076 789 2424 852 ὑποστάσεως
2465 789 2751 858 aliquoties
2791 803 2822 842 a
2865 789 3059 857 priscis
3098 787 3356 844 Ecclesia:
3407 787 3647 842 doctori-

2073 883 2195 945 bus,
2226 882 2390 936 etiam
2421 881 2512 951 qui
2543 881 2836 936 concilium
2883 879 3163 934 Mea-num
3209 887 3642 943 antecesserunt,

2075 990 2174 1046 pro
2216 973 2590 1036 subsistentia,
2635 973 2717 1025 vel
2749 987 2850 1041 pro
2893 986 2951 1026 re
2992 969 3248 1039 singulari
3291 984 3389 1041 per
3418 983 3480 1024 se
3519 969 3646 1024 sub-

2075 1066 2323 1125 sistente,
2351 1078 2470 1133 qua:
2522 1063 2574 1116 in
2611 1063 2772 1116 rebus
2803 1061 3075 1115 intellectu
3106 1059 3346 1128 pra'ditis
3390 1058 3532 1112 idem
3563 1067 3648 1114 est

2075 1157 2216 1227 quod
2262 1171 2512 1224 persona,
2561 1153 2813 1223 usurpari
2864 1152 3048 1208 multis
3095 1149 3358 1219 exemplis
3404 1157 3643 1204 constat.

2075 1246 2438 1302 Tertullianus
2467 1247 2518 1300 in
2560 1245 2698 1299 libro
2737 1247 2982 1298 adversus
3016 1242 3349 1306 Prax.,cum
3392 1253 3646 1293 asserere

2075 1338 2244 1392 voluit
2271 1337 2392 1392 Filii
2425 1337 2827 1392 subsistentiam
2863 1344 3052 1388 contra
3095 1347 3188 1388 eos
3220 1331 3312 1400 qui
3361 1329 3511 1384 illum
3561 1328 3646 1383 di-

2075 1429 2325 1483 stinctaut
2356 1443 2476 1483 esse
2505 1443 2537 1482 a
2567 1425 2727 1480 Patre
2772 1439 3056 1496 personam
3085 1424 3374 1492 negabant,
3411 1416 3648 1472 atlirmat

2074 1520 2272 1575 Filium
2319 1519 2414 1574 Dei
2460 1531 2578 1572 esse
2635 1535 2658 1570 ο
2685 1515 3042 1572 substantiam
3087 1522 3142 1566 et
3185 1527 3299 1566 rem
3346 1508 3647 1564 substanti-

2075 1626 2218 1665 vam.
2246 1629 2266 1662 ι
2316 1607 2408 1664 Sic
2445 1624 2564 1678 cap.
2623 1609 2654 1662 7
2696 1622 2711 1661 :
2756 1625 2776 1659 ι
2827 1607 2987 1675 Ergo,
3023 1605 3224 1672 inquis,
3267 1603 3363 1658 das
3407 1601 3646 1669 aliquam

2074 1700 2434 1757 substantiam
2459 1713 2579 1754 esse
2607 1711 2930 1760 sermonem,
2974 1694 3176 1764 Spiritu
3200 1702 3255 1747 et
3290 1691 3506 1760 Sophia:
3534 1701 3643 1744 tra-

2075 1795 2277 1850 ditione
2320 1789 2725 1848 constructam?
2753 1790 2929 1860 plane.
2962 1786 3078 1842 Non
3114 1788 3194 1840 vis
3219 1800 3342 1841 eum
3389 1785 3643 1839 substan-

2080 1886 2244 1940 tivnm
2286 1884 2487 1939 habere
2517 1883 2570 1936 in
2607 1897 2684 1947 re,
2730 1896 2826 1950 per
2869 1879 3188 1935 substantia:
3232 1877 3644 1947 proprietatem,

2078 1985 2137 2029 ut
2180 1988 2268 2031 res
2293 1985 2346 2028 et
2375 1988 2604 2044 persona
2631 1971 2872 2042 quaedam
2915 1969 3086 2024 videri
3129 1969 3316 2038 possit,
3349 1977 3406 2022 et
3438 1968 3512 2022 ita
3553 1982 3649 2022 ca-

2076 2068 2188 2136 piat
2220 2065 2487 2121 secundus
2517 2079 2547 2116 a
2593 2063 2703 2117 Deo
2750 2061 3074 2116 constitutus
3111 2061 3248 2113 duos
3281 2057 3513 2124 efﬁcere,
3545 2059 3646 2112 Pa-

2080 2169 2215 2214 trem
2241 2168 2295 2213 et
2329 2157 2544 2220 Filium,
2571 2155 2737 2209 Deum
2765 2162 2820 2208 et
2856 2167 3182 2209 sermonem.
3207 2151 3347 2219 Quid
3372 2161 3456 2205 est
3493 2150 3641 2205 enim

2075 2251 2224 2306 dices
2255 2265 2460 2313 sermo,
2487 2248 2590 2302 nisi
2620 2261 2719 2302 vox
2749 2256 2805 2301 et
2838 2260 3006 2301 sonus
3030 2245 3162 2308 oris,
3193 2252 3248 2298 et
3274 2244 3441 2311 (sicut
3470 2257 3653 2310 gran-

2077 2343 2259 2397 matici
2313 2338 2552 2411 tradunt)
2610 2354 2705 2395 aer
2749 2337 3004 2403 offensus,
3051 2335 3398 2406 intelligibilis
3439 2336 3647 2402 auditu,

2072 2444 2326 2489 cancrum
2351 2447 2580 2487 vacuum
2620 2431 2806 2487 nescio
2831 2430 2980 2500 quid,
3007 2441 3061 2483 et
3091 2430 3272 2494 inane,
3299 2436 3354 2482 et
3395 2427 3647 2495 incorpo—

2073 2524 2223 2578 rale?
2266 2526 2334 2578 At
2377 2538 2476 2593 ego
2521 2521 2654 2576 nihil
2701 2521 2821 2576 dico
2860 2521 2925 2574 de
2969 2519 3079 2573 Deo
3125 2519 3287 2572 inane
3325 2528 3383 2572 et
3418 2531 3645 2570 vacuum

2072 2615 2289 2686 prodire
2330 2614 2597 2685 potuisse,
2641 2621 2698 2666 ut
2742 2627 2846 2666 non
2879 2611 2946 2665 de
2982 2610 3130 2665 inani
3172 2617 3226 2664 et
3257 2623 3429 2663 vacuo
3462 2607 3648 2678 prola-

2075 2720 2234 2763 tum:
2281 2722 2378 2763 nec
2419 2721 2608 2762 carere
2649 2705 2975 2771 substantia,
3017 2704 3158 2773 quod
3207 2704 3274 2758 de
3323 2711 3473 2756 tanta
3519 2701 3652 2756 sub-

2070 2801 2264 2854 stantia
2309 2799 2592 2870 processit,
2617 2817 2637 2849 ι
2685 2806 2791 2852 etc.
2837 2795 3042 2851 Rursus
3086 2809 3206 2864 cap.
3247 2793 3338 2857 36,
3371 2795 3438 2848 de
3473 2793 3652 2848 Patris

2069 2901 2122 2944 et
2160 2890 2281 2945 Filii
2337 2889 2684 2944 distinctione
2736 2901 2927 2956 agens,
2976 2886 3054 2940 sic
3104 2885 3342 2954 loquitur
3388 2899 3404 2936 :
3442 2899 3462 2934 ι
3505 2882 3652 2938 Deus

2071 2981 2160 3035 Dei
2202 2989 2456 3048 tanquam
2493 2979 2830 3033 substantiva
2866 2991 2972 3038 res,
3031 2991 3134 3030 non
3173 2975 3276 3028 erit
3319 2975 3430 3044 ipse
3463 2973 3644 3037 Deus;

2068 3072 2162 3126 sed
2204 3071 2464 3125 hactenus
2515 3068 2686 3130 Deus,
2746 3066 2869 3135 quia
2908 3081 2970 3120 ex
3028 3066 3195 3133 ipsius
3241 3064 3336 3120 Dei
3395 3063 3651 3118 substan-

392 3156 562 3224 psisse
595 3154 878 3226 Origenem
922 3159 1213 3213 verisimile
1241 3167 1344 3213 est.
1367 3177 1385 3208 ›
1422 3158 1739 3228 Respondeo
1785 3164 1960 3234 primo
1986 3180 2030 3238 ο
2067 3162 2161 3226 tia,
2196 3177 2317 3231 qua:
2347 3168 2401 3215 et
2438 3158 2774 3214 substantiva
2819 3173 2903 3211 res
2941 3167 3095 3221 est,»
3144 3167 3248 3212 etc.
3300 3155 3423 3210 Mox
3477 3167 3645 3225 negat

396 3261 558 3303 voces
605 3248 901 3312 ὑπόστασις
937 3260 988 3303 et
1024 3249 1179 3303 οὐσία
1219 3251 1412 3318 priscis
1454 3253 1783 3320 temporibus
1820 3255 1968 3309 varie

395 3344 664 3403 usurpatae
698 3337 866 3397 luere,
907 3338 1098 3391 saltem
1137 3354 1166 3391 a
1205 3339 1552 3396 Christianis.
1586 3340 1806 3396 Scilicet
1836 3358 1968 3396 non-

396 3440 671 3493 nunquam
719 3425 1013 3490 ὑπόστασις
1057 3445 1155 3498 pro
1187 3443 1252 3481 eo
1281 3430 1422 3497 quod
1464 3445 1562 3484 nos
1607 3431 1796 3484 οὐσίαν
1835 3433 1971 3486 dici-

394 3531 538 3580 tnns,
567 3525 626 3569 ut
655 3516 770 3569 vice
797 3533 954 3571 versa
987 3533 1087 3571 vox
1124 3519 1282 3572 οὑσῐα
1310 3534 1410 3588 pro
1438 3536 1504 3574 eo
1533 3523 1676 3588 quod
1707 3537 1806 3576 nos
1837 3524 1971 3576 ὑπόκ

397 3623 584 3660 στασιν
609 3608 959 3676 appellamus,
991 3608 1059 3662 ab
1099 3609 1226 3679 ipsis
1260 3621 1482 3682 accepta
1529 3611 1631 3666 fuit
1667 3631 1680 3666 :
1721 3630 1972 3669 nonnun-

395 3714 554 3766 quam
581 3697 881 3750 ὑπόστασιν
920 3700 1171 3754 dixerunt
1199 3711 1436 3766 veteres,
1471 3703 1635 3756 etiam
1665 3705 1754 3774 qui
1785 3707 1969 3761 conci-

395 3788 526 3842 lium
557 3789 830 3844 Niczeumu
868 3799 1296 3858 antecesserunt,
1324 3793 1466 3862 quod
1499 3809 1594 3849 nos
1644 3796 1803 3852 hodie
1845 3814 1970 3866 per-

397 3895 588 3934 sonam
616 3882 730 3935 sive
771 3881 1172 3936 subsistentiam
1215 3882 1564 3951 appellamus.
1611 3885 1809 3943 Vocem
1838 3889 1970 3942 ὑπο-

397 3973 638 4036 στάσεως
669 3988 766 4042 pro
795 3988 859 4027 eo
884 3974 1029 4043 quod
1059 3989 1159 4030 nos
1201 3975 1390 4029 οὐσίαν
1431 3977 1680 4044 dicimus,
1709 3994 1738 4033 a
1770 3981 1966 4050 priscis

393 4069 718 4138 quandoque
751 4070 997 4137 usurpari
1049 4085 1155 4124 non
1210 4073 1371 4128 modo
1423 4072 1730 4140 conﬁtetur,
1781 4077 1874 4131 sed
1912 4087 1967 4132 et

393 4163 673 4216 contendit
722 4160 965 4216 Huetius.
997 4161 1317 4232 Quanquam
1371 4162 1451 4235 (ut
1501 4181 1686 4220 verum
1736 4167 1966 4237 ingenue

391 4250 610 4322 fatear),
661 4269 766 4306 non
811 4254 1024 4308 memini
1084 4272 1168 4309 me
1203 4269 1390 4310 vocem
1449 4257 1520 4310 ita
1571 4269 1882 4328 usurpatam
1933 4276 1964 4314 a

390 4346 658 4414 scriptore
691 4345 869 4414 aliquo
909 4347 1210 4411 Catholico,
1243 4348 1309 4402 de
1357 4346 1458 4402 SS.
1491 4346 1759 4404 Trinitate
1790 4349 1965 4406 disse-

390 4445 577 4500 rente,
623 4443 748 4488 ante
788 4436 1074 4490 concilium
1132 4437 1446 4501 Nicaenum,
1498 4448 1594 4492 aut
1651 4440 1962 4509 aliquandiu

2072 3251 2390 3322 sapientiam
2431 3259 2487 3304 et
2537 3249 2929 3318 providentiam
2974 3263 3094 3303 esse
3136 3265 3218 3303 res
3259 3250 3649 3314 substantibus,

2073 3353 2165 3397 aut
2208 3341 2548 3403 substantias,
2593 3341 2695 3394 hoc
2731 3349 2832 3402 est,
2871 3339 3215 3401 ὑποστάσεις.
3254 3338 3473 3392 Scilicet
3511 3340 3652 3395 hanc

2071 3434 2319 3504 loquendi
2360 3434 2587 3486 formam
2615 3445 2680 3484 ex
2718 3429 2925 3485 Graecis
2960 3430 3213 3484 Patribus
3255 3429 3478 3483 omnino
3505 3446 3654 3484 sunt-

2071 3526 2243 3594 psisse
2271 3523 2480 3576 videtur
2513 3521 2824 3576 Graecorum
2856 3520 2944 3574 ille
2982 3521 3242 3586 imitator,
3274 3519 3524 3574 Gra:cam
3558 3536 3656 3574 vo-

2071 3632 2185 3671 cem
2218 3617 2516 3669 ὑπὸστασιν
2559 3613 2749 3668 Latine
2778 3613 3132 3666 substantiam
3177 3625 3232 3666 et
3264 3628 3368 3665 rem
3400 3618 3652 3664 substan-

2070 3709 2227 3761 tivant
2264 3717 2517 3762 vertens:
2558 3721 2680 3760 cum
2731 3703 2929 3772 alioqui
2981 3703 3181 3768 Latini,
3219 3703 3382 3757 etiam
3433 3702 3654 3758 Tertul-

2069 3798 2196 3854 liani
2226 3809 2405 3864 aetate,
2443 3813 2596 3854 sun
2642 3797 2878 3852 habuere
2923 3796 3274 3858 vocabulum,
3317 3813 3426 3864 quo
3469 3796 3652 3850 subsi-

2069 3891 2320 3944 stentiam
2375 3890 2427 3944 in
2487 3889 2667 3943 divina
2712 3888 2945 3942 essentia
2996 3889 3400 3956 exprimerent,
3457 3903 3652 3956 nempe

2069 3997 2252 4034 vocem
2294 3996 2551 4049 personae,
2595 3993 2714 4047 qua:
2749 3977 3036 4047 aliquoties
3081 3980 3132 4031 in
3171 3979 3358 4032 eodem
3406 3979 3544 4032 libro
3581 3979 3656 4032 ab

2069 4073 2183 4140 ipso
2215 4070 2548 4125 Tertulliano
2587 4080 2892 4138 usurpatur.
2930 4068 3272 4138 Hippolytus,
3305 4065 3652 4124 Tertulliano

2068 4174 2224 4219 aitate
2259 4163 2532 4233 proximus
2574 4169 2627 4215 et
2657 4159 2888 4228 Origene
2941 4160 3237 4229 antiquior,
3283 4159 3337 4212 in
3383 4159 3501 4213 loco
3551 4175 3651 4213 su-

2067 4259 2249 4326 perius
2276 4273 2305 4311 a
2339 4257 2492 4312 nobis
2525 4253 2738 4308 laudato
2769 4253 2814 4283 ⁸⁶
2839 4252 2916 4306 ait
2958 4267 3174 4306 carnem
3208 4252 3320 4306 sive
3355 4254 3656 4307 humanam

2069 4351 2123 4403 in
2161 4350 2377 4404 Christo
2409 4360 2654 4402 naturam
2687 4361 2782 4414 per
2821 4360 2879 4399 se
2909 4359 3014 4397 non
3057 4345 3376 4408 subsistere,
3408 4346 3504 4398 sed
3541 4363 3561 4395 ι
3593 4345 3651 4398 in

2069 4440 2246 4494 Verbo
2278 4441 2479 4494 habere
2505 4437 2600 4508 τὴν
2627 4438 2941 4498 ὑπόστασιν,
2977 4435 3077 4488 hoc
3109 4445 3210 4498 est,
3245 4435 3297 4487 in
3328 4434 3502 4488 Verbo
3528 4434 3656 4488 sub-

391 4539 535 4598 post,
569 4526 780 4596 legisse.
811 4527 1138 4581 Vocabulum
1170 4543 1300 4582 vero
1325 4529 1510 4583 οὐσίαν
1545 4531 1612 4584 ab
1648 4531 1836 4586 iisdem
1871 4549 1964 4602 pro
2001 4515 2043 4568 ί)
2071 4525 2282 4580 sistere.
2310 4544 2330 4575 ›
2375 4524 2660 4593 Dionysius
2706 4523 3137 4588 Alexandrinus,
3182 4521 3433 4592 Origenis
3484 4524 3653 4577 disci-

392 4635 460 4674 eo
506 4621 648 4688 quod
693 4634 794 4672 nos
841 4619 1134 4672 ὑπόστασιν
1171 4620 1524 4690 appellamus,
1578 4638 1964 4694 nonnunquam

390 4711 563 4781 accipi
613 4711 978 4766 certissimum
1009 4720 1112 4766 est.
1144 4711 1236 4766 Sic
1297 4711 1506 4768 Pierius
1537 4721 1742 4785 martyr
1766 4725 1820 4771 et
1851 4732 1967 4784 pre-

392 4805 596 4872 sbyter,
636 4801 901 4870 Pamphili
940 4803 1192 4874 martyris
1211 4814 1528 4874 przeceptor,
1558 4820 1679 4860 cum
1710 4806 1774 4861 de
1806 4805 1968 4862 Patre

392 4899 448 4942 et
487 4891 622 4943 Filio
651 4891 918 4944 catholico
956 4905 1105 4944 more
1154 4891 1401 4955 sentiret,
1450 4891 1666 4947 Patrem
1699 4902 1876 4949 tamen
1909 4905 1965 4951 et

391 4979 586 5035 Filium
615 4979 801 5042 οὐσίας
831 4991 885 5034 et
915 4980 1106 5048 φύσεις
1138 4981 1273 5035 duas
1296 4995 1418 5036 esse
1451 4982 1682 5049 dicebat,
1717 4993 1771 5038 ut
1803 4984 1966 5039 refert

391 5069 621 5126 Photius
655 5071 796 5124 Bibl.
845 5073 968 5125 cod.
996 5089 1145 5136 ωαχ,
1195 5074 1326 5128 asia:
1357 5083 1411 5127 et
1460 5085 1660 5128 natura:
1711 5077 1968 5131 vocabulo

395 5163 710 5230 bypostasim
741 5162 1075 5232 signiﬁcans,
1109 5173 1168 5218 ut
1193 5180 1261 5218 ex
1295 5165 1736 5219 antecedentibus
1760 5174 1812 5220 et
1842 5182 1969 5220 con-

393 5256 745 5320 sequentibus
781 5264 1028 5310 constare
1052 5257 1182 5311 dicit
1213 5257 1350 5311 idem
1380 5255 1622 5311 Photius.
1653 5255 1743 5311 Sic
1782 5273 1966 5314 vocem

394 5342 555 5410 φύσις
609 5347 749 5413 (quae
798 5348 995 5424 alioqui
1051 5348 1259 5402 latioris
1306 5357 1390 5402 est
1440 5348 1875 5418 signiﬁcationis,
1912 5359 1970 5404 ut

393 5449 497 5485 vox
557 5437 750 5499 οὐσία,
802 5455 831 5490 a
879 5437 1160 5492 Clemente
1223 5438 1587 5494 Alexandrino
1648 5453 1966 5510 usurpatum

396 5521 563 5577 inisse
601 5542 760 5594 supra
807 5529 1216 5583 observavimus
1257 5544 1377 5596 cap.
1405 5530 1458 5592 6,
1508 5547 1655 5584 num.
1686 5532 1740 5586 6.
1796 5534 1969 5601 Atque

395 5612 582 5664 eodem
614 5628 775 5667 sensu
809 5616 1124 5672 vocabulum
1154 5617 1327 5686 accipi
1356 5634 1386 5670 a
1413 5618 1673 5689 Gregorio
1702 5618 1966 5691 Nysseno,

467 5726 514 5758 ⁸³
554 5730 673 5780 Act.
722 5743 798 5790 rv,
844 5730 932 5784 32.
1007 5731 1054 5763 "
1092 5730 1250 5788 Joan.
1293 5747 1360 5794 x,
1392 5733 1481 5788 30.
1557 5735 1601 5766 ⁶⁰
1653 5752 1774 5806 cap.
1819 5737 1874 5807 8,
1903 5751 2050 5793 num.
2084 5736 2138 5790 5.

473 5815 586 5892 (25)
627 5815 946 5874 Thcodoret.
980 5819 1120 5874 (list.
1151 5821 1308 5887 cci-1.,
1334 5821 1422 5875 lib.
1452 5838 1497 5892 ι,
1523 5839 1638 5895 cap.
1671 5825 1723 5883 4.

2066 4617 2244 4684 putus,
2273 4617 2325 4669 in
2358 4615 2705 4684 responsione
2738 4616 2805 4668 ad
2831 4613 3180 4682 qumstionem
3211 4624 3460 4682 quartam
3495 4615 3651 4668 Pauli

2069 4705 2408 4760 Samosateni
2471 4705 2536 4759 de
2588 4706 2758 4758 tribus
2820 4702 3062 4773 personis
3120 4703 3175 4758 S.
3223 4703 3512 4758 Trinitatis
3570 4705 3656 4760 sic

2073 4796 2306 4866 loquitur
2344 4796 2456 4869 (25')
2500 4814 2512 4848 :
2561 4796 2625 4847 Ai
2671 4794 2779 4862 ﬁdo
2827 4793 3152 4856 ὑποστάσεις
3179 4793 3508 4864 ἀχώριστοι,
3555 4796 3661 4852 καὶ

2065 4887 2127 4940 τὺ
2177 4888 2543 4942 ἐνυτιτόστατον⁴
2568 4887 2660 4940 τοῦ
2716 4885 2930 4957 Πατρδς
2983 4885 3237 4955 Πνεῦμα,
3284 4886 3314 4938 ὃ
3357 4880 3428 4957 ἦν
3475 4888 3532 4940 ὲν
3573 4888 3661 4958 τῷ

2079 4979 2210 5050 ria,
2247 4980 2301 5034 id
2332 4991 2444 5044 est,
2497 4999 2516 5031 ι
2547 4979 2672 5034 Βυω
2726 4979 3045 5050 hypostases
3095 4976 3308 5044 (Patris
3347 4980 3558 5033 scilicet
3596 4990 3656 5034 et

2075 5073 2218 5144 Filii)
2254 5071 2640 5144 inseparabiles
2670 5081 2815 5138 sunt,
2842 5080 2896 5126 et
2925 5073 3226 5126 subsistens
3268 5071 3448 5126 Patris
3477 5073 3654 5142 Spiri-

2076 5174 2182 5228 tus,
2208 5163 2296 5233 qui
2330 5175 2448 5220 erat
2479 5164 2530 5217 in
2566 5163 2720 5217 Filio.
2749 5181 2770 5214 ι
2804 5166 2980 5232 Atque
3021 5178 3084 5216 ex
3120 5165 3221 5216 hoe
3256 5162 3495 5234 Dionysii
3524 5164 3656 5219 Ale-

2074 5256 2317 5308 xandrini
2357 5255 2477 5308 loco
2507 5254 2727 5308 omnino
2759 5253 3076 5324 explicanda
3111 5254 3239 5308 mihi
3270 5255 3487 5309 videtur
3524 5271 3654 5311 sen-

2075 5345 2239 5399 tentia
2279 5345 2631 5414 cognominis,
2673 5353 2727 5398 et
2777 5345 3030 5400 comtanei
3083 5345 3200 5412 eius
3248 5343 3493 5416 Dionysii
3536 5346 3650 5403 Ro-

2075 5438 2215 5490 mani
2259 5456 2272 5489 :
2317 5438 2406 5504 qui
2454 5437 2508 5489 in
2558 5436 2795 5505 Epistola
2866 5448 3056 5492 contra
3114 5439 3456 5494 Sabellianos
3509 5443 3654 5508 apud

2070 5526 2418 5579 Athanasium
2454 5524 2592 5596 (26),
2625 5537 2907 5595 postquam
2949 5528 3092 5597 ipsos
3137 5529 3507 5589 refutaverat.
3557 5547 3655 5585 eos

2065 5619 2258 5672 deinde
2306 5618 2602 5688 redarguit,
2648 5621 2737 5687 qui
2783 5621 3034 5676 deitatem
3073 5623 3332 5678 secabant
3377 5625 3461 5687 εις
3497 5626 3654 5695 τρεῖς

2119 5825 2431 5897 (Ξϋὶιὶιιισιι.
2453 5826 2522 5881 De
2539 5825 2782 5893 sqnﬂic.
2807 5828 2954 5892 Dec”
2975 5848 3026 5891 ι).
3042 5830 3167 5894 275,
3188 5833 3273 5890 ed.
3296 5833 3648 5894 ParisJG‘Z'l.
