4152 6402
389 350 523 406 1501

1428 345 1520 398 EX
1562 342 1627 399 G.
1671 339 1875 398 BELLI
1925 337 2077 394 DEF.
2118 333 2299 391 ElDEl
2339 329 2666 388 NlCJ‘ZNzE.

3527 316 3664 372 1302

393 467 804 542 μεμερισμένας
857 465 1186 526 ὑποστάσεις
1247 481 1265 514 ι
1295 461 1350 516 in
1402 471 1514 514 tres
1565 459 1765 514 divisas
1811 459 1980 528 hypo-

2111 471 2180 508 .ex
2212 451 2475 522 episcopi,
2504 446 2600 518 qui
2636 459 2703 500 ex
2743 440 2948 514 synodo
2975 437 3314 493 Antiochena
3342 433 3407 487 ad
3439 429 3663 486 Paulmn

389 569 634 614 stases.»
705 555 960 610 Petavius
1029 554 1248 623 quidem
1311 550 1386 605 De
1454 548 1686 611 Trinit.,
1749 548 1842 605 lib.
1889 563 1971 613 tv,

391 665 442 705 ο.
481 649 534 712 l,
573 647 602 720 §
638 647 692 712 5,
719 661 784 700 eo
819 645 872 700 in
905 644 1023 699 loco
1054 658 1236 698 vocem
1269 642 1566 695 ὑπόστασιν
1596 655 1692 710 pro
1721 639 1878 711 οὐσία
1920 639 1974 692 in

393 738 719 810 generaliori
795 734 1184 805 signiﬁcatione
1265 733 1390 802 poni
1462 731 1663 797 voluit;
1739 732 1870 794 hoc,
1921 737 1980 784 ut

395 830 653 894 arbitror,
675 835 995 900 argumento
1027 827 1095 881 ad
1127 826 1179 881 id
1211 825 1482 889 inductus,
1513 829 1655 894 quod
1689 823 1977 892 Dionysius

396 921 702 976 dissensum
749 934 904 974 suum
955 918 1024 972 ab
1071 918 1136 972 iis
1189 915 1526 987 proﬁteatur,
1576 914 1670 986 qui
1721 914 1977 969 deitatem

401 1013 455 1067 in
495 1022 606 1067 tres
655 1013 976 1084 bypostases
1023 1009 1354 1064 dividebant.
1396 1006 1504 1062 Sed
1546 1009 1648 1062 hoc
1699 1005 1833 1060 nihil
1875 1015 1978 1060 est.

403 1103 589 1175 Neque
622 1104 766 1158 enim
799 1102 1122 1172 simpliciter
1148 1115 1242 1155 eos
1288 1099 1471 1168 culpat
1504 1097 1812 1169 Dionysius,
1849 1111 1982 1152 con-

406 1206 490 1252 tra
523 1211 662 1267 quos
698 1197 960 1264 disputat,
994 1194 1139 1264 quod
1181 1201 1291 1246 tres
1327 1191 1382 1246 in
1425 1191 1628 1245 deitate
1665 1191 1986 1260 hypostases

406 1289 734 1356 statuerint;
788 1288 883 1343 sed
925 1287 1051 1342 ideo
1079 1294 1289 1340 tantum
1320 1284 1466 1353 quod
1513 1283 1837 1354 ltypostases
1869 1283 1988 1338 illas

412 1391 523 1433 tres
581 1394 702 1434 esse
763 1377 1171 1450 μεμερισμένας
1237 1393 1256 1426 ι
1297 1374 1536 1428 divisas:
1601 1374 1983 1429 existimarint.

411 1472 564 1538 Quod
619 1486 742 1525 mox
794 1471 991 1524 ibidem
1040 1469 1251 1539 plenius
1303 1467 1582 1537 exprimit,
1625 1466 1752 1519 dttm
1801 1481 1988 1520 rursus

409 1565 629 1620 eosdem
663 1564 951 1618 hazreticos
979 1563 1232 1616 divisisse
1262 1561 1339 1614 ait
1373 1559 1710 1614 divinitatem
1741 1561 1821 1622 εἰς
1841 1560 1989 1629 τρεῖς

414 1659 740 1720 ὑτωστάσεις
773 1656 948 1722 ξένας,
1001 1655 1244 1728 ἀλλήλων
1277 1653 1592 1708 παντάπασι.
1643 1651 1987 1723 κεχωρισμέη

413 1767 539 1814 νας⁸
578 1769 596 1801 ι
627 1749 680 1802 in
730 1759 840 1802 tres
893 1748 1217 1818 hypostases
1258 1742 1597 1815 peregrinas,
1649 1743 1717 1797 ab
1763 1742 1988 1796 invicem

2079 547 2490 599 Samusatenum
2523 539 2788 608 scripsere
2813 532 3096 603 epistolam
3117 529 3249 601 (28),
3274 529 3325 581 in
3346 526 3457 594 ipsa
3476 531 3666 578 contra

2077 638 2328 693 eumdem
2365 633 2593 688 Paulum
2644 641 2698 684 et
2744 626 3068 687 Sabellium,
3104 633 3306 692 negant
3335 616 3529 671 Filium
3572 613 3667 666 Dei

2077 742 2199 783 esse
2230 725 2410 779 Patris
2437 722 2748 792 ἐπιστήμην
2780 716 3172 781 ἀνυπόστατον,
3207 729 3228 763 ι
3250 707 3533 766 scientiam
3568 718 3669 770 per

2079 835 2138 875 se
2172 819 2391 872 minime
2416 816 2834 870 subsistentem.
2865 829 2884 862 ι
2921 809 2985 863 Et
3018 806 3215 861 ibidem
3249 803 3422 872 ipsum
3455 798 3546 852 Dei
3573 797 3668 851 Fi-

2083 915 2208 966 lium
2242 910 2428 964 dicunt
2458 908 2550 962 Dei
2581 906 2759 961 Patris
2789 897 3074 974 ἐνέργειαν
3104 896 3284 963 ζῶσαν
3306 893 3402 952 καί
3424 887 3671 960 ὑφεστῶ-

2086 1022 2236 1066 σαν,ι
2265 1002 2515 1056 virtutem
2541 999 2808 1052 viventem
2843 1012 2906 1048 ac
2930 993 3334 1047 subsistentem.
3359 1005 3377 1038 ι
3405 983 3538 1050 Quis
3563 982 3668 1050 igi-

2087 1107 2175 1154 tur
2207 1095 2419 1149 dubitet
2470 1094 2599 1164 qttin
2649 1091 2700 1145 lti
2741 1086 2982 1157 episcopi
3023 1083 3216 1138 Filium
3267 1091 3484 1149 quoque
3525 1074 3672 1129 dixe-

2086 1191 2194 1247 rint
2225 1188 2520 1244 ὑπόστασιν
2555 1199 2585 1238 a
2616 1183 2778 1238 Patre
2822 1175 3173 1235 distinctam?
3208 1171 3512 1229 Przesertim
3543 1181 3670 1222 eum

2088 1281 2379 1352 Dionysius
2409 1275 2805 1332 Alexandrinus
2831 1272 3072 1340 ejusdem
3098 1266 3281 1322 saeculi
3306 1264 3405 1335 τὴν
3429 1258 3671 1315 ὑπόσιιται⁵

2091 1393 2174 1434 σιν
2225 1385 2276 1429 et
2325 1375 2385 1426 τὸ
2425 1371 2788 1427 ἀνυπόστατον
2833 1377 3087 1435 tanquam
3132 1362 3271 1416 idem
3311 1354 3674 1428 signiﬁcantia

2090 1468 2386 1537 usurparit,
2425 1475 2483 1520 ut
2510 1453 2576 1519 ex
2603 1463 2723 1517 loco
2756 1443 2919 1530 supra
2946 1457 3116 1510 allato
3138 1454 3334 1525 liquet.
3364 1447 3674 1505 Alexander

2087 1561 2373 1628 episeOpus
2402 1555 2822 1617 Alexandrinus,
2849 1552 2901 1606 in
2929 1547 3162 1618 epistola
3214 1545 3280 1599 ad
3307 1541 3673 1599 Alexandrum

2089 1645 2747 1716 Cnnstantinopolitanum
2775 1650 2902 1696 ante
2929 1639 3195 1712 synodum
3225 1635 3502 1689 Nicamam
3535 1629 3676 1684 scri—

2092 1755 2202 1814 pta,
2241 1741 2432 1796 eodem
2459 1753 2621 1809 sensu
2663 1749 2851 1790 vocem
2883 1731 3162 1799 accepisse
3194 1728 3427 1790 videtur,
3457 1723 3582 1777 dum
3610 1725 3678 1775 ad

416 1840 638 1894 omnino
668 1845 965 1906 separatas.
993 1855 1010 1888 ι
1050 1834 1291 1890 Pessime
1331 1835 1496 1905 igitur
1544 1834 1708 1888 verba
1754 1831 1991 1902 Dionysii
2027 1822 2066 1876 Β
2099 1836 2257 1890 verba
2293 1832 2521 1888 Joannis
2562 1828 2910 1899 evangelista:
2952 1827 3158 1892 Evang.
3192 1836 3314 1889 cap.
3367 1835 3409 1882 ι,
3452 1830 3592 1870 vers.
3630 1814 3677 1875 l,

417 1931 604 1987 Grteca
648 1929 839 1984 Latine
883 1928 1120 1983 reddidit
1168 1926 1419 1981 Petavius
1454 1945 1474 1980 ι
1499 1926 1785 1997 distinctas
1819 1924 1992 1994 hypo-

418 2035 614 2079 stases.
641 2043 660 2076 ι
701 2023 976 2077 Adversus
1005 2023 1106 2076 bos
1131 2021 1417 2077 haereticos
1439 2020 1637 2075 deinde
1662 2018 1854 2073 statuit
1873 2017 1996 2070 Dio-

423 2114 628 2189 ttysius,
654 2112 893 2184 ἡνῶσθαι
926 2111 1003 2181 τῷ
1043 2110 1162 2183 Θεῷ
1185 2111 1293 2166 τῶν
1316 2109 1450 2165 ὅλων
1477 2109 1568 2163 τὸν
1618 2107 1760 2162 θεῖον
1803 2107 1996 2176 Λόγον,

424 2205 815 2275 ἐμφιλοχωρείν
857 2204 914 2258 δὲ
957 2202 1034 2274 τῷ
1065 2201 1204 2273 Θεῷ,
1239 2203 1334 2256 καὶ
1362 2200 1728 2255 ὲνδιαιτάσθαι
1756 2200 1818 2254 τὸ
1844 2199 1999 2269 ἆγιον

423 2296 672 2366 Πνεῦμα,
714 2295 896 2350 «ιιιιὶιί
950 2295 1191 2350 omnium
1234 2295 1343 2350 Deo
1380 2294 1474 2348 Dei
1518 2291 1794 2358 Verbum;
1843 2301 1898 2347 et
1946 2291 2000 2345 in

423 2395 612 2447 eodem
647 2390 854 2444 haerere
890 2389 1202 2459 versarique
1231 2386 1492 2456 Spiritum
1536 2393 1784 2440 sanctum
1810 2403 1823 2438 :
1847 2403 1864 2436 ι
1901 2383 2002 2436 hoc

423 2493 530 2547 est,
586 2485 908 2552 bypostases
966 2488 1078 2536 tres
1146 2479 1356 2534 divinas
1416 2493 1513 2546 per
1566 2475 2001 2547 inexplicabilem

425 2575 715 2644 quamdam
746 2571 1117 2644 περιχώρησιν
1149 2571 1337 2626 intime
1363 2569 1465 2625 sibi
1502 2569 1732 2624 invicem
1773 2568 2002 2637 conjun-

426 2676 544 2718 ctas
591 2678 733 2728 esse,
773 2673 828 2716 et
876 2676 997 2716 sese
1046 2670 1232 2714 mutuo
1285 2657 1441 2728 quasi
1490 2659 1779 2721 immeare,
1826 2655 1897 2708 ita
1947 2661 2006 2706 ut

427 2757 597 2811 altera
623 2758 693 2810 ab
727 2755 898 2809 altera
934 2757 1246 2822 neutiquam
1283 2748 1524 2822 separari
1556 2749 1746 2820 possit.
1779 2745 1895 2814 Qua
1936 2746 2005 2800 de

427 2861 488 2900 re
513 2847 739 2901 interius
769 2845 920 2915 plura
953 2843 1217 2899 dicemus.
1245 2840 1453 2896 Locum
1488 2848 1672 2894 autem
1709 2839 1851 2893 hunc
1882 2837 2006 2893 Dio—

429 2937 572 3008 nysii
607 2937 838 3012 Romani
875 2939 1084 3005 integre
1122 2935 1346 2988 citatum
1392 2931 1580 2987 videas
1609 2929 1769 2999 hujus
1804 2929 2004 2984 sectio-

431 3030 517 3083 nis
549 3029 614 3083 de
650 3027 766 3082 Filii
799 3027 876 3099 τῷ
906 3026 1197 3098 ὁμοουσίῳ,
1233 3040 1353 3094 cap.
1395 3024 1483 3088 ll,
1519 3037 1668 3077 num.
1724 3021 1774 3075 1.
1821 3017 2008 3087 Itaque

430 3135 554 3174 cum
593 3121 880 3191 Dionysius
910 3118 1190 3173 Rullianus
1220 3124 1401 3186 negat,
1433 3115 1486 3169 in
1514 3113 1716 3168 deitate
1751 3121 1861 3166 tres
1888 3124 2008 3164 esse

431 3215 756 3288 bypostases
808 3213 1010 3268 divisas
1062 3226 1126 3266 ac
1171 3218 1479 3279 separatas;
1531 3207 1673 3261 idem
1721 3204 2009 3258 manifeste

429 3307 622 3370 voluit,
655 3307 798 3374 quod
832 3305 968 3358 alter
1007 3302 1316 3375 Dionysius,
1350 3315 1474 3354 cum
1507 3297 1759 3362 aﬂirmat,
1793 3295 2008 3350 Patrem

433 3408 488 3454 et
520 3399 715 3454 Filium
747 3413 868 3453 esse
905 3400 1038 3451 duas
1085 3398 1406 3467 bypostases
1450 3393 1674 3446 minime
1707 3400 2010 3461 separatas,

435 3501 490 3550 et
539 3490 803 3560 Spiritum
843 3497 1092 3544 sanctum
1135 3499 1352 3556 quoque
1399 3481 1718 3554 bypostasin
1775 3495 1898 3536 esse
1960 3481 2012 3534 in

434 3581 554 3652 ipso
604 3581 743 3636 Filio
785 3581 1214 3640 subsistentem,
1262 3575 1508 3643 adeoque
1554 3588 1728 3642 neque
1774 3588 1805 3626 a
1848 3572 2010 3638 Filio,

436 3690 611 3745 neque
639 3691 668 3728 a
702 3674 860 3728 Patre
890 3671 1238 3741 disjunctam.
1278 3669 1546 3723 Nimirum
1580 3679 1806 3738 uterque
1842 3668 2012 3738 hypo-

436 3781 657 3830 staseon
684 3765 1088 3821 distinctionem
1134 3764 1184 3816 in
1219 3760 1504 3817 divinitate
1529 3760 1735 3829 pariter
1766 3760 2012 3829 agnovit;

441 3871 668 3929 uterque
713 3859 1034 3912 divisionem
1085 3867 1139 3911 et
1194 3852 1596 3924 separationem
1653 3851 2016 3923 hypostaseon

441 3953 643 4021 pariter
680 3951 917 4021 negavit.
957 3949 1050 4004 His
1094 3963 1222 4003 vero
1252 3946 1610 4002 clarissimam
1654 3945 1830 3998 lucem
1861 3942 2020 3998 aliert

451 4044 590 4099 alter
624 4042 866 4113 Dionysii
907 4040 1256 4096 Alexandrini
1297 4038 1469 4105 locus,
1513 4039 1714 4093 citatus
1763 4051 1793 4090 a
1831 4035 2022 4105 Magno

445 4136 641 4190 Basilio
667 4137 721 4190 in
761 4135 899 4189 libro
925 4133 1000 4187 De
1024 4130 1225 4198 Spiritu
1250 4141 1456 4196 sancto,
1487 4144 1609 4200 cap.
1639 4127 1731 4193 29,
1783 4128 1871 4182 ubi
1901 4127 2024 4180 Dio-

445 4230 662 4300 nysiutn
711 4229 859 4282 illum
911 4225 1116 4280 inducit
1154 4224 1233 4278 sic
1280 4222 1335 4277 itt
1401 4221 1578 4278 media
1630 4235 1725 4275 sua
1773 4219 2026 4288 Apologia

442 4330 632 4376 contra
654 4317 988 4371 Sabellianos
1003 4317 1359 4383 disputantem
1375 4310 1486 4383 (27)
1510 4311 1606 4364 :Ei
1623 4309 1700 4381 τῷ
1715 4312 1862 4381 τρεῖς
1888 4303 2026 4361 εἶναι

443 4413 542 4476 τὰς
575 4411 922 4472 ὑποστάσεις,
975 4405 1388 4480 μεμερισμένας
1433 4398 1574 4456 εἶναι
1606 4401 1848 4471 λέγουσι,
1883 4401 2030 4472 τρεῖς

2099 1930 2212 1983 inec
2244 1926 2432 1981 scribit
2452 1922 2565 1996 (‘29)
2589 1942 2602 1978 :
2623 1923 2734 1992 Τὴν
2757 1920 2867 1990 γὰρ
2887 1919 3183 1988 ἰδιότροπον
3203 1910 3366 1967 αὑτοῦ
3383 1908 3682 1962 ὑπόστασιν

2099 2020 2382 2090 ἐδήλωσεν,
2411 2015 2603 2079 εἰπὼν,
2620 2015 2715 2067 Ἐν
2734 2010 2891 2082 ἀρχῇ
2920 2006 2999 2080 ἦν
3020 2011 3052 2063 ό
3075 2009 3286 2076 Λόγος,
3311 2003 3408 2057 καὶ
3435 2006 3467 2054 ό
3491 2000 3681 2067 Λόγος

2097 2109 2176 2182 ἦν
2194 2110 2342 2180 πρὸς
2363 2110 2469 2163 τὸν
2490 2109 2660 2172 Θεόν,
2685 2125 2703 2158 ι
2727 2106 2777 2160 id
2793 2113 2910 2158 est:
2933 2121 2951 2154 ι
2980 2100 3206 2170 Proprio
3235 2098 3680 2182 modorconstan-

2103 2176 2208 2257 tem
2233 2176 2363 2268 ejus
2395 2197 2560 2268 (Filii)
2603 2193 2935 2267 bypostasim
2979 2184 3327 2258 signiﬁcavit,
3363 2181 3572 2243 dicens,
3609 2176 3676 2230 In

2100 2293 2355 2363 principio
2383 2301 2493 2345 erat
2533 2287 2774 2351 Verbum,
2809 2293 2857 2337 et
2895 2281 3118 2336 Verbum
3151 2287 3260 2332 erat
3291 2277 3437 2343 apud
3458 2271 3680 2324 Deum.»

2105 2386 2194 2454 Et,
2221 2387 2264 2442 si
2299 2383 2494 2454 Magno
2528 2381 2750 2444 Basilio,
2795 2379 2976 2448 potius
3016 2390 3179 2443 qttam
3232 2382 3438 2438 nupero
3469 2363 3688 2454 Jesuitat

2105 2479 2348 2543 Petavio,
2381 2453 2514 2530 ﬁdes
2544 2472 2789 2528 habenda
2819 2471 2912 2535 sit,
2944 2467 3133 2524 eodem
3164 2478 3324 2517 sensu
3357 2453 3686 2512 vocabulum

2107 2571 2508 2630 intellexerunt,
2557 2567 2715 2636 juxta
2752 2561 3032 2630 antiquum
3074 2555 3289 2612 scilicet
3345 2553 3397 2604 in
3445 2546 3689 2604 Ecclesia

2107 2678 2287 2728 usum,
2327 2660 2520 2718 Patres
2553 2657 2781 2719 Niczeni,
2815 2668 2937 2709 cum
2988 2652 3041 2704 in
3075 2645 3328 2720 Symbolo
3374 2641 3692 2696 anathema.

2109 2756 2347 2809 tizarunt
2386 2766 2511 2814 eos,
2544 2749 2635 2820 qui
2678 2748 2922 2802 dicerent
2966 2742 3164 2797 Filium
3211 2753 3332 2794 esse
3384 2734 3444 2798 ἐξ
3496 2733 3692 2804 ἐτέρας

2107 2844 2458 2907 ὑποστάσεως
2505 2841 2539 2912 ἣ
2575 2839 2783 2905 οὑσίας,
2823 2852 2932 2892 rex
2977 2835 3080 2888 alia
3114 2828 3390 2902 bypostasi
3428 2827 3541 2880 sive
3564 2824 3694 2878 sub-

2108 2938 2308 2993 stantia
2344 2955 2364 2989 ι
2404 2949 2568 3005 quam
2598 2932 2798 2987 Patris.
2827 2929 2962 2983 Nam
2987 2924 3221 2980 Basilius
3257 2923 3309 2975 in
3353 2915 3576 2988 epistola
3599 2914 3691 2978 78,

2109 3030 2355 3084 referens
2399 3023 2714 3080 Marcellum
2751 3023 3124 3090 Ancyranum,
3163 3024 3217 3068 et
3259 3012 3398 3066 alios
3430 3008 3692 3079 quosdam

2113 3121 2432 3177 Sabelliante
2462 3117 2702 3171 fautores
2728 3113 2975 3176 haeresis,
3004 3126 3066 3165 ex
3100 3109 3209 3163 illis
3241 3103 3444 3159 Nicaeni
3474 3099 3694 3155 concilii

2111 3215 2288 3270 verbis
2318 3211 2679 3283 patrocinium
2711 3206 3064 3278 quaesivisse;
3099 3199 3285 3254 οὐσίαν
3315 3206 3367 3252 et
3399 3194 3698 3252 ὑπόστασιν

2113 3316 2274 3377 negat
2298 3307 2362 3358 ὲκ
2392 3301 2761 3375 παραλλήλου,
2786 3307 2840 3354 et
2875 3309 3134 3367 tauquam
3163 3295 3302 3348 idem
3325 3288 3700 3360 signiﬁcantes

2115 3414 2279 3454 voces
2312 3413 2343 3451 a
2377 3394 2628 3451 Patribus
2659 3391 2930 3447 adhibitae
2957 3390 3146 3443 fuisse.
3169 3384 3320 3452 Quod
3353 3384 3456 3438 bac
3490 3382 3700 3434 ratione

2115 3489 2305 3559 probat
2335 3507 2348 3542 :
2380 3487 2441 3540 Et
2468 3485 2576 3558 γὰρ
2609 3485 2762 3558 μίαν.
2789 3484 2883 3537 καὶ
2907 3481 3007 3553 τὴν
3045 3480 3211 3549 αὐτὴν
3243 3477 3460 3548 ἐδήλουν
3493 3473 3703 3528 ἔννοιαν

2115 3585 2172 3641 αἱ
2200 3583 2394 3654 φωναὶ,
2421 3580 2504 3644 τίς
2532 3579 2692 3651 χρεία
2713 3573 2781 3648 ἦν
2810 3573 3116 3644 ὲκατέρων;
3135 3566 3477 3637 Ἀλλὰδῆλον
3500 3565 3601 3628 ὅτι,
3627 3562 3704 3623 ὡς

2114 3675 2225 3729 τῶν
2267 3675 2363 3745 μὲν
2387 3673 2734 3745 ἀρνουμένων
2762 3667 2823 3722 τὸ
2855 3670 2920 3720 ὲκ
2944 3666 3044 3737 τῆς
3075 3663 3260 3725 οὐσίας
3296 3658 3434 3715 εἶναι
3461 3656 3553 3710 τοῦ
3588 3656 3706 3709 Πα-

2117 3769 2264 3839 τρὸς,
2294 3766 2404 3819 τῶν
2458 3765 2516 3819 δὲ
2546 3764 2812 3833 λεγόντων
2844 3759 2967 3813 οὔτε
3015 3761 3079 3811 ὲκ
3115 3757 3211 3826 τῆς
3255 3753 3463 3814 οὐσίας,
3502 3748 3617 3803 ἀλλ’
3649 3747 3710 3812 ἐξ

2119 3861 2285 3932 ἄλλης
2317 3860 2462 3922 τινὸς
2503 3856 2854 3917 ὑποστάσεως
2873 3870 2886 3883 ·
2918 3851 3090 3914 οὕτως
3121 3847 3407 3920 ἀμφότερα
3445 3845 3520 3907 ὡς
3554 3841 3710 3895 ἀλλό-

2120 3969 2248 4024 τρια
2285 3949 2377 4006 τοῦ
2417 3945 2869 4018 ὲκκλησιαστικοῦ
2904 3943 3253 4015 φρονήματος
3301 3937 3704 4008 ἀπηγόρευσαν.

2123 4044 2178 4099 ld
2226 4053 2331 4106 est,
2387 4061 2406 4092 ι
2438 4041 2494 4096 Si
2531 4055 2693 4094 unam
2730 4048 2784 4092 et
2821 4038 3067 4091 eamdem
3097 4047 3210 4087 rem
3260 4029 3708 4100 signiﬁcaverunt

2123 4151 2288 4192 voces
2322 4133 2451 4200 illae,
2479 4135 2610 4203 quid
2643 4130 2914 4186 attinebat
2946 4125 3106 4184 simul
3139 4124 3260 4179 illas
3291 4121 3574 4177 adhiberi?
3598 4119 3710 4175 Sed

2125 4230 2470 4300 perspicuum
2527 4235 2634 4288 est,
2673 4239 2739 4280 eo
2781 4222 2924 4292 quod
2964 4220 3054 4274 alii
3111 4225 3374 4288 negarent
3417 4213 3616 4269 Filium
3678 4225 3712 4266 e

2127 4320 2434 4378 substantia
2465 4333 2590 4372 esse
2621 4317 2834 4382 Patris;
2873 4313 2964 4368 alii
2999 4325 3174 4382 neque
3209 4325 3275 4364 ex
3307 4308 3426 4378 ejus
3455 4308 3713 4360 substan-

2133 4412 2228 4476 tia,
2281 4420 2335 4464 et
2387 4424 2452 4463 ex
2493 4408 2602 4462 alia
2651 4408 2873 4476 insuper
2927 4401 3208 4474 hypostasi
3249 4414 3373 4454 esse
3427 4397 3711 4452 dicereut:

444 4506 551 4562 εἰσι
581 4503 684 4557 κᾶν
739 4501 818 4572 μὴ
865 4498 1112 4561 θέλωσιν,
1142 4497 1179 4567 ἢ
1205 4496 1305 4568 τὴν
1335 4493 1486 4548 θείαν
1511 4492 1716 4564 Τριάδα
1751 4491 2007 4549 παντελῶ

2135 4510 2419 4570 utramque
2450 4498 2568 4554 illos
2594 4498 2908 4567 opinionem
2938 4505 3198 4563 tanquam
3230 4492 3463 4545 alienam
3495 4503 3525 4541 a
3551 4501 3717 4541 sensu

445 4595 807 4658 ἀνελέτωσαν,
841 4593 895 4647 id
928 4599 1030 4657 est,
1089 4606 1110 4642 ι
1139 4588 1198 4642 Si
1237 4601 1303 4642 eo
1345 4587 1490 4656 quod
1531 4593 1644 4640 tres
1673 4594 1803 4641 sunt
1834 4599 2026 4654 persoe

399 4759 404 4763 ι
445 4704 548 4754 ttae,
579 4688 780 4742 divisas
823 4698 946 4740 esse
988 4681 1199 4745 dicunt,
1254 4689 1365 4734 tres
1412 4689 1540 4734 sunt
1581 4679 1796 4734 etiamsi
1833 4677 2029 4740 nolint,

334 4803 348 4818 -
445 4793 541 4842 aut
565 4780 804 4835 divinam
837 4776 1162 4832 Trinitatem
1209 4786 1437 4843 prorsus
1468 4786 1500 4826 e
1541 4771 1722 4826 medio
1763 4769 1974 4826 tollant.
2008 4789 2027 4820 ι

447 4875 659 4942 Quibus
689 4888 756 4929 ex
788 4870 967 4926 verbis
994 4877 1182 4938 aperte
1207 4864 1503 4934 colligitur,
1549 4862 1690 4932 apud
1720 4861 2036 4920 Catholicos

450 4966 692 5038 Dionysii
718 4975 877 5019 actate
904 4973 1079 5018 ratum
1110 4969 1165 5017 et
1199 4959 1367 5015 ﬁxum
1396 4955 1527 5013 illud
1556 4953 1749 5019 fuisse,
1779 4963 1892 5007 tres
1914 4966 2034 5008 esse

453 5061 519 5119 in.
541 5058 742 5113 divinis
771 5057 1124 5127 bypostases;
1164 5050 1502 5108 Sabellianos
1532 5061 1663 5102 vero
1700 5061 1765 5100 ex
1819 5045 1906 5099 illa
1938 5045 2035 5115 hy-

453 5151 665 5229 pmhesi
711 5147 971 5218 consequi
1002 5145 1349 5201 existimasse
1400 5151 1511 5196 tres
1553 5153 1676 5196 esse
1717 5138 2037 5212 hypostases

452 5245 692 5306 divisas;
731 5250 916 5311 utpote
965 5239 1055 5309 qui
1099 5247 1210 5293 tres
1241 5235 1528 5296 distinctas
1560 5245 1822 5304 personas
1855 5230 1907 5284 in
1949 5242 2037 5283 es—

452 5335 629 5389 sentia
670 5333 852 5388 divina
895 5331 1100 5398 absque
1147 5327 1416 5383 divisione
1453 5323 1812 5381 subsistentes
1859 5329 2039 5375 mente

454 5445 554 5484 sua
581 5428 870 5499 concipere
899 5423 1277 5495 nequiverunt.
1313 5421 1467 5476 lianc
1493 5429 1672 5476 autem
1696 5432 2037 5485 consequen-

459 5523 588 5576 tiam
624 5522 847 5576 omniuo
877 5518 1127 5588 rejiciunt
1160 5517 1321 5572 ambo
1365 5515 1604 5589 Dionysii
1636 5514 1689 5569 in
1719 5514 1852 5568 locis
1877 5527 2040 5582 supra

455 5612 727 5669 adductis.
779 5611 1097 5682 Pergamus.
1159 5605 1415 5680 Dionysii,
1465 5607 1751 5676 utriusque
1801 5602 2041 5674 aequales

532 5724 646 5795 (27)
675 5724 733 5778 S.
769 5722 951 5777 Basilii
977 5729 1103 5776 tom.
1133 5716 1196 5782 ll,
1233 5734 1287 5790 p.
1318 5718 1445 5786 ⁸558,
1472 5719 1602 5775 edit.
1632 5717 1804 5774 Paris.
1838 5715 1996 5770 1657.

534 5821 646 5890 (‘38)
683 5819 818 5876 Bibl.
853 5815 968 5873 PP.
996 5827 1120 5871 tom.
1150 5814 1235 5870 Kl.

2130 4589 2499 4646 ecclesiastico
2539 4586 2812 4654 reiecisse.
2860 4603 2878 4635 ›
2923 4583 3080 4636 Libet
3115 4596 3243 4635 vero
3283 4579 3374 4634 hic
3403 4577 3582 4632 obiter
3616 4591 3711 4630 ar-

2133 4691 2382 4755 gumenta
2419 4681 2715 4752 pnecipua,
2751 4676 2952 4746 quibus
2986 4676 3128 4730 banc
3162 4673 3233 4726 M.
3285 4671 3468 4726 Basilii
3498 4679 3718 4724 senten-

2138 4776 2266 4831 tiam
2294 4773 2602 4830 convellere
2632 4771 2888 4825 Petavius
2923 4778 3152 4822 conatus
3177 4776 3262 4820 est
3284 4762 3361 4818 De
3378 4762 3596 4826 Trinit.,
3620 4758 3715 4813 lib.

2139 4882 2216 4934 tv,
2255 4881 2377 4936 cap.
2411 4864 2469 4932 2,
2521 4878 2672 4919 num.
2710 4861 2768 4928 6,
2815 4859 3008 4932 paucis
3057 4858 3125 4913 ad
3164 4871 3393 4913 examen
3437 4857 3716 4908 revocare.

2147 4978 2165 5011 ι
2193 4959 2400 5026 Primo,
2461 4958 2662 5027 inquit,
2704 4963 2895 5010 contra
2957 4951 3132 5008 solum
3172 4949 3289 5005 Arii
3318 4953 3512 5019 dagma
3553 4945 3721 5026 Sym-

2141 5049 2248 5105 boli
2283 5023 2579 5103 clausulam
2613 5045 2887 5101 addidisse
2943 5042 3137 5098 Patres
3185 5039 3390 5110 liquido
3435 5023 3671 5092 conStat.
3698 5053 3717 5085 ι

2143 5141 2390 5197 Puteram
2437 5142 2780 5210 interrogare
2837 5137 3147 5197 Petavium,
3204 5133 3348 5188 unde
3407 5131 3459 5184 id
3520 5128 3727 5197 liquido

2143 5233 2393 5289 constet?
2422 5231 2582 5287 Certe
2613 5230 2994 5301 liquidissima.
3023 5235 3264 5288 constat,
3310 5223 3501 5277 Patres
3543 5220 3594 5272 in
3627 5234 3726 5272 suo

2147 5328 2404 5401 Symbolo
2452 5341 2762 5396 quanquam
2808 5325 2922 5378 Arii
2978 5324 3174 5391 dogma
3221 5317 3490 5388 praecipue
3547 5315 3729 5380 impu-

2144 5435 2314 5491 gnare
2347 5418 2700 5480 intenderint,
2744 5417 2976 5473 aliorum
3015 5418 3192 5466 tamen
3243 5410 3480 5464 haereses
3526 5403 3728 5457 alicubi

2149 5512 2538 5583 perstringere.
2581 5509 2674 5565 Sic
2717 5525 2840 5562 cum
2877 5505 3146 5561 deﬁniunt
3187 5515 3283 5571 per
3329 5497 3527 5553 Filium
3587 5494 3727 5547 facta

2148 5603 2316 5658 fuisse
2365 5604 2571 5668 onmia,
2641 5617 2746 5655 non
2783 5599 3038 5660 Arianos,
3081 5593 3281 5663 quippe
3315 5590 3406 5658 qui
3445 5588 3548 5641 hoc
3588 5601 3726 5639 nun-

2223 5713 2340 5786 (29)
2371 5713 2701 5770 Tbeodoret.
2759 5708 2956 5767 Eccles.
2987 5706 3112 5761 hist.
3144 5698 3252 5759 lib.‘
3276 5715 3314 5768 ι,
3341 5713 3468 5768 cap.
3497 5695 3551 5756 4.
