4152 6464
443 399 579 451 Ιιῗοῦ

1873 396 2307 454 EXCERP’I‘UM

3534 402 3675 458 1304

429 531 589 583 quam
632 516 911 586 negari-nt;
961 519 1054 572 sed
1104 518 1407 586 Ebionaaos,
1448 520 1836 585 Artemonitas,
1890 522 1992 577 Sa-
2020 525 2067 579 A
2096 516 2304 571 Selene.
2326 515 2574 582 recitata,
2591 515 2704 570 haec
2723 516 2776 570 in
2796 515 3075 571 linebabet
3101 515 3242 587 :(50)
3261 516 3673 587 Τοὺςδὲλέγον-

433 606 858 672 mosatenianos,
903 616 958 662 et
994 607 1231 676 ejusdem
1269 618 1496 664 monetae
1543 610 1677 666 alios
1708 610 1994 667 haereticos

428 693 651 750 feriunt.
702 696 809 752 Sed
852 708 989 764 esto,
1025 698 1321 754 clausulam
1368 702 1525 753 istam
1580 711 1769 755 contra
1822 701 1995 755 solum

418 784 755 844 Arianorum
779 788 971 859 dogma
1002 806 1029 843 a
1059 788 1307 846 Patribus
1335 791 1569 844 additam
1625 791 1789 847 fuisse
1832 792 1995 865 (quod

427 877 774 933 verissimum
826 894 944 935 esse
988 880 1176 951 puto);
1232 882 1360 951 quid
1431 883 1580 937 ttmi?
1615 884 1861 951 tAriani,
1909 885 1995 938 in-

433 968 549 1036 quit
574 968 851 1033 Petavius,
895 986 1001 1025 non
1036 971 1339 1026 docuerunt
1396 972 1594 1028 Filium
1627 975 1694 1028 ab
1732 975 1834 1028 alia
1869 990 1997 1045 per-

433 1075 564 1114 sona
604 1076 763 1130 quam
800 1060 976 1119 Patris
1014 1064 1274 1131 originem
1327 1066 1575 1119 traxisse.
1599 1084 1617 1118 ι
1656 1066 1995 1136 Respondeo,

435 1165 608 1220 neque
647 1151 900 1205 docuisse
945 1152 1267 1206 Arianorum
1321 1156 1654 1224 quempiam,
1697 1156 1893 1212 Filium
1931 1174 2001 1215 ex

434 1242 537 1297 alia
568 1245 869 1299 substantia
896 1246 1157 1315 originem
1189 1248 1441 1315 traxisse,
1464 1249 1507 1303 si
1536 1250 1705 1319 rigide
1729 1262 1784 1309 et
1812 1263 2001 1309 exacte

435 1334 580 1403 loqui
631 1335 880 1391 velimus.
931 1337 1126 1391 Verum
1170 1348 1227 1391 ut
1262 1353 1451 1393 omnes
1497 1341 1682 1396 Ariani
1737 1353 2004 1413 negarunt

436 1425 632 1481 Filium
679 1441 711 1482 e
740 1427 1039 1482 substantia
1072 1427 1247 1490 Patris
1279 1442 1496 1498 natum;
1530 1433 1600 1487 ita
1633 1433 1848 1501 quidam
1888 1436 2000 1491 ullo

438 1520 597 1576 modo
622 1534 688 1576 ex
716 1521 831 1589 ipso
856 1521 1034 1586 Patre,
1063 1523 1177 1577 sive
1206 1537 1271 1576 es
1302 1524 1578 1594 hypostasi
1603 1523 1781 1580 Patris
1813 1535 2000 1579 natum

440 1612 587 1666 illum
619 1610 785 1667 fuisse
809 1624 1195 1680 pernegarunt.
1225 1612 1445 1669 Scilicet
1486 1618 1601 1669 dua:
1633 1616 1784 1671 fuere
1820 1616 1869 1669 iu
1890 1618 2001 1685 pri-

440 1704 541 1756 mis
574 1704 1027 1757 Ariomanitarum
1051 1704 1291 1759 classes:
1323 1705 1412 1758 alii
1449 1704 1754 1759 fatebantur
1782 1707 2001 1776 quidem

440 1795 633 1849 Filium
664 1811 730 1850 ex
760 1796 873 1865 ipsa
902 1794 1077 1849 Patris
1108 1797 1385 1867 hypostasi
1414 1796 1668 1865 peculiari
1715 1799 1871 1851 modo
1907 1812 2005 1850 na-

442 1896 554 1939 tum
588 1863 793 1949 fuisse,
810 1901 912 1940 non
943 1896 1002 1941 ut
1029 1863 1237 1941 caetera:
1283 1863 1565 1951 creaturae,
1607 1903 1674 1942 ex
1724 1888 1891 1943 nihilo
1921 1888 2001 1941 la-
2035 1863 2079 1923 Β

440 1985 621 2039 etum;
658 1977 751 2031 sed
797 1978 1063 2046 negabant
1105 1988 1282 2031 tamen
1318 1976 1511 2031 Filium
1553 1992 1621 2031 ex
1663 1976 1839 2031 Patris
1875 1980 2004 2033 sub-

441 2067 637 2121 stantia
665 2070 1031 2138 progenitum;
1070 2071 1322 2125 virtutem
1359 2070 1731 2124 tantummodo
1766 2070 2005 2139 aliquam

443 2168 721 2225 paternam
768 2160 915 2212 illum
958 2174 1080 2214 esse
1128 2160 1505 2215 existimantes
1536 2203 1551 2226 ,
1607 2174 1717 2215 non
1773 2170 2010 2230 paterna

442 2252 755 2305 substantia:
788 2251 1116 2322 ἀπόρῤΟιανι
1152 2252 1241 2306 alii
1285 2267 1354 2307 ne
1395 2269 1459 2308 ex
1509 2254 1624 2322 ipso
1656 2251 1816 2308 Patre
1850 2268 2010 2323 pecu-

444 2346 562 2399 liari
607 2346 764 2401 modo
793 2349 1033 2418 genitum
1081 2346 1249 2402 fuisse
1294 2347 1492 2401 Filium
1540 2349 1865 2414 faterentur;
1916 2351 2011 2403 sed

444 2437 599 2504 plane
626 2454 690 2493 ex
725 2455 830 2495 non
861 2441 1243 2497 exsistentibns
1280 2440 1500 2507 factum,
1530 2450 1587 2496 ut
1614 2451 1821 2498 cauerat
1854 2459 2009 2499 crea-

446 2539 597 2593 turae,
625 2530 852 2585 rotunde
883 2531 1319 2600 pronuntiarunt.
1344 2531 1560 2588 Priorcs
1588 2532 1661 2587 illi
1688 2520 2010 2591 Semiariani

444 2620 572 2675 dicti
624 2620 793 2685 fuere,
824 2636 1052 2690 quorum
1096 2623 1423 2677 sententiam
1455 2662 1471 2687 ,
1502 2637 1570 2678 ex
1601 2624 1839 2694 ipsorum
1885 2642 2013 2681 con-

444 2711 683 2766 fessione
707 2713 845 2780 apud
864 2713 1224 2784 Epiphanium
1254 2716 1445 2771 haeres.
1474 2730 1674 2781 tum,
1711 2732 1857 2771 num.
1888 2718 1927 2772 ‘2
1960 2726 2013 2772 et

445 2820 625 2873 srqq.,
667 2806 746 2859 sic
772 2806 958 2875 paucis
987 2807 1189 2875 Optime
1222 2808 1516 2878 explicavit
1545 2808 1672 2863 alibi
1708 2810 1824 2878 ipse
1859 2807 2015 2864 Peta-

446 2897 566 2949 vius
598 2897 680 2951 his
705 2897 880 2953 verbis
908 2916 923 2953 :
956 2915 974 2949 ι
996 2898 1094 2963 lbi,
1139 2899 1315 2968 inquit
1360 2900 1434 2953 De
1468 2897 1660 2953 Trinit.
1704 2901 1797 2956 lib.
1826 2917 1865 2966 ι,
1891 2916 2011 2968 cap.

449 2989 536 3054 l0,
568 3005 712 3043 num.
768 2990 834 3058 7,
876 2991 1041 3045 multa
1085 2992 1353 3046 catholico
1392 2992 1624 3063 dogmati
1654 3008 1812 3062 quam
1844 2994 2010 3047 simil-

450 3082 573 3135 lima
611 3082 910 3150 proferunt.
939 3081 993 3137 ln
1028 3084 1216 3151 primis
1241 3084 1380 3150 quod
1410 3082 1605 3138 Filium
1656 3092 1855 3155 negant
1885 3099 2009 3139 esse

447 3183 775 3240 creaturam,
808 3189 873 3229 eo
899 3174 1043 3243 quod
1072 3189 1231 3230 verus
1260 3175 1330 3230 sit
1353 3176 1523 3229 Filius
1552 3191 1570 3228 :
1599 3190 1661 3231 ac
1689 3190 1817 3231 vera
1848 3190 2003 3245 gene-
2038 3208 2080 3263 ε

447 3264 657 3319 ratione
687 3267 1003 3335 productus,
1048 3281 1155 3319 non
1188 3268 1393 3336 tropica
1425 3268 1535 3331 illa,
1567 3283 1671 3335 qua
1699 3278 1897 3323 creatte
1925 3284 2013 3324 res

447 3372 476 3406 ει
506 3357 612 3410 Deo
634 3358 828 3426 genita:
852 3358 1103 3412 dicuntur
1132 3376 1146 3411 :
1179 3359 1271 3411 sed
1301 3372 1428 3412 vere
1453 3373 1571 3411 esse
1590 3357 1827 3411 Patrem.
1844 3356 2016 3424 Quem

446 3455 502 3499 et
543 3462 609 3500 ex
659 3462 778 3502 sese
818 3449 1069 3517 genuisse
1117 3447 1315 3501 Filium
1372 3449 1631 3513 fatentur,
1682 3449 1842 3519 idque
1888 3462 2017 3504 ante

450 3552 666 3593 onmem
705 3538 1110 3608 cogitationem,
1150 3548 1206 3592 et
1246 3552 1436 3593 omnes
1486 3542 1744 3605 rationes,
1780 3555 1834 3595 et
1884 3552 2018 3594 tem-

448 3644 601 3700 pora,
625 3639 680 3683 et
706 3628 921 3684 szecula.
951 3627 1076 3683 Hrec
1104 3640 1232 3685 sunt
1258 3631 1439 3699 specie
1466 3631 1582 3701 ipsa
1613 3630 1938 3700 plausibilia,
1966 3644 2020 3687 et

451 3722 520 3777 ad
569 3722 888 3777 catholicam
936 3723 1327 3791 professionem
1375 3739 1536 3793 quam
1585 3726 1828 3794 proxime
1866 3742 2021 3782 acce-

451 3812 608 3866 dunt.
637 3812 741 3868 Sed
767 3814 916 3869 deest
949 3822 1130 3870 tamen
1168 3817 1270 3871 hoc
1298 3815 1425 3880 illis,
1458 3816 1512 3871 in
1552 3833 1659 3886 quo
1699 3818 1821 3873 lidei
1857 3818 2022 3873 robur

451 3914 718 3973 caputque
745 3905 1025 3971 consistit,
1071 3910 1214 3975 quod
1257 3908 1450 3963 Filium
1489 3910 1555 3962 ὲκ
1581 3910 1680 3981 τῆς
1711 3909 1899 3973 οὐσίας
1930 3925 2023 3978 ge-

454 3996 624 4051 nitum
665 4012 693 4051 a
736 3996 897 4052 Patre
942 4012 1065 4053 esse
1106 4014 1211 4053 non
1261 4001 1623 4066 conﬁtentur,
1670 4001 1766 4056 sed
1814 4004 1878 4054 ὲκ
1924 4002 2023 4071 τῆς

453 4090 765 4160 ὁμοιότητος
827 4090 919 4143 τοῦ
979 4092 1225 4163 Πατρὸς,
1285 4109 1350 4146 ea:
1411 4095 1757 4148 similitudine
1812 4093 2021 4156 Patris;

454 4194 645 4249 nempe
668 4182 915 4252 ἐνεργείᾳ
938 4186 1253 4253 γεννητικῇ,
1302 4184 1506 4237 actione
1540 4192 1590 4238 et
1628 4184 1902 4253 e/ﬁcientia
1938 4200 2024 4250 ge-

454 4271 630 4325 nitali.
670 4272 947 4343 Siquidem
988 4273 1205 4328 Patrem
1239 4276 1387 4329 aiunt
1420 4276 1601 4330 varias
1648 4275 1889 4329 actiones
1923 4277 2023 4328 ba-

454 4363 605 4427 bere,
638 4379 797 4416 unam
830 4364 1110 4433 κτιστικὴν
1149 4368 1473 4430 creatricem,
1507 4365 1729 4419 alteram
1777 4382 2026 4435 γεννητι-

456 4450 558 4522 κὴν
584 4454 995 4520 generatricem,
1034 4470 1154 4523 quae
1200 4456 1444 4525 producit
1489 4455 1719 4522 Filium,
1763 4466 1874 4510 tum
1923 4470 2025 4510 non

2094 629 2191 673 τας
2214 609 2271 676 ἐξ
2297 609 2397 663 οὐκ
2423 610 2591 663 ὄντων
2628 609 2720 662 τὸν
2755 608 2901 672 Υίὸν,
2931 608 2964 678 ἢ
2997 607 3057 673 ἐξ
3083 608 3273 681 ἐτέρας
3301 610 3669 677 ὑποστάσεως,

2097 704 2191 756 καὶ
2224 702 2297 772 μὴ
2333 703 2396 754 ὲκ
2426 700 2520 753 τοῦ
2546 700 2705 762 Θεοῦ,
2730 698 2869 770 [καὶ]
2902 694 2970 768 ἦν
2997 699 3127 751 ποτὲ
3155 701 3243 752 ὅτε
3271 701 3370 753 οὐκ
3396 696 3482 770 ἧν,
3513 702 3669 754 ἀλλο-

2095 794 2277 866 τρίους
2305 788 2443 846 οἶδεν
2468 793 2503 863 ὴ
2536 789 3124 861 καθολικὴἙκκλησία.
3141 789 3196 844 Μ
3221 801 3326 856 est,
3350 791 3487 846 «Eos
3509 806 3676 862 porro

2097 884 2189 956 qui
2221 884 2405 938 dicunt
2437 882 2631 937 Filium
2666 897 2733 937 ex
2762 896 2867 937 non
2896 882 3301 951 exsistentibus,
3327 883 3443 939 sive
3468 897 3536 939 ex
3564 883 3670 938 alia

2097 974 2397 1046 hypostasi,
2426 983 2480 1028 et
2524 988 2628 1027 non
2669 987 2738 1026 ex
2772 971 2883 1027 Deo
2910 987 3052 1041 esse,
3083 982 3137 1028 et
3179 972 3281 1028 fuit
3314 984 3527 1045 tempus
3564 990 3674 1044 quo

2100 1067 2335 1120 rutundum
2381 1074 2499 1119 erat
2542 1063 2729 1129 Filius,
2760 1063 2968 1118 alienos
3010 1078 3042 1117 a
3073 1078 3135 1119 se
3177 1073 3363 1119 censet
3402 1065 3674 1121 catholica

2099 1152 2360 1206 Ecclesia.
2389 1169 2408 1201 ι
2443 1151 2638 1204 Eadem
2666 1150 2823 1220 plane
2848 1149 3104 1204 exhibent
3130 1149 3415 1208 Confessio
3440 1166 3537 1223 per
3562 1152 3674 1207 Eu-

2104 1240 2345 1306 doxium,
2377 1238 2719 1310 Martyrium,
2765 1250 2821 1295 et
2859 1241 2997 1294 alios
3033 1240 3091 1294 in
3135 1239 3341 1295 Italiam
3390 1243 3578 1311 missa,
3618 1252 3677 1298 et

2101 1331 2385 1387 Confessio
2413 1331 2750 1396 Sirmiensis,
2777 1348 2895 1401 qua:
2922 1334 3058 1404 apud
3090 1333 3448 1388 Athanasium
3476 1334 3672 1387 ibidem

2103 1433 2427 1491 sequuntur.
2480 1424 2641 1479 Vides
2685 1435 2863 1479 autem
2897 1426 3003 1490 hic,
3033 1426 3266 1481 Arianos
3304 1426 3425 1481 illos
3451 1441 3677 1494 negasse

2102 1513 2320 1577 Filium,
2368 1529 2436 1568 ex
2465 1514 2635 1569 nihilo
2681 1526 2949 1580 creatum,
2996 1518 3112 1571 sive
3145 1517 3380 1583 factum;
3418 1527 3471 1571 et
3504 1517 3675 1571 fassas

2104 1601 2270 1656 fuisse
2285 1600 2482 1656 Filium
2501 1601 2561 1669 es,
2584 1603 2933 1666 ὑποστάσεως
2960 1623 2980 1655 ι
3006 1621 3073 1658 ex
3096 1606 3370 1674 hypostasi
3393 1625 3412 1657 ι
3451 1606 3542 1660 Dei
3574 1605 3676 1658 Pa-

2106 1696 2226 1761 tiis,
2249 1694 2362 1749 sive
2388 1708 2454 1748 ex
2486 1695 2603 1761 ipso
2647 1696 2756 1749 Deo
2790 1706 2972 1750 natum
3004 1714 3018 1750 :
3048 1714 3169 1752 cum
3211 1708 3389 1754 tamen
3433 1700 3676 1754 certissi-

2108 1801 2250 1838 mum
2282 1786 2353 1840 sit
2394 1788 2613 1841 eosdem
2660 1787 2942 1843 haereticos
2985 1806 3261 1859 nunquam
3306 1791 3505 1857 lassos,
3550 1808 3677 1847 nun-

2109 1890 2268 1940 quam
2292 1875 2532 1932 fassuros
2556 1878 2721 1933 fuisse
2746 1878 2935 1933 Filium
2951 1879 3010 1946 ἐξ
3025 1881 3211 1945 οὐσίας
3232 1900 3252 1932 ι
3272 1898 3302 1937 e
3326 1883 3626 1937 substantia
3650 1903 3672 1936 ι

2107 1964 2287 2020 Patris
2311 1971 2673 2037 progenitum.
2701 1969 2863 2025 Recte
2888 1972 3067 2041 itaque
3090 1983 3258 2043 atque
3283 1975 3491 2029 erudite
3521 1991 3679 2030 voces

2109 2059 2402 2122 ὑπόστασις
2426 2071 2479 2114 et
2500 2060 2659 2115 οὐσία
2694 2062 2746 2115 in
2774 2062 3028 2132 Symbolo
3060 2065 3277 2119 Nicmno
3302 2066 3551 2121 distinxit
3574 2067 3678 2121 Ba-

2108 2149 2264 2203 silius
2291 2166 2306 2203 :
2338 2158 2543 2204 temere
2590 2166 2719 2203 vero
2767 2167 3010 2221 prorsus,
3065 2155 3495 2209 observationem
3532 2157 3676 2211 illam

2110 2240 2290 2309 magni
2322 2240 2563 2295 doctoris
2592 2242 2797 2310 carpsit
2828 2240 3031 2296 Jesuita
3062 2244 3337 2299 Petavius.
3371 2246 3523 2311 Quod
3554 2261 3681 2301 vero

2110 2329 2175 2382 ad
2207 2329 2391 2385 Basilii
2421 2332 2708 2396 rationem,
2732 2348 2946 2400 nempe,
2981 2332 3170 2389 Patres
3204 2334 3448 2391 Nicaenos
3486 2338 3539 2390 in
3570 2349 3677 2391 tam

2110 2422 2256 2477 brevi
2298 2421 2572 2503 Symbolo,
2605 2428 2739 2479 duas
2776 2426 2906 2479 istas
2950 2441 3112 2481 voces
3135 2428 3296 2481 simul
3335 2429 3677 2483 adhibituros

2110 2530 2215 2568 non
2264 2515 2449 2581 fuisse,
2488 2518 2533 2572 si
2583 2519 2771 2572 eadem
2819 2528 2959 2574 esset
3010 2520 3291 2575 ambarum
3330 2521 3679 2592 significatio,

2109 2610 2689 2677 rcspondetPetavius;
2716 2612 2766 2664 id
2790 2611 2948 2666 facile
2973 2612 3254 2667 refellitur.
3289 2633 3309 2665 ε
3357 2616 3435 2678 Si,
3482 2613 3678 2683 inquit,

2110 2695 2296 2751 Basilii
2334 2701 2438 2753 ista
2494 2701 2634 2754 ratio
2688 2702 2915 2767 valeret,
2961 2717 3027 2757 ne
3069 2703 3197 2756 illud
3231 2703 3448 2772 quidem
3498 2716 3682 2772 repre-

2115 2792 2391 2847 hensionis
2441 2808 2638 2861 expers
2678 2792 2840 2858 foret,
2888 2795 3030 2864 quod
3073 2795 3123 2848 in
3164 2797 3351 2849 eodem
3403 2796 3685 2866 Symbolo,

2112 2898 2232 2936 cum
2260 2882 2449 2937 Patres
2477 2885 2763 2951 dixissent,
2797 2886 3057 2941 damnare
3099 2902 3158 2939 se
3206 2886 3344 2950 illos,
3375 2888 3469 2956 qui
3516 2887 3685 2941 fuisse

2113 2974 2402 3042 aliquando
2432 2984 2707 3043 putarent,
2737 2976 2949 3044 quando
2979 2992 3083 3029 non
3130 2984 3249 3031 erat
3276 2976 3465 3041 Filius,
3494 2978 3681 3032 statim

2114 3064 2165 3118 id
2208 3064 2524 3131 subjiciunt,
2572 3067 2713 3134 quod
2767 3068 2905 3121 idem
2955 3068 3244 3137 significat,
3293 3078 3349 3123 et
3394 3078 3686 3138 antequam

2115 3165 2449 3221 nasceretur,
2482 3171 2587 3209 non
2631 3167 2792 3211 erat:
2820 3172 3029 3210 necnon
3082 3159 3206 3227 quia
3254 3174 3321 3212 ex
3364 3158 3525 3213 nullis
3551 3160 3681 3214 sub—

2115 3248 2383 3303 stantibus
2410 3248 2583 3304 factus
2632 3260 2735 3303 est.
2768 3267 2788 3300 ι
2823 3249 2928 3304 Sed
2974 3265 3107 3319 nego
3154 3252 3313 3304 verba
3365 3252 3451 3305 illa
3498 3263 3689 3307 «ante.

2116 3355 2277 3409 quam
2309 3351 2639 3405 nasceretur,
2665 3355 2772 3395 non
2803 3350 2943 3404 erat,
2967 3358 2985 3391 ι
3038 3340 3177 3394 idem
3210 3356 3430 3408 prorsus
3476 3341 3681 3411 signiﬁ-

2117 3442 2266 3493 care,
2297 3430 2437 3499 quod
2472 3431 2673 3499 priora,
2731 3449 2750 3481 ι
2778 3440 2895 3485 erat
2918 3433 3135 3499 quando
3180 3447 3284 3485 non
3328 3442 3465 3485 erat.
3492 3449 3512 3483 ι
3551 3430 3684 3484 Nam

2118 3524 2264 3592 prior
2306 3524 2569 3578 sententia
2609 3522 2731 3577 Filii
2768 3524 3101 3578 exsistentite
3150 3523 3359 3577 initium
3407 3522 3687 3577 indefinite

2122 3614 2339 3678 tribuit;
2384 3613 2553 3667 altera
2585 3625 2837 3681 punctum
2873 3616 3067 3684 ipsum,
3096 3625 3153 3667 ut
3196 3616 3268 3669 ita
3302 3615 3498 3679 dicam,
3544 3614 3681 3667 initii

2120 3704 2263 3758 illius
2283 3705 2550 3773 designat.
2575 3704 2832 3773 Equidem
2857 3720 3049 3760 sensus
3079 3706 3130 3759 in
3160 3705 3339 3759 verbis
3376 3704 3690 3772 posteriori-

2121 3796 2221 3849 bus
2248 3795 2398 3861 latet,
2426 3796 2520 3864 qui
2565 3796 2729 3849 etiam
2758 3795 2961 3850 Petavii
3000 3811 3223 3851 acumen
3270 3795 3435 3865 fugit;
3465 3794 3688 3863 quinam

2123 3902 2252 3940 vero
2282 3888 2370 3941 ille
2397 3888 2488 3952 sit,
2520 3886 2658 3941 infra
2714 3889 3065 3942 commodiori
3108 3889 3224 3943 loco
3259 3888 3377 3942 fuse
3408 3888 3693 3957 explicabi-

2124 3995 2265 4033 mus.
2316 3979 2501 4048 Neque
2546 3994 2733 4034 verum
2772 3990 2855 4034 est
2890 3982 2941 4033 in
2988 3982 3169 4035 verbis
3212 3980 3690 4050 consequentibus,

2129 4072 2295 4140 «quia
2354 4084 2421 4125 ex
2472 4071 2633 4125 nullis
2679 4070 3050 4125 substantibus
3091 4070 3265 4127 factus
3310 4080 3457 4135 est,»
3502 4085 3695 4126 rursus

2127 4161 2265 4214 idem
2302 4161 2457 4229 plane
2498 4163 2690 4231 repeti.
2717 4162 2851 4215 Nam
2881 4178 2946 4217 ex
2982 4177 3143 4230 grege
3186 4162 3511 4217 Arianorum
3539 4161 3694 4217 fuere

2126 4253 2369 4307 nomtulli
2413 4254 2553 4321 (ipso
2594 4254 2812 4308 Petavio
2835 4254 2963 4306 alibi
2992 4254 3042 4307 id
3070 4253 3315 4323 notante)
3346 4268 3478 4322 quos
3506 4263 3691 4322 postea

2125 4344 2516 4415 Psathyrianos
2541 4345 2838 4415 appellatos
2870 4344 3040 4398 fuisse
3083 4346 3271 4400 scribit
3316 4346 3370 4398 in
3416 4361 3470 4399 ιν
3495 4344 3586 4399 lib.
3616 4344 3695 4399 De

2129 4440 2315 4493 lateres.
2345 4438 2738 4503 Thcodoretus,
2782 4438 2873 4508 qui
2904 4448 2962 4492 ut
2992 4439 3208 4492 Patrem
3234 4438 3512 4492 exstitisse
3552 4452 3696 4490 sem-

458 4545 705 4599 eamdem
732 4547 921 4599 οὐσίαν
950 4550 1001 4603 in
1034 4560 1264 4618 utroque
1300 4565 1419 4606 esse
1449 4559 1716 4613 statuunt,
1747 4553 1841 4605 sed
1888 4550 2015 4605 duas

2131 4547 2244 4601 per,
2276 4530 2350 4584 ita
2392 4528 2585 4583 Filium
2613 4543 2827 4597 semper
2868 4529 2935 4581 ab
2967 4543 3033 4582 eo
3058 4539 3300 4582 creatum
3335 4526 3503 4581 fuisse
3547 4526 3695 4580 dice-

456 4633 602 4689 inter
630 4650 690 4690 se
715 4637 939 4693 similes.
962 4658 979 4691 ι
1010 4639 1304 4711 Utramque
1336 4640 1518 4711 itaque
1552 4641 1841 4696 factionem
1868 4641 2025 4694 Aria-

457 4740 653 4779 norum
673 4724 1076 4785 leriuntPatres
1098 4730 1299 4785 Nieaani
1328 4733 1381 4784 in
1413 4732 1593 4786 Verbis
1620 4732 1746 4798 illis,
1776 4732 1832 4798 ἐξ
1854 4731 2021 4803 ἄλλης

459 4816 829 4881 ὑποστάσεως,
861 4818 894 4889 ἦ
932 4820 1147 4884 οὐσίας·
1185 4836 1376 4890 nempe
1406 4832 1515 4875 tum
1541 4822 1677 4887 illos,
1710 4824 1802 4892 qui
1830 4824 2024 4878 Filiur

459 4923 523 4963 ex
558 4925 786 4977 persona
824 4911 997 4966 Patris
1022 4914 1138 4967 sive
1162 4927 1230 4965 ex
1262 4914 1377 4982 ipso
1408 4912 1570 4967 Patre
1603 4914 1711 4967 ullo
1737 4914 1897 4968 modo
1929 4928 2025 4966 na-

461 5011 573 5055 tum
597 5001 763 5057 fuisse
787 5006 1075 5073 negabant,
1104 5016 1156 5059 et
1194 5021 1259 5060 ex
1297 5005 1463 5059 nihilo
1503 5004 1702 5059 factum
1726 5006 2021 5060 dicebant:

461 5104 574 5147 tum
598 5094 760 5148 etiam
789 5110 903 5160 eos,
955 5097 1046 5165 qui
1097 5096 1292 5151 Filium
1339 5112 1404 5151 ex
1438 5098 1551 5165 ipso
1581 5096 1739 5151 Patre
1771 5099 2026 5167 peculiari

460 5184 619 5238 modo
649 5195 829 5238 natum
875 5202 995 5240 cum
1024 5186 1349 5254 faterentur;
1402 5198 1577 5241 tamen
1619 5186 1677 5252 se
1714 5187 1904 5251 οὐσίας
1939 5206 1961 5239 s
1998 5203 2029 5241 e

461 5276 764 5348 substantia
803 5295 821 5327 ι
852 5275 1029 5332 Patris
1060 5279 1427 5348 progenitum,
1485 5292 1551 5331 ac
1600 5278 1826 5345 proinde
1879 5278 2025 5331 Patri

463 5342 743 5434 ὁὶιοούσιον
774 5359 1155 5440 pertiegabant.
1200 5368 1270 5424 Ut
1317 5385 1427 5423 rem
1472 5382 1623 5423 extra
1653 5374 1865 5424 omnem
1900 5386 2030 5425 con-

467 5459 739 5511 troversia:
783 5460 957 5513 aleam
1008 5476 1225 5530 ponam,
1266 5461 1534 5516 confessio
1565 5462 1888 5515 Arianorum
1936 5476 2032 5529 per

466 5546 676 5611 Narin),
720 5550 1059 5606 Theodorum
1094 5564 1147 5605 et
1187 5553 1423 5608 Marcum
1466 5554 1749 5609 Constanti
1807 5554 2034 5622 impera-

472 5643 570 5694 tori
602 5645 797 5710 oblata,
824 5647 890 5700 ab
934 5648 1232 5702 Athanasio
1279 5649 1374 5702 lib.
1428 5648 1501 5702 De
1542 5649 1743 5717 synodo
1768 5649 1933 5705 Arim.
1981 5659 2027 5700 et

539 5760 803 5831 (50)_\[ide
836 5763 1095 5816 Albanas.
1123 5774 1250 5816 tom.
1278 5764 1317 5827 l,
1354 5780 1407 5831 p.
1435 5763 1555 5818 895.

2127 4632 2288 4676 rent:
2318 4620 2452 4674 nihil
2494 4620 2635 4673 enim
2689 4620 2830 4689 apud
2870 4619 3034 4672 Deum
3088 4619 3231 4671 aliud
3274 4632 3394 4672 esse
3434 4617 3694 4685 gignere,

2127 4730 2288 4785 quam
2315 4728 2521 4768 creare.
2550 4712 2642 4767 Isti
2673 4729 2776 4767 non
2803 4713 3055 4766 dixerunt
3074 4709 3243 4765 fuisse
3282 4710 3502 4779 quando
3527 4709 3699 4763 Filius

2126 4823 2232 4861 non
2279 4816 2394 4861 erat
2428 4825 2440 4861 :
2470 4806 2720 4860 dixerunt
2746 4814 2924 4859 tamen
2946 4803 3139 4857 Filium
3178 4817 3244 4857 ex
3285 4816 3392 4858 non
3420 4803 3695 4857 exsisten-

2126 4899 2268 4953 tibus
2293 4899 2511 4951 factum.

2201 5011 2467 5067 Cmterum
2503 5013 2664 5067 etiam
2698 5010 2945 5066 Gelasius
2974 5010 3270 5081 Cyaicenus
3305 5010 3360 5064 in
3385 5010 3531 5065 actis
3564 5022 3697 5065 con-

2132 5103 2244 5158 cilii
2278 5102 2479 5157 Nicami
2511 5113 2649 5173 part.
2695 5119 2754 5167 ιι,
2784 5118 2906 5173 cap.
2937 5103 3005 5156 i2
3030 5118 3094 5157 ex
3125 5104 3288 5156 totius
3318 5101 3509 5172 synodi
3549 5116 3702 5155 man-

2134 5196 2259 5248 dato
2292 5210 2355 5248 ac
2400 5195 2618 5249 decreto
2664 5197 3071 5264 respondentem
3122 5193 3341 5248 llosium
3376 5194 3598 5257 inducit,
3635 5207 3700 5247 ac

2135 5284 2338 5355 Τριάδα
2384 5286 2731 5339 ὑποστάσεων
2780 5285 3157 5355 praedicantem
3188 5302 3204 5338 :
3234 5284 3378 5353 quod
3423 5294 3478 5337 et
3520 5294 3703 5353 postea

2137 5392 2229 5445 per
2265 5378 2548 5432 Leontium
2600 5380 2912 5448 episcopum
2968 5380 3155 5433 Patres
3196 5378 3522 5447 proﬁtentur
3569 5377 3699 5428 ibid.

2138 5485 2254 5537 cap.
2290 5470 2379 5522 ‘21.
2416 5468 2886 5526 HincAnastasius
2919 5471 3126 5525 Sinaita
3159 5472 3209 5524 in
3245 5468 3445 5537 'Odﬁr.
3474 5467 3699 5536 cap.9.l,

2137 5562 2354 5627 srripsit
2370 5561 2614 5617 Nicanos
2645 5563 2834 5618 Patres
2857 5563 3131 5617 dellniisse
3147 5563 3295 5632 τρεῖς
3311 5555 3701 5613 εἷναιὺποστά-

2137 5666 2269 5712 σεις,
2294 5652 2412 5720 ἢτοι
2437 5653 2701 5723 πρόσωπα
2728 5653 2820 5707 ἐπὶ
2855 5654 2952 5723 τῆς
2979 5653 3139 5720 ἁγίας
3165 5651 3258 5707 καὶ
3284 5648 3568 5721 ὁμοουσίου
3587 5646 3713 5723 (5'),

544 5832 654 5894 (51)
694 5829 903 5898 Bullus,
936 5834 1009 5885 De
1036 5832 1163 5887 Filii
1194 5833 1271 5898 τῷ
1309 5829 1617 5899 ctu-trram),
1649 5850 1767 5900 cap.
1796 5834 2030 5899 2,1nutn.
2053 5834 2087 5890 Ξ
2112 5842 2163 5890 et
2187 5848 2337 5903 sum.
