4152 6456
399 403 535 458 Ιότῖὅ

1371 408 1376 414 ‘
1417 397 1509 450 EX
1550 396 1612 451 G.
1655 396 1852 450 BULLI
1892 396 2043 452 DEF.
2088 395 2265 450 FIDEI
2301 395 2627 452 NICJENIE.

3502 393 3638 447 13οε

395 518 643 590 Τριάδος,
680 516 858 580 idest,
899 534 917 567 ι
941 514 1079 568 Tres
1114 528 1233 568 esse
1261 513 1600 583 bypostases.
1639 515 1752 568 sive
1785 529 1969 575 perso-
1999 523 2042 576 Α
2071 512 2248 566 cabali
2282 527 2436 566 nsum
2479 519 2535 566 et
2577 508 3030 578 significationem
3064 509 3424 562 retinuerunt.
3464 508 3641 574 Quem

393 626 492 666 nas
519 610 570 662 in
607 616 793 662 sancta
827 615 881 658 et
911 603 1350 660 ronsnbstantiali
1384 603 1672 656 Trinitate.
1697 622 1714 654 ι
1761 602 1960 656 llnrum

395 699 771 755 auctoritatem
806 695 1134 763 contempsit
1186 693 1461 756 Petavius,
1516 693 1584 746 iis
1638 695 1849 748 scilicet
1875 710 1966 748 ar-

393 788 666 862 gumentis
697 787 888 849 fretus,
927 785 1122 853 quibus
1155 800 1214 838 se
1241 785 1423 838 Basilii
1458 785 1780 838 sententiam
1817 784 1964 839 refu-

393 888 539 935 tasse
572 879 771 935 frustra
799 877 1080 948 gloriatur.
1118 876 1276 932 Certe
1317 877 1582 930 Eusebius
1615 876 1964 932 Caesariensis

392 971 508 1046 (qui
537 971 744 1042 synodo
776 969 1006 1025 Nicaeam
1037 967 1301 1031 interfuit,
1338 982 1553 1038 quoque
1586 983 1742 1023 nemo
1772 969 1965 1024 melius

389 1065 676 1135 antiquum
714 1061 864 1116 vocis
909 1059 1261 1122 ὑποστάσεως
1307 1059 1357 1112 in
1406 1057 1640 1114 Ecclesia
1680 1075 1836 1113 usum
1876 1060 1965 1114 in-

391 1156 620 1227 tellexit)
644 1156 696 1209 in
723 1153 920 1209 litteris
962 1155 1076 1207 suis
1107 1155 1173 1208 ad
1206 1149 1542 1208 Eustathium
1569 1151 1962 1206 Antiochenam

391 1247 681 1318 (referente
706 1247 929 1302 Socrate
958 1245 1163 1304 Eccles.
1196 1246 1322 1300 hist.
1351 1245 1444 1301 lib.
1479 1261 1519 1308 t.
1555 1260 1675 1314 cap.
1708 1245 1800 1314 εδ)
1832 1260 1965 1299 con-

388 1341 562 1397 fessus
593 1348 670 1394 est
702 1338 1059 1393 ὲνυπόστατόν
1110 1355 1168 1390 τε
1208 1337 1303 1391 καὶ
1329 1338 1696 1408 ἐνυπάρχοντα
1725 1337 1814 1390 τὸν
1834 1336 1963 1390 Υἰὸν

387 1429 526 1487 εῖναι
555 1431 651 1485 τοῦ
694 1430 849 1491 Θεοῦ,
880 1431 975 1484 ἕνα
1019 1448 1078 1483 τε
1131 1429 1262 1482 Θεὸν
1305 1430 1362 1482 ὲν
1398 1431 1575 1500 τρισὶν
1603 1430 1962 1482 ὑποστάσεσιν

387 1521 544 1587 εἶναι,
585 1524 635 1578 id
656 1534 758 1588 est,
790 1542 808 1574 ι
833 1523 1026 1577 Filium
1068 1521 1157 1575 Dei
1197 1522 1464 1588 propriam
1517 1521 1848 1591 bypostasim
1907 1531 1961 1574 et

385 1613 789 1669 subsistentiam
828 1613 1050 1675 habere,
1095 1609 1376 1679 Deumque
1417 1611 1470 1662 in
1506 1611 1676 1664 tribus
1707 1609 1962 1680 byposta-

384 1704 536 1759 sibus
564 1720 726 1756 unum
760 1718 903 1758 esse.
929 1721 947 1753 ι
979 1705 1155 1766 Atque
1189 1703 1292 1755 hoc
1323 1715 1486 1754 sensu
1520 1700 1636 1753 sine
1663 1698 1960 1754 oﬂeosione

385 1796 631 1864 usurpari
669 1804 1069 1864 perseverasset
1092 1794 1173 1863 (ut
1201 1792 1462 1862 arbitror)
1491 1807 1594 1846 vox
1637 1793 1954 1856 ὑπόστασις.

2065 620 2218 656 nsmn
2249 618 2343 656 sua
2388 602 2602 656 tandem
2631 601 2960 656 auctoritate
2981 600 3327 654 conﬁrmavit
3351 599 3667 668 concilium

2063 693 2711 760 Constantinopolitannm
2738 693 2968 759 primum
2999 692 3051 744 in
3088 691 3250 757 epist.
3279 691 3467 760 synod.
3499 690 3643 758 apud

2065 783 2459 841 Theodoretum
2500 783 2696 838 Ercles.
2730 785 2856 839 hist.
2886 784 2980 838 lib.
3015 798 3068 849 ν,
3095 783 3231 850 lcap.
3270 783 3324 836 9.
3370 781 3638 835 Ceterum

2062 877 2247 930 Ariani
2276 877 2490 930 tandem
2528 875 2690 930 etiam
2720 889 2904 928 vocem
2941 873 3311 937 ὑποστάσεως,
3359 888 3463 925 una
3510 887 3634 925 cum

2061 967 2248 1033 οὐσίας
2290 966 2568 1030 vocabulo,
2600 982 2632 1021 e
2674 965 2932 1036 symbolis
2977 964 3090 1020 suis
3129 963 3484 1032 abjiciendam
3529 963 3635 1016 de-

2061 1076 2302 1117 crevere.
2334 1061 2472 1114 Nam
2500 1059 2553 1116 in
2576 1059 2916 1114 confessione
2936 1055 3404 1126 Constantinopoli
3421 1055 3628 1123 scripta

2061 1151 2132 1208 ab
2155 1151 2372 1216 Acacio,
2404 1149 2643 1205 Eudoxio
2665 1147 2914 1216 aliisque,
2938 1146 3029 1216 qui
3052 1143 3418 1200 Seleuciensis
3437 1140 3634 1215 synodi

2061 1245 2280 1299 decreto
2340 1242 2607 1308 damnati,
2671 1242 2737 1295 ad
2803 1240 3179 1309 imperatorem
3233 1236 3635 1306 confugerunt,

2060 1352 2227 1406 prope
2257 1338 2413 1389 linem
2441 1335 2519 1388 sic
2534 1333 2794 1388 deﬂninnt
2813 1351 2826 1384 :
2844 1330 2954 1405 (53)
2974 1331 3048 1384 Τὸ
3062 1331 3116 1384 δὲ
3137 1328 3418 1401 ὑνοματῆς
3429 1327 3644 1394 οὐσίας,

2059 1432 2196 1501 ὅπερ
2223 1427 2588 1499 ἁπλούστερον
2621 1428 2729 1482 ἀπὸ
2757 1428 2866 1480 τῶν
2897 1426 3154 1497 Πατέρων
3189 1425 3369 1495 ἐτέθη.
3404 1421 3634 1492 ἀγνοού-

2064 1539 2221 1591 μενον
2244 1520 2303 1574 δὲ
2330 1523 2443 1583 τοῖς
2475 1521 2643 1582 λαοῖς,
2677 1517 2972 1572 σκάνδαλον
3007 1517 3190 1587 ἔφερε,
3233 1515 3366 1568 διότι
3401 1513 3532 1584 μηδὲ
3577 1513 3636 1567 αἱ

2059 1614 2271 1685 Γραφαὶ
2289 1614 2446 1667 τοῦτο
2458 1613 2818 1682 περιέχουσιν,
2835 1611 2996 1683 ἤρεσε
3018 1627 3083 1662 πε
3093 1608 3445 1680 ριαιρεθῆναι.
3458 1609 3570 1658 -αΚ
3581 1605 3641 1659 αὶ

2057 1707 2166 1779 γ’ὰρ
2198 1706 2319 1760 οὑδὲ
2350 1706 2553 1774 ὀφείλει
2594 1705 2889 1766 ὑπόστασις
2931 1704 3059 1774 περὶ
3107 1702 3321 1772 Πατρδς
3354 1701 3447 1754 καὶ
3476 1699 3631 1763 Υἱοῦ,

2059 1801 2152 1854 καὶ
2179 1799 2334 1867 ἁγίου
2360 1798 2672 1868 Πνεύματος
2703 1795 3086 1867 ὀνομάζεσθαι·
3114 1795 3298 1866 ὅμοιον
3321 1794 3378 1848 δὲ
3405 1794 3638 1862 λέγομεν

385 1888 487 1942 nisi
533 1887 717 1941 Ariani
750 1887 922 1954 ipsam
965 1884 1116 1938 abusi
1166 1883 1396 1938 fuissent
1442 1882 1506 1936 ad
1556 1884 1951 1952 propagandam

2059 1890 2130 1960 τῷ
2161 1889 2337 1961 Πατρὶ
2367 1890 2460 1943 τὸν
2493 1889 2643 1942 Υἱόν.
2678 1887 2730 1942 Id
2773 1897 2877 1949 est,
2914 1905 2933 1938 ι
2966 1886 3168 1941 Nomen
3198 1901 3358 1955 porro
3387 1885 3642 1937 substan-

382 1978 632 2034 baeresim
681 1993 857 2042 suam,
893 1992 992 2046 pro
1031 1986 1224 2029 natura
1261 1990 1324 2030 ac
1377 1975 1676 2029 substantia
1708 1974 1760 2026 in
1793 1988 1956 2044 gene-

383 2070 569 2125 raliori
603 2068 1000 2133 significatione
1033 2068 1382 2137 accipientes.
1437 2081 1501 2122 ac
1549 2067 1804 2121 docentes
1847 2065 1954 2119 Pa—

384 2172 522 2216 trem
558 2169 615 2216 et
645 2160 839 2216 Filium
882 2160 1014 2214 duas
1046 2176 1166 2215 esse
1212 2161 1551 2232 bypostases,
1583 2159 1687 2213 hoc
1721 2169 1824 2224 est,
1855 2174 1954 2210 na-

383 2261 534 2306 turas
571 2267 635 2307 ac
667 2251 997 2306 substantias
1030 2251 1295 2318 diversas,
1328 2266 1357 2304 a
1390 2265 1451 2304 se
1491 2250 1722 2305 invicem
1755 2250 1958 2304 discre-

381 2353 596 2413 pantes.
623 2344 898 2400 Adversus
930 2345 1032 2399 hos
1059 2344 1202 2398 enim
1237 2343 1489 2398 catholici
1519 2343 1768 2398 doctores
1809 2342 1956 2396 amr-

381 2443 603 2489 mantnt
635 2435 686 2488 in
718 2433 952 2488 concilio
986 2433 1319 2499 Sardiccnsi,
1365 2431 1540 2486 Patris
1567 2439 1623 2484 et
1664 2431 1784 2485 Filii
1827 2431 1957 2500 μίαν

381 2540 502 2580 esse
534 2525 852 2579 ὑπόστασιν.
882 2525 1048 2594 Digna
1074 2535 1222 2589 sunt,
1248 2540 1366 2592 qua:
1395 2541 1424 2577 a
1451 2525 1609 2578 nobis
1634 2505 1958 2578 bicidescri-

381 2617 579 2670 bantur
606 2615 823 2670 Patrum
870 2617 1270 2672 Sardicensium
1305 2616 1462 2670 verba
1499 2617 1601 2670 hac
1639 2616 1707 2670 de
1739 2630 1797 2668 re
1843 2614 1956 2685 (52)

383 2706 435 2760 in
464 2707 690 2776 epistola
723 2722 818 2762 sua
854 2709 1111 2777 synodica
1143 2709 1279 2776 apud
1311 2707 1709 2761 Tbeodoretnm
1753 2706 1953 2760 Eccles.

382 2797 524 2851 Hist.
558 2799 648 2851 lib.
681 2813 736 2858 tt.
773 2815 894 2866 cap.
927 2799 999 2852 8:
1032 2798 1105 2850 Τὸ
1129 2798 1235 2850 τῶν
1268 2796 1558 2868 αἰρετικῶν
1585 2796 1836 2868 σύστημα
1868 2815 1958 2864 φι-

379 2889 601 2949 λονικεῖ,
636 2891 926 2962 διαφόρους
963 2886 1098 2944 εἶναι
1123 2891 1222 2954 τὰς
1269 2889 1594 2953 ὑποστάσεις
1625 2889 1716 2943 τοῦ
1747 2889 1960 2960 Πατρὸς

379 2981 596 3037 καὶτοῦ
643 2982 772 3035 Υίοῦ
814 2983 906 3036 καὶ
953 2982 1048 3036 τοῦ
1101 2982 1257 3050 ἁγίου
1296 2980 1633 3051 Πνεύματος,
1682 2982 1778 3034 καὶ
1821 2976 1958 3034 εῖναι

379 3073 821 3144 κεχωρισμένας·
867 3075 1029 3145 ἡμεῖς
1073 3072 1131 3126 δὲ
1171 3073 1374 3145 ταύτην
1419 3073 1832 3144 παρειλήφαμεν
1865 3071 1958 3125 καὶ

378 3163 754 3234 δεδιδάγμεθα,
793 3164 889 3218 καὶ
933 3164 1138 3235 ταύτην
1179 3164 1372 3235 ἔχομεν
1415 3163 1512 3236 τὴν
1543 3163 1834 3235 καθολικὴν
1865 3163 1961 3218 καὶ

377 3253 739 3324 ἁποστολικὴν
788 3255 1085 3325 παράδοσιν
1134 3257 1228 3308 καὶ
1279 3255 1465 3309 πίστιν
1506 3256 1600 3309 καὶ
1650 3254 1959 3325 ὁμολογίαν,

381 3346 508 3416 μίαν
542 3342 679 3399 εἶναι
733 3347 1050 3408 ὑπόστασιν,
1082 3347 1148 3416 ἣν
1195 3347 1348 3400 αὐτοὶ
1390 3350 1438 3401 οἱ
1484 3347 1749 3419 αἰρετικοὶ
1773 3347 1961 3401 οὐσίαν

379 3437 862 3510 προσαγορεύουσι,
875 3437 969 3491 τοῦ
989 3439 1199 3509 [ἰατρὸς
1209 3439 1302 3493 καὶ
1323 3439 1416 3492 τοῦ
1430 3439 1562 3492 Υἱοῦ
1578 3439 1780 3492 καὶτοῦ
1803 3438 1960 3507 ἁγίου

379 3531 716 3602 Πνεύματος.
749 3531 801 3584 Id
829 3539 930 3594 est,
953 3549 971 3582 ι
1001 3531 1385 3584 Haereticorum
1423 3531 1584 3586 factio
1611 3531 1963 3600 pertinaciter

378 3630 671 3685 asseverat,
702 3620 876 3674 Patris
909 3635 972 3672 ac
1001 3618 1122 3672 Filii
1166 3629 1215 3672 et
1247 3619 1480 3687 Spiritus
1506 3620 1676 3673 sancti
1713 3620 1956 3672 diversas

377 3724 498 3762 esse
522 3709 865 3780 hypostases,
904 3724 934 3761 a
969 3723 1029 3763 se
1061 3709 1290 3762 invicem
1347 3716 1646 3776 separatas.
1673 3707 1783 3762 Nos
1823 3722 1950 3762 vero

378 3800 521 3856 banc
559 3815 589 3855 a
621 3801 915 3870 majoribus
947 3800 1253 3870 accepimus
1287 3815 1349 3854 ac
1381 3800 1689 3863 didicimus,
1726 3809 1781 3853 et
1815 3800 1957 3855 hanc

381 3903 626 3950 tenemus
671 3895 994 3950 catholicam
1035 3903 1198 3962 atque
1230 3892 1576 3962 apostolicam
1612 3892 1956 3946 traditionem

377 3996 433 4042 et
466 3987 623 4040 fidem
668 4002 730 4041 ac
781 3987 1190 4056 professionem,
1233 4001 1395 4039 unam
1431 3997 1551 4039 esse
1595 3983 1950 4055 bypostasim,

378 4092 537 4144 quam
569 4078 668 4146 ipsi
703 4077 942 4131 hzeretici
973 4075 1332 4131 substantiam
1363 4072 1658 4144 appellant,
1691 4073 1862 4128 Patris
1893 4087 1956 4127 ac

376 4169 501 4224 Filii
532 4178 585 4224 et
618 4169 856 4240 Spiritus
883 4169 1081 4225 sancti.
1105 4187 1124 4220 ι
1163 4166 1261 4222 Hic
1289 4166 1478 4222 Patres
1507 4165 1710 4221 diserte
1738 4179 1954 4220 monent

377 4275 436 4315 se
451 4259 687 4322 Patrem,
709 4259 904 4315 Filium
928 4270 979 4315 et
1001 4258 1262 4326 Spiritum
1284 4268 1530 4314 Sanctum
1565 4257 1693 4329 μίαν
1715 4257 1954 4311 ὑπόστα-

380 4369 466 4405 σιν
509 4353 710 4406 dixisse
753 4367 820 4406 eo
857 4360 1062 4406 tantum
1109 4367 1292 4418 sensu,
1328 4365 1436 4420 quo
1479 4350 1720 4406 haeretici
1767 4362 1954 4405 vocem

378 4445 674 4498 ὑπόστασιν
705 4459 802 4513 pro
822 4443 979 4516 οὐσίᾳ
1010 4452 1334 4511 acceperunt
1359 4462 1373 4496 :
1400 4443 1766 4512 significantes
1793 4443 1953 4496 nimi-

378 4553 498 4590 rum
540 4551 599 4590 se
638 4535 798 4590 alium
832 4536 948 4604 ejus
985 4535 1229 4589 vocabuli
1270 4549 1521 4595 .sensnm,
1575 4534 1714 4603 apud
1745 4545 1954 4589 veteres

378 4627 635 4682 Ecclesiae
685 4628 933 4682 doctores
982 4627 1276 4681 catholicos
1322 4635 1596 4694 receptum
1657 4627 1879 4697 (quippe
1924 4640 1952 4679 a

379 4721 574 4788 quibus
598 4727 918 4788 usurpatum
947 4718 1112 4772 fuerit
1133 4732 1228 4785 pro
1257 4731 1486 4786 persona
1514 4716 1630 4770 sive
1651 4716 1954 4771 subsisten-

380 4812 478 4880 tia)
541 4826 646 4866 non
693 4811 989 4878 ignorasse,
1041 4825 1272 4878 eumque
1319 4807 1565 4862 labentes
1609 4808 1954 4877 amplexuros

379 4901 568 4968 fuisse,
601 4916 665 4956 ac
692 4901 952 4966 fassuros,
986 4899 1139 4969 juxta
1188 4901 1344 4954 istam
1381 4900 1530 4954 vocis
1558 4899 1952 4968 acceptionem,

381 5002 494 5048 tres
521 5007 642 5049 esse
673 4993 725 5047 in
769 4993 1050 5047 divinitate
1092 5006 1356 5062 personas
1389 4992 1504 5047 sive
1547 4992 1950 5047 subsistentias.

381 5086 519 5145 Hinc
557 5094 735 5140 tamen
772 5095 959 5139 natum
991 5083 1156 5140 fuisse
1198 5093 1412 5138 constat
1445 5083 1597 5138 triste
1629 5082 1754 5138 illud
1789 5083 1955 5138 disci-

378 5180 548 5242 dium,
573 5178 717 5246 quod
747 5175 1091 5246 postmodum
1117 5175 1354 5230 Orientis
1378 5175 1620 5244 adeoque
1641 5172 1952 5230 Occidentis

379 5269 654 5324 Eeclesias
685 5268 940 5330 turbavit,
981 5269 1046 5322 de
1083 5282 1185 5321 una
1221 5268 1336 5322 sive
1375 5266 1542 5320 tribus
1571 5265 1953 5338 hypostasibus

380 5363 577 5416 divinis
613 5381 626 5416 :
660 5361 784 5416 dum
839 5359 1048 5414 scilicet
1106 5359 1197 5412 alii
1251 5375 1372 5414 cum
1423 5359 1674 5413 Patribns
1728 5361 1944 5414 concilii

381 5452 717 5508 Sardicensis
766 5451 913 5522 loqui
957 5460 1238 5514 amarunt;
1283 5451 1374 5505 alii
1435 5466 1560 5506 vero
1600 5461 1836 5506 veterem
1860 5467 1953 5504 vo-

449 5655 561 5725 {5‘3)
591 5653 655 5709 In
678 5654 898 5721 epistola
926 5670 1023 5725 suo
1064 5652 1322 5725 synodico
1347 5653 1491 5725 apud
1526 5652 1926 5725 Theodoretam.

380 5726 484 5778 Sen
521 5722 697 5792 potius
721 5725 773 5776 in
804 5723 1111 5793 Appendice
1153 5724 1218 5774 ad
1241 5722 1520 5793 epistolam
1546 5738 1573 5774 a
1608 5722 1929 5793 quibusdam

381 5795 612 5860 adjecta,
634 5792 1136 5862 reliquisepiscopis
1162 5792 1597 5845 reclamantibus.
1621 5792 1751 5862 Vide
1773 5792 1934 5862 Alba-

381 5859 497 5920 nas.
525 5867 683 5936 epist.
711 5859 964 5939 synodica
991 5859 1467 5920 adAntiocbenscs
1491 5877 1612 5932 pag.
1639 5861 1761 5928 576,
1799 5859 1910 5918 edit

2063 1983 2170 2041 tite.
2197 1981 2340 2050 quod
2367 1980 2665 2048 simplicius
2691 1994 2720 2031 a
2756 1977 3004 2032 Patribus
3029 1976 3254 2037 editum.
3286 1983 3341 2028 et
3383 1974 3637 2044 ignotum

2060 2074 2293 2144 populis,
2325 2070 2639 2126 scandalum
2685 2069 2873 2133 aﬂ‘ert;
2919 2066 3179 2137 quoniam
3207 2065 3256 2118 in
3302 2061 3642 2118 sacrislitte-

2062 2169 2136 2221 ris
2182 2181 2289 2219 non
2338 2165 2666 2227 continetur,
2713 2161 2918 2232 placuit
2959 2161 3025 2216 de
3069 2159 3246 2214 medio
3294 2153 3639 2211 tolli.——lmo

2062 2274 2128 2312 lle
2149 2257 2443 2320 ὑπόστασις
2464 2254 2679 2325 quidem
2702 2254 2766 2308 de
2785 2252 2968 2316 Patre,
2985 2251 3123 2306 Filio
3148 2260 3203 2306 et
3223 2249 3427 2318 Spiritu
3452 2254 3640 2303 sancto

2064 2346 2329 2401 nominari
2367 2345 2549 2400 debet.
2582 2341 2824 2397 Similem
2867 2350 3045 2396 autem
3085 2339 3314 2395 dicimus
3364 2336 3510 2392 Patri
3550 2337 3640 2391 Fi-

2063 2440 2215 2496 lium.
2250 2459 2269 2490 ›
2298 2446 2404 2494 etc.
2430 2435 2548 2502 Quo
2571 2434 2788 2489 decreto
2809 2431 2994 2487 Ariani
3019 2430 3093 2486 illi
3125 2432 3333 2500 priores
3365 2443 3493 2484 suas
3516 2442 3643 2482 con-

2063 2520 2347 2593 fessiones,
2389 2529 2441 2582 in
2479 2528 2677 2597 quibus
2718 2527 2992 2588 dixerant,
3026 2521 3226 2578 Filium
3265 2520 3474 2575 etiamsi
3518 2534 3627 2574 non

2061 2627 2120 2692 ἐξ
2141 2627 2348 2689 οὐσίας,
2376 2635 2552 2679 tamen
2579 2622 2640 2688 ἐξ
2671 2621 3022 2685 ὑποστάσεως
3053 2621 3146 2676 Dei
3182 2619 3360 2674 Patris
3400 2618 3640 2689 genitum

2062 2735 2202 2782 esse,
2229 2719 2449 2772 omnino
2478 2716 2840 2772 resciderunt.

2131 2808 2188 2862 2°
2217 2807 2500 2863 Prtemissa
2553 2807 2656 2861 hac
2705 2804 2995 2859 admodum
3048 2803 3276 2872 prolixa,
3325 2816 3501 2870 neque
3548 2810 3634 2854 ta»

2061 2917 2183 2957 meo
2225 2900 2344 2955 utili
2382 2901 2580 2964 minus,
2615 2897 2997 2953 dissertatione
3037 2895 3274 2967 generali
3304 2894 3373 2948 de
3399 2894 3635 2962 [antiquo

2060 3008 2158 3048 usu
2196 2991 2564 3048 ecclesiastico
2612 3005 2803 3046 vocum
2848 2989 3010 3043 οὑσία
3042 2996 3099 3041 et
3141 2986 3440 3049 ὑπόστασις
3468 3001 3480 3014 ·
3508 2994 3630 3038 tan-

2062 3084 2184 3139 dem
2223 3084 2290 3138 ad
2329 3082 2620 3152 Origenem
2685 3080 2868 3134 redeo.
2913 3077 3137 3135 Certum
3183 3086 3268 3132 est
3317 3076 3639 3131 vocabulum

2063 3177 2360 3241 ὑπόστασις
2393 3175 2534 3246 apud
2563 3176 2738 3243 ipsum
2771 3173 2854 3227 vel
2885 3188 2986 3243 pro
3017 3171 3368 3227 subsistentia
3409 3171 3492 3226 vel
3541 3185 3640 3239 pro

2063 3286 2120 3326 re
2149 3267 2411 3338 singulari
2461 3276 2517 3322 et
2573 3265 2873 3327 individua,
2918 3279 3014 3334 per
3041 3279 3102 3320 se
3133 3263 3479 3329 subsistente,
3521 3276 3641 3331 quae

2062 3365 2118 3419 in
2151 3365 2215 3419 iis
2237 3379 2357 3433 quae
2386 3359 2665 3417 intellectu
2695 3358 2920 3427 praedita
2951 3367 3098 3422 sunt,
3122 3356 3266 3410 idem
3297 3364 3380 3409 est
3405 3368 3470 3408 ac
3495 3352 3639 3422 quod

2063 3470 2350 3525 personam
2393 3454 2556 3508 hodie
2619 3452 2869 3516 dicimus,
2942 3449 3139 3518 passim
3193 3446 3466 3516 usurpari.
3528 3443 3640 3497 lmo

2063 3561 2168 3599 non
2209 3542 2439 3598 memini
2476 3555 2561 3596 me
2600 3541 2812 3610 uspiam
2863 3553 3049 3594 vocem
3083 3537 3239 3591 aliter
3270 3538 3336 3591 ab
3374 3537 3513 3604 ipso,
3546 3534 3635 3588 ubi

2061 3635 2131 3688 de
2155 3633 2436 3688 Trinitate
2479 3631 2742 3699 loquitur,
2785 3637 3060 3698 acceptam
3109 3625 3322 3696 legisse.
3371 3625 3524 3681 Unde
3560 3626 3639 3678 vir

2060 3740 2288 3797 magnus
2328 3723 2481 3792 Hugo
2513 3722 2734 3780 Grotius
2786 3721 2842 3776 in
2889 3719 3041 3775 Notis
3093 3720 3162 3772 ad
3215 3716 3377 3772 Joan.
3431 3733 3550 3783 cap.
3593 3734 3634 3780 ι,
3718 3771 3724 3779 ,

2061 3832 2203 3874 vers.
2225 3815 2284 3883 2,
2311 3825 2365 3870 et
2398 3813 2571 3883 Epist.
2602 3816 2671 3867 ad
2705 3810 2974 3876 Hebrwos,
3007 3825 3124 3879 cap.
3155 3824 3196 3874 ι,
3227 3824 3372 3865 vers.
3406 3807 3462 3872 5,
3498 3806 3639 3861 allir-

2059 3917 2175 3962 mat
2211 3922 2332 3960 eam
2363 3907 2512 3961 vocis
2534 3903 2892 3966 ὑποστάσεως
2917 3900 3370 3972 signiﬁcationem
3414 3898 3482 3953 ab
3511 3898 3638 3953 Ori-

2056 4011 2193 4066 gene
2222 3995 2457 4066 primum
2488 3991 2651 4063 (quod
2682 4001 2861 4046 tamen
2930 4004 3116 4044 verum
3165 4003 3287 4044 esse
3330 4003 3436 4042 non
3483 3987 3644 4057 puto)

2064 4104 2130 4142 ex
2157 4085 2452 4142 Platonicis
2503 4084 2558 4138 in
2606 4082 2860 4138 Ecclesiae
2893 4095 3049 4136 nsum
3083 4081 3380 4135 traductam
3429 4079 3620 4137 fuisse.

2054 4179 2138 4233 Ad
2187 4177 2364 4232 locum
2407 4176 2476 4231 ab
2523 4174 2720 4229 Huetio
2769 4181 3013 4227 notatum
3055 4169 3200 4241 quod
3251 4169 3468 4234 attinet,
3501 4168 3646 4223 nihil

2056 4267 2398 4326 manifestius
2441 4280 2602 4334 quam
2651 4264 2940 4334 Origenem
2991 4260 3066 4316 ibi
3114 4259 3384 4316 afﬁrmare
3418 4258 3635 4313 Patrem

2053 4369 2111 4415 et
2147 4359 2340 4416 Filium
2363 4357 2500 4412 duos
2523 4372 2647 4412 esse
2668 4357 2736 4428 τῇ
2764 4351 3063 4408 ὑποστάσει
3095 4352 3286 4409 eodem
3313 4366 3498 4414 sensu,
3522 4365 3646 4420 quo.

2055 4451 2318 4518 haeretici,
2367 4464 2503 4520 quos
2551 4448 2748 4503 ibidem
2811 4445 3164 4518 perstringit,
3219 4444 3270 4499 id
3341 4452 3644 4513 negarunt,

2058 4541 2289 4610 Quinam
2339 4553 2470 4594 vero
2513 4539 2660 4594 isti?
2706 4537 2902 4592 Procul
2946 4536 3113 4591 dubio
3157 4533 3400 4589 Noetiani
3430 4544 3486 4588 et
3515 4533 3642 4599 alii,‘

2057 4633 2150 4702 qtti
2178 4632 2343 4686 Deum
2387 4644 2506 4684 esse
2541 4627 2964 4700 μονοπρόσωπον
3015 4625 3345 4691 docuerunt,
3395 4640 3460 4678 ac
3503 4634 3632 4679 tanqu

2056 4732 2172 4780 tum
2220 4721 2347 4793 μίαν
2395 4719 2716 4784 ὑπόστασιν,
2767 4720 2870 4774 hoc
2909 4728 3018 4779 est,
3062 4732 3349 4786 personam
3381 4733 3540 4770 uuam
3575 4717 3642 4780 in.

2057 4815 2341 4870 divinitate
2365 4821 2723 4879 agnoverunt.
2781 4809 2932 4877 Quod
2971 4825 3098 4864 vero
3137 4820 3395 4879 pra:terea
3426 4809 3617 4874 objicit

2057 4906 2283 4962 Huetius
2310 4904 2614 4975 Origenian.
2649 4903 2741 4957 lib.
2771 4918 2831 4966 tt,
2860 4913 3054 4970 quaest.
3083 4901 3135 4962 2,
3165 4916 3314 4954 num.
3346 4900 3400 4966 5,
3427 4915 3477 4968 p.
3502 4900 3640 4966 116,

2056 4997 2368 5068 Origenem,
2396 5012 2518 5051 cum
2552 5011 2716 5049 unum
2759 5009 2882 5048 esse
2928 4993 3218 5048 concordia
3263 5000 3318 5048 et
3356 5007 3629 5046 consensu

2055 5089 2254 5144 dixerit
2283 5088 2502 5144 Patrem
2561 5096 2617 5142 et
2651 5086 2870 5151 Filium,
2901 5086 3062 5140 aliam
3093 5098 3308 5139 omnem
3346 5083 3516 5138 videri
3545 5098 3627 5136 re-

2056 5182 2273 5250 spuisse
2299 5181 2561 5236 unitatem
2585 5223 2601 5244 ,
2646 5179 2696 5234 id
2720 5193 2852 5232 sane
2896 5179 3030 5233 levis
3059 5185 3143 5232 est
3178 5177 3455 5231 momenti.
3493 5175 3627 5229 Nam

2054 5271 2146 5340 qui
2192 5279 2397 5327 tantum
2428 5273 2689 5326 unitatem
2729 5285 3023 5324 consensus
3051 5269 3190 5324 inter
3212 5267 3430 5323 Patrem
3460 5277 3513 5322 et
3537 5267 3627 5322 Fi-

2053 5362 2208 5427 lium,
2239 5363 2420 5433 aliquo
2461 5365 2514 5418 in
2571 5362 2691 5419 loco
2734 5362 3009 5432 esprimit,
3048 5377 3154 5415 non
3197 5362 3379 5414 statim
3419 5361 3464 5414 is
3495 5375 3626 5413 cen-

2056 5455 2259 5511 sendus
2288 5464 2388 5523 est,
2422 5471 2637 5512 omnem
2678 5455 2836 5509 aliam
2895 5458 3154 5509 unitatent
3211 5469 3432 5522 prorsus
3466 5453 3629 5522 igno-t

2037 5652 2209 5707 Paris.
2240 5654 2482 5710 BULLUS.

2041 5724 2224 5848 wgf);
2254 5726 2688 5864 A'pngoathanas.
2717 5723 2795 5781 De
2819 5726 3006 5798 synod.
3044 5723 3269 5784 Arimin.
3324 5733 3371 5778 ct
3418 5721 3629 5783 Selene.
