4152 6406
505 352 642 411 1507

1933 373 2157 430 EXCEB
2167 376 2354 435 PTUM

3636 394 3773 450 1508

505 483 676 576 rasse.
707 472 911 576 Otii-tale
937 475 1196 576 Origeuis
1241 485 1516 576 sexcentis
1568 486 1693 544 aliis
1733 488 1786 543 io
1827 490 1960 547 locis
1986 492 2090 547 Pa-
2120 502 2166 556 Δ
2195 496 2349 552 Nocti
2378 501 2584 566 schola,
2610 503 2700 570 qui
2734 504 2970 570 dicebat,
2993 504 3250 576 Spiritum
3275 518 3521 564 sanctum
3546 527 3576 565 a
3609 513 3768 569 Patre

506 572 644 615 trem
669 574 723 618 et
747 563 941 622 Filium
971 571 1314 639 όμοουσίους,
1343 575 1388 630 si
1426 591 1540 632 rem
1565 594 1686 647 qua:
1717 596 1848 637 voce
1878 584 2084 656 signiﬁ-

504 663 683 718 catur,
721 667 960 725 spectes,
997 664 1246 731 agnovit;
1279 667 1478 738 saepius
1522 671 1690 724 etiam
1736 672 1789 726 in
1816 675 2087 742 terminis,

506 754 567 798 ut
611 745 927 817 loquuntur,
983 753 1046 806 τὸ
1089 755 1378 826 ὁμοούσιον
1411 759 1694 816 confessus
1737 773 1839 830 est,
1886 766 2090 822 citaute

509 837 793 911 Pamphilo
823 856 1062 917 martyre
1086 889 1102 912 ,
1153 859 1210 905 et
1255 861 1551 909 attestaute
1591 855 1808 913 Ruﬁno.
1843 857 1987 914 Idem
2022 861 2090 916 de

506 929 833 1001 Novatiano,
875 937 990 993 sive
1051 951 1280 998 auctore
1322 943 1446 1000 libri
1502 946 1576 1002 De
1634 951 1892 1006 Trinitate
1946 953 2090 1009 inter

505 1037 671 1091 opera
701 1025 1049 1098 Tertulliani,
1080 1048 1240 1102 quem
1263 1036 1334 1090 ob
1365 1037 1599 1093 similem
1637 1040 1965 1098 locutionem
1992 1060 2090 1100 no-

506 1122 587 1168 tat
613 1113 844 1172 Huetius
874 1121 1074 1178 ibidem
1103 1139 1214 1194 quo
1241 1141 1426 1197 supra,
1467 1144 1567 1185 suo
1615 1131 1734 1188 loco
1788 1133 2090 1192 luculenter

503 1209 809 1266 ostendam.
839 1209 1012 1267 Porro
1035 1212 1307 1286 Origenes
1335 1229 1482 1275 torno
1526 1224 1704 1292 primo
1742 1227 1798 1279 in
1825 1225 2088 1284 Joannem

503 1295 573 1352 de
601 1299 1017 1371 Valentiniauis,
1054 1307 1410 1381 ejusdemque
1438 1313 1626 1369 farina!
1661 1317 1785 1372 aliis
1816 1319 2088 1378 haereticis

504 1389 739 1483 locutus,
791 1396 862 1449 ait
899 1413 1047 1452 num.
1102 1399 1192 1463 25,
1239 1418 1358 1472 pag.
1405 1405 1498 1470 25,
1527 1406 1598 1460 26
1630 1427 1640 1460 :
1669 1409 1922 1480 Χρῶνται
1963 1411 2078 1483 τῷ·

516 1481 910 1551 Ὲξηρεύξατο
940 1491 979 1557 ἡ
1011 1491 1223 1558 καρδία
1242 1511 1362 1562 μου
1376 1499 1564 1566 λόγον
1584 1500 1827 1569 ἀγαθὸν,
1851 1481 2087 1573 οἰόμενοι

505 1576 786 1646 προφορὰν
845 1582 1136 1651 πατρικὴν,
1175 1585 1340 1636 οἱονεὶ
1392 1589 1449 1639 ὲν
1490 1589 1781 1654 συλλαϐαῖς
1827 1593 2086 1664 κειμένην

503 1659 641 1718 εἶναι
688 1667 778 1720 τὸν
817 1670 943 1723 Υἱόν
965 1673 1057 1725 τοῦ
1092 1673 1248 1738 Θεοῦ,
1291 1679 1387 1728 καὶ
1417 1680 1556 1734 κατὰ
1577 1682 1736 1735 τοῦτο
1767 1685 2083 1750 ὑπόστασιν,

501 1759 676 1830 αὐτῷ,
697 1764 745 1814 εί
775 1765 1022 1836 ἀκριϐῶς
1057 1771 1237 1824 αὐτῶν
1283 1772 1707 1843 πυνθανοίμεθα,
1736 1777 1797 1829 οὐ
1827 1776 2082 1844 διδόασιν,

504 1851 618 1905 οὐδ’
656 1854 842 1909 οὐσίαν
881 1859 1044 1912 αὐτοῦ
1080 1864 1488 1934 σαφηνίζουσιν.
1539 1865 1591 1919 Id
1629 1876 1741 1935 est,
1795 1886 1813 1919 ι
1853 1843 2089 1924 Utuntur
2117 1843 2162 1898 Β

505 1943 654 1999 dicto
688 1945 796 2014 illo,
826 1949 1096 2006 Eructauit
1144 1971 1235 2009 cor
1294 1974 1467 2012 meum
1513 1961 1720 2014 verbum
1779 1963 1970 2016 bonum
1997 1965 2084 2018 “:

507 2037 889 2095 existimantes
958 2042 1153 2098 Filium
1224 2047 1317 2102 Dei
1377 2059 1655 2120 paternam
1727 2053 2082 2122 prolationem

505 2141 648 2192 esse,
680 2139 936 2200 tauquam
969 2135 1020 2188 iu
1063 2137 1294 2205 syllabis
1317 2143 1552 2208 positam
1581 2162 1595 2196 :
1649 2146 1789 2199 unde
1829 2147 2087 2217 hyposta-

505 2223 589 2277 sin
635 2225 732 2286 illi.
775 2228 818 2280 si
863 2241 1121 2285 accurate
1167 2233 1314 2300 ipsos
1363 2234 1777 2306 interrogemus,
1827 2254 1930 2292 non
1976 2241 2088 2293 tri-

509 2311 699 2375 buunt,
731 2331 907 2385 neque
932 2318 1294 2375 substantiam
1325 2324 1446 2393 ejus
1470 2327 1782 2394 explanant.
1822 2348 1840 2380 ι
1879 2328 1974 2382 Hic
2007 2330 2082 2384 fa-

508 2409 650 2457 tetur
677 2405 903 2462 lluetitts
933 2409 1129 2465 ibidem
1161 2429 1268 2480 quo
1297 2430 1483 2480 supra,
1523 2415 1828 2485 Origeniun.
1871 2436 1922 2490 p.
1957 2421 2083 2488 116,

508 2493 811 2550 ὑπόστασιν
843 2499 912 2551 ab
940 2499 1099 2571 οὐσίᾳ
1123 2502 1383 2572 distingui
1416 2505 1632 2573 quidem
1662 2524 1676 2571 ;
1713 2510 1805 2563 sed
1837 2511 1935 2576 ait,
1975 2527 2082 2566 non

506 2587 646 2640 sumi
694 2602 793 2656 pro
839 2606 1085 2656 persona,
1131 2595 1226 2648 sed
1274 2597 1640 2656 subsistentia.
1689 2597 1886 2656 Verum
1944 2604 2084 2672 apud

508 2688 759 2746 veteres,
801 2683 891 2737 ubi
917 2683 987 2738 de
1015 2683 1284 2742 Trinitate
1321 2687 1639 2758 loquuntur,
1691 2693 1842 2762 quid,
1875 2710 2081 2763 quaeso,

509 2767 688 2825 diﬂ‘ert
746 2787 976 2841 persona
1022 2790 1052 2830 a
1095 2777 1441 2834 subsistentia
1483 2780 1508 2834 ?
1561 2780 1822 2836 Nimirum
1876 2785 1972 2848 illi,
2026 2794 2084 2839 ut

507 2872 660 2915 recte
697 2863 1006 2919 observavit
1038 2867 1292 2925 Petavius
1331 2869 1407 2925 De
1437 2873 1652 2940 Trinit.,
1681 2876 1772 2930 lib.
1807 2891 1880 2938 tv,
1917 2893 1964 2931 e.
2018 2879 2084 2942 5,

506 2967 652 3004 nutu.
685 2953 740 3018 6,
777 2971 796 3005 ι
823 2957 1228 3013 subsistentiam
1273 2977 1295 3012 s
1343 2975 1440 3029 pro
1467 2975 1754 3030 concreto,
1784 2967 1927 3035 quod
1967 2967 2074 3022 dici

505 3044 662 3104 solet,
699 3049 916 3100 nomine
941 3059 1311 3116 sumpserunt,
1353 3062 1409 3107 et
1440 3068 1561 3108 cum
1604 3071 1832 3122 persona
1881 3058 2077 3114 confu-

2191 601 2248 645 et
2292 590 2431 646 Filio
2468 593 2774 650 nullatenus
2819 596 3056 664 dili'crre,
3103 602 3197 654 sed
3244 601 3305 654 τὸ
3341 602 3474 656 αὐτὸ
3502 598 3642 658 εἶναι
3688 604 3769 679 τῷ

2191 684 2392 756 Πατρί,
2428 701 2701 756 r-prorsus
2727 687 2867 742 idem
2903 704 3020 743 esse
3043 692 3187 759 quod
3233 691 3410 760 Pater,
3441 714 3460 747 ο
3496 695 3769 753 referente

2193 775 2392 830 ibidem
2430 777 2548 848 ipso
2582 776 2833 848 Origene.
2865 779 3140 836 Adversus
3170 782 3314 836 hunc
3336 785 3582 840 ostendit
3606 802 3672 841 eo
3707 787 3765 842 in

2191 862 2311 918 loco
2351 863 2639 931 Origenes,
2677 867 2822 936 quod
2855 868 2976 923 sine
3019 873 3392 927 controversia
3435 873 3630 930 Matth.
3663 892 3764 944 xu,

2195 953 2595 1020 32,distiuctio
2642 959 2953 1013 declaretur
3003 959 3240 1029 Spiritus
3289 966 3463 1020 sancti
3513 981 3543 1019 a
3583 967 3760 1035 Filio;

2193 1046 2432 1118 indeque
2461 1048 2740 1103 concludit
2774 1049 3038 1119 Spiritum
3087 1063 3336 1109 sanctum
3387 1067 3444 1111 ut
3477 1066 3533 1111 et
3566 1057 3766 1116 Filium

2189 1139 2378 1206 etiam,
2410 1155 2439 1195 a
2472 1140 2634 1196 Patre
2657 1156 2886 1212 persona
2921 1144 3157 1200 differre.
3204 1145 3338 1200 Tum
3375 1149 3669 1220 subjnugit,
3709 1160 3769 1208 et

2191 1244 2272 1294 se,
2299 1239 2354 1286 et
2377 1233 2519 1288 alios
2547 1233 2861 1289 Catholicos
2906 1235 3151 1300 credere,
3192 1235 3430 1303 Patrem,
3475 1239 3674 1295 Filium
3709 1251 3768 1298 et

2197 1321 2461 1392 Spiritum
2507 1336 2758 1380 sanctum
2809 1343 2931 1383 esse
2991 1331 3139 1399 τρεῖς
3185 1329 3536 1396 ὑποστάσεις,
3590 1351 3610 1385 ι
3653 1343 3766 1392 tres

2189 1415 2590 1472 Subsistentias.
2624 1436 2642 1469 ι
2686 1417 2950 1473 Nimirum
2980 1421 3276 1485 ὑπόστασις
3303 1425 3444 1493 apud
3475 1424 3764 1495 Origenem

2190 1509 2301 1562 fere
2327 1519 2639 1563 constanter
2663 1511 2932 1580 signiﬁcat
2965 1514 3077 1566 sive
3105 1515 3508 1569 subsistentiam
3540 1516 3592 1570 in
3633 1517 3763 1573 abs-

2190 1613 2384 1667 tracto,
2436 1605 2549 1660 sive
2599 1620 2711 1658 rem
2765 1607 3094 1675 singularem
3127 1618 3182 1661 et
3215 1608 3543 1663 individuam
3574 1624 3671 1678 per
3705 1625 3767 1666 se

2190 1693 2592 1756 subsistentem,
2641 1712 2760 1765 quze
2808 1697 2994 1763 inriis,
3045 1713 3165 1765 quae
3209 1700 3320 1752 vita
3377 1711 3431 1755 et
3485 1701 3765 1756 intellectu

2190 1786 2425 1854 gaudent
2477 1786 2557 1856 (ιιι
2586 1789 2783 1857 εειιμίιιε
2810 1787 2964 1858 dixi),
3005 1789 3146 1842 idem
3182 1803 3266 1844 est
3309 1793 3452 1860 quod
3497 1807 3752 1860 persona.

2192 1876 2297 1930 Sed
2358 1893 2616 1947 quorsum
2669 1881 2817 1935 hisce
2878 1881 3131 1936 lectorem
3189 1885 3503 1954 ambagibus
3548 1885 3764 1940 detine-

2191 1969 2350 2023 ιιιυεῖ
2383 1969 2569 2024 Exstat
2611 1971 2759 2025 locus
2785 1973 2836 2026 iu
2873 1973 3079 2029 Grzecis
3123 1974 3376 2044 Origenis
3413 1976 3766 2032 Commenta—

2187 2059 2284 2114 riis
2324 2061 2391 2114 ab
2417 2061 2532 2129 ipso
2577 2062 2772 2116 lluetio
2801 2064 2986 2129 editis,
3037 2065 3129 2134 qui
3175 2077 3416 2120 nostram
3450 2067 3770 2135 Origeniani

2186 2167 2380 2207 sensus
2461 2155 2960 2225 interpretationem
3047 2158 3388 2228 apertissime
3452 2159 3766 2216 conﬁrmet.

2187 2241 2320 2296 Nam
2354 2252 2497 2298 tomo
2522 2260 2552 2297 ι
2599 2245 2648 2297 in
2673 2243 2952 2306 Joannem.
2985 2261 3130 2299 num.
3162 2245 3253 2308 2|,
3286 2262 3406 2316 pag.
3435 2247 3560 2311 199,
3595 2261 3768 2317 quos-

2187 2336 2307 2389 dam
2334 2344 2484 2389 notat
2513 2335 2773 2406 Origenes
2806 2337 3023 2406 (nempe
3084 2352 3149 2390 ex
3200 2336 3500 2406 Noetianis)
3526 2379 3541 2401 ,
3568 2339 3658 2408 qui
3693 2355 3766 2394 ex

2188 2426 2322 2482 locis
2356 2426 2651 2496 Scriptura:
2684 2428 3005 2496 quibusdam
3037 2429 3175 2482 male
3224 2430 3510 2484 intellectis
3549 2431 3764 2484 ostendi

2186 2519 2590 2580 existimarunt,
2627 2519 2700 2589 μὴ
2735 2520 3014 2591 διαφέρειν
3042 2520 3120 2590 τῷ
3147 2519 3366 2591 ἀριθμῷ
3389 2521 3481 2573 τὸν
3517 2520 3640 2573 my
3669 2519 3765 2573 τοῦ

2186 2610 2419 2682 Πατρὸς,
2471 2611 2585 2664 ἀλλ’
2627 2609 2706 2675 ἓν,
2733 2611 2793 2664 οὐ
2830 2611 2989 2682 μόνον
3030 2612 3208 2682 οὐσίᾳ,
3245 2611 3379 2664 ἀλλὰ
3417 2612 3513 2664 καὶ
3546 2612 3769 2664 ὑποκει-

2189 2701 2335 2772 μένῳ
2371 2704 2735 2773 τυγχάνοντας
2777 2702 3138 2772 ἀμφοτέρους,
3171 2700 3312 2756 κατά
3335 2719 3487 2764 τινας
3521 2702 3768 2764 ἐπινοίας

2185 2793 2497 2866 διαφόρους,
2532 2795 2592 2848 οὐ
2637 2794 2754 2848 κατ’
2787 2794 3083 2848 ὑπόστασιν
3121 2795 3374 2862 λέγεσθαι
3423 2795 3648 2865 Πατέρα
3673 2795 3767 2849 τὸν

2200 2885 2349 2938 Υίόν·
2387 2887 2576 2952 idest,
2609 2905 2626 2937 ι
2655 2883 2893 2939 Numero
2921 2900 3023 2940 non
3061 2884 3278 2940 diﬁcrre
3309 2885 3502 2940 Filium
3533 2885 3764 2950 aPatre,

2187 2979 2281 3035 sed
2314 2989 2602 3048 utrumque
2630 2993 2793 3031 unum
2843 2991 2947 3030 non
3001 2979 3162 3031 modo
3201 2977 3525 3043 substantia,
3567 2978 3660 3032 sed
3707 2985 3768 3030 et

2189 3069 2431 3138 subjecto
2460 3068 2812 3132 exsistentes,
2856 3067 3153 3121 secundum
3205 3069 3467 3137 quasdam
3513 3069 3772 3124 notiones

503 3135 717 3247 (Illel'ulll.
755 3137 1035 3244 Deindein
1063 3141 1182 3247 loco
1201 3141 1472 3215 Origenis,
1518 3162 1677 3215 quem
1725 3151 2072 3218 reprehendit
2111 3189 2156 3247 ο
2189 3135 2456 3223 diversas,
2482 3176 2587 3216 non
2631 3161 2928 3214 secundum
2961 3135 3304 3230 hypostasiu,
3337 3161 3555 3216 Patrem
3587 3172 3643 3214 el
3675 3159 3763 3216 Fi-

503 3225 753 3297 lluetius,
799 3233 1100 3301 accipiatur
1146 3237 1313 3308 igitur
1357 3239 1652 3304 ὑπόστασις
1697 3257 1795 3310 pro
1831 3261 1850 3293 ι
1903 3247 2082 3300 ειιῠεί·⁸

501 3321 724 3388 stentia,
753 3342 772 3376 ι
811 3335 870 3380 ιιι
899 3327 1150 3384 dicantur
1184 3329 1347 3385 Pater
1377 3339 1433 3385 et
1481 3331 1649 3386 Filius
1680 3334 1788 3388 duo
1827 3337 1895 3405 τῇ
1942 3336 2078 3390 ὐπο-

504 3423 696 3477 στὰσει
740 3441 759 3476 ι
791 3425 1180 3486 subsistentia:
1219 3447 1239 3480 ι
1277 3445 1344 3482 an
1373 3430 1660 3500 quisquam
1689 3430 2001 3486 Catholicus
2024 3433 2075 3486 id

504 3514 728 3584 culpet?
757 3515 870 3571 lmo
899 3534 1082 3575 nonne
1115 3520 1414 3579 haereticus
1440 3531 1546 3586 est,
1595 3523 1688 3592 qui
1742 3525 1948 3593 neget?
1988 3523 2089 3580 Ve-

505 3619 628 3660 rum
674 3607 856 3663 acrius
888 3610 1120 3680 insurgit
1155 3612 1384 3669 lluetius
1442 3613 1752 3685 Origeuian.
1802 3627 1993 3686 quaest.
2026 3631 2084 3682 ιι,

509 3714 662 3752 nuru.
713 3699 769 3767 5,
821 3716 944 3772 pag.
993 3703 1118 3758 ll‘l.
1184 3723 1202 3757 ι
1256 3704 1419 3772 Quid,
1465 3707 1664 3775 inquit,
1717 3707 2086 3763 defensionem

506 3792 753 3859 pr'ehere
792 3809 1057 3850 conamur
1090 3796 1333 3869 Origeni,
1363 3813 1485 3853 cum
1521 3815 1677 3853 suam
1714 3799 1828 3869 ipse
1853 3814 2072 3854 causam

505 3885 698 3954 prodat
751 3899 880 3943 tom.
934 3905 973 3944 tt
1018 3891 1071 3944 in
1123 3889 1310 3954 luam,
1366 3906 1514 3946 num.
1559 3891 1614 3958 5,
1665 3907 1789 3962 pag.
1834 3891 1924 3957 6i,
1988 3893 2078 3947 ubi

503 3979 792 4046 quemdam
859 3981 1179 4052 impugnans
1222 3984 1651 4054 δογματίζοντα,
1699 3983 1833 4055 μηδὲ
1891 3984 2080 4038 οὐσίαν

504 4068 627 4123 τινὰ
671 4069 804 4124 ἰδίαν
852 4072 1150 4142 ὑφεστάναι
1193 4075 1287 4129 τοῦ
1328 4076 1484 4146 ἁγίου
1531 4075 1849 4148 Πνεύματος
1895 4077 2086 4147 ἑτέραν

507 4162 658 4232 παρὰ
685 4162 774 4214 τὸν
803 4163 1022 4235 Πατέρα
1070 4167 1164 4219 καὶ
1207 4168 1298 4221 τὸν
1340 4167 1467 4220 Υίόν
1492 4185 1505 4198 ·
1532 4177 1654 4237 post
1685 4168 1862 4237 aliqua
1899 4168 2086 4222 addit:

519 4251 709 4322 Ἡμεῖς
733 4255 912 4325 μέντοι
953 4274 1016 4325 γε
1049 4260 1197 4329 τρεῖς
1242 4259 1569 4322 ὑποστάσεις
1610 4259 1919 4330 πειθόμενοι
1957 4277 2088 4328 τυγ-

511 4345 724 4418 χάνειν,
771 4349 864 4402 τὸν
911 4349 1134 4422 Πατέρα
1187 4351 1282 4403 καὶ
1332 4351 1462 4404 Υίὸν
1510 4351 1604 4404 καὶ
1649 4351 1801 4420 ἆγιον
1840 4351 2088 4423 Πνεῦμα,

509 4457 565 4495 κ.
595 4458 648 4494 τ.
678 4439 756 4509 λ.,
792 4443 840 4495 id
868 4455 972 4508 est,
997 4463 1014 4494 ι
1060 4443 1168 4497 Nos
1200 4453 1379 4498 autem
1402 4444 1491 4513 qui
1528 4453 1639 4498 tres
1681 4459 1942 4513 personas
1968 4459 2091 4500 esse

2189 3254 2318 3308 lium
2345 3253 2474 3306 dici.
2516 3271 2534 3304 ι
2595 3252 2800 3319 Quibus
2842 3253 2953 3322 ipse
2991 3254 3284 3323 respondet
3317 3271 3330 3306 :
3360 3252 3596 3306 Λεκτέον
3628 3252 3766 3322 πρὸς

2188 3345 2384 3409 αὐτοὺς
2411 3344 2627 3418 πρῶτον
2659 3344 2757 3416 μὲν
2801 3345 2987 3417 ἕτερον
3017 3343 3156 3399 εἶναι
3190 3346 3281 3400 τὸν
3308 3346 3434 3398 Υίὺν
3474 3347 3628 3418 παρὰ
3673 3345 3773 3400 τὸν

2188 3441 2430 3512 Πατέρα,
2463 3440 2557 3494 καὶ
2580 3441 2660 3494 ὅτι
2689 3441 2898 3512 ἀνάγκη
2931 3442 3020 3495 τὸν
3057 3441 3185 3495 Υἱόν
3215 3443 3425 3514 Πατρὸς
3452 3438 3588 3496 εἶναι
3615 3443 3770 3510 Υίὸν,

2189 3536 2401 3590 καὶτὸν
2429 3535 2650 3606 Πατέρα
2688 3535 2818 3588 Υἱοῦ
2854 3534 3094 3607 Πατέρα,
3123 3537 3172 3588 id
3199 3548 3303 3599 εει,
3363 3555 3381 3587 ι
3433 3535 3513 3590 Ad
3556 3535 3654 3590 hos
3684 3535 3771 3591 di-

2189 3631 2418 3684 cendum
2458 3629 2653 3697 primo,
2679 3626 2843 3680 alium
2874 3641 2994 3681 esse
3028 3625 3223 3679 Filium
3260 3643 3288 3680 a
3317 3627 3497 3691 Patre,
3533 3638 3588 3680 et
3617 3630 3761 3696 quod

2189 3720 2503 3774 necessario
2548 3718 2714 3772 Filius
2749 3718 2820 3772 sit
2861 3716 3036 3772 Patris
3089 3716 3282 3778 Filius.
3324 3730 3378 3772 et
3436 3718 3597 3775 Pater
3647 3719 3769 3775 Filii

2189 3812 2461 3868 sitPater.
2499 3830 2517 3862 ι
2573 3809 2668 3864 ilic
2716 3809 2873 3862 οὐσία
2915 3819 2968 3863 et
3011 3810 3306 3877 ὑπόστασις
3355 3811 3503 3865 clare
3557 3812 3758 3866 distin-

2192 3916 2451 3976 guuntur,
2508 3903 2666 3974 plane
2713 3903 3168 3973 quemadmodum
3201 3919 3229 3955 a
3264 3903 3417 3957 nobis
3475 3903 3637 3958 hodie
3671 3903 3768 3970 ﬁt;

2191 4006 2246 4051 et
2301 3994 2552 4066 Origenis
2600 3996 2941 4064 aliorumque
2984 3993 3384 4049 Catholicorutu
3429 3996 3697 4050 sententia
3738 4011 3769 4050 a

2191 4085 2456 4140 Noetiana
2484 4093 2742 4140 accurate
2781 4082 3209 4138 discriminatur.
3242 4081 3518 4138 Docebaut
3553 4082 3764 4138 Catho-

2193 4178 2280 4242 lici
2309 4176 2522 4233 Patrem
2545 4187 2599 4231 et
2626 4175 2818 4230 Filium
2851 4191 3014 4228 unum
3052 4174 3269 4244 quidem
3303 4190 3424 4230 esse
3451 4175 3757 4230 substantia

2198 4269 2325 4339 (hoc
2380 4277 2485 4334 est,
2541 4266 2918 4338 ὁμοουσίους),
2972 4266 3064 4321 sed
3114 4268 3388 4336 hypostasi
3421 4275 3476 4320 et
3529 4265 3772 4335 subjecto

2194 4361 2360 4413 duos:
2394 4366 2583 4412 contra
2619 4356 2857 4412 ha:retici
2891 4357 3310 4423 contendebant,
3339 4355 3555 4411 Patrem
3586 4365 3642 4411 et
3673 4355 3768 4410 Fi-

2196 4450 2325 4504 lium
2361 4465 2468 4504 non
2516 4451 2678 4504 modo
2741 4447 3068 4509 substantia,
3119 4447 3212 4502 sed
3267 4447 3433 4502 etiam
3491 4446 3772 4519 hypostasl

506 4531 747 4600 Patrem,
778 4533 971 4589 Filium
1001 4546 1055 4589 et
1086 4536 1352 4606 Spiritqu
1405 4546 1652 4591 sanctum
1702 4539 1946 4606 persuasi
1997 4552 2092 4592 su-
2120 4527 2167 4584 Ι)
2197 4557 2361 4596 unum
2401 4556 2548 4604 esse,
2586 4556 2650 4595 ac
2680 4549 2885 4594 tantum
2907 4540 3203 4595 secundum
3235 4538 3481 4594 diversas
3522 4540 3774 4596 notiones

510 4641 652 4689 mus,
697 4639 844 4682 ietc.
879 4627 1082 4696 Quibus
1111 4629 1383 4698 signiﬁcat
1409 4629 1478 4683 ab
1521 4644 1588 4682 eo
1633 4629 1726 4698 qui
1771 4629 1985 4684 unicam
2025 4629 2079 4683 iu

505 4715 777 4772 Triuitate
799 4719 986 4773 οὐσίαν
1045 4719 1219 4789 punit,
1259 4735 1319 4775 se
1348 4721 1662 4788 dissentire,
1698 4729 1753 4774 et
1798 4728 1910 4777 tres
1954 4722 2088 4776 ὑπο-

505 4813 728 4876 στάσεις
790 4815 1099 4880 admittere,
1165 4815 1268 4870 hoc
1327 4823 1432 4880 est,
1502 4825 1610 4870 tres
1668 4815 1880 4879 οὐσίας.
1946 4814 2083 4871 Nam

504 4906 552 4965 si
600 4907 890 4982 ἰδιότητας,
958 4910 1060 4964 hoc
1112 4919 1219 4976 est,
1277 4924 1539 4979 personas
1596 4910 1930 4982 signiﬁcaret
1985 4925 2089 4965 vox

506 5002 859 5071 ὑποστάσεις,
893 5006 1204 5076 neutiquam
1236 5007 1572 5075 exprimeret
1600 5006 1902 5062 dissensum
1933 5022 2092 5062 suum

508 5097 581 5153 ab
603 5113 692 5163 eo,
716 5097 809 5168 qui
841 5098 1002 5154 unius
1028 5097 1218 5162 οὐσίας
1259 5096 1584 5154 Trinitatem
1630 5112 1751 5154 esse
1799 5098 2036 5156 volebat.
2066 5117 2084 5151 ι

511 5191 699 5261 Atqui,
731 5190 954 5260 inquam
984 5206 1106 5260 ego,
1148 5207 1212 5247 ex
1239 5192 1342 5247 hoc
1373 5191 1494 5246 loco
1526 5190 1660 5246 nihil
1706 5189 1851 5244 aliud
1907 5191 2088 5259 colligi

513 5290 712 5350 potest,
770 5296 932 5351 quam
986 5283 1379 5348 adversarium,
1445 5297 1607 5352 quem
1670 5280 1746 5336 ibi
1811 5281 2092 5352 impugnat

511 5371 792 5444 Origenes,
825 5374 1012 5438 οὐσίας
1044 5376 1262 5431 nomine
1299 5375 1631 5447 bypostasim
1655 5374 1768 5430 sive
1797 5389 2090 5443 personam

514 5461 873 5533 intellexisse,
899 5467 1043 5537 quod
1072 5478 1128 5524 et
1153 5468 1224 5524 ab
1255 5467 1377 5522 aliis
1406 5467 1612 5533 multis,
1639 5467 1805 5522 etiam
1846 5466 2092 5522 Catholi-

516 5558 618 5622 t-is,
637 5557 863 5628 factum,
891 5575 1055 5633 supra
1085 5561 1444 5618 ostendimus.
1472 5561 1696 5616 Scilicet
1720 5561 2090 5626 adversarius,

513 5659 704 5706 eontra
732 5667 893 5721 quem
929 5654 1170 5725 disputat
1214 5653 1288 5710 ibi
1336 5653 1626 5725 Origenes,
1662 5651 1764 5709 fuit
1807 5667 1995 5710 revera
2027 5669 2091 5709 ex

593 5831 632 5861 δ’
661 5829 802 5886 Psal.
841 5845 981 5896 μιν,
1011 5831 1061 5883 ι.

2195 4637 2308 4692 sive
2334 4645 2629 4710 conceptus
2659 4644 2875 4690 nostros
2910 4633 3190 4703 distingui,
3220 4641 3389 4702 atque
3423 4632 3532 4686 alio
3555 4634 3772 4702 Erespe-

2196 4737 2284 4784 ctu
2313 4743 2456 4783 nunc
2492 4727 2733 4793 Patrem,
2769 4742 2911 4783 nunc
2945 4726 3050 4780 alio
3083 4725 3278 4780 Filium
3321 4725 3451 4780 dici.
3494 4723 3590 4780 His
3619 4735 3774 4781 certe

2197 4820 2333 4876 nihil
2362 4818 2724 4874 manifestius.
2756 4818 2908 4887 Quod
2935 4834 3064 4873 vero
3091 4818 3159 4874 de
3196 4817 3421 4887 antiquo
3457 4817 3606 4873 vocis
3633 4816 3772 4876 0W0.-

2201 4913 2445 4978 στάσεως
2473 4914 2525 4968 in
2547 4913 2864 4968 divinisusu
2892 4911 3287 4977 ecclesiastico,
3324 4909 3496 4965 fusius
3540 4908 3776 4965 fortasse

2195 5021 2359 5076 quam
2415 5007 2692 5077 proposita
2728 5004 2964 5075 objectio
3010 5002 3331 5073 postularet,
3382 5001 3774 5068 disseruerim;

2195 5100 2275 5165 id,
2309 5099 2384 5153 uti
2411 5113 2591 5168 spero,
2640 5099 2782 5152 haud
2824 5096 3112 5152 inolestum
3152 5096 3260 5150 erit
3289 5095 3479 5150 lectori
3525 5095 3774 5163 cordate,

2194 5191 2285 5262 qui
2319 5205 2502 5246 secum
2531 5190 2712 5244 animo
2743 5186 3098 5260 reputaverit,
3125 5201 3287 5258 quam
3328 5187 3419 5242 hic
3466 5202 3572 5241 non
3615 5187 3776 5241 modo

2199 5300 2229 5339 a
2263 5284 2421 5355 vulgo
2454 5284 2848 5354 theologorum,
2905 5280 3000 5336 sed
3041 5281 3202 5333 etiam
3237 5293 3269 5332 a
3299 5280 3436 5334 viris
3465 5279 3775 5335 eruditissi-

2198 5377 2304 5431 mis
2332 5383 2444 5430 tota
2471 5374 2556 5428 via
2594 5384 2828 5431 erretur.

2278 5465 2306 5538 ς
2340 5466 2459 5522 Xll.
2494 5464 2750 5534 Sequitur
2779 5465 2882 5520 alia
2918 5463 3095 5520 lluetii
3123 5463 3360 5534 obiectio
3395 5463 3677 5531 desumpta
3709 5475 3780 5515 ex

2205 5559 2389 5614 verbis
2426 5556 2675 5625 Origeuis
2733 5557 2826 5612 lib.
2870 5572 2964 5610 vttt
3007 5567 3193 5611 contra
3260 5554 3425 5620 Cels.,
3476 5570 3625 5610 ιιιιιιι.
3684 5552 3779 5618 14,

2202 5667 2253 5722 p.
2281 5650 2408 5717 752,
2446 5665 2636 5722 nempe
2675 5649 2821 5706 hisce
2853 5650 3071 5706 ;”Εστω
3095 5649 3172 5716 δὲ,
3208 5647 3361 5713 τινὰς
3389 5647 3465 5713 ὡς
3486 5647 3545 5702 ὲν
3581 5644 3779 5719 πλήθει
