4152 6406
310 375 447 431 1509

1331 379 1422 434 EX
1461 380 1527 437 C.
1570 380 1771 438 BULLI
1811 381 1963 438 DEF.
2005 383 2183 440 FlDEl
2224 384 2545 445 NICENE.

3413 397 3553 450 ιδιυ

309 492 692 558 πιστευόντων,
724 494 818 548 καὶ
844 494 1147 565 δεχομένων
1176 496 1489 567 διαφωνίαν,
1520 498 1610 554 διὰ
1640 501 1739 571 τὴν
1756 517 1882 572 προ-

1989 505 2075 573 qui
2112 506 2367 561 mundum
2399 506 2660 574 condidit,
2694 507 2732 561 F
2738 507 2888 562 ilium
2917 526 2932 574 ;
2966 509 3060 563 sed
3088 507 3207 577 ejus
3240 509 3550 579 Dominum,

309 584 532 637 πέτειαν
565 585 912 639 ὑποτίθεσθαι
934 586 1024 638 τὸν
1059 587 1287 657 Σωτῆρα
1320 584 1461 642 εἶναι
1500 591 1588 644 τὸν
1621 592 1713 645 ἐπὶ
1747 594 1880 644 πᾶσι

307 676 441 730 Θεόν
466 693 479 706 ·
509 675 620 729 ἀλλ’
643 675 758 729 οῦτι
786 694 848 745 γε
867 678 1025 747 ἡμεῖς
1048 678 1374 742 τοιοῦτον,οἱ
1404 681 1711 752 πειθόμενοι
1736 682 1883 753 αὐτῷ

308 763 541 833 λέγοντι,
571 767 623 817 '0
648 766 871 835 Πατὴρ,
897 770 929 820 ό
954 767 1196 835 πέμψας
1220 786 1312 837 με,
1323 770 1537 839 μεέζων
1549 773 1668 841 μοῦ
1687 775 1879 839 ἐστιν,

311 858 365 912 id
398 866 511 912 est:
541 875 559 907 ι
588 857 721 911 Esto
748 870 928 911 autem
958 874 1066 913 non
1096 859 1283 915 deesse
1312 863 1593 931 quosdam,
1619 873 1678 917 ut
1702 866 1751 918 in
1775 874 1881 917 tam

312 960 603 1001 numerosa
638 946 977 1000 credentium
1005 946 1372 1013 multitudine,
1394 950 1485 1019 qui
1515 950 1883 1020 discrepantes

313 1035 384 1089 ab
426 1035 549 1090 aliis
596 1044 801 1091 temere
848 1035 1139 1102 at'ﬁrment,
1180 1041 1324 1107 quod
1381 1038 1638 1097 Servatur
1682 1042 1751 1095 sit
1790 1042 1884 1097 ille

314 1128 688 1181 universorum
721 1128 858 1183 Deus
884 1142 899 1180 :
946 1139 1220 1186 nos.certe
1250 1130 1351 1183 hoc
1384 1146 1487 1185 non
1518 1130 1767 1198 facimus,
1791 1132 1881 1201 qui

314 1220 589 1274 credimus
612 1220 714 1290 ipsi
741 1220 966 1285 dicenti,
998 1222 1159 1275 Pater
1181 1224 1271 1291 qui
1298 1224 1439 1277 misit
1468 1240 1568 1288 me,
1602 1224 1774 1293 major
1802 1242 1883 1279 me

313 1323 389 1365 est
425 1311 493 1361 ⁶².
529 1331 548 1363 ι
588 1311 667 1365 Ad
696 1326 815 1381 qua:
841 1313 954 1366 haec
982 1314 1206 1367 adnutat
1227 1314 1299 1368 cl.
1322 1314 1544 1369 liuetius
1571 1313 1880 1386 Origenian.

313 1402 411 1458 lib.
441 1418 498 1469 ιι,
541 1414 732 1471 quaest.
774 1403 829 1468 2,
878 1419 1029 1456 num.
1062 1405 1112 1468 7,
1164 1420 1286 1475 pag.
1316 1405 1409 1458 l‘2l
1446 1424 1503 1460 ει
1537 1406 1884 1463 AlIirniabant

312 1493 532 1564 quidam
579 1493 855 1547 Christum
904 1508 1023 1547 esse
1074 1496 1452 1547 universorum
1501 1496 1688 1559 Deum,
1726 1497 1884 1564 idque

311 1598 439 1637 vere
483 1592 536 1637 et
576 1583 896 1638 orthodoxe.
944 1582 1187 1637 Pertinet
1231 1585 1361 1638 illud
1402 1600 1530 1639 sane
1556 1586 1620 1639 ad
1646 1585 1882 1641 divinam

314 1671 515 1725 Christi
554 1680 830 1737 naturam,
879 1688 981 1724 non
1022 1673 1087 1725 ad
1133 1673 1443 1728 humanam.
1500 1673 1668 1744 Negat
1719 1690 1883 1729 econ-

316 1762 487 1816 trario
572 1760 832 1831 Origenes
905 1746 1248 1816 servatorem
1315 1778 1435 1817 esse
1509 1766 1880 1819 universorum

320 1852 506 1915 Deum,
545 1854 686 1920 quod
723 1853 846 1905 inde.
873 1852 1086 1920 probat,
1119 1854 1240 1921 quia
1264 1853 1427 1908 Patre
1459 1856 1635 1909 minor
1663 1856 1755 1922 sit,
1794 1857 1884 1925 qui

313 1953 399 1998 est
431 1944 812 1999 universorum
848 1943 1007 1998 Dens.
1042 1945 1241 1998 Divina:
1284 1960 1413 2017 ergo
1441 1946 1642 2001 Christi
1686 1958 1887 2001 natura.

310 2038 549 2091 detrahit
572 2052 879 2105 supremam
902 2035 1045 2090 illam
1061 2035 1294 2107 θεότητα
1305 2052 1465 2107 supra
1485 2054 1570 2092 res
1589 2038 1886 2103 universas,

309 2138 364 2182 et
406 2128 552 2181 Patri
610 2128 858 2193 addicit;
909 2128 1239 2197 preindeque
1302 2128 1519 2199 μεγέθει
1559 2130 1687 2197 τινί,
1732 2141 1786 2184 et
1830 2144 1889 2187 ut

312 2219 482 2273 Deum
518 2220 647 2285 Deo,
683 2220 1005 2274 inferiorem
1034 2218 1180 2273 Patri
1220 2220 1416 2273 Filium
1446 2221 1654 2286 statuit,
1691 2238 1798 2275 non
1831 2232 1887 2277 ut

314 2311 585 2364 hominem
622 2310 751 2364 Deo.
781 2331 799 2362 ι
832 2312 936 2365 Sed
979 2313 1031 2364 1ο
1065 2312 1381 2381 gravissime
1410 2323 1556 2367 errat
1582 2313 1661 2366 vir
1691 2314 1888 2369 doctis-

314 2406 482 2459 simus
509 2404 675 2476 (quod
706 2421 840 2475 pace
864 2406 982 2472 ejus
1009 2406 1286 2475 dixerim),
1328 2406 1379 2460 in
1419 2422 1484 2460 eo
1537 2407 1678 2476 quod
1714 2416 1885 2475 putet,

318 2511 454 2564 quos
497 2496 586 2550 hic
638 2496 958 2566 perstringit
999 2494 1280 2565 Origenes,
1334 2510 1461 2550 vere
1498 2505 1553 2549 et
1590 2497 1887 2551 orthodoxe

316 2587 635 2653 allirmasse,
688 2586 880 2640 Filium
924 2601 1047 2640 esse
1089 2586 1466 2641 universorum
1518 2588 1707 2641 Deum.
1753 2587 1885 2641 Nam

315 2679 521 2730 diserte
551 2678 793 2745 loquitur
821 2675 1085 2745 Origenes
1120 2677 1186 2729 de
1214 2679 1404 2745 paucis
1439 2678 1764 2748 quibusdam
1803 2681 1886 2733 inc

320 2779 401 2822 ter
427 2768 788 2834 Christianos,
815 2768 906 2836 qui
944 2768 995 2821 in
1025 2784 1089 2822 eo
1121 2768 1262 2838 quod
1289 2768 1647 2836 atlirmabaat,
1694 2785 1726 2825 a
1746 2770 1888 2839 ,reli-

317 2874 420 2927 qua
452 2858 790 2914 credentium
818 2874 837 2907 ι
869 2871 1152 2911 numerosa
1188 2858 1556 2923 multitudine,
1588 2879 1606 2911 ι
1645 2860 1745 2914 hoc
1784 2868 1886 2925 est,

320 2964 350 3002 a
404 2948 673 3003 catholica
731 2946 933 3002 Christi
988 2945 1233 3001 Ecclesia
1286 2947 1690 3016 discrepabant.
1748 2947 1887 3015 Quin

318 3040 509 3103 etiam,
537 3040 583 3094 si
612 3039 991 3095 antecedentia
1018 3048 1073 3092 et
1103 3041 1499 3109 consequentia
1538 3042 1681 3110 apud
1709 3040 1890 3111 Orige-

320 3147 443 3186 nem
472 3131 686 3202 legeris,
719 3132 1022 3201 comperies
1069 3146 1189 3200 quae
1218 3130 1287 3184 ibi
1331 3130 1521 3185 Celsus
1564 3132 1886 3187 Christianis

321 3225 527 3293 objicit,
581 3239 702 3279 esse
752 3224 973 3279 omnino
1013 3240 1080 3278 ex
1130 3225 1514 3278 haereticorum
1560 3222 1753 3279 fabulis
1796 3224 1888 3280 de-
1915 3204 1956 3259 (ἶ

318 3327 554 3383 ειιιιιμιιι.
598 3314 831 3379 Quinam
884 3329 1011 3367 vero
1062 3314 1176 3378 isti,
1208 3313 1309 3382 jqui
1370 3313 1722 3377 heterodoxe,
1766 3322 1823 3367 et
1858 3330 1888 3368 a

321 3409 596 3464 communi
642 3406 1077 3462 Christianorum
1124 3421 1395 3461 consensu
1432 3407 1712 3471 abeuntes,
1743 3406 1889 3461 alIir-

318 3513 535 3555 iuaruut
565 3501 908 3555 Servatorem
942 3516 1061 3555 esse
1084 3501 1258 3569 ipsum
1280 3499 1656 3555 universorum
1681 3502 1846 3556 Deum
1858 3500 1891 3569 χ

318 3593 456 3648 Puto
484 3594 769 3648 haereticos
804 3592 1099 3661 designari,
1130 3591 1220 3660 qui
1262 3590 1510 3661 Origeuis
1557 3591 1889 3660 temporibus

321 3687 708 3742 Noetianornm
741 3684 1101 3756 appellatione
1146 3686 1537 3748 noscebantur,
1578 3683 1669 3752 qui
1723 3683 1887 3739 doce-

318 3782 448 3834 bant
478 3779 675 3834 Filium
707 3794 826 3835 esse
854 3779 1026 3849 ipsum
1063 3777 1230 3831 Deum
1258 3776 1497 3841 Patrem,
1546 3776 1635 3846 qui
1679 3775 1890 3847 διακρι-

316 3870 483 3934 τικῶς
532 3871 743 3925 solebat
799 3872 865 3922 ab
916 3867 1034 3937 ejus
1075 3867 1172 3921 ξιξνί
1226 3866 1518 3921 Catholicis
1557 3869 1584 3919 ὁ
1622 3866 1714 3918 ἐπὶ
1759 3867 1890 3919 πᾶσι

318 3962 473 4028 Θεός,
512 3982 529 4013 ι
569 3962 947 4015 universorum
987 3960 1126 4013 Deus
1159 3978 1177 4009 ι
1214 3959 1495 4029 appellari.
1530 3958 1690 4012 Certe
1725 3958 1890 4013 Justi-

321 4070 422 4109 nus
457 4053 632 4107 verbis
664 4067 766 4105 non
803 4050 1147 4105 absimilibus
1173 4052 1222 4105 id
1262 4067 1429 4120 genus
1480 4052 1886 4117 haereticorum,

319 4146 423 4199 alio
455 4145 672 4199 nomine
710 4144 883 4212 ipsius
927 4151 1086 4197 aztate
1130 4143 1491 4211 cognitorum,
1548 4143 1764 4212 impiam
1795 4158 1888 4198 ve-

318 4240 524 4295 saniam
556 4239 607 4292 in
655 4236 908 4307 Apologia
944 4251 1064 4305 qum
1115 4236 1312 4289 dicitur
1354 4234 1586 4287 SPCtlllda
1640 4234 1726 4288 his
1777 4249 1892 4288 ver-

319 4331 403 4386 bis
436 4339 585 4383 notat
613 4344 730 4398 pag.
763 4328 830 4382 96
849 4346 860 4379 :
878 4329 939 4379 Ol
966 4326 1074 4396 γὰρ
1103 4325 1192 4378 τὸν
1217 4325 1343 4378 Υῑὸν
1360 4324 1575 4396 Πατέρα
1596 4326 1891 4393 φάσκοντες

317 4418 476 4481 εἶναι,
520 4420 850 4490 ἐλέγχονται,
905 4420 1041 4489 μήτε
1095 4418 1186 4470 τὸν
1243 4418 1463 4487 Πατέρα
1519 4419 1889 4489 ἐπιστάμενοι,

1982 612 2157 664 eoque
2224 598 2584 666 superiorem,
2663 613 2838 667 eoque
2901 600 3118 653 nomine
3178 602 3551 655 universorum

1983 687 2175 742 Deum.
2217 688 2360 741 Sane
2389 690 2456 743 de
2493 689 2580 743 his
2610 690 2697 758 agi
2725 690 2779 742 in
2812 691 3254 747 antecedentibus
3278 702 3331 745 et
3359 708 3555 747 conse—

1980 778 2272 845 quentibus
2310 780 2655 834 manil’estum
2683 790 2789 835 est.
2821 780 2998 834 Secun
3025 786 3093 845 to,
3122 784 3263 847 quod
3287 782 3553 850 Origenes

1982 867 2036 921 in
2063 866 2183 923 loco
2215 869 2380 924 citato
2410 870 2561 935 dicit,
2585 869 2780 924 Filium
2812 872 2978 925 etiam
3000 887 3105 940 qua
3133 872 3273 927 Deus
3298 882 3383 927 est
3425 873 3554 943 (hoc

1983 968 2087 1025 est,
2116 959 2260 1016 Deus
2287 978 2355 1017 ex
2383 961 2513 1032 Deo)
2545 962 2705 1018 Patre
2739 962 3004 1018 minorem
3055 979 3175 1019 esse
3237 966 3401 1034 (quod
3466 980 3554 1018 re-

1982 1050 2268 1119 prehendit
2305 1049 2613 1121 Huetius);
2651 1051 2809 1120 plane
2845 1051 3164 1106 catholicum
3190 1067 3337 1115 esse,
3388 1061 3553 1121 atque

1983 1138 2149 1193 etiam
2200 1154 2230 1192 a
2290 1139 2562 1206 Patribus,
2608 1140 2700 1210 qui
2750 1151 2872 1211 post.
2929 1140 3206 1197 Nicaanum
3258 1142 3563 1209 concilium,

1981 1228 2239 1281 Arianam
2262 1230 2510 1284 haeresim
2528 1231 2793 1286 acerrime
2816 1230 3218 1301 impugnarunt.
3245 1232 3547 1297 defensum,

1985 1318 2123 1373 infra
2152 1320 2219 1373 ad
2251 1322 2543 1375 sectionem
2573 1322 2631 1386 4,
2662 1338 2781 1391 cap.
2811 1323 2867 1387 2,
2906 1340 3056 1377 num.
3084 1323 3138 1388 6,
3182 1326 3546 1379 ostendemus.

1985 1409 2087 1466 Ubi
2113 1414 2275 1467 etiam
2310 1414 2741 1477 luculentissime
2772 1414 3144 1483 probabimus,
3178 1416 3462 1484 Origo-nem
3494 1416 3550 1470 in

1985 1503 2135 1558 libris
2175 1516 2361 1558 contra
2383 1506 2611 1572 Celsum,
2633 1522 2755 1561 cum
2791 1508 2957 1563 Deum
2993 1506 3206 1561 Patrem
3232 1509 3350 1560 κατ’
3372 1510 3571 1569 αἰτίαν

1986 1594 2023 1647 F
2032 1595 2120 1647 ilio
2152 1596 2408 1665 majorem
2433 1598 2709 1663 statuerit,
2748 1597 2887 1651 κατὰ
2915 1597 3075 1667 φύσιν
3115 1609 3290 1651 tamen
3336 1598 3551 1653 Patrem

1984 1698 2038 1743 et
2064 1687 2254 1741 Filium
2287 1704 2442 1756 pares
2464 1689 2682 1744 omnino
2705 1705 2825 1745 esse
2871 1700 2926 1744 et
2963 1690 3199 1758 augurales
3241 1690 3548 1759 agnovisse.

2056 1780 2245 1852 §Xl|l.
2274 1780 2457 1835 Tertio
2492 1783 2840 1850 reprehendit
2884 1782 3108 1838 lluetius
3150 1782 3313 1835 verba
3360 1780 3569 1851 Orige-

1915 1856 1958 1911 B
1990 1872 2071 1923 nis
2104 1872 2155 1923 in
2202 1870 2337 1924 libro
2365 1886 2395 1921 ν
2421 1882 2601 1924 contra
2632 1871 2863 1936 Celsum,
2897 1872 2982 1925 ubi
3022 1874 3099 1925 sic
3127 1873 3316 1927 Scribit
3349 1889 3399 1927 ιι.
3444 1872 3507 1926 ιι
3536 1890 3549 1925 :

1999 1963 2055 2014 'O
2071 1960 2259 2033 Σωτὴρ
2278 1961 2435 2032 ἡμῶν
2452 1962 2545 2015 καὶ¹
2570 1961 2795 2031 Κύριος,
2821 1963 3057 2027 ἀκούσας
3084 1966 3232 2028 ποτὲ,
3257 1964 3553 2017 Διδάσκαλε

1985 2052 2178 2121 ἀγαθὲ,
2213 2052 2551 2122 ἀναπέμπων
2579 2053 2671 2106 τὸν
2704 2054 2931 2122 λέγοντα
2963 2053 3121 2107 τοῦτο
3160 2055 3251 2107 ἐπὶ
3290 2055 3382 2107 τὸν
3429 2056 3555 2107 sau-

1985 2142 2081 2197 τοῦ
2098 2143 2333 2213 Πατέρα,
2351 2145 2501 2214 φησι,
2526 2144 2586 2198 Τί
2598 2162 2673 2213 με
2689 2144 2885 2213 λέγεις
2911 2147 3133 2215 ἀγαθόν
3148 2162 3164 2209 ;
3182 2145 3380 2211 οὐδεὶς
3408 2145 3553 2213 ἀγα-

1988 2237 2090 2302 θὸς
2119 2239 2170 2290 εὶ
2192 2239 2278 2305 μὴ
2310 2232 2418 2303 εἷς,
2451 2240 2483 2290 ὁ
2509 2236 2650 2301 Θεὸς
2671 2241 2703 2291 ό
2732 2237 2950 2305 Πατήρ.
2972 2237 3140 2308 Εἴπερ
3172 2236 3384 2289 δὲτοῦτ¹
3405 2236 3557 2290 εὐλό-

1990 2347 2123 2398 γως,
2166 2330 2241 2393 ὡς
2262 2330 2425 2383 εἰκὼν
2451 2332 2549 2401 τῆς
2573 2331 2908 2402 ἁγαῦότητος
2943 2331 3039 2384 τοῦ
3068 2330 3203 2384 Θεοῦ
3246 2332 3552 2401 τυγχάνων,

1988 2422 2207 2493 εἴρηκεν
2241 2422 2269 2473 ὁ
2303 2420 2430 2486 Υἰδς
2462 2422 2559 2491 τῆς
2600 2421 2819 2491 ἀγάπης
2848 2422 2940 2475 τοῦ
2976 2423 3187 2493 Πατρός
3208 2439 3220 2451 ·
3286 2424 3402 2486 πῶς
3434 2406 3581 2495 οὐχὶθ

1988 2512 2349 2583 εὐλογώτερον
2374 2512 2440 2567 ἂν
2468 2516 2580 2576 τοῖς
2600 2512 2995 2585 προσκυνοῦσιν
3030 2508 3182 2567 εἶπεν
3210 2513 3379 2584 ἣλιος,
3403 2514 3468 2567 Τί
3487 2531 3555 2585 με

1994 2606 2347 2675 προσκυνεῖςς
2374 2605 2595 2671 Κύριον
2610 2604 2722 2673 γὰρ
2747 2604 2853 2658 τὸν
2874 2605 3022 2658 Geor
3045 2620 3161 2659 σου
3200 2604 3555 2674 προσκυνή-

1987 2711 2137 2762 σειςο
2160 2714 2210 2749 κ.
2226 2713 2280 2749 τ.
2298 2694 2347 2749 λ.
2365 2695 2422 2749 ld
2444 2695 2844 2759 est,¢Servator
2862 2704 3042 2750 noster
3066 2704 3122 2750 et
3152 2695 3429 2760 Dominus,
3457 2710 3554 2765 ap—

1987 2788 2213 2857 pellatus
2236 2787 2526 2857 aliquando
2545 2797 2843 2856 praeceptor
2858 2789 3054 2853 bonus,
3073 2790 3140 2843 ad
3162 2788 3375 2843 Patrem
3402 2790 3557 2843 suum

1988 2876 2270 2930 remittens
2293 2891 2415 2929 eum
2442 2876 2530 2943 qni
2560 2889 2619 2929 se
2648 2874 2728 2929 sic
2751 2876 3127 2943 appellaverat,
3156 2876 3343 2944 inquit,
3418 2874 3557 2940 Quid

1986 2984 2068 3020 me
2093 2967 2223 3020 dicis
2262 2967 2449 3019 bonum
2476 2969 2501 3021 ?
2536 2982 2679 3019 nemo
2718 2964 2880 3018 bonus
2910 2967 3010 3019 nisi
3047 2984 3179 3019 unus
3212 2968 3278 3030 ⁸³,
3367 2981 3560 3034 nempe

1989 3056 2130 3110 Deus
2158 3056 2337 3111 Pater.
2381 3056 2534 3123 Quod
2562 3056 2610 3111 si
2638 3055 2689 3109 id
2729 3055 2945 3119 merito,
2975 3066 3034 3109 ut
3070 3057 3244 3126 imago
3300 3056 3560 3110 bonitatis

1993 3146 2108 3210 Dei.
2135 3147 2270 3203 dixit
2296 3148 2526 3202 dilectus
2554 3146 2735 3201 Patris
2772 3146 2960 3211 Filius,
3006 3162 3186 3201 annon
3225 3147 3424 3214 justius
3477 3147 3559 3201 sol

1990 3240 2193 3293 diceret
2219 3239 2334 3294 suis
2363 3239 2771 3303 adoratoribus,
2805 3238 2934 3306 quid
2975 3253 3059 3292 me
3105 3237 3336 3293 adores?
3376 3236 3559 3291 Domi-

1991 3352 2116 3389 num
2155 3334 2319 3387 Deum
2347 3345 2496 3387 tuum
2533 3332 2782 3385 adorabis
2801 3331 2868 3394 “,
2902 3349 2920 3380 ι
2952 3338 3055 3384 etc.
3080 3330 3158 3383 Ad
3184 3346 3300 3398 quae
3326 3330 3438 3384 haec
3462 3330 3560 3382 ad-

1993 3434 2145 3477 notat
2173 3424 2257 3477 vir
2286 3422 2632 3477 doctissimus
2672 3421 2983 3490 Origenian.
3030 3420 3126 3474 lib.
3166 3437 3227 3486 n,
3266 3431 3462 3489 qnazst.
3500 3418 3563 3486 2,

1993 3530 2141 3567 111111.
2178 3512 2266 3577 15,
2296 3526 2418 3581 pag.
2456 3510 2558 3563 126
2588 3523 2602 3567 :
2633 3528 2650 3561 ι
2694 3509 2993 3563 Bonitatem
3048 3509 3229 3572 illam,
3282 3524 3402 3578 quin
3442 3510 3555 3564 Deo

1992 3603 2137 3658 Patri
2159 3602 2433 3667 convenit,
2469 3601 2688 3656 Christo
2720 3600 2982 3666 detrahit,
3033 3616 3135 3655 non
3173 3610 3377 3654 tantum
3412 3616 3575 3671 qua-;

1994 3703 2148 3747 tenus
2172 3692 2333 3746 homo
2358 3701 2461 3756 est,
2493 3690 2589 3746 sed
2619 3691 2783 3745 etiam
2809 3701 3075 3758 quatenus
3121 3690 3298 3760 imago
3327 3701 3411 3746 est
3459 3692 3561 3746 bo-

1992 3782 2175 3837 uitatis
2228 3782 2343 3847 Dei,
2387 3782 2490 3836 hoc
2548 3790 2651 3845 est,
2701 3789 2969 3849 quatenus
3002 3788 3088 3836 est.
3127 3781 3286 3836 Deus.
3318 3800 3339 3834 ι
3391 3780 3562 3849 Quasi

1991 3875 2199 3930 scilicet
2244 3874 2495 3929 Christus
2539 3872 2711 3927 etiam
2760 3882 3025 3941 quatenus
3069 3872 3233 3927 homo
3281 3882 3392 3939 est,
3457 3890 3566 3929 non

1990 3966 2253 4035 singulari
2306 3965 2518 4019 ratione
2562 3971 2708 4017 esset
2760 3963 3015 4019 bonitatis
3044 3962 3138 4017 Dei
3188 3966 3387 4033 imago.
3432 3965 3569 4031 Quis

1992 4074 2121 4112 vero
2144 4058 2351 4121 credat,
2380 4056 2672 4125 Origenem
2707 4055 2908 4125 stupidi
2960 4056 3096 4110 adeo
3137 4055 3336 4123 ingenii
3372 4055 3562 4121 fuisse,

1994 4160 2053 4205 ut
2106 4164 2214 4204 non
2267 4147 2619 4213 intellexerit,
2653 4156 2857 4203 textum
2917 4146 3065 4201 illum
3111 4146 3463 4217 evangelistaa
3494 4153 3571 4202 ad»

1992 4242 2192 4300 Christi
2242 4240 2590 4310 οἰκονομίαν,
2645 4238 2699 4293 in
2753 4248 3027 4309 assumpta
3078 4248 3279 4293 natura
3330 4239 3570 4293 humana

1992 4344 2319 4405 susceptam,
2343 4332 2565 4386 omnino
2596 4329 2909 4401 pertinere?
2943 4331 3052 4385 Imo
3079 4329 3341 4400 Origenes
3365 4330 3565 4385 ibidem

1993 4426 2196 4479 diserte
2221 4428 2420 4484 monet,
2454 4434 2513 4474 se
2540 4419 2814 4473 Christum
2841 4420 2912 4472 ita
2939 4419 3247 4489 loquentem
3282 4420 3571 4487 inducere,

322 4512 447 4587 μήθ’
465 4514 546 4566 ὅτι
568 4513 710 4566 ἐστὶν
740 4512 867 4575 Υἱὸς
895 4509 970 4580 τῷ
1004 4505 1176 4580 Πατρὶ
1201 4508 1308 4562 τῶν
1341 4510 1475 4562 ὅλων
1502 4510 1888 4578 γινώσκοντες·

1998 4523 2251 4583 tanquam
2290 4510 2643 4585 παράδειγμα
2676 4511 2991 4578 exentplum,
3042 4513 3187 4581 quod
3227 4512 3433 4566 scilicet
3474 4513 3574 4565 he»

318 4606 378 4669 ὃς
434 4605 525 4658 καὶ
556 4603 725 4671 Λόγος
771 4601 1115 4673 πρωτότοκος
1165 4599 1240 4653 ὢν
1290 4600 1381 4653 τοῦ
1417 4599 1573 4666 Θεοῦ,
1627 4602 1719 4652 καὶ
1762 4601 1892 4665 Θεὸς

320 4696 573 4769 ὑπάρχει,
605 4695 653 4748 id
686 4703 769 4748 est
797 4715 808 4748 :
846 4712 863 4745 ι
900 4693 997 4760 Qui
1026 4696 1167 4746 enini
1194 4692 1381 4746 Filium
1415 4692 1630 4745 Patrem
1664 4708 1784 4746 esse
1810 4693 1893 4745 di-

320 4800 471 4854 cunt,
507 4787 916 4857 comperiuntur
945 4801 1121 4855 neque
1152 4783 1367 4837 Patrem
1402 4784 1567 4850 scire,
1602 4799 1775 4852 neque
1802 4782 1893 4837 Fi-

321 4876 452 4930 lium
508 4873 655 4928 Patri
717 4873 1099 4928 universorum
1162 4888 1285 4928 esse
1336 4887 1539 4927 nosse:
1595 4873 1709 4941 qui,
1749 4874 1891 4943 quod

322 4965 558 5019 Verbum
599 4965 689 5019 Dei
745 4966 1167 5035 primogenitum
1224 4965 1316 5033 sit,
1368 4964 1508 5022 Deus
1563 4965 1727 5019 etiam
1779 4966 1894 5035 ipse

322 5066 425 5111 est.
455 5076 474 5109 ι
513 5056 611 5112 Ubi
647 5071 758 5109 tum
786 5056 981 5110 Filiqu
1010 5074 1039 5111 a
1072 5057 1231 5112 Patre
1284 5057 1659 5111 universorum
1699 5056 1893 5111 distin-

324 5151 457 5221 guit,
491 5160 544 5204 et
577 5165 698 5203 esse
737 5149 913 5219 ipsum
946 5150 1111 5203 Deum
1143 5149 1360 5204 Patrem
1387 5159 1578 5204 contra
1610 5150 1891 5203 haereticos

328 5250 524 5307 negat:
558 5248 669 5292 tum
695 5243 856 5293 etiam
882 5238 1101 5305 Filium,
1125 5243 1349 5309 perinde
1378 5258 1441 5294 ac
1465 5242 1701 5306 Patrem,
1728 5242 1893 5297 Deum

324 5346 512 5384 revera
571 5345 711 5392 esse.
753 5340 941 5399 utpote
986 5348 1051 5384 ex
1102 5334 1216 5400 ipso
1262 5333 1372 5386 Deo
1422 5332 1580 5388 Patre
1631 5335 1895 5403 genitum,

326 5423 595 5489 agnoscit.
637 5422 906 5478 Fortassis
940 5440 1068 5479 vero
1097 5423 1473 5490 Marcionitas,
1495 5434 1552 5479 et
1580 5424 1685 5479 alia
1722 5425 1773 5479 id
1804 5440 1896 5495 ge-

326 5529 430 5568 nus
457 5513 738 5569 hominum
771 5527 1038 5581 monstra,
1091 5518 1143 5571 in
1186 5516 1315 5586 ,loco
1354 5518 1519 5572 citato
1559 5516 1683 5571 {erit
1712 5517 1899 5587 Orige-

307 5622 445 5694 hes,
476 5609 568 5678 qui
592 5610 857 5664 docebant
880 5609 1229 5666 Servatorem
1272 5625 1381 5664 non
1426 5625 1545 5664 esse
1583 5608 1681 5663 Dci
1706 5608 1894 5676 ,illius,

2000 4605 2253 4671 minibus,
2294 4605 2411 4673 ipse
2436 4602 2683 4657 Christus
2714 4601 2855 4654 inter
2892 4603 3138 4657 homines
3165 4613 3428 4667 versatus,
3458 4620 3562 4658 ηι-
3618 4630 3621 4631 ν

2000 4698 2187 4751 bibere
2211 4695 2398 4749 voluit.
2435 4693 2587 4762 Quod
2628 4694 2671 4748 si
2722 4693 2990 4755 daremus.
3048 4692 3337 4764 Origenem
3386 4695 3456 4749 ibi
3489 4695 3577 4748 Ιοσι

1996 4789 2087 4858 qui
2123 4788 2189 4843 de
2232 4787 2453 4841 Christo
2505 4795 2771 4854 quatenus
2802 4783 2943 4839 Deus
2974 4794 3077 4848 est,
3124 4786 3372 4854 equidem
3412 4798 3569 4840 recte

1996 4879 2195 4934 dicitur
2214 4877 2382 4932 Filius
2401 4878 2576 4946 imago
2598 4874 2852 4927 bonitatis
2882 4882 3136 4942 paternae,
3155 4876 3434 4945 aquuata
3460 4876 3573 4928 sci-

1996 4969 2121 5023 licet
2148 4981 2204 5023 et
2233 4966 2509 5037 perlecta;
2554 4976 2608 5019 et
2644 4974 2824 5019 tamen
2864 4973 3135 5033 quatenus
3182 4964 3356 5018 Patris
3391 4966 3577 5032 imago

1998 5070 2107 5124 est,
2142 5075 2247 5114 non
2280 5059 2397 5128 ipse
2429 5056 2614 5122 Pater,
2647 5057 2751 5113 hoc
2782 5066 2889 5120 est,
2925 5065 3196 5125 quatenus
3228 5072 3295 5111 ex
3342 5069 3581 5126 paterno

2000 5152 2148 5206 fonte
2170 5151 2467 5206 bonitatem
2502 5164 2682 5214 suam,
2716 5156 2856 5202 utet
2890 5159 3085 5203 caetera
3122 5148 3318 5203 divina:
3360 5156 3579 5201 natura}

2001 5242 2287 5305 attributa,
2314 5241 2559 5309 adeoque
2584 5240 2755 5308 ipsam
2783 5239 3018 5294 divinam
3054 5249 3306 5293 naturam
3344 5238 3566 5293 deriva-

2001 5345 2108 5389 tam
2143 5334 2319 5397 habet,
2348 5343 2510 5402 atque
2538 5332 2590 5386 in
2622 5332 2861 5386 secundo
2885 5332 3037 5399 signo
3070 5330 3297 5400 originis
3334 5330 3354 5400 (
3377 5339 3433 5384 ut
3488 5329 3566 5384 loc-

1999 5434 2240 5495 quuntur
2267 5422 2607 5489 scholastici)
2651 5422 2903 5475 deitatem
2960 5422 3200 5491 possidet
3229 5438 3244 5485 ;
3278 5421 3419 5475 haud
3454 5421 3560 5473 tui-

2003 5532 2103 5570 uus
2136 5526 2279 5570 recte
2310 5532 2371 5570 ea
2405 5515 2611 5569 ratione
2648 5513 2793 5567 Patri
2844 5514 3045 5581 primas
3086 5512 3323 5567 tribucre
3368 5511 3570 5582 potuit.

2002 5608 2154 5674 Quod
2184 5624 2399 5663 veroex
2444 5606 2562 5662 istis
2614 5606 2796 5661 verbis
2834 5606 3036 5677 colligit
3082 5604 3327 5671 lluetius,
3374 5618 3579 5676 nempe

401 5795 449 5832 “
480 5795 639 5853 loan.
690 5812 803 5865 ειν,
840 5796 931 5853 9.8.
1007 5796 1255 5869 οἴμης.
1284 5796 1444 5861 x,l8;
1476 5795 1609 5855 Luc.
1640 5811 1802 5857 mu,
1840 5795 1888 5851 ιε

2003 5794 2229 5867 οξυειιι.
2258 5808 2341 5854 vr.
2373 5792 2437 5851 15
2466 5809 2482 5851 :
2526 5790 2722 5848 Matth.
2756 5805 2829 5847 tv.
2886 5789 2971 5845 lt).
