4152 6410
597 372 725 428 1511

2013 387 2438 447 EXCERPTUM

3718 391 3858 446 1519.

599 495 888 559 Origenem
915 494 1141 550 omnino
1178 497 1480 553 bonitatem
1513 499 1686 567 illam,
1716 517 1838 572 qua
1871 503 1978 558 Deo
2027 505 2172 562 Patri
2203 514 2250 568 Α
2278 507 2563 579 Origenem
2599 507 2798 562 Filium
2851 524 3101 564 manasse
3139 510 3204 564 de
3256 509 3346 564 Dei
3399 509 3725 572 substantia,
3776 509 3857 563 sic

598 588 892 650 convenit,
942 586 1165 642 Christo
1215 591 1557 656 detraxisse,
1610 608 1674 648 ac
1723 597 1958 651 sensisse
2008 598 2172 666 (quod

605 691 728 729 mox
767 677 963 730 ibidem
995 678 1125 732 dicit
1155 679 1295 734 idem
1321 679 1602 752 Huetius),
1653 684 1849 738 Filiqu
1895 701 2016 741 esse
2049 697 2174 741 tan-

605 780 718 825 tum
748 778 987 840 paterna:
1014 771 1277 829 bonitatis
1305 773 1628 842 particulam
1665 783 1720 830 et
1765 791 1952 831 auram
1983 792 2176 846 quam-

602 861 727 914 dam
781 859 1195 930 imperfectam;
1233 879 1263 916 a
1300 874 1486 918 mente
1523 865 1690 933 ipsius
1723 866 1974 937 Origenis
2019 881 2178 938 pror-

599 967 692 1006 sus
715 954 950 1006 alienum
983 968 1106 1008 esse
1166 955 1234 1025 (si
1262 957 1423 1010 modo
1474 972 1630 1013 mens
1664 973 1726 1013 ac
1759 961 2028 1014 sententia
2061 960 2180 1031 ejus

596 1058 664 1097 ex
691 1042 846 1099 libris
874 1056 1058 1099 contra
1084 1043 1297 1100 Celsum
1327 1048 1646 1102 aestimanda
1672 1049 1788 1120 sit),
1811 1051 2178 1106 certissimum

601 1144 709 1189 est.
743 1133 879 1189 Nam
919 1151 1044 1191 cum
1082 1136 1136 1191 in
1173 1135 1306 1193 locis
1354 1153 1384 1192 a
1433 1140 1589 1195 nobis
1626 1141 1878 1212 superius
1927 1141 2179 1200 adductis

595 1224 747 1282 clare
775 1227 970 1282 doceat
998 1227 1282 1300 Origenes,
1312 1229 1510 1286 Filium
1538 1245 1681 1298 esse,
1715 1232 1950 1303 perinde
1974 1248 2039 1288 ac
2071 1233 2180 1288 Pa-

597 1325 762 1383 trem,
799 1334 987 1374 verum
1020 1320 1214 1386 Deum,
1263 1322 1586 1391 increatum,
1645 1325 2032 1391 immortalem,
2082 1327 2179 1382 im-

599 1408 935 1474 mutabilem,
974 1411 1389 1482 impassibilem,
1414 1412 1772 1481 immensum,
1800 1416 2003 1487 ubique
2032 1432 2177 1486 pras-

597 1510 831 1567 seutem,
858 1512 1019 1571 atque
1045 1503 1411 1575 undequaque
1466 1507 1688 1562 beatum
1733 1518 1790 1563 et
1828 1508 2170 1578 perlectum;

596 1609 702 1661 qua
743 1595 788 1648 is
842 1597 1052 1650 ratione
1097 1597 1275 1667 potuit
1319 1597 1372 1651 in
1421 1600 1613 1654 eodem
1651 1599 1792 1656 libro
1848 1600 2176 1666 bonitatem,

597 1700 720 1752 qua:
755 1685 902 1740 Patri
930 1687 1209 1755 convenit,
1242 1689 1404 1756 Filio,
1423 1703 1528 1758 qua
1560 1690 1699 1744 Deus
1725 1701 1830 1756 est,
1853 1693 2179 1748 detraheret

601 1774 710 1830 Sed
739 1793 904 1846 supra
961 1795 1111 1832 nmn.
1140 1780 1194 1842 6,
1229 1781 1393 1836 etiam
1439 1784 1824 1837 Adamantium
1873 1785 2177 1840 audivimus

601 1868 765 1923 iulib.
797 1886 858 1924 ιιι
917 1882 1104 1925 contra
1143 1873 1306 1941 Cels.,
1340 1891 1490 1929 num.
1528 1877 1617 1936 ιι.
1653 1878 1946 1941 dicentem,
1979 1878 2175 1932 Filiqu
2207 1856 2249 1912 Β

600 1959 694 2013 Dei
724 1975 845 2015 esse
866 1962 960 2016 τὸν
986 1964 1299 2033 αὑτολόγον,
1338 1968 1433 2021 καὶ
1450 1968 1552 2040 τὴν
1570 1969 1921 2039 αὑτοσοφίαν,
1957 1971 2052 2023 καὶ
2079 1970 2178 2041 τὴν

598 2053 1014 2125 αὑτοαλήθειαν,
1053 2056 1106 2112 id
1130 2067 1216 2112 est
1273 2077 1293 2110 ι
1326 2060 1496 2128 ipsam
1524 2063 1660 2132 (sive
1691 2063 2175 2136 absolutissimum)

600 2144 748 2198 illam
779 2147 1070 2216 rationem,
1109 2148 1283 2218 ipsam
1325 2151 1474 2206 illam
1506 2154 1854 2223 sapientiam,
1900 2155 2069 2225 ipsam
2114 2155 2178 2210 il-

608 2237 714 2290 lam
745 2240 1051 2296 veritatem.
1104 2260 1124 2295 ι
1159 2243 1356 2309 Quidni
1404 2244 1571 2316 igitur
1606 2246 1776 2302 Filius
1819 2248 2031 2303 dicatur
2061 2249 2176 2320 ipsa

600 2327 714 2382 sive
749 2329 1148 2388 absolutissima
1207 2336 1440 2402 bonitas,
1499 2353 1604 2394 non
1645 2340 1902 2396 bonitatis
1949 2340 2179 2409 alicujus

599 2421 898 2485 superioris
926 2425 1190 2492 particula
1238 2437 1404 2496 atque
1444 2443 1576 2482 aura
1622 2430 1870 2499 quaedam
1925 2432 2180 2501 imperfe-

601 2513 730 2566 cta?
761 2511 981 2568 Scilicet
1015 2517 1258 2569 omnimu
1312 2519 1696 2573 attributorum
1745 2522 2053 2576 divinorum
2083 2538 2182 2592 par

608 2614 693 2658 est
721 2605 881 2658 ratio.
913 2605 1005 2661 Sic
1031 2607 1084 2661 in
1109 2608 1250 2662 libro
1298 2623 1330 2660 ν
1378 2620 1566 2663 contra
1607 2611 1839 2678 Celsum,
1890 2629 2039 2668 num.
2086 2614 2178 2681 59,

605 2708 731 2764 pag.
760 2694 888 2759 608,
920 2698 1063 2751 unde
1101 2699 1213 2752 haec
1242 2699 1558 2756 criminatio
1605 2703 1890 2772 desumpta
1927 2714 2030 2770 est,
2081 2706 2182 2760 ite-

603 2781 725 2840 rum
749 2787 1014 2857 Origenes
1045 2788 1242 2843 Filium
1278 2791 1412 2846 dicit
1452 2793 1544 2848 τὸν
1590 2794 1902 2864 αὑτολόγον,
1951 2798 2046 2851 καὶ
2081 2797 2181 2869 τὴν

602 2878 957 2950 αὐτοσοφίαν,
989 2883 1081 2936 καὶ
1107 2883 1205 2956 τὴν
1232 2885 1732 2959 αὐτοδικαιοσύνην,
1765 2891 1814 2942 id
1837 2898 1942 2955 est,
1969 2908 1986 2940 ι
2011 2891 2182 2958 ipsam

603 2971 749 3026 illam
808 2975 1099 3042 rationem,
1152 2978 1324 3047 ipsam
1381 2978 1528 3034 illam
1590 2981 1941 3052 sapientiam,
2007 2981 2180 3050 ipsam

603 3063 748 3117 illam
771 3064 1061 3134 justitiam.
1093 3085 1113 3119 ι
1151 3066 1208 3120 lu
1249 3082 1373 3137 quae
1403 3069 1656 3141 Origenis
1679 3071 1794 3127 loca
1819 3073 2066 3143 quisquis
2094 3073 2179 3128 lu-

2285 612 2537 668 tanquam
2565 600 2741 654 lucem
2775 599 2842 654 de
2869 602 3001 663 sele,
3039 613 3201 669 atque
3226 602 3468 670 ejusdem
3497 616 3619 655 esse
3649 617 3714 654 ac
3753 599 3858 653 Pa-
3922 649 3934 660 ,

2281 701 2417 745 trem
2443 691 2783 757 substantiae,
2812 692 2935 760 quia
2987 692 3077 746 lux
3106 692 3345 760 ejusdem
3392 703 3474 746 est
3511 691 3854 756 substantiae,

2279 780 2432 850 cujus
2474 782 2589 847 sol;
2641 791 2695 836 et
2727 797 2914 835 rursus
2940 781 3134 835 Filiqu
3163 798 3192 836 a
3227 782 3404 836 Patris
3451 782 3750 837 substantia
3802 791 3859 835 et

2278 870 2560 924 divinitate
2583 884 2935 939 segregasse;
2971 871 3094 940 quia
3145 880 3203 926 ut
3246 887 3275 925 a
3306 872 3418 926 sole
3451 887 3547 942 per
3584 870 3857 926 ellluvium

2280 961 2524 1030 profecta
2561 971 2645 1016 est
2672 961 2785 1027 lux,
2820 973 3025 1017 secreta
3062 964 3129 1017 ab
3162 978 3227 1018 eo
3259 975 3311 1018 et
3335 964 3566 1034 seposita
3609 964 3714 1018 dici
3761 977 3859 1032 po-

2281 1063 2422 1118 test;
2459 1063 2720 1124 praterea
2760 1053 2925 1109 Patre
2957 1054 3270 1110 inferiorem
3308 1071 3428 1111 esse
3480 1056 3699 1120 Filium,
3728 1055 3855 1125 quia

2279 1146 2361 1201 sol
2401 1147 2521 1202 luce
2553 1145 2786 1202 nobilior
2817 1153 2903 1201 est
2931 1155 2987 1201 et
3037 1147 3300 1217 dignitate
3333 1147 3599 1215 superior.
3633 1165 3651 1198 ι
3681 1146 3858 1201 Antea

2278 1252 2344 1293 ex
2367 1237 2559 1293 eodem
2597 1237 2764 1294 simili
2796 1239 2865 1293 ab
2922 1237 3158 1308 Origene
3217 1248 3478 1308 usurpato
3519 1237 3851 1307 collegerat,

2280 1342 2429 1381 num.
2462 1325 2555 1390 12,
2591 1342 2712 1398 pag.
2751 1325 2877 1394 125,
2912 1346 2932 1380 ι
2957 1327 3280 1384 Trinitatem
3302 1329 3371 1384 ab
3397 1327 3631 1399 Origene
3657 1328 3710 1382 in
3727 1342 3857 1398 par-

2282 1424 2363 1471 tes
2392 1426 2621 1482 sectam,
2638 1426 2694 1472 et
2719 1417 2970 1472 essentia:
2991 1433 3055 1472 ac
3074 1419 3370 1473 divinitatis
3395 1417 3720 1490 quibusdam
3744 1418 3860 1474 vel-

2280 1509 2355 1561 uti
2387 1507 2644 1580 gradibus
2666 1509 2975 1564 distinctam
3010 1509 3192 1566 fuisse.
3245 1529 3264 1563 ι
3297 1509 3496 1566 Verum
3513 1513 3613 1566 hoc
3642 1527 3748 1566 non
3769 1521 3860 1568 est

2281 1601 2445 1670 (quod
2476 1600 2628 1656 salvo
2649 1600 2860 1657 honore
2888 1600 2987 1655 viri
3035 1600 3396 1657 laudatissimi
3437 1603 3642 1656 dictum
3672 1599 3864 1674 velim)

2283 1693 2399 1763 ipsa
2432 1692 2774 1764 Origeniauaa
2814 1693 3076 1748 doctrina:
3109 1695 3407 1764 penetralia
3459 1694 3689 1751 scrutari
3717 1711 3733 1759 ;
3763 1694 3863 1750 sed

2282 1797 2342 1838 ea
2380 1784 2560 1852 potius
2591 1784 2775 1838 rimari
2809 1794 2864 1840 et
2899 1785 3190 1854 suspicari,
3231 1785 3296 1840 de
3330 1787 3534 1854 quibus
3573 1787 3686 1856 ipse
3731 1785 3860 1843 Ori-.-

2279 1888 2443 1944 genes
2473 1889 2540 1929 ne
2579 1888 2674 1943 per
2718 1874 2985 1928 somnium
3015 1875 3232 1944 quidem
3291 1890 3528 1942 unquant
3581 1875 3861 1944 cogitavit.

2281 1962 2481 2018 Fateor
2532 1964 2940 2033 generationem
2993 1963 3112 2018 Filii
3167 1979 3236 2018 ex
3282 1962 3446 2019 Patre
3502 1965 3758 2018 illustrari
3793 1967 3864 2020 ab

2279 2054 2722 2124 Origene,etiam
2749 2053 2802 2106 in
2833 2053 2990 2108 libris
3022 2065 3208 2108 contra
3242 2054 3474 2120 Celsum,
3506 2055 3866 2109 similitudine

2280 2146 2416 2200 radii
2449 2147 2573 2200 sive
2627 2145 2930 2215 splendoris
2960 2162 2991 2201 a
3043 2147 3180 2212 sole,
3217 2148 3334 2202 sive
3384 2149 3491 2201 alio
3525 2163 3752 2218 corpore
3782 2149 3866 2201 lu-

2281 2239 2425 2305 cido,
2453 2237 2704 2308 proiecti.
2734 2237 2842 2294 Sed
2864 2239 2992 2307 quid
3027 2239 3178 2292 tum?
3211 2241 3404 2293 Aitnon
3441 2238 3631 2294 Patres
3670 2242 3868 2293 catho-

2279 2331 2369 2385 lici
2403 2345 2616 2398 omnes,
2655 2339 2766 2384 tam
2807 2331 2900 2400 qui
2933 2339 3079 2395 ante,
3112 2346 3273 2400 quam
3302 2330 3394 2399 qui
3424 2341 3542 2399 post
3569 2331 3867 2385 concilium

2281 2421 2558 2476 Nicaeuum
2575 2421 2934 2491 scripserunt,
2957 2423 3146 2478 eodem
3170 2422 3334 2476 simili
3366 2423 3447 2476 usi
3477 2423 3650 2478 sunt?
3675 2421 3870 2477 Nonne

2281 2515 2382 2584 ipsi
2422 2514 2614 2571 Patres
2658 2513 2884 2579 Nicmni,
2914 2514 3075 2584 idque
3117 2514 3171 2568 in
3213 2516 3326 2584 ipso
3361 2514 3608 2585 symbolo
3647 2529 3747 2568 suo
3782 2514 3870 2566 di—

2281 2618 2508 2673 xerunt,
2543 2609 2738 2665 Filium
2791 2608 2960 2664 Deum
3009 2623 3072 2661 ex
3107 2607 3267 2662 Patre
3321 2607 3432 2661 Deo
3478 2608 3656 2671 nasci,
3695 2616 3754 2659 ut
3788 2605 3870 2659 lu-

2284 2719 2404 2756 men
2433 2704 2499 2758 de
2529 2701 2781 2756 lumine?
2814 2701 2879 2754 Et
2903 2700 3032 2769 quid
3065 2700 3281 2752 demum
3329 2699 3585 2768 Epistola:
3639 2699 3705 2752 ad
3758 2698 3867 2752 He—

2283 2796 2456 2848 braeos
2487 2795 2668 2849 divino
2701 2793 2956 2862 scriptori
3007 2792 3118 2854 liet,
3152 2793 3243 2860 qui
3291 2805 3396 2844 non
3425 2791 3629 2844 veritus
3659 2799 3743 2844 est
3776 2789 3868 2843 Fi-

2285 2886 2412 2939 lium
2445 2885 2537 2939 Dei
2575 2898 2890 2952 nuncupare
2945 2883 3292 2951 ἁπαὺγασμα
3322 2881 3420 2951 τῆς
3445 2876 3602 2949 δόξης
3625 2877 3719 2930 τοῦ
3747 2878 3867 2931 Πα-

2282 2977 2441 3048 τρός,
2478 2975 2804 3046 splendorem
2841 2985 3072 3045 paternae
3103 2974 3308 3043 glort'w,
3362 2987 3484 3041 cap.
3538 2985 3580 3034 I,
3613 2985 3755 3023 vers.
3791 2968 3874 3022 5?

2289 3067 2402 3122 Duo
2435 3073 2580 3121 certe
2619 3066 2940 3135 porismata,
2977 3079 3095 3133 quia:
3120 3080 3188 3119 ex
3217 3065 3320 3118 bac
3343 3061 3752 3130 comparatione
3772 3059 3869 3113 de-

601 3153 880 3208 culeutum
934 3159 1385 3211 commentarium
1432 3161 1600 3229 cupit,
1651 3162 1809 3215 adeat
1847 3160 1916 3214 M.
1943 3162 2186 3216 Athana-
2212 3197 2255 3229 μ
2296 3157 2468 3221 ducit,
2492 3155 2822 3226 Origenique
2863 3154 3072 3226 allingit
3099 3153 3354 3219 lluetius,
3393 3167 3423 3205 ιι
3456 3162 3640 3206 mente
3665 3148 3866 3218 Orige-

602 3244 740 3300 sium
777 3247 830 3301 iu
863 3247 1118 3303 Oratione
1149 3261 1332 3303 contra
1364 3261 1538 3320 gentes
1562 3251 1698 3321 (δι),
1731 3253 1818 3307 tibi
1846 3253 1925 3307 sic
1948 3253 2016 3309 de
2042 3254 2181 3308 Filio
2212 3241 2257 3258 “
2291 3251 2374 3303 nis
2396 3249 2616 3304 omnino
2651 3248 2824 3302 aliena
2851 3257 2998 3304 sunt.
3036 3247 3278 3302 Primum
3296 3256 3398 3308 est,
3422 3243 3620 3298 Filium
3643 3258 3672 3297 a
3705 3241 3870 3298 Patre

609 3338 701 3392 Dei
725 3340 964 3395 scribit:
1009 3341 1252 3412 Δύναμις
1293 3345 1408 3395 ἐστι
1456 3342 1552 3397 τοῦ
1599 3344 1832 3416 Πατρός,
1880 3345 1976 3398 καὶ⁸
2004 3345 2184 3414 σοφία,

605 3431 701 3485 καὶ
727 3429 906 3498 λόγος,
935 3431 999 3482 οὐ
1025 3432 1165 3484 κατὰ
1199 3431 1432 3504 μετοχὴν
1462 3432 1634 3486 ταῦτα
1676 3433 1774 3497 ὣν,
1820 3435 1943 3488 οὐδὲ
1989 3436 2187 3503 ἔξωθεν

606 3521 1005 3591 ἐπιγινομένων
1035 3521 1246 3576 τούτων
1290 3523 1439 3594 αὺτῷ
1479 3523 1622 3577 κατὰ
1666 3527 1793 3588 τοὺς
1844 3526 2010 3578 αὑτοῦ
2067 3544 2189 3598 μετ-

606 3609 853 3679 έχοντας,
903 3612 996 3664 καὶ
1041 3612 1428 3683 σοφιζομένους
1458 3614 1525 3667 δι’
1574 3615 1762 3679 αὑτοῦ,
1786 3617 1878 3670 καὶ
1903 3616 2183 3686 δυνατοὺς,

607 3701 701 3753 καὶ
733 3699 983 3770 λογικοὺς
1012 3705 1074 3757 ὲν
1096 3704 1246 3775 αὐτῷ
1276 3707 1594 3774 γινομένους
1629 3723 1642 3736 ⁶
1698 3707 1814 3759 ἀλλ’
1864 3709 2184 3778 αὑτοσοερία,

607 3794 925 3863 αὐτολόγος,
957 3796 1322 3869 αὐτοδύναμις
1354 3798 1457 3852 ἰδία
1492 3797 1585 3851 τοῦ
1603 3799 1814 3871 Πατρός
1831 3801 1998 3865 ἐστιν,
2023 3802 2185 3855 αὐτο-

608 3884 744 3954 φῶς,
784 3886 1164 3958 αὑτοαλήθεια,
1203 3888 1671 3958 αὑτοδικαιοσύνη,
1717 3889 2045 3960 αὑτοαρετήο
2093 3891 2189 3944 καὶ

610 3977 711 4055 μὲν
751 3977 846 4031 καὶ
877 3979 1186 4051 χαρακτὴρ,
1227 3979 1320 4034 καὶ
1354 3980 1718 4050 ἀπαύγασμα,
1747 3981 1840 4034 καὶ
1863 3980 2060 4034 εἰκών·
2093 3982 2188 4035 καὶ

607 4067 880 4120 συνελόντι
923 4069 1151 4140 φράσαι,
1194 4070 1409 4141 καρπὸς
1459 4071 1774 4134 παντέλειος
1820 4069 1912 4123 τοῦ
1974 4071 2188 4144 Πατρὸς

607 4158 866 4230 ὑπάρχει,
893 4161 988 4214 καὶ
1019 4160 1178 4230 μόνος
1204 4161 1351 4214 ἐστὶν
1385 4159 1535 4225 Υἱὸς,
1571 4159 1734 4214 εἰκὼν
1767 4160 2188 4231 ἀπαράλλακτος

608 4248 706 4306 τοῦ
739 4247 970 4324 Πατρός.
1015 4248 1072 4304 1d
1102 4262 1219 4317 est,
1255 4268 1272 4302 ι
1312 4249 1558 4310 Potentia
1603 4261 1784 4305 autem
1834 4249 2014 4307 Patris
2053 4252 2188 4306 dici-

609 4350 718 4408 tur,
761 4351 816 4396 et
866 4343 1134 4412 sapientia
1181 4352 1236 4397 et
1270 4343 1430 4409 ratio,
1486 4358 1593 4398 non
1645 4343 1770 4398 ideo
1817 4348 1960 4414 quod
2004 4343 2186 4414 aliqua

607 4445 818 4492 tantum
851 4452 919 4492 ex
950 4448 1103 4506 parte
1139 4439 1366 4492 istarmu
1394 4453 1578 4493 rerum
1609 4440 2044 4497 communionem
2071 4439 2187 4496 adi-

2288 3342 2452 3395 dividi
2480 3351 2537 3395 et
2558 3342 2801 3411 separari
2836 3351 2894 3396 ut
2923 3351 3133 3411 partem
3170 3340 3366 3396 divinzr.
3388 3338 3638 3394 essentia;
3673 3352 3704 3391 a
3729 3345 3868 3402 tota,

2289 3435 2535 3504 adeoque
2573 3433 2668 3487 Dei
2710 3433 3009 3488 essentiam
3050 3434 3100 3485 in
3131 3440 3316 3502 partes
3345 3443 3549 3484 sectam
3579 3444 3721 3484 esse.
3757 3426 3870 3483 Sed

2287 3526 2412 3592 quis
2441 3525 2650 3588 credat,
2680 3523 2924 3594 Origeni,
2959 3523 3076 3577 viro
3122 3537 3256 3576 sane
3302 3537 3407 3576 non
3460 3521 3702 3586 indocto,
3753 3529 3866 3574 tam

2292 3614 2553 3668 insulsam
2591 3614 2982 3683 blasphemiam
3023 3613 3212 3667 venire
3240 3613 3292 3666 in
3322 3620 3558 3666 mentem
3582 3610 3871 3680 potuisse?

2288 3706 2512 3774 Quoties
2567 3721 2698 3761 vero
2740 3708 2790 3760 in
2834 3707 3054 3775 scriptis
3108 3707 3222 3760 suis
3254 3707 3413 3760 istam
3476 3705 3868 3774 blasphemiam

2288 3811 2548 3866 expresse
2581 3798 2888 3866 repudiavit
2919 3797 3308 3850 Adamantius!
3340 3793 3430 3850 Sic
3475 3799 3558 3864 (ut
3591 3797 3694 3848 alia
3753 3797 3869 3848 loca

2287 3899 2541 3944 sexcenta
2572 3887 2844 3959 omittam)
2880 3888 2932 3942 in
2958 3888 3096 3942 libro
3143 3903 3196 3942 tv
3233 3898 3416 3940 contra
3438 3888 3604 3951 Ccls.,
3633 3902 3783 3940 num.
3813 3887 3870 3948 4,

2288 3997 2411 4051 pag.
2437 3979 2542 4035 510
2580 3980 2764 4050 (quem
2815 3980 2994 4035 locum
3027 3980 3138 4050 jam
3188 3993 3352 4047 supra
3386 3979 3437 4032 in
3491 3979 3593 4031 hoc
3645 3978 3824 4046 capite
3850 4013 3870 4042 ,

2290 4089 2437 4128 unm.
2470 4074 2526 4140 7,
2561 4073 2834 4142 integrum
2863 4071 3213 4141 adduximus)
3247 4069 3542 4139 Epicureos
3572 4079 3625 4123 et
3655 4069 3874 4125 Stoicos

2291 4165 2502 4231 irridet,
2545 4168 2689 4234 quod
2738 4179 2845 4219 non
2891 4162 3165 4234 potuerint
3197 4160 3476 4234 τρανῶσαι
3501 4162 3598 4232 τὴν
3630 4159 3871 4234 φυσικὴν

2286 4257 2382 4312 τοῦ
2415 4256 2550 4311 Θεοῦ
2577 4256 2801 4320 ἔννοιαν,
2828 4254 2904 4319 ὡς
2927 4254 3103 4326 πάντη
3140 4253 3422 4324 ἀφθάρτου
3446 4292 3461 4316 ,
3522 4254 3618 4307 καὶ
3670 4252 3871 4320 ἁπλοῦ,

2288 4350 2383 4404 καὶ
2416 4349 2730 4413 ἀσυνθέτου,
2775 4349 2870 4403 καὶ
2919 4347 3248 4420 ἀδιαιρέτου,
3283 4347 3333 4400 id
3364 4355 3468 4409 est,
3508 4363 3528 4398 ι
3559 4346 3716 4400 Clare
3772 4345 3871 4402 Dei

2290 4448 2543 4492 naturam
2578 4437 2906 4507 intelligere,
2934 4451 3125 4506 nempe
3169 4437 3312 4506 quod
3345 4437 3389 4489 is
3419 4437 3490 4490 sit
3540 4436 3764 4490 oniniuo
3790 4437 3871 4488 ἰηι-

609 4531 865 4604 piscator,
907 4541 999 4584 aut
1024 4532 1123 4585 ista
1146 4531 1361 4585 aliunde
1384 4531 1482 4600 ipsi
1509 4533 1966 4600 supervenirent;
1995 4546 2181 4600 quem-
2214 4535 2258 4590 D
2289 4529 2678 4600 corruptibilis,
2700 4539 2756 4584 et
2803 4527 3057 4598 simplex,
3092 4544 3190 4583 nec
3215 4529 3570 4596 compositus,
3603 4542 3702 4582 nec
3732 4527 3858 4581 divi.

539 4617 544 4623 ’
608 4622 895 4675 admodum
954 4623 1043 4690 qui
1119 4623 1292 4692 ipsius
1339 4630 1464 4676 sunt
1498 4624 1810 4693 participes,
1855 4639 1949 4692 per
2004 4625 2180 4694 ipsum
2291 4620 2483 4674 sibilis.
2522 4637 2542 4671 a
2584 4618 2704 4674 Mox
2748 4619 2896 4673 addit
2929 4617 3120 4672 Filium
3159 4618 3249 4672 Dei
3301 4618 3353 4672 in
3388 4617 3562 4672 forma
3598 4618 3714 4680 Dei,
3757 4619 3865 4672 hoc

609 4715 910 4780 sapientes,
961 4725 1215 4782 potentes
1257 4729 1321 4767 ac
1356 4715 1651 4769 rationales
1690 4712 1995 4769 efﬁciuntur
2035 4730 2051 4768 :
2089 4715 2184 4771 sed
2291 4720 2395 4777 est,
2427 4710 2480 4764 in
2503 4710 2743 4765 essentia
2773 4709 2952 4764 divina
2981 4709 3300 4775 subsistere,
3343 4709 3573 4778 proinde
3600 4719 3654 4762 et
3686 4711 3868 4778 ipsum

608 4814 894 4875 propterea
923 4806 1063 4876 quod
1095 4807 1166 4859 sit
1195 4805 1310 4875 ipsa
1345 4807 1630 4875 sapientia,
1688 4807 1799 4875 ipsa
1856 4808 2016 4874 ratio,
2069 4809 2181 4877 ipsa

609 4897 828 4964 propria
854 4898 1095 4966 potentia
1128 4897 1326 4965 Patris,
1360 4900 1473 4968 ipsa
1501 4897 1617 4962 lux,
1657 4897 1771 4967 ipsa
1809 4898 2032 4964 veritas,
2064 4899 2180 4969 ipsa

601 4987 837 5057 jnstitia,
885 4989 1000 5058 ipsa
1044 4989 1238 5052 virtus,
1282 4999 1337 5045 et
1377 4992 1680 5054 character,
1719 5000 1774 5044 et
1814 4989 2090 5060 splendor,
2123 5000 2180 5046 et

607 5081 788 5152 imago
839 5080 1051 5137 Patris:
1081 5091 1156 5148 et,
1207 5095 1265 5135 ut
1310 5084 1476 5138 verbo
1523 5083 1722 5150 dicam,
1755 5080 1964 5137 fructus
2007 5081 2183 5139 Patris

608 5177 964 5241 undecunque
1013 5171 1306 5242 perfectus,
1341 5187 1408 5228 ac
1433 5173 1579 5228 solus
1619 5171 1813 5238 Filius,
1857 5183 1912 5228 et
1946 5173 2184 5228 invaria-

610 5265 736 5320 bilis
771 5265 948 5336 imago
976 5265 1174 5321 Patris.
1208 5286 1226 5318 ι

682 5355 710 5427 §
728 5354 864 5411 XIV.
890 5355 1194 5414 Doctissiuli
1216 5355 1392 5411 lluetii
1415 5355 1641 5425 vestigia
1664 5354 1842 5410 adhuc
1860 5361 2070 5426 prerrlo,
2085 5355 2179 5424 qui

609 5464 688 5512 se,
734 5451 915 5504 missis
959 5450 1319 5520 ambagibus,
1361 5451 1478 5519 ipsa
1523 5450 1865 5520 Origeniana
1911 5449 2175 5504 doctrina:

611 5541 902 5617 penetralia
927 5553 1295 5598 scrutaturum
1327 5542 1624 5614 professus,
1667 5550 1817 5598 notat
1864 5540 2178 5610 Origenian.

611 5631 706 5694 lib.
745 5647 806 5698 ιι,
837 5645 1026 5703 quaest.
1063 5633 1120 5699 2,
1157 5649 1304 5688 ιιιιιιι.
1358 5634 1450 5701 24,
1508 5649 1632 5705 pag.
1667 5631 1788 5698 152,
1824 5649 1843 5684 ι
1889 5631 2182 5687 credidisse

683 5838 795 5906 (1'21)
828 5837 983 5892 Tum.
1018 5837 1058 5902 ι,
1090 5853 1140 5903 p.
1174 5838 1261 5892 3i.

2285 4802 2440 4873 juxta
2461 4817 2584 4857 cum
2615 4801 2774 4856 Patre
2795 4802 3183 4856 immutabilem
3209 4816 3352 4858 esse.
3387 4800 3532 4856 Nihil
3557 4811 3735 4856 autem
3772 4817 3873 4856 ex-

2292 4894 2534 4966 pressius
2574 4894 2700 4948 huic
2725 4903 3037 4950 commento
3059 4900 3343 4963 repugnat,
3371 4907 3534 4962 quam
3561 4893 3723 4946 verba
3747 4889 3874 4946 Ori-

2289 4986 2464 5056 genis,
2510 5000 2630 5055 qua:
2689 4999 2758 5040 ex
2799 4984 2890 5039 lib.
2928 4998 2965 5038 ιι
3019 5000 3135 5052 sup.
3183 4982 3372 5046 10am,
3411 4996 3532 5050 pag.
3597 4980 3702 5046 92,
3739 4980 3875 5036 citat

2288 5077 2602 5148 Pamphilus
2634 5077 2686 5131 in
2712 5076 2931 5147 Apolog.
2963 5091 3153 5144 nempe
3179 5076 3326 5129 bare:
3350 5093 3367 5125 ι
3398 5072 3719 5143 Unigenitus
3739 5089 3876 5142 ergo

2290 5168 2434 5225 Deus
2457 5169 2702 5224 Salvator
2730 5181 2918 5224 noster
2967 5169 3118 5223 solus
3160 5183 3189 5222 a
3224 5167 3386 5222 Patre
3421 5178 3734 5237 generatus,
3767 5183 3871 5221 na-

2289 5273 2412 5319 tura
2442 5273 2496 5318 ct
2535 5277 2641 5317 non
2672 5261 2962 5330 adoptione
2988 5261 3158 5318 Filius
3193 5268 3294 5315 est.
3349 5259 3522 5314 Natus
3570 5270 3748 5314 autem
3803 5275 3872 5312 ex

2290 5355 2405 5423 ipsa
2442 5355 2618 5410 Patris
2663 5365 2862 5421 mente,
2916 5354 3058 5410 sicut
3109 5353 3358 5408 voluntas
3410 5367 3479 5408 ex
3515 5361 3718 5407 mente.
3752 5350 3872 5404 Non
3915 5398 3925 5409 .

2289 5447 2436 5500 enim
2466 5446 2756 5502 divisibilis
2798 5457 2885 5501 cst
2930 5447 3108 5500 divina
3149 5455 3367 5507 natura,
3422 5445 3473 5498 id
3505 5452 3608 5509 est,
3639 5444 3873 5511 ingeniti
3905 5426 3930 5499 ".

2292 5536 2490 5599 Patris,
2524 5548 2578 5592 ut
2617 5547 2867 5606 putemus
2889 5539 2975 5592 vel
3005 5538 3302 5600 divisione,
3357 5535 3438 5589 vel
3486 5535 3873 5589 imminutione
3911 5528 3950 5584 ἐ

2292 5631 2608 5686 substantiae
2665 5631 2803 5698 ejus,
2857 5629 3199 5685 Filimncssc
3253 5628 3620 5699 progenitum.
3657 5643 3676 5677 ι
3737 5623 3873 5680 Vide
