4152 6402
311 405 447 459 1515

1323 396 1413 451 EX
1452 396 1516 452 Ο.
1559 392 1759 451 BULLI
1801 393 1950 450 DEF.
1993 393 2169 448 FlDEl
2209 391 2536 447 NlC/ENIE.

3419 389 3552 442 12H

313 517 475 584 hujus
506 529 653 586 cap.,
678 529 828 570 num.
867 512 957 576 19,
985 513 1038 566 in
1067 511 1195 566 line.
1217 510 1298 564 Ad
1327 512 1558 567 alterum
1585 509 1763 565 Huetii
1787 525 1882 565 co-
1907 516 1957 575 Α
1985 507 2106 579 Θεῷ
2129 524 2144 540 ·
2177 508 2231 562 id
2259 515 2366 569 est,
2407 524 2426 558 ι
2462 505 2571 560 Sed
2601 519 2765 558 unum
2797 494 2990 568 Deum,
3019 512 3074 557 et
3105 502 3221 572 ejus
3264 501 3461 557 Filium
3493 517 3553 557 at

314 608 592 664 rollarium
629 607 778 676 quod
810 607 1024 671 attinet,
1063 618 1258 671 nempe
1311 602 1508 656 Filium
1553 602 1621 657 ab
1651 601 1887 674 Origene

312 701 472 756 Patre
497 697 809 754 inferiorem
866 697 1053 762 statui,
1093 696 1234 750 infra
1287 709 1386 749 suo
1414 695 1533 748 loco
1589 694 1885 749 evidentis-

310 792 448 846 sime
477 789 783 853 ostendam,
821 802 1098 857 nunquam
1123 786 1379 841 statuisse
1401 784 1710 856 Origenem,
1737 785 1882 840 Patri

308 879 510 934 Filium
540 893 662 934 esse
687 879 946 947 imparem
974 876 1127 945 juxta
1170 876 1487 942 essentiam,
1523 875 1620 930 sed
1677 884 1884 928 tantum

311 972 540 1042 originis
572 979 840 1039 respectu,
876 983 1070 1037 nempe
1108 977 1375 1036 quatenus
1397 965 1556 1020 Pater
1585 973 1670 1020 est
1698 975 1888 1020 auctor

312 1073 366 1119 et
400 1062 720 1133 principium
755 1059 903 1114 Filii.
934 1057 1109 1113 Verbo
1142 1059 1344 1122 dicam,
1388 1057 1656 1127 Origenes
1689 1055 1886 1126 aliique

314 1154 570 1210 catholici
612 1153 800 1207 Patres
829 1151 1005 1206 simile
1034 1150 1162 1204 illud
1197 1150 1327 1205 solis
1376 1161 1430 1205 et
1476 1150 1633 1212 radii,
1669 1148 1806 1203 lucis
1833 1160 1886 1201 et

315 1246 619 1316 splendoris
648 1254 990 1315 usurpantes,
1027 1244 1142 1297 hac
1197 1251 1404 1297 tantum
1457 1241 1766 1310 signiﬁcare
1793 1254 1888 1295 vo-

313 1336 550 1402 luerunt,
586 1350 759 1405 neque
787 1335 933 1390 aliud
959 1334 1254 1404 quidquam
1295 1333 1430 1403 ipsis
1456 1332 1508 1386 in
1537 1342 1772 1388 mentem
1794 1347 1887 1387 ve-

315 1432 398 1487 nit
425 1449 438 1484 :
468 1431 523 1483 i'
552 1427 768 1484 Patrem
796 1444 913 1484 esse
943 1427 1126 1499 πηγὴν
1149 1425 1420 1497 θεότητος,
1459 1444 1480 1478 ι
1520 1424 1722 1480 fontem
1753 1425 1888 1480 divi-

316 1521 525 1588 nitatis,
563 1541 584 1574 ›
614 1521 1067 1590 quemadmodum
1101 1520 1182 1574 sol
1214 1518 1335 1574 fons
1356 1526 1444 1572 est
1481 1517 1786 1586 splendoris
1817 1531 1886 1572 ex

315 1615 433 1685 ipso
449 1614 634 1668 emissi
659 1629 675 1679 ;
713 1612 770 1666 2'
790 1611 984 1666 Filium
1008 1624 1129 1665 esse
1153 1609 1394 1678 ejusdem
1417 1620 1626 1663 natura
1665 1623 1730 1663 ac
1756 1606 1888 1662 sub-

315 1706 546 1768 stantia,
577 1703 733 1773 cujus
758 1711 844 1757 est
891 1701 1084 1768 Pater;
1116 1707 1302 1771 utpote
1329 1699 1398 1754 de
1434 1699 1547 1768 ipsa
1597 1696 1778 1754 Patris
1801 1713 1889 1753 es-

314 1797 491 1852 sentia
539 1795 801 1865 genitum,
855 1803 914 1848 ut
969 1792 1150 1847 lumen
1214 1806 1281 1847 ex
1340 1790 1545 1846 lumine
1574 1801 1799 1854 manat;
1833 1791 1890 1845 5'

1987 599 2225 654 Verbum
2256 597 2680 668 imaginemque,
2711 606 2973 664 quanttnn
3008 609 3320 664 possumus,
3349 594 3552 664 suppli-

1987 689 2292 746 cationibus
2319 698 2374 743 et
2407 689 2708 742 honoribus
2748 703 3092 745 veneramur.
3123 685 3415 743 oﬁerentes
3447 686 3558 740 Deo

1986 782 2364 836 universorum
2393 779 2622 833 Domino
2650 793 2837 848 preces
2861 794 2956 848 per
2979 794 3137 833 suum
3166 779 3516 850 Unigenitum
3541 795 3556 831 :

1987 878 2072 930 cui
2101 875 2252 944 prius
2281 887 2374 928 eas
2403 872 2707 934 otl‘erimus,
2739 882 2994 941 rogantes
3023 881 3080 925 ut
3127 871 3265 940 ipse,
3325 869 3416 938 qui
3448 878 3558 933 est,

1986 967 2294 1035 propitiatio
2322 981 2417 1034 pro
2451 966 2678 1034 peccatis
2705 965 2898 1017 nostris
2930 963 3274 1031 “,dignetur
3300 972 3559 1031 tanquam

1988 1057 2238 1112 Pontifex
2274 1070 2463 1126 preces
2502 1065 2739 1121 nostras,
2784 1064 2838 1107 et
2870 1054 3165 1120 sacrificia,
3219 1063 3274 1106 et
3299 1054 3562 1108 interces-

1990 1149 2170 1203 siones
2199 1147 2396 1202 oﬂ‘erre
2429 1148 2537 1202 Deo
2557 1147 2769 1215 optimo
2805 1147 3060 1200 maximo.
3101 1164 3118 1196 ι
3156 1144 3322 1197 Miror
3378 1147 3561 1197 haece

1989 1239 2241 1311 Origenis
2272 1240 2388 1294 loca
2416 1241 2534 1294 viro
2562 1241 2721 1292 docto
2763 1237 3087 1292 oﬂ‘eudieulo
3115 1252 3256 1300 esse,
3287 1237 3339 1288 in
3364 1237 3560 1303 quibus

1991 1339 2208 1401 egomet
2230 1331 2312 1400 (ut
2338 1345 2523 1384 verum
2561 1328 2752 1398 fatear)
2785 1328 3122 1382 Catholicam
3156 1327 3222 1381 de
3247 1341 3475 1396 persona
3505 1337 3561 1380 et

1989 1424 2172 1478 omcio
2200 1423 2519 1478 Servatoris
2571 1421 2742 1476 nostri
2779 1421 3083 1475 doctrinam
3134 1434 3242 1472 non
3293 1419 3432 1472 male
3464 1432 3562 1474 ex-

1989 1514 2180 1586 plicari
2221 1528 2438 1584 semper
2457 1511 2902 1568 existimaverim.
2931 1509 3037 1564 Sed
3059 1511 3125 1563 ad
3156 1524 3289 1564 rem.
3313 1507 3562 1563 Christus

1991 1607 2252 1662 Dominus
2280 1616 2463 1661 noster
2496 1605 2745 1658 bifariam
2779 1602 3016 1673 spectari
3046 1609 3245 1668 potest,
3273 1615 3378 1668 qua
3417 1598 3561 1654 Deus
3643 1595 3646 1598 ’

1989 1709 2092 1762 est,
2119 1707 2174 1752 et
2193 1712 2298 1767 qua
2333 1693 2696 1766 Θεάνθρωπος
2741 1694 2856 1750 sive
2903 1692 3170 1747 mediator
3218 1692 3362 1746 inter
3393 1691 3561 1746 Deum

1992 1798 2047 1845 et
2072 1789 2368 1844 hominem.
2403 1789 2516 1843 Sub
2565 1786 2854 1856 posteriori
2891 1785 3075 1856 σχέσει
3121 1785 3166 1839 si
3217 1782 3563 1838 Servatoretn

316 1888 520 1943 Filium
550 1887 864 1956 neutiquam
898 1901 925 1941 a
960 1885 1120 1940 Patre
1160 1900 1258 1940 suo
1287 1883 1520 1939 divisum
1555 1899 1620 1939 ac
1667 1899 1890 1955 separa-
1920 1866 1964 1922 Β
1992 1890 2234 1936 nostrum
2266 1890 2499 1948 spectes,
2535 1887 2748 1933 constat
2779 1876 2964 1931 multis
2987 1875 3286 1945 Scriptura
3313 1873 3448 1928 locis
3482 1883 3565 1926 at-

321 1988 431 2033 tum
458 1978 758 2041 exsistere;
787 1975 1246 2046 quemadmodum
1279 1989 1380 2029 nec
1412 1975 1594 2030 radius
1650 1989 1679 2029 a
1731 1975 1846 2030 sole
1871 2017 1886 2042 ,

317 2085 418 2123 nec
447 2067 701 2136 splendor
723 2083 753 2120 a
789 2067 910 2121 luce
933 2065 1296 2134 disiungitur;
1330 2065 1389 2119 4°
1435 2065 1668 2135 denique
1694 2065 1888 2121 Filium

318 2161 434 2214 sine
457 2160 780 2213 alteratione
829 2167 884 2212 et
913 2158 1271 2211 diminutione
1298 2156 1494 2212 divina
1528 2159 1781 2212 essentia
1821 2171 1889 2210 ex

318 2251 484 2306 Putre
507 2251 678 2304 nasci.
709 2249 970 2319 Equidem
1010 2250 1108 2303 hos
1143 2249 1310 2302 animi
1357 2249 1527 2302 nostri
1571 2259 1888 2318 conceptus,

319 2344 387 2398 de
414 2343 689 2398 adoranda
721 2341 1070 2411 generatione
1092 2339 1214 2394 Filii
1236 2340 1350 2403 Dei,
1377 2341 1571 2392 mirum
1591 2339 1644 2392 in
1676 2339 1892 2394 modum

319 2434 536 2501 adjuvat
562 2432 860 2488 similitudo
895 2432 1035 2495 ista;
1072 2432 1214 2485 unde
1235 2439 1290 2487 et
1319 2446 1349 2484 a
1381 2429 1634 2484 Patribus
1658 2427 1894 2484 Nieanis

319 2526 374 2580 in
404 2526 518 2593 ipsa
543 2523 886 2579 confessione
920 2538 1018 2577 sua
1057 2523 1295 2576 adhibita
1323 2521 1444 2576 fuit.

390 2615 417 2687 §
441 2614 558 2668 XV.
579 2615 970 2684 Restatquinta
993 2623 1154 2682 atque
1171 2613 1356 2667 ultima
1379 2611 1709 2676 criminatio,
1734 2626 1892 2678 quam

319 2723 385 2764 ex
412 2707 564 2762 libris
587 2718 771 2761 contra
794 2707 1000 2760 Celsum
1023 2704 1238 2776 Origeni
1259 2706 1485 2758 intentat
1511 2702 1736 2757 Huetius
1768 2701 1893 2757 Ori-

318 2801 528 2868 genian.
562 2798 657 2852 lib.
695 2813 757 2862 n,
782 2807 975 2866 quast.
1004 2796 1058 2864 Ξ,
1077 2811 1226 2849 num.
1253 2794 1343 2860 29,
1378 2808 1500 2864 pag.
1533 2794 1653 2858 156,
1680 2807 1893 2862 nempe,

321 2892 571 2945 docuisse
632 2889 804 2959 ipsum
858 2907 878 2940 ι
933 2887 1206 2942 humiliori
1249 2885 1466 2940 Patrem
1514 2887 1894 2940 obsecratione

321 2984 690 3037 venerandum
718 2997 839 3036 esse
898 2996 1059 3050 quam
1092 2978 1312 3032 Filium.
1346 2996 1366 3029 ι
1413 2976 1720 3032 Genuinam
1758 2978 1897 3030 hanc

323 3074 492 3130 fuisse
533 3075 784 3140 Origenis
832 3072 1160 3128 sententiam
1204 3071 1413 3125 duobus
1444 3071 1718 3138 praecipue
1763 3067 1896 3122 locis

323 3182 389 3222 ex
413 3168 602 3221 iisdem
631 3166 782 3220 libris
810 3165 1021 3235 probat.
1047 3163 1197 3218 Alter
1215 3163 1367 3218 locus
1394 3163 1735 3217 inveniturin
1761 3162 1898 3216 libro
1925 3202 1968 3261 α

323 3260 533 3329 quinto,
564 3273 711 3312 num.
744 3257 800 3321 4,
830 3273 951 3327 pag.
988 3256 1114 3321 580,
1151 3255 1239 3309 ubi
1271 3255 1350 3310 sic
1371 3255 1634 3326 Origenes
1651 3254 1896 3309 disserit:

323 3355 510 3416 Πᾶσαν
545 3353 642 3422 μὲν
675 3351 858 3420 δέησιν
879 3349 986 3420 γὰρ
1009 3349 1102 3402 καὶ
1131 3349 1461 3418 προσευχὴν,
1506 3348 1600 3400 καὶ
1643 3345 1901 3412 ἔντευξιν,

325 3445 420 3498 καὶ
433 3445 563 3514 εὐχα
574 3443 782 3515 ριστίαν
801 3441 1184 3512 ἀναπεμπτέον
1200 3439 1278 3510 τῷ
1303 3441 1396 3492 ἐπὶ
1413 3440 1548 3492 πᾶσι
1573 3437 1693 3509 Θεῷ
1707 3437 1797 3492 διὰ
1810 3438 1904 3491 τοῦ

325 3537 417 3589 ἐπὶ
443 3534 910 3603 πάντωνάγγέλων
936 3533 1261 3604 ἀρχιερέως,
1290 3531 1536 3603 ἐμψύχου
1552 3531 1723 3600 Λόγου
1745 3529 1902 3584 Θεοῦ’

323 3627 627 3698 δεησόμεθα
638 3627 693 3679 δὲ
713 3624 981 3687 καὶαὺτοῦ
993 3624 1087 3678 τοῦ
1104 3625 1300 3692 Λόγου,
1318 3624 1413 3677 καὶ
1428 3622 1788 3693 ἐντευξόμεθα
1809 3623 1907 3677 αὑ-

324 3719 422 3792 τῷ,
441 3720 1028 3791 ηὶεὺχαριστήσομεν,
1053 3719 1148 3772 καὶ
1179 3714 1587 3788 προσευξόμεθα
1606 3715 1685 3780 δὲ,
1704 3716 1800 3769 ἐὰν
1816 3715 1906 3767 δυ-

327 3811 543 3884 νώμεθα
573 3811 896 3864 κατακούειν
928 3811 1026 3880 τῆς
1043 3808 1170 3880 περὶ
1195 3808 1499 3880 προσευχῆς
1528 3806 1903 3878 κυριολέξεως,

326 3903 420 3956 καὶ
452 3901 872 3974 καταχρήσεως⁴
897 3902 949 3956 id
974 3914 1078 3965 eSt,
1116 3918 1134 3950 ι
1165 3899 1370 3954 Omnes
1401 3899 1546 3952 enim
1571 3897 1907 3966 deprecatio-

329 4010 448 4058 nes,
487 4005 541 4048 et
571 3995 884 4064 petitiones,
911 4005 1101 4046 omnes
1129 3987 1597 4058 interpellationes
1620 3994 1674 4042 et
1698 3987 1901 4056 gratia-

326 4102 448 4142 rum
480 4086 724 4140 actiones
764 4083 1052 4138 fundenda
1082 4091 1211 4136 sunt
1245 4081 1376 4147 Deo,
1435 4093 1618 4134 rerum
1661 4079 1904 4133 omnium

329 4179 587 4243 Domino,
621 4192 718 4248 per
749 4175 1008 4244 majorem
1059 4174 1318 4228 omnibus
1364 4171 1574 4242 angelis
1631 4183 1904 4226 summum

327 4269 672 4334 Pontificem,
703 4268 884 4321 vivum
917 4263 1152 4320 Verbum
1176 4272 1232 4318 et
1275 4261 1468 4316 Deum.
1500 4259 1737 4314 Verbum
1770 4272 1907 4326 quo-

320 4351 437 4431 'que
464 4359 594 4413 illud
626 4355 967 4427 deprecaturi
1002 4366 1210 4421 sumus,
1243 4348 1732 4419 interpellabimus,
1765 4355 1823 4401 et
1854 4345 1906 4400 ei

328 4451 533 4523 gratias
555 4464 804 4520 agemus,
840 4460 1032 4518 preces
1075 4443 1238 4500 etiam
1269 4440 1584 4500 oll‘eremus.
1631 4439 1792 4492 modo
1823 4437 1908 4491 in-

1989 1985 2097 2040 que
2153 1970 2392 2024 omnium
2467 1968 2898 2024 Christianorum
2977 1980 3285 2030 eooseusu,
3361 1964 3564 2018 cultum

1990 2073 2228 2125 omnem,
2255 2073 2416 2128 quem
2474 2057 2582 2112 Deo
2626 2056 2966 2122 exhibemus,
3003 2054 3104 2122 ipsi
3162 2067 3256 2120 per
3287 2051 3560 2106 Christum

1991 2149 2342 2203 mediatorem
2385 2144 2747 2200 exhibendum
2787 2158 2952 2198 esse:
3008 2143 3142 2211 quin
3170 2151 3226 2195 et
3271 2140 3565 2199 cultum_et

1993 2242 2251 2297 honorem
2273 2254 2510 2301 omnem,
2532 2252 2689 2306 quem
2715 2235 2934 2291 Christo
2952 2236 3270 2299 deserimus,
3302 2234 3382 2296 εἰς
3406 2230 3564 2296 δόξαν

1992 2331 2126 2385 Θεοῦ
2151 2331 2243 2384 τοῦ
2293 2329 2538 2402 Πατρός,
2575 2347 2594 2380 ι
2638 2329 2689 2383 in
2715 2328 2940 2398 gloriam
2976 2327 3068 2381 Dei
3102 2325 3300 2389 Patris,
3335 2344 3352 2377 ι
3387 2335 3444 2376 ιιι
3484 2323 3564 2376 lo-

1993 2423 2177 2491 quitur
2201 2419 2398 2474 Paulus
2429 2418 2656 2489 (Philip.
2708 2434 2770 2482 ιι,
2804 2416 2909 2488 lt),
2965 2415 3184 2470 omnino
3242 2414 3561 2468 redundare.

1993 2513 2272 2567 Christum
2303 2526 2436 2565 vero
2466 2511 2820 2564 mediatorem
2849 2522 2967 2563 esse
3001 2507 3141 2561 inter
3169 2504 3337 2558 Deum
3387 2513 3440 2556 et
3464 2503 3566 2556 ho.

1996 2603 2169 2657 mines
2195 2603 2477 2672 utriusque
2505 2610 2712 2656 natura
2754 2608 2998 2669 respectu
3028 2595 3313 2667 (quidquid
3342 2609 3407 2648 ex
3435 2610 3568 2663 pou-

1995 2693 2183 2747 tificiis
2209 2693 2432 2763 quidam
2465 2701 2656 2746 contra
2708 2691 3088 2760 obganniant),
3129 2697 3344 2741 veteres
3373 2687 3568 2740 catho-

1997 2785 2084 2842 lici
2115 2784 2331 2849 Patres,
2379 2799 2500 2839 cum
2524 2785 2731 2838 sanctis
2762 2781 3084 2849 Scripturis,
3113 2795 3218 2834 uno
3248 2793 3342 2833 ore
3369 2779 3570 2833 docue-

1999 2883 2147 2928 runt.
2170 2875 2343 2942 Atque
2377 2873 2516 2927 hanc
2545 2873 2598 2926 in
2631 2871 2820 2941 primis
2843 2869 3026 2940 σχέσιν
3053 2866 3184 2923 Jesu
3222 2866 3391 2920 nostri
3442 2881 3568 2935 spe-

1996 2972 2170 3017 ctasse
2188 2962 2477 3033 Origenem
2504 2961 2556 3015 in
2579 2971 2812 3029 utroque
2838 2957 2956 3011 loco
2971 2956 3203 3025 allegato
3225 2953 3567 3008 manifestum

1997 3066 2123 3112 est:
2182 3055 2449 3123 siquidem
2509 3051 2795 3119 utrobique
2847 3048 3083 3117 loquitur
3111 3047 3178 3100 de
3231 3045 3449 3100 Christo
3512 3056 3572 3098 ut

1999 3158 2209 3198 summo
2233 3143 2534 3204 sacerdote,
2558 3141 2648 3208 qui
2681 3153 2780 3208 pro
2803 3138 2958 3192 nobis
2986 3137 3129 3204 apud
3164 3136 3329 3189 Deum
3354 3133 3568 3188 Patrem

2003 3237 2322 3301 intercedit,
2367 3235 2567 3306 quique
2627 3243 2881 3302 tauquam
2920 3229 3142 3301 ἱλασμόν
3171 3247 3190 3280 ι
3225 3227 3570 3298 propitiatio-

2003 3344 2125 3384 nem
2161 3347 2180 3380 ι
2219 3342 2319 3397 pro
2365 3325 2609 3396 peccatis
2639 3324 2842 3378 nostris
2881 3337 3001 3376 sese
3043 3320 3254 3374 obtulit.
3312 3319 3464 3385 Quod
3524 3319 3568 3372 si

2003 3424 2282 3478 Christum
2311 3421 2622 3474 intueamur
2657 3423 2716 3469 ut
2744 3415 3108 3477 Deum,extra
3149 3408 3459 3465 mediatorii
3485 3409 3571 3462 of-

2003 3515 2114 3570 ﬁcii
2149 3520 2476 3580 respectum,
2505 3522 2698 3562 rursus
2720 3505 2918 3574 duplex
2942 3502 3182 3571 ejusdem
3213 3499 3575 3555 consideratio

2003 3605 2160 3660 nobis
2185 3604 2442 3658 occurrit.
2472 3599 2606 3653 Nam
2635 3596 2719 3652 vel
2749 3595 2995 3650 absolute
3024 3603 3082 3650 ut
3113 3591 3256 3646 Deus
3281 3598 3574 3659 spectatur,

2001 3695 2087 3750 vel
2118 3695 2288 3749 relate
2343 3703 2403 3747 ut
2467 3692 2606 3745 Deus
2638 3703 2707 3743 ex
2739 3688 2868 3751 Deo,
2919 3686 3036 3740 sive
3092 3684 3187 3739 Dei
3240 3682 3429 3737 Filius.
3465 3680 3578 3734 Sub

2002 3787 2170 3858 priori
2216 3783 2652 3840 consideratione
2708 3779 2754 3834 si
2810 3777 3163 3847 respiciamus
3221 3774 3314 3827 τὸν
3357 3772 3529 3840 Λόγον
3559 3808 3576 3835 ,

2004 3878 2186 3933 multis
2210 3877 2262 3929 in
2299 3875 2435 3929 locis
2464 3873 2612 3926 clare
2640 3870 2841 3923 fatetur
2879 3867 3138 3937 Origenes
3161 3905 3177 3931 ,
3225 3865 3322 3934 ipsi
3356 3873 3579 3931 propter

2005 3967 2352 4023 inenarrabili
2406 3962 2720 4035 prastantia
2770 3958 3169 4030 praecellentem
3211 3954 3575 4014 divinitatem,

2004 4075 2163 4131 quam
2190 4072 2314 4112 cum
2341 4056 2503 4110 Patre
2530 4067 2872 4109 communem
2903 4050 3088 4113 habet,
3139 4046 3387 4101 eumdem
3418 4043 3578 4112 plane

2004 4151 2248 4206 divinum
2277 4147 2511 4211 cultum,
2551 4159 2714 4213 quem
2775 4140 2924 4194 Patri
2977 4137 3318 4198 exhibemus,
3353 4133 3578 4188 omnino

2004 4239 2188 4297 deberi
2214 4255 2230 4305 ;
2267 4240 2370 4293 hoc
2386 4245 2489 4302 est,
2517 4244 2771 4304 oportere
2805 4245 2904 4285 nos
2925 4238 3105 4282 mente
3130 4237 3185 4282 et
3215 4223 3578 4292 conceptione

2005 4341 2189 4384 nostra
2223 4332 2351 4396 (qua
2385 4325 2496 4380 sola
2525 4322 2741 4392 proprie
2770 4319 2937 4374 Deum
2964 4317 3217 4383 colimus)
3245 4315 3463 4367 easdem
3487 4311 3576 4364 di-

2003 4421 2144 4476 vina
2183 4429 2391 4475 natura
2446 4414 2812 4488 perfectiones
2867 4423 3059 4465 omnes
3104 4406 3245 4461 Filio
3303 4403 3580 4458 ascribere

335 4491 1104 4612 ῗοῆξὲςῖιιῑέξιιυοηῖοόονιιωο
1149 4491 1492 4602 θεοιῇἷείζῖζὲ
1504 4491 1604 4584 “vel
1632 4491 1864 4584 abusive
1885 4564 1898 4592 ,

2004 4525 2143 4583 quos
2180 4508 2329 4564 Patri
2365 4507 2674 4563 tribuimus.
2705 4501 2911 4570 Repete
2964 4499 3109 4565 loca,
3143 4509 3268 4565 qua
3289 4491 3404 4560 jam
3436 4491 3578 4545 cita-

2041 4603 2054 4612 ³
2219 4601 2230 4612 ⁸
2317 4599 2330 4612 ¹
2480 4611 2519 4612 κέ
2551 4594 2641 4612 ίθλι
2713 4605 2838 4612 ---μ
2923 4588 2954 4612 ο
3015 4587 3109 4612 ἐξ..
3145 4583 3337 4612 ΙΕἾΙζηηι
3375 4583 3578 4612 Ingnnn_

330 4632 416 4686 vel
451 4629 689 4701 proprie.
735 4648 754 4683 ι
794 4627 919 4693 Ubi,
947 4626 1126 4698 inquit
1155 4622 1408 4688 Boetius,
1441 4620 1744 4676 orationem
1772 4631 1902 4688 pro-

332 4721 446 4789 prie
464 4720 574 4774 Deo
595 4719 742 4774 Patri
765 4718 912 4773 fundi
928 4715 1081 4785 jubet
1104 4731 1120 4782 ;
1144 4711 1496 4783 impropriam
1513 4722 1642 4765 vero
1659 4716 1716 4764 et
1735 4723 1906 4777 κατα·

331 4811 660 4882 χρηστικὴν,
690 4807 828 4863 Filio
858 4825 872 4861 :
902 4807 977 4862 illi
1010 4814 1069 4860 ut
1097 4817 1312 4858 summo
1342 4799 1471 4867 Deo,
1508 4799 1775 4854 honorum
1807 4797 1906 4850 da-

334 4904 434 4958 tori
467 4919 480 4967 ;
519 4902 645 4957 hule
673 4909 928 4968 tanquam
965 4894 1186 4969 μεσίτῃ,
1216 4893 1305 4961 qui
1336 4904 1526 4962 preces
1553 4897 1767 4943 nostras
1795 4887 1905 4941 Deo

331 4994 542 5050 offerat.
577 4992 776 5046 Locqu
797 4991 1028 5045 alterum
1053 4989 1201 5057 legas
1224 4983 1320 5038 lib.
1352 4977 1752 5045 vm,num.13,
1781 4992 1903 5048 pag.

332 5085 432 5139 751
471 5099 483 5137 :
517 5084 610 5137 Διὸ
639 5081 729 5135 τὸν
753 5081 850 5133 ἕνα
875 5078 1029 5142 Θεὸν,
1063 5077 1159 5130 καὶ
1184 5075 1276 5128 τὸν
1299 5073 1393 5127 ἕνα
1419 5071 1548 5124 Υῐδν
1580 5067 1746 5123 αὑτοῦ
1769 5107 1782 5131 ,
1807 5066 1902 5120 καὶ

333 5174 638 5242 Λόγον,.καὶ
666 5172 850 5225 εἰκόνα
873 5172 993 5232 ταῖς
1018 5167 1157 5221 κατὰ
1181 5165 1241 5219 τὸ
1265 5163 1485 5217 δυνατὸν
1513 5163 1643 5232 ἡμῖν
1677 5159 1907 5222 ἱκεσίαις

334 5269 427 5321 καὶ
456 5263 976 5333 ἀξιώσεσισέὃομεν,
1007 5258 1374 5330 προσάγοντες
1399 5253 1477 5324 τῷ
1505 5251 1624 5322 Θεῷ
1645 5250 1752 5304 τῶν
1772 5249 1907 5302 ὅλων

335 5360 432 5423 τὰς
461 5358 623 5428 εὐχὰς
641 5356 728 5410 διὰ
745 5355 839 5408 τοῦ
862 5348 1200 5420 Μονογενοῦς
1229 5346 1414 5423 αὐτοῦ·
1443 5339 1487 5414 ᾧ
1503 5344 1718 5416 πρῶτον
1741 5357 1910 5413 προσ-

335 5453 572 5522 φέρομεν
624 5448 815 5511 αὑτὰς,
855 5444 1130 5512 ἀξιοῦντες
1163 5439 1327 5495 αὐτὸν
1367 5438 1593 5509 ἱλασμὸν
1637 5435 1764 5489 ὄντα
1795 5432 1904 5486 τῶν

338 5541 618 5614 ἁμαρτιῶν
641 5539 819 5610 ἡμῶν,
838 5535 1207 5609 προσαγαγεῖν
1221 5531 1296 5594 ὡς
1321 5528 1582 5602 ἀρχιερέα
1597 5526 1694 5590 τὰς
1720 5525 1905 5596 εὐχὰς,

339 5635 430 5686 καὶ
458 5633 554 5695 τὰς
582 5633 794 5696 θυσίας,
828 5630 922 5684 καὶ
947 5626 1044 5689 τὰς
1077 5622 1348 5688 ἐντεύξεις
1370 5620 1527 5692 ἡμῶν
1551 5618 1629 5691 τῷ
1651 5619 1743 5672 ἐπὶ
1771 5618 1906 5669 πᾶσι

407 5725 451 5756 ⁸³
481 5722 674 5778 Uttan.
706 5739 764 5788 tt,
802 5723 838 5776 2

2005 4603 2181 4659 vimus
2219 4601 2276 4654 in
2315 4599 2420 4655 hoc
2468 4594 2668 4666 capite,
2713 4605 2866 4646 num.
2922 4588 2978 4644 8.
3015 4587 3111 4641 Sin
3142 4583 3340 4639 Filium
3375 4583 3584 4635 intuea-

2006 4710 2127 4752 mur
2154 4692 2346 4757 relate,
2370 4704 2478 4760 qua
2512 4686 2684 4742 Filius
2709 4692 2817 4748 est,
2855 4691 2912 4737 et
2954 4695 3025 4736 ex
3056 4679 3168 4734 Deo
3211 4675 3373 4730 Patre
3411 4671 3582 4727 trahit

2007 4788 2305 4857 originem;
2349 4792 2463 4839 tum
2506 4793 2698 4835 rursus
2727 4786 2938 4832 eertum
2972 4779 3076 4837 est,
3101 4767 3307 4825 cultum
3339 4772 3395 4820 et
3419 4776 3582 4816 vene-

2007 4855 2272 4934 rationem
2309 4887 2550 4937 omnem,
2579 4884 2740 4940 quem
2772 4867 2875 4937 ipsi
2914 4863 3235 4924 deferimus,
3266 4857 3333 4912 ad
3368 4855 3580 4909 Patrem

2009 4965 2334 5028 redundare,
2369 4964 2423 5016 in
2448 4963 2751 5031 ipsumque,
2783 4965 2843 5010 ut
2877 4951 3059 5024 πηγὴν
3112 4947 3366 5016 θεότητος
3393 4944 3582 4997 ultimo

2009 5059 2222 5115 referri.
2255 5057 2370 5110 Huc
2395 5057 2562 5109 etiam
2616 5055 2919 5119 respexisse
2960 5046 3170 5097 videtur
3206 5038 3469 5107 Origenes
3526 5034 3581 5088 in

2009 5149 2300 5220 posteriori
2326 5147 2444 5200 loco
2474 5148 2542 5198 ah
2574 5143 2770 5196 lluetio
2802 5139 2968 5192 citato
2989 5132 3130 5204 (35);
3152 5131 3238 5184 ubi
3269 5138 3388 5198 post
3415 5124 3579 5220 verba

2010 5213 2265 5309 allegata,
2301 5238 2414 5291 hac
2445 5233 2668 5305 ἁμέσως
2701 5228 3098 5295 subjiciuntur:
3146 5219 3282 5286 Περὶ
3329 5215 3418 5309 τὸν
3449 5213 3581 5264 Θεὸν

2008 5307 2164 5403 obvii)
2199 5331 2382 5392 πίστις
2423 5326 2601 5400 ἡμῶν,
2649 5321 2738 5376 διὰ
2773 5319 2867 5372 τοῦ
2900 5317 3102 5385 ταύτην
3139 5307 3481 5382 βεϐαιοῦντος
3501 5307 3581 5403 ’ἐν

2009 5429 2142 5498 ἡμῖν
2192 5421 2322 5476 Υἱοῦ
2374 5419 2578 5475 αὑτοῦ·
2618 5416 2713 5470 καὶ
2771 5410 3024 5481 οὐδεμίαν
3057 5403 3213 5476 ἡμῶν
3250 5401 3363 5470 ἔχει
3412 5394 3584 5498 δεῖξαι.

2014 5488 2202 5571 στάσιν
2234 5514 2359 5584 περὶ
2379 5513 2471 5565 τὸν
2497 5509 2622 5563 Υἰὸν
2653 5505 2747 5560 τοῦ
2788 5501 2922 5557 Θεοῦ
2955 5503 2982 5553 ό
3012 5497 3246 5558 Κέλσοςο
3299 5491 3394 5584 καὶ

2019 5611 2116 5682 μέν
2152 5626 2215 5678 γε
2261 5579 2352 5661 τόν
2399 5605 2653 5674 Πατέρα,
2699 5596 3072 5668 θαυμάζοντες
3115 5585 3281 5642 αὐτοῦ
3317 5579 3586 5651 τὸνΥἱδν

407 5819 519 5879 (55)
552 5816 680 5873 Vide
711 5781 828 5876 sine
868 5817 931 5872 de
967 5811 1251 5875 primitiva
1280 5809 1534 5865 Ecclesia
1569 5803 1900 5866 δοξολογίαις
1921 5795 2327 5858 observavimus
2353 5805 2513 5854 supra
2553 5803 2674 5850 cap.
2707 5786 2760 5848 5,
2787 5800 2934 5839 num.
2967 5781 3020 5835 6.
