4152 6444
600 437 739 491 1515

2007 433 2427 492 EXCERPTUM

3700 424 3843 477 1516

600 558 793 624 Λόγον,
829 556 922 609 καὶ
952 554 1164 624 πφέαν,
1186 554 1280 609 καὶ
1327 554 1604 627 ἀλήθειαν,
1639 555 1733 608 καδ.
1784 556 2129 629 δικαιοσύνην
2153 601 2167 621 ,

2282 572 2336 612 ex
2368 554 2522 609 libris
2548 553 2683 622 Περὶ
2720 546 2919 622 ἀρχῶν
2942 547 3099 604 aﬁ'ert
3126 561 3189 602 ac
3218 546 3441 603 damnat
3461 543 3576 600 hac
3598 541 3856 615 Origenis

601 648 696 701 καὶ
723 649 900 701 πάντα
942 647 1085 717 ἅπερ
1143 642 1281 699 εἶναι
1331 648 1728 718 μεμαθήκαμεν
1780 648 1873 701 τὸν
1908 650 2033 703 Υἱὸν
2075 649 2168 702 τοῦ

598 738 758 801 Θεοῦ,
785 739 927 791 οὕτω
954 738 1019 809 δὴ
1046 739 1137 791 καὶ
1163 738 1256 791 τὸν
1291 737 1618 811 γεννηθέντα
1645 740 1752 792 ἀπὸ
1790 742 2031 794 τοιούτου
2062 743 2176 794 Ila-

602 832 727 900 τρός
756 847 770 861 ο
801 831 853 883 id
889 840 993 891 est.
1026 851 1044 880 ε
1079 831 1262 899 Itaque
1293 831 1344 883 in
1364 831 1471 885 Deo
1498 831 1633 884 ﬁdes
1678 841 1861 885 nostra
1903 833 2172 899 consistit,

602 934 699 989 per
728 920 1139 975 conﬁrmantem
1174 934 1293 973 eam
1328 918 1380 972 in
1409 920 1565 974 nobis
1601 920 1769 990 ipsius
1811 921 2026 976 Filium.
2068 920 2178 976 Nec

594 1021 685 1067 est
710 1013 851 1083 quod
868 1011 1057 1067 Celsus
1112 1010 1266 1065 nobis
1314 1010 1633 1065 seditionem
1688 1011 1905 1074 obiiciat
1955 1022 2177 1083 propter

597 1104 796 1159 Filium
822 1118 838 1157 :
865 1118 1189 1156 veneramur
1222 1103 1365 1155 enim
1405 1102 1643 1165 Patrem,
1667 1114 1731 1156 eo
1763 1103 1905 1172 quod
1933 1104 2171 1158 admira-

601 1210 728 1250 mur
769 1195 888 1265 ejus
912 1193 1129 1257 Filium,
1169 1190 1405 1247 Verbum
1430 1201 1485 1247 et
1516 1192 1855 1259 sapientiam,
1896 1202 1947 1246 et
1980 1194 2175 1247 verita-

600 1291 733 1350 tem,
765 1295 820 1339 et
842 1284 1130 1352 justitiam,
1159 1294 1215 1338 et
1252 1284 1511 1353 quidquid
1542 1283 1773 1339 dicimus
1802 1298 1924 1339 esse
1948 1285 2041 1339 Dei
2077 1283 2168 1339 Fi-

601 1375 757 1439 lium,
788 1390 819 1428 e
854 1376 942 1427 tali
995 1374 1156 1428 Patre
1210 1374 1571 1442 progenitum.
1612 1392 1631 1426 »
1670 1373 1820 1429 Hanc
1871 1375 2172 1429 doctrinam

606 1479 799 1517 sanam
839 1476 893 1517 ct
932 1464 1252 1517 catholicam
1292 1476 1448 1526 esse,
1488 1471 1687 1516 norunt
1728 1478 1935 1526 omnes,
1989 1466 2077 1532 qui
2120 1464 2171 1517 in

605 1568 847 1610 veterum
873 1557 1155 1609 doctorum
1183 1555 1406 1623 scriptis
1444 1554 1527 1607 vel
1584 1554 1930 1608 mediocriter
1976 1555 2173 1609 versati

605 1647 775 1704 fuere.
804 1646 980 1712 Quid?
1006 1648 1147 1715 quod
1176 1647 1289 1699 haec
1329 1645 1504 1698 Patris
1537 1644 1697 1715 ὲξοχή
1727 1644 1778 1698 in
1813 1644 2062 1699 omnibus
2081 1660 2176 1698 ca-

606 1740 817 1793 tholicae
840 1739 1089 1793 Ecclesia:
1112 1736 1374 1806 Liturgiis
1394 1736 1659 1804 hodieque
1684 1737 2014 1806 agnoscitur.
2037 1733 2172 1789 Nam

596 1841 662 1884 et
690 1833 743 1883 iu
773 1829 1099 1897 δοξολογίαις
1133 1830 1297 1882 Deum
1349 1828 1561 1882 Patrem
1592 1828 1649 1879 ὲν
1681 1826 1877 1899 πρώτῃ
1909 1826 2063 1891 τάξει
2094 1826 2174 1897 (ut

604 1918 850 1975 Justinus
875 1918 1131 1988 loquitur)
1156 1916 1559 1986 gloriﬁcamus:
1595 1926 1649 1973 et
1673 1931 1863 1987 preces
1886 1917 2171 1987 plerasque
2205 1902 2244 1955 Β

608 2011 675 2064 ad
698 2012 867 2077 ipsum
893 2006 1350 2077 dirigimus.’Qua
1375 2007 1441 2063 de
1487 2022 1546 2062 re
1594 2017 1784 2063 notatu
1843 2022 1976 2061 sane
2010 2008 2169 2077 digna

605 2112 733 2154 sunt
754 2101 978 2161 Petavii,
1015 2100 1213 2155 Crellio
1243 2100 1311 2155 de
1335 2098 1541 2170 Spiritu
1594 2108 1784 2155 sancto
1838 2101 2173 2169 responden-

606 2192 699 2254 tis,
740 2191 905 2244 verba
929 2189 1007 2243 De
1031 2189 1177 2244 Trin.
1214 2189 1414 2257 lib.'lll,
1441 2206 1561 2261 cap.
1589 2190 1642 2257 7,
1668 2205 1821 2244 num.
1849 2191 1936 2245 15.
1967 2208 1985 2242 ι
2018 2190 2171 2255 Nam,

608 2282 811 2349 inquit,
843 2282 985 2349 quod
1014 2282 1081 2335 ad
1106 2281 1370 2350 Spiritum
1395 2292 1643 2337 sanctum
1684 2296 1875 2351 preces
1909 2284 1961 2337 in
1988 2283 2174 2339 Eccle.

605 2373 687 2426 sia
709 2373 925 2441 publice
954 2374 1067 2428 fere
1115 2388 1220 2428 non
1275 2373 1605 2443 diriguntur,
1638 2374 1841 2429 frustra
1872 2390 1939 2431 ex
1990 2391 2057 2431 eo
2085 2392 2176 2431 ca-

608 2465 873 2519 lumniam
911 2465 1077 2519 struit
1100 2464 1353 2519 Crellius.
1376 2465 1663 2533 Siquidem
1696 2466 1864 2520 veteri
1898 2481 1965 2521 ex
2026 2483 2124 2522 usu
2157 2508 2172 2531 ,

608 2557 880 2626 pleraeque
912 2557 978 2610 ad
1003 2555 1215 2611 Patrem
1245 2554 1595 2610 referuntur:
1627 2566 1787 2625 atque
1805 2557 1877 2609 ita
1897 2556 2174 2612 decretum

603 2649 840 2716 legimus
876 2650 929 2703 in
956 2646 1371 2718 Carthaginensi
1401 2647 1559 2702 tertia
1591 2648 1816 2719 synodo,
1848 2663 2059 2705 canone
2081 2650 2175 2713 23,

607 2753 669 2796 ut
685 2756 806 2796 cum
825 2741 890 2794 ad
930 2741 1102 2795 altare
1126 2740 1419 2809 assistitur,
1437 2754 1651 2810 semper
1665 2742 1733 2796 ad
1755 2740 1968 2795 Patrem
1988 2742 2180 2810 diriga-

609 2842 699 2886 tur
733 2833 927 2887 oratio.
958 2829 1223 2887 Nimirum
1250 2834 1375 2903 quia
1406 2841 1540 2887 tunc
1567 2832 1771 2888 Christi
1811 2848 2031 2901 corpus,
2066 2836 2178 2888 sive

608 2925 773 2982 homo
802 2926 1051 2981 Christus
1080 2923 1329 2991 oﬁ‘ertur,
1356 2940 1419 2979 ac
1446 2925 1651 2979 veteris
1681 2934 1738 2980 et
1768 2927 1977 2980 cruenti
2010 2928 2181 2981 sacri-

608 3017 718 3073 ﬁcii
753 3018 1011 3074 memoria
1043 3016 1371 3081 celebratur,
1418 3031 1628 3087 aequum
1685 3025 1770 3073 est
1808 3020 1871 3072 ad
1921 3018 2132 3075 Patrem
2160 3058 2175 3082 ,

606 3109 756 3163 velut
781 3117 1056 3163 auctorem
1083 3122 1146 3163 ac
1184 3108 1514 3179 principium
1548 3107 1745 3163 referri
1804 3110 1986 3162 omnia
2034 3127 2047 3169 ;
2102 3112 2178 3163 uti

2273 649 2479 702 verba:
2519 664 2537 697 ι
2582 644 2904 701 Sicuteuim
2938 645 3295 712 incongruum
3334 646 3418 693 est
3447 636 3652 700 dicere,
3702 636 3853 706 quod

2272 738 2443 809 possit
2465 735 2637 791 Filius
2666 735 2853 789 videre
2884 732 3133 798 Patrem;
3194 732 3265 784 ita
3321 728 3706 783 inconveniens
3762 734 3857 781 est

2273 829 2508 900 opinari,
2540 828 2680 898 quod
2706 826 2941 896 Spiritus
2958 833 3177 879 sanctus
3192 820 3563 892 possitvidere
3591 819 3849 874 Filium.»

2275 920 2344 976 Et
2371 921 2685 991 primarium
2723 919 2868 972 hunc
2900 931 2967 969 ac
3002 914 3340 984 praecipuum
3394 913 3538 967 inter
3593 910 3853 980 Origenis

2274 1027 2487 1067 errores
2504 1010 2695 1065 statuit
2718 992 3053 1078 Epiphanius
3071 1007 3265 1061 heres.
3298 1020 3447 1069 utv,
3478 1019 3600 1074 cap.
3636 1003 3691 1065 ι,
3709 1010 3765 1058 et
3789 1001 3853 1057 in

2274 1101 2563 1163 Ancorato,
2596 1114 2721 1169 cap.
2751 1097 2842 1153 63.
2890 1096 2997 1151 Sed
3026 1096 3309 1150 audiamus
3340 1094 3513 1164 ipsum
3555 1092 3854 1163 Origenem

2275 1190 2329 1243 iu
2351 1203 2516 1259 opere
2538 1187 2955 1242 illoindnbitato
2981 1196 3165 1239 contra
3197 1184 3406 1240 Celsum
3438 1183 3532 1239 lib.
3561 1199 3651 1250 vt,
3696 1199 3854 1237 num.

2275 1280 2363 1346 l7,
2390 1298 2511 1351 pag.
2534 1281 2658 1345 643,
2690 1295 2844 1335 suam
2876 1281 2944 1335 de
2976 1279 3203 1334 scientia
3240 1293 3345 1348 qua
3380 1276 3547 1330 Pater
3575 1285 3631 1330 et
3674 1275 3856 1330 Filius

2272 1387 2333 1427 se
2353 1383 2537 1427 mutuo
2567 1381 2924 1442 cognoscunt,
2949 1371 3269 1427 sententiam
3303 1369 3447 1423 clare
3485 1368 3852 1437 explicantem

2273 1463 2359 1517 his
2398 1462 2577 1517 verbis
2610 1481 2625 1515 :
2680 1461 2841 1514 Ἀλλὰ
2872 1463 2964 1514 καὶ
2988 1464 3015 1514 ὁ
3051 1461 3242 1532 Σωτὴρ
3269 1459 3427 1531 ἡμῶν
3462 1460 3558 1512 καὶ
3600 1458 3804 1530 Κύριος
3834 1498 3853 1521 ,

2272 1553 2569 1625 Δόγοίτοῢ
2600 1554 2757 1614 Θεοῦ,
2807 1554 2869 1607 τὸ
2908 1553 3134 1624 μέγεθος
3168 1551 3437 1624 παριστὰς
3466 1555 3564 1622 τῆς
3596 1549 3858 1619 γνώσεως

2272 1646 2365 1699 τοῦ
2394 1646 2625 1718 Πατρὸς,
2646 1648 2727 1700 ὅτι
2752 1646 2874 1699 κατ’
2902 1646 3058 1710 ἀξίαν
3085 1643 3509 1717 προηγουμένως
3532 1642 3678 1713 αὐτῷ
3702 1643 3856 1713 μόνῳ

2274 1738 2604 1809 λαμϐάνεται
2638 1740 2732 1791 καὶ
2765 1738 3113 1807 γινώσκεται,
3141 1736 3407 1807 δευτέρως
3431 1736 3487 1789 δὲ
3512 1738 3622 1798 τοῖς
3646 1734 3855 1805 ἐλλαμ-

2275 1829 2527 1900 πομένοις
2553 1828 2613 1881 τὸ
2635 1828 2959 1899 ἡγεμονικὸν
2977 1826 3067 1880 ὑπ’
3086 1824 3249 1879 αὐτοῦ
3266 1825 3358 1877 τοῦ
3379 1824 3549 1891 Λόγου
3575 1824 3668 1876 καὶ
3690 1820 3858 1888 Θεοῦ,

2274 1920 2457 1992 φησὶν,
2477 1920 2683 1986 Οὐδεὶς
2693 1922 2844 1989 ἔγνω
2862 1920 2966 1971 τάν
2990 1918 3128 1971 Υἱὸν
3147 1919 3249 1986 εὶμ
3278 1916 3314 1984 ὴ
3350 1914 3570 1984 Πατὴρ,
3588 1915 3730 1969 οὐδὲ
3746 1915 3859 1969 τεν

2275 2012 2501 2080 Πατέρα
2522 2014 2573 2065 εὶ
2595 2010 2681 2080 μὴ
2715 2015 2747 2064 ό
2787 2011 2937 2076 Υἱὸς,
2966 2010 3060 2063 καὶ
3088 2001 3135 2075 ᾧ
3156 2009 3232 2061 ἂν
3250 2011 3283 2062 ὁ
3308 2009 3433 2071 Υἱὸς
3458 2010 3855 2078 ἀποκαλύψῃ.

2274 2103 2412 2158 οὗτε
2447 2103 2557 2175 γὰρ
2587 2103 2677 2155 τὸν
2711 2102 2974 2173 ἀγένητον
3015 2100 3109 2155 καὶ
3154 2102 3333 2171 πάσης
3360 2100 3585 2170 γενετῆς
3634 2100 3858 2169 φύσεως

2275 2196 2619 2266 πρωτότοκον
2644 2195 2764 2247 κατ’
2792 2193 2946 2258 ἀξίαν
2967 2193 3163 2246 εἰδέναι
3196 2210 3280 2256 τις
3313 2192 3555 2254 δύναται,
3580 2191 3653 2255 ὡς
3681 2194 3709 2245 ὁ
3727 2208 3860 2259 γεν-

2274 2288 2444 2357 νήσας
2472 2286 2631 2339 αὐτδν
2658 2285 2871 2358 Πατὴρ,
2898 2283 3021 2337 οὗτε
3069 2284 3160 2338 τὸν
3190 2283 3409 2354 Πατέρα
3439 2282 3513 2346 ὡς
3545 2285 3572 2336 ὁ
3611 2281 3863 2353 ἔμψυχος

2276 2380 2467 2447 Λόγος,
2500 2379 2593 2432 καὶ
2614 2378 2772 2447 σοφία
2797 2377 2960 2430 αὐτοῦ
2999 2378 3093 2429 καὶ
3131 2376 3356 2445 ἀλήθεια
3377 2393 3390 2407 '
3427 2378 3478 2429 id
3513 2385 3629 2429 est:
3660 2394 3678 2425 ι
3711 2374 3861 2441 Quin

2277 2476 2331 2523 et
2363 2468 2617 2523 Servator
2645 2475 2829 2521 noster
2848 2482 2911 2521 ac
2932 2466 3204 2530 Dominus,
3233 2464 3325 2521 Dei
3350 2463 3606 2527 Verbum,
3644 2464 3862 2534 magni-

2278 2560 2516 2617 tudinem
2551 2560 2885 2631 cognitionis
2913 2558 3183 2621 indicans,
3206 2573 3309 2627 qua
3339 2555 3498 2611 Pater
3522 2556 3637 2626 ejus
3672 2555 3859 2611 nosci-

2284 2665 2395 2722 tur,
2429 2644 2679 2725 quodque
2705 2668 2805 2723 pro
2834 2652 3098 2722 dignitate
3129 2652 3195 2706 ab
3238 2651 3357 2720 ipso
3399 2648 3518 2703 solo
3552 2658 3813 2703 noscatur
3835 2686 3857 2715 ,

2278 2747 2519 2801 secundo
2573 2759 2703 2799 vero
2734 2745 2853 2799 loco
2893 2744 2960 2798 ab
2995 2742 3312 2797 illuminatis
3338 2741 3609 2795 mentibus
3646 2756 3743 2810 per
3786 2740 3859 2794 il-

2281 2839 2369 2894 lud
2404 2841 2578 2909 ipsum
2613 2838 2846 2891 Verbum
2901 2851 2966 2891 ac
3002 2835 3192 2900 Deum,
3228 2830 3420 2899 Nemo,
3458 2833 3653 2901 inquit,
3708 2830 3860 2886 novit

2281 2928 2481 2983 Filium
2515 2930 2615 2983 nisi
2644 2929 2830 2991 Pater,
2867 2944 3029 2997 neque
3064 2926 3276 2981 Patrem
3304 2926 3411 2980 nisi
3443 2923 3643 2989 Filius,
3666 2934 3716 2978 et
3770 2926 3860 2978 cui

2283 3020 2457 3075 Filius
2489 3020 2795 3074 revelaverit
2824 3020 2893 3073 θ’.
2935 3016 3067 3071 Nam
3126 3031 3302 3087 neque
3336 3016 3593 3070 infectum
3620 3053 3636 3079 ,
3688 3024 3859 3084 atque

2283 3121 2407 3166 ante
2437 3125 2652 3165 omnem
2681 3111 2883 3165 factam
2913 3118 3157 3163 naturam
3186 3108 3424 3179 genitum
3448 3107 3736 3176 quisquam
3760 3121 3856 3175 pro

608 3216 881 3258 summum
915 3201 1193 3255 imitemur
1222 3202 1588 3267 sacerdotem,
1613 3209 1669 3255 et
1688 3202 1996 3270 pontiﬁcem
2024 3201 2181 3257 Cltri—
2207 3231 2250 3287 ο
2284 3204 2548 3275 dignitate
2574 3212 2750 3272 potest
2783 3216 2964 3266 nosse,
3006 3202 3323 3255 sicutPater
3355 3200 3469 3267 ipse
3503 3198 3593 3269 qui
3634 3198 3856 3269 genuit:

609 3306 753 3350 stum
788 3294 1109 3358 Dominum;
1141 3292 1232 3361 qui
1270 3301 1381 3346 tum
1415 3292 1599 3345 omnia
1633 3292 1773 3345 dicta
1802 3291 2056 3360 factaque
2083 3309 2176 3345 sua

607 3386 790 3442 Patris
810 3386 875 3439 ad
903 3385 1162 3439 honorem
1202 3382 1412 3438 referre
1442 3382 1692 3437 solebat:
1727 3390 1839 3436 tum
1874 3383 1927 3436 in
1961 3383 2050 3437 illo
2081 3398 2177 3450 po-

609 3489 814 3534 stremo
860 3475 1129 3531 sacriﬁcio
1175 3474 1402 3528 tradidit
1454 3474 1805 3542 semetipsum
1859 3487 1957 3543 pro
2025 3474 2182 3528 nobis

608 3568 960 3633 oblationem,
982 3577 1037 3623 et
1060 3566 1287 3621 hostiam
1322 3564 1433 3619 Deo
1463 3565 1517 3619 in
1542 3565 1765 3619 odorem
1804 3565 2089 3620 suavitatis
2111 3566 2175 3621 “.

610 3659 725 3716 Nec
761 3668 844 3715 est
890 3660 1012 3714 inde
1038 3671 1378 3727 consequens
1409 3666 1502 3712 aut
1532 3656 1813 3713 Christum
1868 3655 2037 3712 Deum
2074 3672 2179 3712 non

613 3766 755 3817 esse,
792 3759 884 3805 aut
915 3765 1013 3805 nec
1043 3749 1305 3819 Spiritum
1345 3755 1595 3803 sanctum
1630 3762 1645 3802 :
1705 3750 1799 3804 sed
1829 3749 1933 3803 hoc
1958 3749 2131 3804 solum
2163 3790 2181 3813 ,

608 3860 733 3901 esse
756 3858 1023 3899 summum
1054 3842 1336 3912 utriusque
1357 3840 1710 3911 principium,
1744 3856 1772 3894 a
1803 3854 1914 3910 quo
1946 3840 2020 3895 uti
2052 3855 2179 3907 pro-

610 3937 932 4009 prietatibus
969 3935 1207 3989 distincti
1236 3942 1382 4000 sunt,
1428 3932 1509 3988 sic
1542 3940 1735 3986 natura
1772 3942 1830 3986 et
1879 3931 2181 3986 substantia

612 4046 718 4083 non
751 4030 1084 4098 discrepant.
1121 4043 1141 4077 ι

682 4120 710 4192 §
736 4118 878 4176 XVI.
915 4118 1188 4173 llactenus
1219 4131 1280 4172 ea
1304 4114 1665 4181 defendimus,
1696 4130 1817 4184 qua:
1848 4114 1947 4169 viri
1978 4114 2183 4170 doctis-

612 4214 735 4269 simi
768 4212 1017 4267 Petavius
1040 4220 1095 4265 et
1148 4208 1374 4263 Huetius
1404 4208 1458 4261 in
1496 4208 1651 4263 libris
1700 4207 1957 4277 Origenis
1998 4218 2184 4260 contra

611 4304 827 4360 Celsum
853 4302 1333 4372 reprehenderunt.
1370 4300 1639 4355 Caeterum
1677 4309 1875 4369 praeter
1899 4300 2026 4361 ista,
2054 4298 2182 4354 Hie-

616 4411 875 4467 ronymus
902 4395 1031 4449 olim
1063 4393 1209 4463 (odio
1234 4393 1446 4447 scilicet
1470 4408 1568 4447 suo
1612 4392 1666 4446 in
1697 4391 1985 4463 Origenem
2017 4432 2032 4458 ,
2089 4406 2183 4446 seu

614 4488 795 4556 potius
847 4486 902 4539 in
940 4482 1191 4553 Origenis
1253 4483 1602 4552 interpretem
1650 4481 1904 4536 Ruﬁnum
1955 4482 2185 4536 nimium

2288 3309 2462 3366 neque
2487 3293 2703 3349 Patrem
2735 3295 3046 3364 quisquam,
3077 3292 3215 3347 sicut
3240 3292 3535 3344 animatum
3584 3290 3702 3358 ejus
3735 3288 3863 3343 Ver-

2288 3389 2436 3453 bum,
2476 3387 2680 3442 veritas
2727 3396 2781 3441 et
2812 3385 3106 3454 sapientia.
3144 3402 3163 3436 ι
3204 3383 3351 3438 Nihil
3389 3384 3561 3453 magis
3590 3382 3863 3439 catholico

2290 3478 2495 3533 dictum
2534 3492 2772 3547 unquam
2824 3475 2945 3532 fuit.
2980 3475 3119 3543 Quin
3162 3484 3216 3529 et
3237 3474 3525 3544 Origenem
3558 3490 3721 3543 supra
3746 3474 3865 3545 (56)

2289 3570 2560 3626 dicentem
2601 3569 2929 3633 audivimus,
2973 3568 3143 3623 Deum
3178 3565 3394 3622 Patrem
3425 3581 3545 3622 esse
3582 3565 3662 3637 τῷ
3700 3567 3863 3635 Λόγῳ

2287 3663 2467 3718 Verbo
2489 3662 2604 3717 sive
2652 3662 2792 3718 Filio
2819 3676 2919 3716 suo
2940 3658 3181 3729 ἐφικτόν,
3212 3676 3232 3711 ι
3255 3656 3821 3728 comprehensibilem.
3837 3674 3857 3708 ι

2288 3755 2369 3809 Ad
2398 3754 2513 3809 loca
2543 3752 2793 3824 Origenis
2810 3752 2953 3822 quod
2980 3755 3196 3815 attinet,
3222 3764 3287 3806 ex
3317 3750 3466 3804 libris
3492 3749 3631 3816 Περὶ
3655 3747 3862 3818 ἀρχῶν

2290 3845 2593 3915 desumpta,
2632 3853 2876 3913 poteram
2913 3844 3245 3913 respomlere
3292 3857 3360 3897 ex
3393 3842 3645 3896 omnibus
3665 3840 3865 3909 Orige-

2289 3936 2375 3991 nis
2404 3937 2623 4005 scriptis
2650 3936 2751 3990 ista
2785 3934 2924 4001 napi
2951 3932 3154 4003 ἀρχῶν
3186 3933 3422 3987 maxime
3451 3942 3861 4000 esse.corrupta

2289 4039 2453 4098 atque
2481 4026 2801 4097 interpolata
2834 4025 2971 4096 (37),
2996 4025 3157 4095 idque
3187 4040 3215 4079 a
3243 4023 3439 4078 Ruﬁno
3472 4023 3658 4077 multis
3700 4037 3867 4094 argu-

2290 4124 2487 4179 mentis
2549 4132 2827 4178 ostensum
2880 4137 3022 4177 esse.
3059 4121 3166 4176 Sed
3227 4122 3319 4175 t-ali
3365 4121 3455 4176 hic
3504 4120 3866 4188 responsione

2290 4230 2426 4286 Opus
2456 4230 2560 4271 non
2588 4215 2870 4277 habemus,
2900 4228 3023 4267 cum
3048 4214 3159 4283 ipsa
3186 4213 3441 4284 Origenis
3491 4213 3680 4276 verba,
3702 4222 3865 4282 prout

2292 4320 2323 4360 a
2352 4307 2546 4360 Ruﬁno
2576 4307 2783 4375 integre
2799 4305 3321 4375 producuntur('58),
3339 4305 3427 4374 qui
3448 4313 3500 4359 et
3528 4320 3753 4374 secpum
3777 4319 3866 4357 au-

2290 4395 2461 4449 ctoris
2483 4403 2537 4448 et
2560 4402 2872 4449 contextum
2909 4395 3179 4449 sermonis
3218 4394 3474 4462 explicat,
3515 4409 3624 4445 sua:
3661 4408 3863 4463 purga-

2293 4485 2425 4540 tioni
2455 4486 2668 4540 abunde
2695 4485 2983 4540 suﬁiciant.
3014 4485 3108 4540 Sic
3131 4498 3193 4539 se
3218 4500 3305 4538 res
3348 4484 3555 4537 habuit.
3594 4484 3863 4555 Origenes

616 4578 923 4648 indulgens,
952 4576 1182 4644 indeque
1229 4575 1412 4630 omnia
1450 4573 1567 4642 ejus
1615 4573 1782 4627 verba
1835 4574 2091 4644 dictaque
2132 4574 2184 4628 in
2216 4584 2263 4640 ι)
2288 4576 2343 4631 in
2378 4575 2518 4631 libro
2547 4577 2721 4646 primo
2747 4575 3070 4631 Periarchon
3094 4576 3451 4647 quaestionem
3476 4586 3720 4631 moverat
3740 4574 3866 4631 tad-

616 4669 912 4739 pessimum
940 4680 1157 4722 sensum
1183 4666 1404 4720 trahere
1423 4663 1664 4733 amans).
1684 4672 1742 4718 et
1766 4661 1875 4716 alia
1906 4663 2185 4735 complura

615 4760 686 4813 de
717 4757 853 4812 Filio
879 4757 998 4823 Dei,
1020 4757 1076 4812 in
1103 4756 1229 4811 aliis
1242 4755 1493 4825 Origenis
1508 4754 1727 4824 scriptis
1756 4754 1992 4809 absurde
2023 4763 2187 4825 atque

618 4851 783 4918 impie
813 4849 957 4904 dicta
981 4847 1228 4913 notavit;
1263 4860 1382 4917 quae
1412 4845 1593 4901 omnia
1620 4859 1686 4899 ex
1714 4859 1823 4899 uno
1844 4859 2008 4915 opere
2058 4862 2185 4900 con-

613 4951 702 4995 tra
731 4938 943 4996 Celsum
971 4937 1132 4993 facile
1155 4935 1494 4993 refelluntur.
1523 4933 1805 5004 Praecipua
1830 4934 2181 5006 attingemus.

616 5033 673 5088 In
696 5032 923 5102 epistola
948 5030 1123 5096 59,ad
1153 5028 1325 5095 Avit.,
1358 5042 1573 5083 errores
1606 5041 1897 5082 recensens
1921 5026 2183 5082 librorum

615 5125 755 5195 ,Περὶ
789 5120 1006 5194 ἀρχῶν,
1042 5122 1329 5191 scripsisse
1356 5118 1647 5190 Origenem
1690 5119 1768 5173 ait
1794 5117 2181 5189 Hieronymus,

620 5219 675 5273 in
715 5217 888 5287 primo
914 5214 1031 5284 ejus
1060 5213 1242 5283 operis
1263 5213 1557 5275 volumine,
1588 5227 1607 5261 ι
1639 5209 1806 5264 Deum
1840 5211 2054 5264 Patrem
2091 5224 2187 5278 per

621 5319 870 5363 naturam
913 5304 1263 5370 invisibilem,
1295 5319 1324 5357 a
1360 5302 1497 5357 Filio
1520 5318 1625 5357 non
1661 5302 1853 5357 videri.
1882 5319 1904 5349 θ
1941 5300 2007 5355 Ει
2031 5302 2081 5353 in
2106 5316 2191 5354 se-

618 5400 796 5455 cundo
821 5415 838 5455 :
878 5416 900 5450 ‹
944 5395 1139 5451 Restat
1168 5404 1229 5450 ut
1260 5394 1549 5450 invisibilis
1572 5395 1644 5449 sit
1674 5393 1816 5448 Deus
1843 5434 1859 5459 ,
1904 5391 1949 5447 si
2008 5401 2186 5446 autem

600 5489 906 5556 invisibilis
935 5503 1031 5559 per
1060 5497 1309 5541 naturam
1339 5494 1443 5553 est,
1478 5498 1655 5553 neque
1693 5482 1963 5537 Salvatori
2000 5482 2191 5536 visibi-

620 5582 710 5639 lis.
746 5602 767 5638 ι
800 5581 944 5638 idem
979 5583 1033 5635 in
1066 5580 1296 5650 epistola
1330 5579 1421 5645 ﬁt,
1471 5579 1538 5633 ad
1579 5576 1919 5640 Pammach.,
1959 5588 2080 5643 cap.
2129 5573 2185 5638 '5,

600 5672 613 5696 ι
692 5699 739 5731 ⁸⁸
761 5699 957 5768 Ephes.
984 5711 1038 5762 v,
1069 5696 1124 5750 2.
1202 5694 1245 5727 ⁸⁷
1275 5693 1463 5749 Matth.
1485 5708 1561 5759 χι,
1588 5692 1681 5746 27.

691 5790 804 5863 (36)
832 5790 964 5863 V_l_ide
996 5790 1157 5863 huius
1186 5790 1375 5863 capitis
1411 5803 1558 5863 Itum.
1592 5788 1649 5863 9_._

602 5938 605 5941 ν
688 5852 805 5934 (57)
837 5860 970 5915 Vide
996 5852 1299 5927 Prolegom.
1335 5859 1513 5911 Ruﬁni
1540 5860 1594 5912 in
1625 5858 1715 5912 lib.
1752 5856 1889 5924 Περὶ
1920 5852 2149 5926 ἀρχῶν,

2289 4682 2480 4724 versus
2502 4682 2614 4734 eos,
2640 4672 2731 4739 qui
2761 4670 2927 4723 Deum
2955 4683 3273 4738 corporeum
3306 4667 3510 4734 dicunt,
3535 4678 3587 4722 et
3610 4667 3863 4723 humanis

2289 4773 2412 4813 eum
2447 4758 2705 4814 membris
2730 4759 3025 4827 habituque
3054 4758 3400 4816 describunt:
3424 4761 3567 4827 quod
3597 4759 3863 4829 praecipue

2287 4844 2796 4904 Valentinianorum
2829 4859 2885 4905 et
2906 4850 3589 4920 Antltropomorphitarum
3642 4849 3861 4905 haeresis

2291 4940 2590 4997 asserebat.
2629 4960 2649 4995 ι
2683 4940 2856 4997 Hosce
2911 4949 3099 4997 contra
3150 4941 3436 4996 haereticos
3484 4941 3745 5012 Origenes
3772 4956 3861 4995 cc—

2290 5030 2650 5088 clesiasticam
2686 5033 2842 5087 ﬁdem
2871 5030 3183 5098 defendens,
3215 5029 3359 5084 omni
3391 5046 3588 5101 genere
3616 5032 3862 5100 incorpo-

2293 5138 2445 5177 reum
2465 5138 2586 5179 esse
2607 5122 2779 5178 Deum
2807 5132 2861 5178 et
2901 5123 3105 5178 idcirco
3130 5123 3293 5176 etiam
3341 5122 3662 5177 invisibilem
3697 5122 3857 5175 ratio-

2294 5214 2451 5267 nibus
2483 5214 2852 5268 conﬁrmaral.
2885 5212 3015 5267 Dein
3051 5222 3379 5281 provocante
3400 5213 3571 5280 ipsum
3604 5212 3853 5281 quaesuo-

2286 5305 2372 5359 nis
2398 5305 2612 5369 ordine,
2644 5305 2761 5360 haec
2788 5303 3061 5375 subjungit
3100 5305 3196 5360 lib.
3239 5319 3278 5369 t,
3329 5318 3479 5357 num.
3507 5302 3564 5357 8:
3608 5322 3625 5354 ι
3666 5302 3853 5357 Verum

2286 5396 2404 5451 ista:
2442 5396 2771 5452 assertiones
2806 5398 2983 5450 mintts
3021 5395 3253 5451 fortasse
3287 5394 3625 5449 auctoritatis
3664 5394 3859 5449 habere

2286 5487 2542 5542 videntur
2570 5488 2709 5559 apud
2734 5504 2848 5551 eos,
2880 5486 2971 5558 qui
3012 5502 3075 5543 ex
3111 5486 3312 5541 sanctis
3350 5484 3653 5555 Scripturis
3683 5486 3749 5540 de
3776 5499 3857 5540 re-

2285 5576 2387 5635 bus
2416 5579 2613 5637 divinis
2642 5581 2849 5637 iustitui
2880 5579 3162 5644 volunt,et
3190 5579 3312 5633 inde
3346 5578 3447 5633 sibi
3484 5578 3701 5637 probari
3721 5588 3853 5647 quas.

2360 5789 2474 5863 (58)
2507 5790 2637 5847 Vide
2659 5789 2838 5848 Ruﬁni
2872 5787 3070 5845 Invect.
3131 5790 3183 5846 in
3219 5790 3532 5861 Hicronym.
