4152 6402
362 393 500 447 ΗΠ

1386 386 1478 443 EX
1516 386 1581 443 ϐ.
1620 383 1822 441 BULLI
1864 383 2015 440 DEF.
2054 382 2234 439 FIDEI
2269 382 2593 439 NICA‘INE.

3487 385 3627 441 1313

365 516 494 563 runt
556 505 829 575 quomodo
882 511 1075 558 natura
1127 502 1221 557 Dei
1253 502 1624 573 supereminet
1664 518 1952 573 corporum
1981 505 2029 560 Δ
2053 500 2133 555 sia
2162 498 2339 570 magni
2366 497 2625 562 nominis,
2655 506 2711 552 et
2748 496 3064 566 Hieronymi
3099 497 3266 567 ipsius
3292 498 3420 553 olim
3459 503 3627 569 magi-

374 608 645 652 naturam.
666 592 803 652 Vide
827 611 956 665 ergo
975 596 1017 650 si
1044 610 1148 650 non
1175 595 1337 649 etiam
1357 592 1644 665 Apostolus
1675 597 1775 651 hoc
1808 598 1949 651 idem

369 690 467 751 ait,
488 704 613 744 cum
645 689 712 744 de
732 688 950 745 Christo
990 687 1232 758 loquitur
1263 688 1449 743 dicens
1479 707 1491 742 :
1534 688 1639 754 Qui
1676 700 1750 743 est
1778 690 1951 757 imago

370 778 650 836 invisibilis
677 779 794 838 Dei.
820 780 1201 849 primogenita:
1257 780 1426 833 omnis
1462 789 1720 834 creatura:
1743 780 1808 832 ⁸⁸.
1836 780 1949 834 Non

374 874 519 930 enim
550 873 631 944 (ut
656 872 877 942 quidam
910 871 1121 943 putant)
1168 872 1329 927 alicui
1356 872 1614 939 visibilis,
1637 883 1693 927 et
1725 872 1847 929 aliis
1873 875 1953 927 in-

374 966 646 1022 visibilis:
684 965 810 1036 quia
840 980 944 1019 non
968 965 1099 1020 dicit
1133 966 1443 1035 Apostolus,
1468 967 1641 1037 imago
1672 968 1950 1022 invisibilis

373 1057 473 1113 Dei
507 1058 822 1121 hominibus,
859 1066 952 1111 aut
974 1057 1250 1111 invisibilis
1270 1059 1656 1127 peccatoribus,
1680 1058 1774 1113 sed
1797 1059 1952 1115 valde

378 1159 693 1206 constanter
744 1150 1055 1219 pronuntiat
1087 1150 1153 1204 de
1214 1150 1326 1219 ipsa
1363 1160 1557 1204 natura
1590 1150 1680 1205 Dei
1722 1151 1907 1206 dicens
1935 1191 1952 1217 ,

376 1242 552 1312 imago
581 1241 852 1295 invisibilis
878 1240 989 1295 Dei.
1044 1240 1149 1295 Sed
1192 1251 1247 1295 et
1272 1238 1512 1297 Joannes
1545 1241 1599 1295 in
1662 1241 1953 1313 Evangelia

377 1333 586 1399 dicens,
612 1331 777 1385 Deum
813 1348 961 1386 nemo
993 1332 1123 1385 vidit
1148 1348 1379 1401 unquam
1407 1331 1453 1363 ⁸³
1482 1374 1498 1399 ,
1530 1331 1819 1386 manifeste
1857 1333 1954 1387 de-

377 1424 546 1480 clarat
579 1426 854 1487 omnibus,
880 1425 968 1493 qui
998 1424 1303 1494 intelligere
1338 1432 1584 1494 possunt,
1628 1426 1755 1495 quia
1810 1425 1954 1481 nulla

379 1527 568 1570 natura
596 1526 701 1580 est,
734 1517 821 1570 cui
854 1517 1078 1571 visibilis
1108 1516 1179 1571 sit
1207 1518 1347 1571 Deus
1380 1535 1391 1569 :
1429 1532 1534 1571 non
1564 1516 1719 1585 quasi
1750 1519 1839 1586 qui
1875 1519 1957 1571 vi-

379 1606 553 1661 sibilis
583 1607 650 1660 sit
675 1607 891 1681 qnjdem
928 1622 1021 1675 per
1065 1615 1341 1672 naturam,
1371 1620 1425 1660 et
1453 1608 1601 1661 velut
1661 1607 1955 1677 fragilioris

378 1710 643 1753 creaturae
675 1698 870 1752 evadat
901 1709 1177 1766 aspectum
1206 1717 1221 1765 ;
1255 1699 1348 1753 sed
1392 1699 1649 1767 quoniam
1688 1698 1955 1753 naturali—

380 1796 462 1843 ter
487 1788 658 1843 videri
682 1788 1018 1857 impossibile
1038 1799 1141 1842 est.
1165 1788 1271 1843 Sed
1308 1787 1352 1844 si
1377 1791 1624 1860 requiras
1647 1805 1676 1843 a
1712 1805 1797 1844 me
1828 1790 1953 1860 quid

2051 590 2172 658 stri)
2206 601 2483 656 respuere,
2517 596 2612 640 aut
2636 604 2663 640 a
2698 586 2893 641 ttulino
2931 586 3075 641 baud
3112 589 3251 643 bona
3280 588 3385 643 fide
3416 591 3633 645 recitari

2053 695 2118 733 ac
2154 678 2438 733 transferri
2482 678 2505 731 ?
2543 676 2745 742 Credo,
2792 677 2920 746 quia
2954 690 3058 731 non
3109 687 3343 748 poterat.
3366 678 3633 733 Nimirum

2052 768 2383 841 Hieronymo
2414 769 2657 825 solemne
2678 777 2798 823 erat
2830 769 2950 841 (pro
2969 785 3055 835 ea,
3086 785 3193 840 qua
3218 769 3477 838 pollebat,
3508 772 3635 825 rbe-

2055 856 2315 912 toricandi
2347 856 2624 927 facultate)
2651 866 2992 928 argumenta,
3028 858 3226 927 quibus
3264 860 3636 927 premebatur,

2053 949 2140 1005 vel
2162 948 2376 1005 silentio
2413 949 2571 1020 plane
2622 950 2923 1020 praeterire,
2964 949 3049 1005 vel
3096 950 3239 1020 jocis
3273 965 3337 1005 ac
3391 952 3636 1009 dicteriia

2053 1042 2289 1099 eludere.
2310 1040 2470 1098 Certe
2500 1040 2704 1107 Rufini,
2725 1052 2890 1111 atque
2922 1053 3049 1097 ante
3075 1042 3249 1111 ipsum
3286 1041 3519 1113 Didymi,
3546 1058 3637 1099 re-

2054 1135 2400 1205 Sponsionem
2456 1134 2793 1189 verissimam
2832 1148 2954 1188 esse
3000 1134 3133 1188 satis
3183 1134 3424 1188 indicant
3474 1135 3638 1190 verba

2056 1227 2308 1297 Origenis
2332 1270 2347 1295 ,
2394 1239 2555 1297 prout
2592 1227 2660 1282 ab
2714 1227 2830 1296 ipso
2868 1223 3196 1298 Hieronymo
3243 1226 3544 1295 allegantur
3580 1229 3637 1283 in

2054 1320 2212 1389 epist.
2248 1319 2348 1383 59‘,
2374 1320 2440 1373 ad
2474 1319 2619 1373 Avit.
2646 1319 2736 1373 Ait
2764 1318 2961 1388 quippe
2998 1318 3281 1387 Origenem
3328 1320 3635 1388 scripsisse,

2060 1430 2080 1463 ‹
2112 1411 2275 1465 Deum
2310 1410 2527 1465 Patrem
2562 1427 2657 1481 per
2673 1420 2922 1465 naturam
2948 1411 3294 1471 invisibilem,
3316 1427 3343 1465 a
3371 1412 3506 1467 Filio
3530 1428 3635 1466 non

2055 1503 2261 1571 videri;
2310 1522 2329 1557 ι
2370 1513 2425 1558 et
2457 1518 2644 1558 rursus
2676 1519 2690 1556 :
2721 1522 2740 1555 ι
2772 1502 2829 1558 Si
2867 1504 3007 1557 Deus
3029 1503 3318 1558 invisibilis
3353 1520 3448 1573 per
3474 1514 3636 1558 natu—

2058 1611 2173 1650 ram
2207 1606 2310 1661 est,
2340 1612 2513 1666 neque
2543 1597 2807 1652 Salvatori
2856 1596 3083 1651 visibilis
3130 1598 3253 1653 erit.
3295 1617 3314 1649 ι
3355 1598 3517 1660 Hine,
3560 1599 3644 1652 in-

2058 1703 2247 1757 quam,
2281 1702 2388 1742 non
2419 1689 2650 1743 obscure
2678 1687 3269 1757 colligitur,0rigenem
3292 1687 3410 1742 ideo
3444 1688 3647 1742 dixisse

2062 1779 2272 1835 Patrem
2304 1796 2333 1833 a
2363 1778 2500 1834 Filio
2544 1780 2713 1835 videri
2770 1794 2874 1835 non
2910 1793 3089 1848 posse,
3122 1794 3225 1832 non
3280 1781 3420 1847 quod
3452 1779 3645 1844 Filius,

379 1878 543 1932 etiam
568 1880 634 1933 de
657 1879 772 1948 ipso
801 1877 1093 1947 Unigenito
1123 1880 1376 1945 sentiam,
1427 1881 1471 1934 si
1503 1896 1569 1934 ne
1602 1879 1703 1948 ipsi
1738 1879 1955 1948 quidem
1992 1867 2034 1921 Β
2065 1882 2321 1940 tanquam
2346 1870 2635 1941 fragilioris
2659 1881 2933 1940 aspectus,
2959 1887 3062 1925 non
3104 1871 3282 1925 valeat
3314 1870 3528 1926 Patrem
3562 1873 3647 1926 vi-

377 1970 646 2024 visibilem
679 1970 856 2024 dicam
887 1970 980 2025 Dei
1019 1979 1290 2034 naturam,
1317 1970 1407 2039 qui
1458 1970 1779 2025 naturaliter
1815 1971 1953 2024 invi-

380 2062 554 2116 sibilis
593 2073 714 2131 est;
776 2078 878 2117 non
932 2062 1025 2116 tibi
1074 2064 1256 2116 statim
1312 2062 1393 2116 vel
1450 2064 1673 2132 impium
1714 2064 1959 2117 videatur

379 2170 501 2209 esse
561 2154 644 2209 vel
704 2154 1039 2209 absurdum:
1120 2158 1385 2210 rationem
1459 2156 1657 2226 quippe
1710 2154 1958 2210 dabimus

381 2254 796 2312 consequenter.
832 2245 989 2299 Aliud
1038 2246 1257 2317 quidem
1294 2256 1379 2301 est
1402 2246 1603 2309 videre,
1656 2246 1800 2300 aliud
1864 2261 1961 2300 no-

384 2337 760 2411 scere.Videri
786 2346 839 2393 et
874 2340 1060 2393 videre
1087 2354 1409 2409 corporeum
1442 2348 1563 2393 est:
1606 2339 1756 2393 nosci
1786 2347 1839 2392 et
1866 2353 1963 2392 no-

386 2444 541 2484 scere
599 2429 976 2484 intellectualis
1039 2440 1247 2485 natura:
1323 2438 1427 2486 est.
1491 2430 1765 2500 Quidquid
1823 2445 1955 2501 ergo

386 2522 663 2591 proprium
697 2536 988 2590 corporum
1015 2531 1118 2584 est,
1153 2522 1255 2575 hoc
1288 2536 1387 2577 nec
1419 2522 1484 2575 de
1518 2520 1702 2585 Patre,
1747 2537 1845 2576 nec
1896 2524 1962 2576 de

387 2612 525 2667 Filio
547 2614 886 2667 sentiendum
912 2622 1014 2667 est.
1042 2611 1193 2679 Quod
1214 2628 1343 2669 vero
1367 2615 1433 2668 ad
1460 2624 1705 2668 naturam
1730 2617 1964 2684 pertinet

388 2703 634 2769 Deitatis,
666 2704 767 2758 hoc
800 2704 938 2759 inter
969 2703 1184 2757 Patrem
1208 2719 1271 2758 ac
1301 2703 1496 2759 Filium
1528 2714 1763 2759 constat.
1793 2704 1956 2759 Deni-

390 2809 494 2863 que
528 2795 641 2864 ipse
686 2795 739 2849 in
778 2794 1068 2864 Evangelia
1116 2810 1220 2848 non
1267 2794 1423 2862 dixit,
1448 2796 1573 2865 quia
1618 2811 1780 2851 nemo
1833 2799 1965 2851 vidit

390 2883 607 2940 Patrem
650 2885 753 2940 nisi
793 2883 981 2943 Filius.
1012 2900 1184 2955 neque
1226 2884 1419 2941 Filium
1469 2889 1573 2942 nisi
1629 2888 1791 2943 Pater
1826 2908 1838 2943 :
1872 2891 1964 2944 sed

392 2978 469 3030 ait
508 2995 521 3031 :
561 2974 727 3029 Nemo
772 2978 911 3029 novit
960 2974 1157 3027 Filium
1183 2977 1283 3029 nisi
1332 2974 1511 3043 Pater,
1551 2996 1710 3048 neque
1754 2977 1966 3034 Putrem

391 3070 508 3137 quis
539 3071 675 3121 novit
706 3068 803 3122 nisi
840 3067 1012 3122 Filius
1031 3071 1099 3122 ⁷⁸⁵.
1126 3069 1203 3123 Ex
1232 3086 1337 3140 quo
1373 3071 1654 3126 manifeste
1681 3074 1965 3139 indicatur,

389 3161 535 3230 quod
564 3160 821 3230 quidquid
850 3159 995 3216 inter
1023 3176 1316 3232 corporeus
1345 3172 1567 3218 naturas
1602 3165 1787 3219 videre
1815 3174 1869 3218 et
1892 3166 1969 3219 vi-

395 3249 508 3303 deri
552 3249 778 3317 dicitur,
812 3250 915 3305 hoc
970 3252 1111 3305 inter
1148 3249 1364 3307 Patrem
1406 3262 1460 3308 et
1506 3253 1701 3308 Filium
1750 3226 2041 3311 noscereC

393 3342 591 3396 dicitur
622 3351 675 3395 et
712 3343 884 3408 nosci,
920 3358 1015 3413 per
1055 3345 1305 3399 virtutem
1337 3346 1597 3411 scientiae,
1630 3363 1735 3402 non
1775 3365 1870 3417 per
1898 3350 1974 3403 vi-

393 3432 670 3489 sibilitatis
722 3433 1093 3505 fragilitatem.
1131 3436 1267 3503 Quia
1318 3453 1447 3508 ergo
1476 3440 1542 3490 de
1587 3455 1847 3508 corporea
1878 3456 1975 3494 na-

392 3532 517 3578 tura
560 3535 613 3579 et
655 3527 910 3581 invisibili
937 3569 952 3593 ,
988 3544 1090 3582 nec
1146 3529 1329 3583 videre
1376 3531 1595 3600 praprie
1635 3533 1832 3585 dicitur
1878 3550 1977 3588 nec

393 3618 608 3673 videri:
638 3619 839 3673 idcirco
868 3634 1042 3690 neque
1075 3617 1237 3674 Pater
1271 3637 1298 3673 a
1341 3619 1498 3685 Filio,
1542 3637 1716 3691 neque
1749 3622 1917 3677 Filius
1946 3640 1975 3677 a

386 3705 562 3762 'Patre
594 3709 761 3762 videri
789 3709 841 3762 in
880 3709 1175 3778 Evangelio
1198 3710 1417 3777 dicitur,
1449 3711 1544 3765 sed
1583 3713 1754 3766 nosci.
1795 3731 1813 3764 ι
1845 3712 1977 3779 Quis

400 3816 523 3855 cum
567 3798 763 3853 Rufino
795 3816 900 3854 non
937 3802 1119 3855 statim
1143 3812 1421 3871 agnoscat,
1456 3804 1508 3856 in
1537 3803 1621 3858 his
1652 3805 1830 3861 verbis
1858 3806 1979 3860 Ori-

401 3905 589 3961 genem
632 3892 698 3944 de
735 3891 1142 3960 comparatione.
1180 3890 1353 3946 Patris
1373 3904 1428 3947 et
1454 3893 1575 3947 Filii
1612 3895 1741 3948 nibil
1776 3896 1975 3961 dicere,

403 3983 499 4036 sed
528 3983 595 4036 de
624 3982 739 4051 ipsa
778 3983 1003 4037 Deitatis
1037 3992 1224 4038 natura
1270 3999 1531 4054 quaerere,
1565 4003 1584 4037 ‹
1624 3987 1669 4040 si
1716 3987 1764 4040 ei
1797 3998 1976 4057 aptum

402 4072 513 4127 ullo
541 4087 740 4141 genere
759 4074 1088 4130 visibilitatis
1112 4076 1431 4131 vocabulum
1470 4078 1744 4132 videretur
1769 4080 1792 4132 ?
1816 4098 1833 4131 ι
1862 4080 1977 4133 Non

394 4166 548 4221 enim
576 4175 755 4234 negat,
778 4167 885 4222 imo
909 4168 1046 4221 satis
1071 4178 1255 4238 aperte
1283 4169 1441 4223 docet
1460 4169 1742 4236 Origenes,
1767 4171 1979 4225 Patrem

406 4272 559 4328 :eque
589 4273 619 4312 a
652 4258 789 4316 Filio
830 4259 1069 4330 percipi,
1097 4274 1160 4315 ac
1206 4258 1399 4314 Filium
1431 4274 1461 4313 a
1493 4258 1674 4329 Patre,
1712 4262 1815 4317 hoc
1861 4273 1942 4317 est
1964 4303 1981 4329 ,

407 4350 805 4420 perfectissime
843 4371 857 4407 :
905 4352 957 4407 id
984 4361 1193 4408 tantum
1232 4352 1366 4409 dicit
1417 4353 1645 4408 alterum
1696 4356 1765 4410 ab
1811 4356 1984 4411 altero

393 4441 610 4511 ‘percipi
643 4459 662 4493 ι
699 4456 807 4497 non
850 4458 948 4513 per
982 4444 1310 4499 visibilitatis
1342 4442 1712 4517 fragilitatem,
1749 4449 1842 4502 sed
1890 4463 1986 4517 per

2066 1965 2211 2030 dere,
2248 1964 2339 2033 qui
2371 1963 2571 2032 alioqui
2623 1978 2720 2033 per
2770 1972 3017 2017 naturam
3064 1976 3218 2017 suam
3245 1978 3275 2016 a
3309 1971 3650 2031 competente

2067 2056 2319 2110 facultate
2342 2055 2511 2108 videri
2548 2054 2721 2124 possit
2746 2071 2761 2120 ;
2793 2055 2887 2108 sed
2907 2054 3050 2123 quod
3074 2055 3211 2109 Deus
3246 2070 3341 2124 per
3364 2070 3422 2110 se
3451 2064 3505 2108 et
3534 2057 3646 2123 ipsa

2067 2155 2260 2201 natura
2308 2160 2405 2201 sua
2438 2145 2725 2200 invisibilis
2756 2146 2846 2213 sit,
2886 2146 2988 2199 boc
3016 2155 3098 2199 est
3139 2147 3511 2215 incorporeus,
3550 2164 3649 2203 ne-

2068 2253 2173 2307 que
2201 2240 2302 2294 sub
2347 2248 2623 2307 aspectum
2666 2238 2826 2292 cadat
2863 2254 2879 2293 :
2916 2252 3089 2307 eoque
3133 2253 3295 2292 sensu
3325 2237 3541 2292 Patrem
3596 2251 3654 2293 et

2068 2331 2265 2386 Filium
2305 2331 2407 2387 sibi
2440 2331 2668 2385 invicem
2693 2331 2897 2401 pariter
2922 2330 3219 2386 invisibiles
3250 2332 3652 2400 pronuntiasse.

2078 2423 2147 2480 Ut
2181 2426 2322 2493 quod
2369 2440 2457 2478 res
2504 2435 2606 2486 est,
2639 2424 2809 2478 libere
2831 2424 3003 2478 dicant
3031 2441 3046 2490 ;
3079 2423 3436 2494 Hieronymus
3468 2426 3519 2478 in
3552 2426 3656 2480 hac

2083 2519 2332 2589 Origenis
2378 2518 2746 2583 accusatione,
2783 2517 3022 2571 animum
3053 2532 3081 2570 a
3129 2520 3363 2571 candore
3390 2516 3651 2583 alienum,

2077 2622 2239 2682 atque
2259 2609 2831 2678 ali'ectibnsabreptum
2855 2608 2925 2662 ita
2950 2606 3233 2662 manifeste
3250 2608 3503 2678 prodidit,
3522 2619 3577 2660 ut
3601 2607 3652 2661 ia

2076 2705 2289 2759 caeteris
2312 2703 2788 2758 criminationibus
2814 2701 2972 2755 fidem
3002 2701 3103 2755 sibi
3126 2716 3342 2756 omnem
3366 2701 3656 2770 derogasse

2071 2798 2338 2852 videatur.
2399 2796 2550 2863 Quod
2576 2810 2629 2849 et
2677 2794 2835 2849 facile
2867 2803 3141 2861 agnoscet,
3179 2796 3423 2864 quisquis
3461 2794 3561 2848 bac
3584 2795 3652 2847 de

2074 2906 2155 2956 re,
2190 2887 2481 2942 Invectivas
2506 2902 2630 2957 quae
2656 2887 2929 2953 dicuntur,
2957 2887 3160 2953 Rufini,
3192 2902 3313 2941 cum
3346 2887 3655 2958 llieronymi

2074 2982 2334 3037 adversus
2359 2981 2610 3033 lInIinum
2632 2978 2887 3048 Apologia
2910 2976 3163 3033 conferre
3194 2994 3296 3032 non
3321 2978 3654 3048 gravabitur.

2149 3072 2178 3144 §
2222 3072 2385 3126 XVII.
2420 3073 2619 3126 Deinde
2650 3072 2703 3125 in
2732 3071 2920 3125 eadem
2966 3070 3195 3141 epistola
3229 3071 3295 3123 ad
3329 3072 3549 3124 Avitum
3602 3079 3659 3123 et

2078 3165 2206 3219 illud
2249 3164 2466 3235 Origeni
2516 3163 2707 3218 tribuit
2748 3160 3111 3233 Hieronymus
3158 3163 3380 3233 impium
3417 3178 3659 3233 pronun-

2078 3259 2265 3312 liattun
2301 3275 2314 3312 :
2355 3275 2370 3307 ι
2415 3257 2612 3311 Filium
2638 3265 3013 3313 comparatum
3046 3254 3214 3321 Patri,
3241 3272 3345 3310 non
3378 3270 3496 3311 esse
3519 3256 3664 3311 veri-

2077 3360 2283 3415 tatem;
2314 3350 2407 3403 sed
2435 3359 2810 3417 comparatum
2842 3349 2911 3403 ad
2964 3363 3063 3402 nos
3108 3363 3229 3403 esse
3286 3348 3661 3417 imaginariam

2079 3443 2384 3495 veritatem.
2423 3459 2444 3493 ι
2482 3440 2587 3495 Alii
2623 3455 2689 3495 ex
2721 3441 3001 3495 veteribus
3034 3442 3359 3495 atrociorem
3398 3440 3657 3509 blasphe-

2077 3535 2243 3587 miam
2276 3534 2374 3603 ipsi
2411 3533 2733 3603 impingunt,
2752 3548 2946 3602 nempe
2967 3552 2986 3585 ί
3011 3530 3207 3587 Filium
3232 3531 3377 3586 Patri
3405 3532 3658 3587 collatum

2078 3641 2200 3680 esse
2232 3626 2597 3679 mendacimn.
2648 3643 2665 3675 ι
2700 3623 2834 3690 Quis
2861 3639 2991 3678 vero
3025 3640 3193 3678 sanus
3224 3625 3523 3689 existimet,
3544 3621 3667 3679 Ori-

2078 3733 2271 3787 genem
2295 3719 2366 3772 ita
2392 3717 2651 3772 delirasse
2671 3718 2694 3771 ?
2711 3714 2873 3772 Certe
2894 3716 3005 3785 jam
3040 3717 3291 3786 superius
3328 3717 3667 3771 ostendimus

2079 3811 2388 3879 Origenem,
2406 3818 2519 3864 tum
2544 3812 2595 3862 in
2616 3810 2766 3864 libris
2786 3820 2968 3863 contra
3001 3807 3233 3873 Celsum,
3262 3819 3373 3862 tum
3403 3808 3529 3863 alibi
3569 3811 3668 3860 do-

2078 3901 2257 3954 cuisse
2304 3898 2485 3954 verbis
2530 3900 2790 3960 disertis,
2835 3896 3037 3951 Filium
3091 3899 3183 3952 Dei
3232 3913 3358 3953 esse
3402 3898 3669 3968 αὑτοαλή-

2081 3991 2232 4045 Θειαν
2260 4008 2280 4042 ‹
2334 3992 2663 4059 ipsissimam
2707 3991 3011 4043 veritatem.
3048 4008 3066 4040 ι
3110 3988 3216 4043 Sed
3266 3990 3552 4059 responsio
3599 3991 3665 4043 ad

2082 4086 2226 4139 banc
2256 4082 2617 4151 objectionem
2636 4081 2852 4136 elucere
2877 4082 3091 4135 videtur
3111 4097 3178 4134 ex
3199 4082 3312 4149 ipsa
3336 4081 3665 4149 objectione.

2082 4186 2241 4247 prout
2266 4174 2454 4230 Graece
2486 4172 2807 4244 proponitur
2851 4184 3122 4241 anonymo
3165 4170 3453 4225 defensore
3479 4170 3668 4241 Orige-

2084 4269 2171 4324 nis
2198 4268 2341 4339 apud
2365 4264 2629 4332 ,Pbotium
2665 4262 2787 4319 cod.
2815 4276 2979 4318 cxvu.
3009 4263 3059 4317 Is
3084 4262 3279 4317 ibidem
3322 4264 3465 4318 inter
3486 4265 3666 4335 capita

2085 4363 2139 4417 in
2181 4362 2415 4431 Origene
2456 4358 2779 4428 reprehendi
2831 4357 3013 4418 solita,
3046 4365 3378 4426 postremum
3414 4355 3541 4410 illud
3573 4372 3670 4425 po-

2087 4456 2167 4509 nit
2192 4472 2207 4509 :
2246 4455 2416 4524 Ὀτιὴ
2448 4450 2608 4505 εἰκὼν
2636 4450 2730 4505 τοῦ
2749 4450 2908 4510 Θεοῦ,
2934 4451 3010 4514 ὡς
3043 4450 3181 4521 πρὸς
3209 4451 3412 4502 ἐκεῖνον
3438 4440 3500 4503 οὗ
3520 4448 3669 4501 ἐστιν

405 4531 649 4586 scientiae
682 4530 957 4588 virtutem.
988 4552 1007 4585 ι
1034 4534 1173 4601 Quid
1208 4550 1334 4590 vero
1360 4535 1426 4590 ad
1451 4535 1565 4591 haec
1587 4536 1970 4609 Hieronymus?

2087 4539 2268 4603 εἰκὼν,
2284 4540 2449 4594 καθ’ὃ
2472 4540 2773 4601 εἰκὼν,οὐκ
2803 4539 2948 4593 ἐστιν
2980 4540 3232 4611 ἀλήθεια,
3278 4541 3326 4593 id
3353 4549 3436 4593 est
3471 4556 3490 4589 ι
3526 4539 3666 4592 Ima-

406 4624 545 4680 Διιᾱί
579 4637 634 4681 et
674 4626 877 4698 judica.
923 4626 1014 4683 Sic
1045 4629 1206 4699 igitur
1255 4628 1344 4684 ille
1374 4629 1597 4700 Apolog.
1645 4630 1766 4685 adv.
1798 4630 1980 4700 Ruﬁn.

403 4715 503 4774 lib.
550 4734 612 4784 ιι,
663 4734 715 4791 p.
758 4719 885 4785 401,
920 4735 1071 4776 novae
1101 4721 1230 4777 edit.
1267 4737 1283 4775 :
1320 4740 1341 4773 ‹
1376 4722 1432 4777 ln
1469 4723 1644 4792 primo
1677 4723 1815 4779 libro
1843 4723 1986 4792 Περὶ

405 4809 630 4882 ἀρχῶν,
705 4812 899 4883 inquit,
972 4815 1063 4871 ubi
1116 4814 1378 4887 Origenes
1456 4816 1636 4887 lingua
1721 4817 1987 4888 sacrilega

408 4905 825 4975 blaspliemavit,
856 4909 1000 4979 quod
1048 4907 1217 4965 Filius
1258 4909 1477 4965 Patrem
1531 4926 1636 4965 nou
1680 4912 1898 4979 videat,
1931 4919 1989 4966 tu

409 5002 574 5056 etiam
599 5016 797 5060 causas
825 5003 1029 5067 reddis,
1067 5005 1220 5073 quasi
1244 5020 1311 5059 ex
1337 5018 1564 5075 persona
1595 5004 1711 5074 ejus
1732 5005 1827 5074 qui
1852 5004 1990 5059 scri-

411 5093 565 5163 psit:
601 5102 657 5148 et
705 5093 917 5165 Didymi
968 5095 1346 5166 interpretaris
1380 5096 1606 5167 σχόλιον,
1639 5096 1694 5151 in
1743 5110 1852 5167 quo
1901 5096 1990 5153 Ille

413 5199 573 5240 casso
607 5183 795 5240 labore
838 5194 1066 5241 conatur
1097 5186 1333 5241 alienum
1378 5204 1618 5243 errorem
1653 5188 1988 5257 defendere;

414 5277 555 5347 quod
580 5277 841 5348 Origenes
864 5277 1081 5346 quidem
1107 5278 1244 5334 bene
1274 5279 1493 5344 dixerit,
1520 5280 1615 5335 sed
1651 5293 1750 5335 nos
1779 5280 1990 5351 simpli-

414 5384 504 5423 ccs
549 5369 795 5424 homines
829 5378 885 5424 et
917 5368 1131 5424 cicures
1173 5369 1423 5435 Enniani,
1454 5387 1555 5426 nec
1594 5370 1735 5427 illius
1776 5372 1993 5440 sapien-

415 5462 567 5525 tiam,
618 5475 719 5517 nec
766 5470 935 5527 tuam,
985 5460 1075 5529 qui
1119 5463 1507 5531 interpretatus
1554 5476 1648 5526 es,
1690 5462 1991 5533 intelligere

412 5565 721 5619 possumus.
758 5570 779 5605 ι
824 5552 1005 5619 Quare
1040 5562 1221 5608 autem
1281 5570 1388 5608 non
1439 5556 1778 5610 demonstrat
1817 5555 1987 5610 verba

414 5643 663 5712 Origenis
703 5643 913 5715 σκόλιον
946 5644 1087 5699 istud
1131 5644 1339 5715 Didymi
1374 5647 1498 5717 (viri
1535 5661 1667 5702 sane
1706 5647 1757 5701 in
1793 5644 1987 5701 Eccle-

486 5824 531 5855 "
555 5825 760 5881 Coloss.
784 5845 823 5887 ι.
866 5828 947 5883 15.
1026 5829 1070 5862 ‘9
1100 5825 1257 5882 Joan.
1294 5844 1331 5888 ι.
1366 5829 1453 5882 l8.

1534 5831 1579 5860 7°
1606 5830 1790 5885 Matth.
1831 5845 1902 5887 ιι.
1949 5831 2041 5887 27.

2086 4636 2264 4706 ginem
2300 4634 2393 4690 Dei
2426 4645 2674 4703 respectu
2704 4632 2843 4703 ejus,
2871 4633 3026 4701 cujus
3054 4646 3136 4688 est
3166 4634 3372 4701 imago;
3399 4644 3669 4702 quatenus

2086 4733 2172 4780 est
2199 4725 2401 4794 imago,
2436 4739 2540 4779 non
2592 4737 2715 4779 esse
2746 4724 3052 4778 veritatem.
3090 4740 3108 4772 ι
3140 4721 3268 4788 Quae
3295 4719 3593 4791 propositio
3619 4721 3666 4775 si

2089 4819 2447 4887 expendatur,
2481 4833 2613 4872 sana
2659 4817 2932 4872 videbitur
2964 4825 3019 4870 et
3064 4814 3358 4871 catholica.
3395 4812 3529 4867 Nam
3576 4811 3669 4867 Fi-

2090 4908 2257 4975 lium,
2302 4917 2575 4979 quatenus
2617 4918 2701 4964 est
2741 4910 2921 4977 imago
2958 4906 3171 4973 Patris,
3214 4920 3319 4960 non
3370 4919 3492 4960 esse
3526 4905 3667 4958 veri-

2096 5008 2284 5063 tatem,
2336 5001 2441 5055 boc
2473 5009 2582 5065 est,
2611 5013 2717 5054 non
2752 4998 2926 5069 ipsum
2966 5012 3091 5053 esse
3122 4996 3369 5059 Patrem,
3402 4996 3557 5065 cujus
3586 5004 3670 5050 est

2096 5092 2298 5164 imago,
2328 5091 2695 5147 certissimum
2728 5101 2831 5147 est.
2850 5090 3071 5146 Scilicet
3102 5091 3202 5145 boc
3226 5090 3294 5143 ab
3327 5087 3557 5157 Origene
3585 5088 3671 5139 di-

2095 5195 2242 5239 ctum
2269 5186 2483 5240 videtur
2534 5194 2725 5241 contra
2776 5184 3094 5251 Noetianos,
3129 5181 3222 5253 qui
3255 5182 3501 5238 eamdem
3546 5194 3670 5234 esse

2091 5274 2273 5332 Patris
2300 5286 2356 5331 ct
2383 5276 2506 5332 Filii
2539 5291 2832 5347 personam
2878 5277 3217 5332 asserebant.
3255 5273 3525 5328 Cazterum
3582 5271 3668 5325 Fi-

2095 5368 2227 5423 lium
2253 5369 2346 5424 Dei
2373 5384 2496 5425 esse
2515 5368 2696 5424 Patris
2714 5369 2798 5423 sui
2829 5367 3232 5439 veramtvivam
3251 5379 3315 5420 ac
3342 5363 3658 5435 perfectissi-

2098 5478 2241 5517 mam
2272 5462 2584 5528 imaginem,
2619 5463 2719 5532 ipsi
2747 5462 2889 5517 Patri
2919 5475 3015 5530 per
3045 5460 3250 5523 omnia,
3269 5459 3432 5514 etiam
3462 5457 3665 5527 magni-

2098 5556 2282 5612 tudine
2311 5557 2750 5627 respondentem,
2786 5557 2990 5613 diserte
3011 5554 3175 5609 docet
3196 5551 3460 5623 Origenes
3480 5552 3575 5606 Iib.
3592 5562 3666 5618 vt,

2097 5660 2281 5704 contra
2308 5650 2442 5705 Cels.
2464 5664 2625 5720 quem
2649 5649 2824 5706 locum
2859 5648 2996 5703 infra
3030 5648 3295 5718 integrum
3318 5646 3649 5700 adducemus
