4152 6418
537 410 674 466 1519

1954 413 2323 474 EXCERPTU
2336 417 2383 470 Μ

3664 428 3805 483 15Ξο

605 534 632 602 §
663 527 842 584 XVIII.
891 529 1128 598 Denique
1167 539 1221 584 et
1264 530 1400 583 hanc
1439 529 1655 601 Origeni
1705 532 2096 603 blasphemiam
2145 547 2196 598 Α
2223 539 2391 594 solam
2430 539 2521 595 Dei
2555 551 2802 595 naturam
2834 554 3173 610 competere;
3206 554 3255 600 et
3289 546 3448 601 simul
3485 563 3590 602 non
3623 551 3806 605 minus
3847 615 3852 619 η

531 626 756 680 ascribit
795 624 848 677 in
894 623 1117 690 epistola
1157 623 1222 674 ad
1258 622 1478 675 Avitum
1518 622 1676 678 Pater
1699 622 2117 681 Stridoncnsis:

536 736 556 770 ι
602 719 766 771 Deum
828 714 1043 770 Patrem
1102 729 1226 768 esse
1279 714 1458 768 lumen
1512 716 2119 789 incomprehensibile;

534 809 817 862 Christum
865 805 1155 858 collatione
1213 804 1393 860 Patris
1442 806 1784 874 splendorem
1839 825 1961 866 esse
1995 827 2122 880 per-

528 913 780 968 parvum.
822 917 840 948 ι
867 897 1029 966 Atqui
1062 896 1277 951 Patrem
1317 909 1369 952 et
1400 898 1592 952 Filium
1630 901 1840 968 pariter
1886 917 2008 958 esse
2039 905 2123 956 in-

529 991 1050 1060 romprebensibiles
1085 990 1139 1044 in
1179 991 1333 1044 libris
1376 1001 1562 1045 contra
1601 993 1812 1047 Celsum
1868 1011 1975 1050 non
2017 1012 2122 1048 uno

530 1082 583 1134 in
635 1082 751 1135 loco
793 1082 993 1135 diserte
1032 1081 1286 1135 docuisse
1327 1081 1620 1149 Origenem
1654 1100 1819 1153 supra
1863 1086 2118 1140 vidimus.

529 1170 760 1226 Videtur
784 1182 963 1225 autem
992 1173 1106 1225 haec
1129 1174 1438 1228 criminatio
1459 1191 1520 1229 ex
1557 1177 1622 1230 iis
1653 1175 1786 1230 locis
1817 1179 2006 1245 petita,
2031 1179 2118 1232 ubi

528 1262 660 1319 dicit
687 1263 969 1332 Origenes,
1005 1283 1023 1315 ι
1065 1265 1119 1318 In
1149 1263 1312 1320 Patre
1341 1268 1513 1321 nullas
1540 1283 1660 1323 esse
1697 1271 1990 1338 tenebras;
2031 1270 2120 1324 Fi-
2163 1313 2166 1316 .

529 1355 657 1409 lium
689 1373 819 1410 vero
857 1357 908 1410 in
947 1359 1186 1413 tenebris
1214 1359 1415 1414 lucere.
1451 1380 1469 1412 ι
1502 1361 1607 1416 Sed
1637 1373 1870 1418 mentem
1915 1379 1976 1418 ac
1999 1379 2122 1418 sen-

526 1447 752 1502 tentiam
783 1464 934 1503 suam
973 1449 1039 1504 iis
1066 1451 1119 1504 in
1153 1450 1289 1506 locis
1332 1452 1478 1507 clare
1524 1453 1819 1523 explicavit
1851 1456 1966 1524 ipse
1995 1457 2122 1512 Ori-

525 1555 692 1607 genes
718 1551 850 1594 tom.
882 1557 919 1596 ιι
951 1541 1005 1594 in
1025 1541 1216 1608 10am,
1238 1559 1386 1598 num.
1413 1545 1504 1608 21,
1527 1561 1648 1618 pag.
1678 1547 1770 1611 79,
1799 1549 1883 1602 bis
1908 1550 2117 1605 verbis:

521 1628 728 1702 Μηδεὶς
748 1632 804 1684 δὲ
832 1634 978 1704 ἡμᾶς
1007 1634 1436 1706 ὑπολαμϐανέτω
1461 1637 1632 1690 ταῦτα
1664 1637 1842 1706 λέγειν
1865 1639 2122 1693 ἀσεϐοῦν-

522 1740 622 1786 τις
647 1726 726 1786 εις
749 1723 841 1776 τὸν
874 1726 1107 1794 Χριστὸν
1135 1726 1226 1779 τοῦ
1271 1727 1428 1780 Θεοῦδ
1463 1722 1507 1796 ᾧ
1547 1728 1657 1800 γὰρ
1700 1728 1842 1801 λόγῳ
1875 1733 1904 1784 ὁ
1931 1732 2120 1805 Πατὴρ

526 1817 686 1886 μόνος
719 1818 831 1890 ἔχει
866 1819 1184 1887 ἀθανασίαν,
1221 1822 1316 1876 τοῦ
1361 1823 1567 1894 Κυρίου
1605 1825 1763 1896 ἡμῶν
1799 1825 1888 1880 διὰ
1937 1827 2118 1895 φιλαν-

522 1911 770 1981 Θρωπίαν
799 1910 1024 1966 θάνατον
1047 1913 1137 1968 τὸν
1177 1915 1317 1986 ὑπὲρ
1339 1915 1497 1986 ἡμῶν
1529 1915 1883 1986 ἁνειληφότος
1903 1933 1914 1946 ·
1940 1918 2114 1990 τούτῳ

511 2005 549 2055 '6
579 2003 767 2075 Πατὴρ
821 2003 932 2074 ἕχει
983 2005 1139 2075 μόνος
1173 2006 1233 2058 τό
1255 2023 1268 2035 ⁸
1300 2007 1496 2061 Σκοτξα
1541 2009 1598 2060 ἐν
1626 2007 1775 2078 αὐτῷ
1814 2009 1914 2062 οὐκ
1969 2010 2114 2064 ἔστιν

517 2094 768 2165 οὐδεμία*
791 2095 884 2148 τοῦ
903 2097 1143 2168 Χριστοῦ
1165 2098 1252 2151 διὰ
1270 2098 1368 2169 τὴν
1391 2097 1526 2170 πρὸς
1555 2099 1876 2171 ἀνθρώπους
1898 2103 2117 2174 εὐεργε-

522 2189 645 2243 σίαν
679 2189 765 2258 ἐφ’
795 2189 958 2242 αὑτὸν
981 2190 1078 2253 τὰς
1109 2190 1265 2261 ἡμῶν
1301 2192 1520 2254 σκοτίας
1553 2192 1982 2264 ἀναδεδεγμένου
2011 2213 2023 2226 ·
2056 2196 2107 2250 id

518 2290 645 2335 est:
684 2299 703 2333 ι
753 2279 863 2336 Nec
891 2297 1021 2336 vero
1063 2283 1373 2354 suspicetur
1403 2299 1504 2338 nos
1541 2285 1826 2354 quisquam
1865 2288 1981 2342 htec
2026 2290 2110 2343 di-

519 2389 648 2428 cere
696 2374 878 2429 mimts
923 2374 1010 2444 pie
1040 2374 1317 2431 Christum
1374 2377 1464 2431 Dei
1515 2377 1778 2433 colentes.
1819 2378 1952 2434 Nam
2006 2397 2108 2452 qua

517 2467 730 2520 ratione
767 2467 916 2522 solus
950 2466 1112 2522 Pater
1141 2467 1306 2524 habet
1338 2469 1972 2543 immortalitatem.quia
2009 2476 2109 2529 Do-

516 2561 697 2614 minus
722 2568 905 2613 noster
936 2570 1186 2615 nostrum
1232 2562 1452 2616 nomine
1499 2573 1730 2618 mortem
1759 2564 1828 2618 ob
1859 2581 2104 2620 altiorem

412 2719 420 2726 _
515 2666 644 2722 erga
687 2667 856 2722 genus
896 2652 1194 2706 humanum
1246 2653 1576 2723 pertulerit,
1613 2655 1717 2710 hac
1749 2654 1912 2711 Pater
1959 2659 2109 2713 solus

515 2742 704 2811 habet,
725 2753 784 2798 ut
809 2745 861 2798 in
892 2745 1008 2814 ipso
1049 2745 1210 2800 nullae
1239 2747 1351 2801 sint
1376 2747 1643 2814 tenebrae;
1677 2764 1800 2804 cum
1836 2748 2107 2816 Christus,

511 2845 577 2888 ut
622 2836 872 2891 homines
918 2836 1184 2892 beneﬁcio
1223 2837 1484 2907 alliceret,
1521 2841 1774 2897 tenebras
1808 2852 2024 2898 nostras
2053 2843 2105 2898 in

512 2941 751 2997 selpSlllll
776 2931 1063 3000 receperit.
1095 2951 1114 2984 ι

588 3019 616 3090 §
657 3019 796 3075 XIX.
823 3021 898 3076 Ita
949 3025 1165 3078 tandem
1209 3025 1513 3080 doctrinam
1567 3025 1826 3082 librorum
1858 3027 2106 3098 Origcnis

510 3126 694 3169 contra
745 3115 952 3171 Celsum
979 3155 995 3180 ,
1031 3117 1085 3172 in
1119 3120 1350 3174 articulo
1394 3121 1460 3174 de
1504 3118 1642 3173 Filio
1685 3121 1799 3188 Dei,
1846 3123 2105 3180 orthodo-

509 3223 636 3262 Xam
679 3219 732 3262 et
784 3211 1106 3266 catholicam
1156 3212 1301 3267 clare
1348 3213 1690 3267 ostendinms
1729 3228 1742 3263 :
1813 3213 2102 3282 impiisque
2132 3249 2176 3306 ϐ

512 3300 648 3354 adeo
690 3302 868 3369 dictis,
909 3319 1028 3372 quae
1061 3303 1422 3374 Hieronymus
1445 3313 1499 3358 et
1531 3302 1620 3358 alii
1651 3305 1866 3374 egregio
1895 3304 2100 3358 doctori

509 3389 896 3451 attribuerunt,
930 3391 1265 3445 assertiones
1288 3392 1448 3460 plane
1475 3395 1883 3454 contrarias.ex
1912 3395 2102 3448 eodem

509 3491 676 3546 Opere
719 3478 1021 3534 indubitate
1063 3482 1392 3549 productas,
1419 3484 1787 3552 opposuimus.
1818 3482 1918 3548 Qui
1972 3498 2103 3537 vero

510 3573 823 3628 testimonia
859 3574 948 3629 illa
993 3575 1255 3630 catholica
1279 3619 1293 3642 ,
1331 3591 1451 3647 quae
1507 3578 1558 3631 in
1595 3577 1806 3631 caneris
1853 3575 2103 3640 Origenis

509 3665 732 3734 scriptis
759 3668 1126 3736 reperiuntur,
1171 3671 1318 3738 cupit
1346 3684 1695 3740 cognoscere,
1732 3671 1981 3725 consulat
2013 3671 2100 3723 ille

507 3753 778 3827 Pamphili
833 3759 1091 3830 martyris
1128 3760 1441 3830 Apologiam
1488 3777 1583 3830 pro
1634 3759 1858 3831 Origene
1887 3777 2008 3830 Cap.
2040 3761 2096 3823 5,

515 3864 647 3920 pag,
682 3850 775 3915 27,
809 3866 970 3920 quam
1005 3867 1132 3905 vere
1159 3849 1425 3921 Pamphili
1456 3866 1575 3906 esse
1619 3862 1806 3906 contra
1833 3851 2100 3922 Hierony-

517 3958 668 3997 mum
709 3959 835 3998 mox
865 3945 1069 4012 liquido
1097 3945 1467 4014 probabimus.
1505 3943 1673 3998 Nobis
1711 3944 1824 3999 loca
1851 3945 2097 4014 quzedam

507 4035 795 4090 selectiora
831 4052 898 4090 ex
937 4037 1022 4089 illa
1048 4037 1304 4106 Apologia
1336 4037 1422 4090 hic
1453 4036 1715 4090 recitasse
1742 4033 1992 4088 ειιίῐίι·ἰειι.
2022 4035 2094 4088 Ex

506 4128 685 4196 primo
734 4127 870 4182 libro
919 4128 1060 4197 Περὶ
1111 4127 1357 4198 ἀρχῶν,
1393 4143 1542 4182 num.
1587 4128 1654 4189 5.
1689 4128 1802 4181 lucc
1847 4126 2097 4197 Origenis

506 4217 673 4270 verba
725 4216 859 4272 citat
899 4218 1259 4286 Pamphilus:
1298 4236 1317 4268 ι
1359 4217 1511 4271 Nulla
1548 4231 1680 4286 ergo
1724 4225 2094 4282 natura.est,

504 4321 628 4376 qua;
666 4321 770 4361 non
818 4308 1053 4377 recipiat
1094 4309 1318 4374 malum,
1347 4320 1575 4379 excepta
1610 4307 1700 4362 Dei
1735 4319 1950 4372 natura,
1975 4321 2096 4377 qua:

508 4397 631 4454 foris
659 4399 921 4454 bonorum
948 4401 1188 4456 omnium
1211 4413 1315 4466 est,
1339 4411 1394 4456 et
1427 4399 1628 4456 Christi
1664 4402 1928 4472 sapientia
1948 4401 2094 4457 enim

504 4498 616 4554 est,
646 4499 701 4547 et
727 4492 994 4561 sapientia
1025 4493 1211 4562 utique
1233 4492 1522 4548 stultitiam
1561 4495 1805 4564 recipere
1849 4509 1956 4548 non
1997 4507 2093 4564 po-

2223 645 2484 700 expresse
2529 633 2678 697 dicit,
2708 648 2880 702 neque
2919 634 3137 700 Filium,
3181 651 3355 706 neque
3388 638 3646 706 Spiritum
3675 655 3807 694 san-

2225 733 2370 776 ctum
2401 739 2556 791 posse
2589 726 2789 779 malum
2835 727 3076 796 recipere
3107 747 3120 782 :
3152 732 3378 785 omnino
3405 732 3573 804 igitur
3624 737 3803 790 sensit

2224 813 2484 881 Origenes
2522 825 2575 868 et
2619 815 2811 870 Filium
2859 829 2913 871 et
2940 819 3199 886 Spiritum
3235 832 3480 877 sanctum
3523 824 3578 879 in
3608 836 3805 881 natura

2225 907 2403 960 divina
2458 907 2774 963 subsistere.
2808 909 2962 977 Quod
2993 926 3088 966 eos
3112 922 3300 967 notare
3336 913 3494 967 velim
3514 954 3530 978 ,
3559 915 3649 984 qui
3677 918 3805 968 Ori-

2224 1013 2414 1066 genem
2444 999 2766 1054 existimant
2819 1004 3013 1057 saltem
3071 1003 3334 1071 Spiritum
3376 1017 3624 1062 sanctum
3661 1009 3805 1063 inter

2223 1100 2502 1144 creaturas
2531 1109 2864 1150 numerasse.
2893 1096 2999 1150 Sed
3028 1105 3082 1150 et
3106 1111 3227 1151 mox
3258 1097 3454 1152 ibidem
3491 1101 3653 1155 totius
3676 1115 3804 1155 san-

2222 1182 2478 1237 ctissima:
2499 1183 2725 1247 Τριὰδος
2749 1185 3311 1242 inconvertibibtatem
3341 1199 3503 1258 atque
3528 1192 3804 1244 aeternita-

2223 1281 2332 1326 tem
2351 1273 2498 1328 clare
2531 1277 2776 1342 agnoscit
2799 1277 2882 1331 his
2914 1279 3093 1332 verbis
3117 1279 3229 1350 (59)
3260 1297 3315 1333 τι
3341 1281 3394 1334 Si
3413 1281 3683 1337 revelante
3712 1282 3803 1336 Fi-

2222 1362 2296 1417 lio
2322 1367 2599 1434 cognoscit
2627 1364 2841 1420 Patrem
2864 1367 3101 1437 Spiritus
3130 1378 3374 1435 sanctus,
3393 1385 3526 1440 ergo
3553 1385 3620 1424 ex
3648 1373 3803 1440 igno-

2224 1457 2405 1511 rantia
2438 1458 2503 1511 ad
2545 1459 2826 1511 scientiam
2859 1461 3009 1512 venit
3041 1461 3221 1527 :quod
3256 1461 3442 1530 utique
3479 1472 3538 1516 et
3577 1463 3800 1531 impium

2222 1548 2427 1618 pariter
2461 1558 2517 1602 et
2561 1551 2784 1603 stultum
2817 1562 2923 1614 est,
2960 1550 3220 1620 Spiritum
3255 1565 3500 1608 sanctum
3531 1556 3796 1618 conﬁteri,

2221 1651 2276 1696 et
2333 1640 2690 1710 ignorantiam
2725 1641 2774 1694 ei
2816 1643 3111 1697 ascribere.
3145 1641 3261 1697 Non
3303 1645 3450 1699 enim
3489 1661 3613 1700 cum
3654 1645 3800 1700 aliud

2223 1727 2424 1796 aliquid
2455 1740 2602 1783 esset
2637 1741 2931 1800 antequam
2963 1731 3199 1800 Spiritus
3223 1745 3464 1799 sanctus,
3491 1750 3587 1804 per
3617 1737 3799 1805 profe-

2223 1830 2371 1874 ctum
2420 1822 2571 1875 venit
2611 1821 2664 1876 in
2725 1823 2850 1887 hoc,
2883 1832 2938 1877 ut
2986 1836 3132 1879 esset
3179 1823 3417 1892 Spiritus
3449 1838 3706 1894 sanctus;
3739 1838 3802 1884 ut

2221 1917 2344 1981 quis
2366 1915 2563 1968 amicat
2589 1915 2774 1970 dicere
2813 1917 2939 1985 quia
2987 1927 3117 1973 tunc
3147 1919 3366 1987 quidem
3389 1935 3514 1974 cum
3555 1923 3799 1976 nondum

2220 2016 2362 2059 esset
2417 2004 2652 2074 Spiritus
2707 2018 2946 2071 sanctus,
2972 2009 3259 2080 ignorabat
3311 2011 3576 2066 Patrem:
3611 2023 3799 2081 postea

2219 2113 2350 2152 vero
2373 2113 2530 2167 quam
2569 2099 2769 2167 recepit
2795 2101 3285 2167 scientiam,etiam
3319 2102 3554 2173 Spiritus
3574 2117 3801 2159 sanctus

2219 2186 2443 2241 cll'ectus
2469 2199 2572 2241 est.
2611 2187 2763 2254 Quod
2791 2187 2838 2242 si
2880 2198 3048 2253 esset,
3077 2205 3352 2260 nunquam
3383 2191 3569 2260 utique
3596 2191 3647 2244 in
3678 2192 3800 2242 uni-

2221 2286 2332 2331 tate
2366 2275 2672 2342 Trinitatis,
2707 2279 2757 2331 id
2791 2289 2874 2332 est
2919 2279 3013 2332 Dei
3053 2279 3231 2335 Patris
3269 2281 3718 2348 inconvertibilis,
3744 2291 3802 2336 et

2218 2367 2338 2420 Filii
2362 2369 2476 2435 ejus
2505 2369 2664 2423 etiam
2693 2369 2806 2438 ipse
2833 2369 3068 2437 Spiritus
3096 2381 3321 2425 sanctus
3353 2373 3668 2435 haberetur,
3691 2372 3799 2426 ιιίςί

2217 2462 2341 2530 quia
2374 2473 2428 2514 et
2461 2463 2574 2530 ipse
2606 2477 2820 2531 semper
2845 2471 2963 2516 erat
3004 2464 3244 2532 Spiritus
3271 2474 3513 2517 Sanctus.
3542 2482 3563 2515 ι
3597 2462 3668 2518 De
3700 2463 3796 2518 Fi-

2217 2552 2288 2607 lio
2314 2568 2439 2607 vero
2466 2553 2556 2608 Dei
2586 2555 2666 2608 sic
2691 2554 2879 2609 scribit
2905 2554 3171 2622 Origenes
3205 2555 3257 2608 in
3294 2555 3469 2623 primo
3504 2553 3641 2607 libro
3667 2551 3799 2622 Epi-

2215 2647 2366 2700 stolae
2411 2649 2479 2700 ad
2530 2646 2820 2714 Romanos,
2871 2664 3023 2705 num.
3075 2648 3130 2714 5,
3182 2648 3396 2718 p.466,
3436 2648 3800 2712 not.,citante

2215 2736 2495 2804 Pamphilo
2555 2738 2775 2810 Apolog.
2827 2754 2948 2808 cap.
2983 2739 3036 2805 5,
3080 2754 3205 2811 pag.
3241 2739 3350 2794 33:
3385 2757 3406 2791 ι
3439 2739 3656 2807 Quarrat
3688 2738 3800 2794 for-

2216 2839 2358 2885 tasse
2393 2829 2606 2899 aliquis,
2634 2832 2678 2885 si
2711 2830 2750 2885 F
2760 2831 2880 2886 ilius
2912 2832 3155 2886 cbaritas
3199 2840 3326 2893 eSt;
3359 2833 3631 2901 praecipue
3667 2847 3795 2902 pro-

2213 2934 2334 2992 pter
2362 2922 2465 2977 hoc
2488 2925 2630 2992 quod
2655 2922 2892 2977 Joannes
2915 2925 2979 2976 ad
3008 2923 3173 2979 Deum
3202 2924 3413 2978 Patrem
3445 2924 3625 2978 retulit
3657 2925 3799 2978 hanc

2213 3025 2398 3065 vocem
2429 3012 2638 3077 dicens,
2670 3012 2805 3078 Quia
2840 3013 2981 3066 Deus
3009 3013 3241 3067 Charitas
3267 3013 3548 3068 est“.Sed
3580 3030 3795 3068 rursum

2211 3118 2277 3156 ex
2322 3105 2434 3172 ipsa
2453 3105 2572 3174 ejus
2620 3105 2860 3176 Epistola
2897 3108 3238 3174 proferemus
3271 3117 3324 3160 et
3363 3105 3494 3160 illud
3522 3107 3661 3173 quod
3694 3106 3793 3168 ait,

2212 3195 2542 3263 C/tarissimi,
2578 3199 2863 3268 diligamus
2909 3199 3148 3263 invicem,
3175 3200 3424 3268 quoniam
3455 3199 3689 3251 charitas
3727 3214 3796 3251 επ

2212 3288 2318 3342 Deo
2345 3290 2411 3342 τί.
2447 3289 2546 3355 Qui
2575 3305 2704 3361 ergo
2734 3290 2891 3354 dixit,
2925 3290 3054 3359 quia
3084 3289 3225 3344 Deus
3268 3292 3501 3344 churitas
3538 3301 3648 3352 est,
3679 3293 3796 3359 ipse

2207 3382 2402 3436 iterum
2432 3384 2584 3437 docet
2618 3384 2942 3436 cbaritatem
2976 3397 3096 3437 esse
3137 3398 3201 3437 ex
3230 3382 3341 3438 Deo
3373 3400 3387 3436 :
3426 3399 3586 3452 quam
3614 3383 3795 3436 chari-

2207 3483 2373 3528 tatem
2400 3474 2562 3529 credo
2587 3490 2692 3528 non
2728 3489 2850 3530 esse
2871 3475 3034 3529 alium
3068 3477 3169 3529 nisi
3216 3475 3550 3546 unigenitum
3596 3473 3791 3528 Filiqu

2205 3564 2321 3633 ejus
2360 3563 2499 3618 sicut
2529 3565 2692 3618 Deum
2722 3578 2790 3618 ex
2829 3564 2956 3628 Deo,
2990 3564 3062 3618 ita
3087 3566 3406 3619 charitatem
3431 3579 3496 3619 ex
3523 3563 3794 3619 charitate

2207 3657 2568 3727 progenitam.
2629 3675 2648 3708 ι
2694 3654 2898 3710 Deinde
2948 3670 3015 3709 ex
3059 3655 3152 3709 lib.
3197 3671 3231 3709 ν
3270 3656 3326 3709 in
3376 3654 3582 3725 Evang.
3623 3653 3797 3710 Joan-

2205 3750 2283 3800 nis
2309 3761 2328 3800 :
2370 3766 2389 3799 ι
2439 3746 2760 3818 Uuigeuitus
2792 3747 2960 3802 Filius
2982 3748 3230 3803 Salvator
3262 3755 3482 3813 noster,
3513 3747 3602 3816 qui
3647 3746 3794 3800 solus

2201 3855 2268 3894 ex
2306 3839 2464 3894 Patre
2509 3852 2666 3895 natus
2702 3851 2808 3908 est,
2862 3841 3009 3895 solus
3043 3849 3230 3894 natura
3274 3850 3329 3895 et
3373 3854 3475 3893 non
3508 3839 3796 3908 adoptione

2199 3931 2367 3987 Filius
2396 3941 2500 3990 est.
2526 3951 2544 3984 ι
2566 3932 2683 3988 Mox
2715 3947 2780 3988 ex
2811 3931 3298 3987 Commentariisiu
3332 3930 3554 3998 Epistol.
3579 3934 3648 3984 ad
3676 3929 3792 3985 He-

2200 4027 2366 4082 brwos
2401 4029 2515 4082 lucc
2546 4026 2794 4096 Origenis
2828 4026 2990 4079 verba
3026 4025 3155 4079 citat
3198 4023 3512 4092 Pamphilus
3538 4041 3553 4076 :
3577 4041 3595 4074 ι
3617 4020 3792 4092 Opor-

2202 4130 2277 4177 tet
2306 4131 2486 4176 autem
2516 4121 2657 4174 scire
2683 4134 2804 4184 nos,
2836 4119 2960 4188 quia
2996 4132 3092 4187 per
3127 4115 3413 4171 ineﬂ‘abilia
3455 4116 3700 4184 quaedam
3736 4126 3793 4170 et

2199 4217 2405 4266 secreta
2439 4221 2494 4265 et
2551 4211 2826 4264 recondita
2877 4207 3162 4276 quemdam
3191 4206 3410 4260 modum
3452 4205 3556 4260 sibi
3586 4205 3791 4259 faciens

2200 4301 2482 4374 Scriptura
2513 4312 2724 4365 sancta,
2763 4309 2992 4355 conatur
3020 4299 3328 4354 hominibus
3359 4298 3602 4352 iudicare
3627 4307 3681 4352 et
3705 4297 3791 4350 in-

2201 4395 2474 4451 tellectum
2503 4407 2795 4463 suggerere
2827 4392 3099 4446 subtilem.
3147 4391 3378 4460 Vaporis
3404 4390 3550 4444 enim
3586 4403 3787 4443 nomen

2198 4487 2482 4552 inducens,
2511 4486 2614 4540 hoc
2639 4485 2760 4539 ideo
2784 4484 2848 4538 de
2881 4483 3042 4538 rebus
3071 4481 3446 4552 corporalibus
3467 4480 3786 4549 assumpsit.

506 4588 637 4637 test.
669 4581 737 4637 Et
771 4581 977 4651 iustitia
1012 4593 1136 4651 est;
1167 4583 1384 4655 iustitia
1427 4597 1610 4642 autem
1657 4600 1933 4656 nunquam
1965 4600 2094 4656 pro-

2209 4589 2256 4634 at
2285 4579 2367 4636 vel
2396 4594 2462 4635 ex
2486 4589 2645 4648 parte
2673 4578 2851 4648 aliqua
2874 4575 3144 4647 possimus
3175 4572 3495 4644 intelligere,
3514 4571 3788 4642 quomodo

505 4673 649 4732 tecto
702 4675 1023 4744 injustitiam
1080 4677 1287 4748 capiet.
1325 4678 1393 4732 Et
1424 4679 1650 4734 verbum
1683 4689 1769 4734 est
1807 4677 1892 4734 vel
1931 4677 2091 4740 ratio,

502 4779 627 4838 qua;
656 4767 844 4836 utique
875 4766 1266 4826 irrationabilis
1288 4769 1428 4826 eﬂici
1458 4785 1566 4824 non
1589 4769 1757 4826 valet.
1779 4767 1886 4824 Sed
1914 4775 1970 4823 et
1999 4767 2092 4821 lux

499 4871 609 4927 est,
641 4872 698 4917 et
735 4865 911 4917 lucem
949 4873 1160 4920 certum
1203 4873 1287 4920 est
1335 4863 1481 4934 quod
1521 4861 1760 4918 tenebras
1800 4857 1907 4914 non
1939 4873 2093 4914 com-

501 4952 862 5022 prehendant.
923 4951 1187 5010 Similiter
1241 4965 1423 5008 autem
1478 4963 1534 5010 et
1593 4962 1790 5007 natura
1848 4950 2088 5021 Spiritus

503 5043 701 5108 sancti,
743 5059 864 5113 quae
913 5055 1101 5100 sancta
1142 5055 1264 5112 est,
1315 5061 1421 5101 non
1466 5045 1659 5116 recipit
1703 5043 2082 5113 pollutionem.

505 5132 834 5190 Nalm-aliter
865 5137 1008 5190 enim
1044 5135 1127 5190 vel
1177 5135 1612 5191 substantialiter
1647 5145 1840 5188 sancta
1885 5141 1988 5186 est.
2029 5129 2087 5184 Si

498 5241 607 5295 qua
673 5237 853 5283 autem
910 5228 1013 5283 alia
1059 5237 1250 5283 natura
1317 5238 1506 5284 sancta
1570 5238 1687 5291 est,
1743 5243 1811 5282 ex
1876 5239 2089 5278 assum-

502 5317 688 5386 ptione
739 5321 884 5384 hoc,
944 5320 1026 5375 vel
1082 5322 1435 5391 inspiratione
1478 5320 1711 5389 Spiritus
1755 5318 1932 5374 sancti
1988 5319 2087 5372 ba-

502 5407 598 5463 bet
642 5419 701 5463 ut
743 5411 1140 5476 sanctiﬁcetur,
1176 5426 1282 5466 non
1325 5426 1394 5467 ex
1449 5425 1545 5465 sua
1582 5421 1773 5464 natura
1809 5411 1911 5462 hoc
1961 5422 2086 5476 pos.

503 5501 711 5566 sitiens,
759 5505 851 5559 sed
879 5505 1132 5559 accidens
1170 5521 1184 5557 :
1218 5514 1436 5575 prepter
1460 5503 1600 5574 quod
1631 5513 1684 5556 et
1717 5502 1966 5557 decidere
1991 5517 2085 5568 po-

447 5640 450 5643 .
501 5595 780 5663 testquod
796 5595 1012 5649 accidit.
1055 5614 1076 5647 »
1115 5593 1214 5650 llic
1246 5595 1510 5664 Origenes
1540 5595 1920 5649 disertedocet
1944 5591 2081 5643 dwa-

501 5684 776 5756 μάρτησιν
827 5686 940 5740 sive
985 5685 1048 5738 τὸ
1102 5688 1304 5746 malum
1362 5702 1468 5740 non
1518 5701 1680 5756 posse
1721 5685 1998 5754 recipere,
2031 5699 2084 5736 ιιι

570 5777 614 5809 ⁷¹
648 5777 668 5832 ι
701 5775 856 5832 Joan.
895 5794 986 5844 tv,
1031 5779 1098 5843 8,
1133 5781 1222 5834 16.
1295 5782 1342 5812 τ’
1370 5782 1496 5836 ibid.
1534 5781 1625 5837 47.

572 5869 684 5942 (39)
718 5871 795 5928 Ex
821 5872 995 5929 librOI
1024 5874 1162 5940 Περὶ
1183 5873 1403 5942 ἀρχῶν,
1429 5890 1548 5945 cap.
1571 5877 1625 5939 3,
1652 5891 1799 5929 Illlllt.
1825 5875 1876 5928 4.

2196 4671 2446 4727 Christus
2477 4669 2568 4738 qui
2596 4681 2682 4725 est
2719 4667 3003 4737 sapientia,
3032 4666 3334 4721 secundum
3374 4662 3784 4718 similitudinem

2195 4763 2313 4833 ejus
2369 4759 2620 4832 vaporis,
2655 4760 2746 4830 qui
2800 4760 2867 4814 de
2922 4757 3224 4813 substantia
3284 4755 3465 4824 aliqua
3512 4751 3782 4823 corporali

2194 4850 2457 4921 procedit,
2489 4850 2571 4907 sic
2590 4851 2760 4904 etiam
2787 4848 2900 4918 ipse
2927 4857 2985 4902 ut
3009 4846 3234 4915 quidam
3262 4860 3428 4915 vapor
3447 4845 3695 4900 exoritur
3716 4845 3788 4898 de

2190 4943 2390 4997 virtute
2422 4943 2591 5012 ipsius
2627 4941 2759 4996 Dei:
2789 4943 2870 4996 sic
2889 4950 2946 4994 et
2969 4939 3254 5011 sapientia,
3277 4952 3345 4992 ex
3373 4950 3439 4992 eo
3461 4937 3785 5008 procedens,

2188 5050 2256 5090 ex
2286 5036 2399 5106 ipsa
2430 5034 2521 5089 Dei
2557 5033 2858 5090 substantia
2885 5043 3193 5105 generatur.
3220 5033 3311 5090 Sic
3340 5033 3690 5089 nihilominus
3727 5043 3786 5088 et

2189 5130 2487 5184 secundum
2519 5128 2932 5185 similitudinem
2966 5127 3264 5199 corporalis
3306 5128 3628 5197 aporrbaue,
3661 5139 3786 5181 esse

2191 5219 2389 5273 dicitur
2417 5217 2702 5288 aporrhma
2737 5218 2921 5287 gloriae
2942 5217 3340 5287 Omnipotentis
3364 5231 3495 5286 pura
3533 5215 3782 5284 quautam

2191 5319 2246 5364 et
2277 5310 2513 5364 sincera.
2547 5309 2678 5376 Quae
2715 5319 2958 5378 utraeque
2985 5310 3367 5364 similitudines
3397 5307 3782 5362 manifestissi-

2195 5415 2280 5454 me
2312 5399 2607 5454 ostendunt
2647 5401 3082 5455 communionem
3122 5398 3443 5454 substantia:
3491 5411 3613 5452 esse
3642 5395 3783 5450 Filio

2194 5505 2318 5546 cum
2355 5489 2535 5544 Patre.
2565 5492 2864 5559 Aporrhma
2897 5494 3041 5546 enim
3081 5491 3430 5545 homoousios
3459 5488 3690 5550 videtur,
3727 5486 3782 5540 id

2192 5592 2274 5636 est
2305 5583 2462 5636 unius
2489 5582 2805 5637 subSIantize
2853 5599 2974 5639 cum
3015 5583 3105 5638 illo
3154 5595 3384 5652 corpore
3409 5619 3425 5644 ,
3457 5594 3524 5633 ex
3559 5593 3662 5649 qua
3693 5584 3780 5630 est

2189 5673 2270 5729 vel
2301 5673 2610 5745 aporrhcea,
2641 5675 2725 5730 vel
2756 5690 2940 5747 vapor.
2989 5695 3007 5729 ι
3044 5675 3282 5744 Denique
3315 5672 3536 5729 adducit
3574 5665 3779 5728 hcetis-
