4152 6472
579 453 716 515 1323
768 482 774 488 ο

1976 453 2396 512 EXCERPTUM

3692 453 3828 512 1321

582 591 656 631 rte
697 575 911 646 pietatis
943 576 1242 633 studiosum
1287 577 1454 634 multa
1484 582 1821 646 ostendunt,
1874 587 2146 648 utcunque
2178 581 2220 636 Α
2249 575 2370 629 dum
2420 573 2808 645 Apologsticum
2855 572 3025 630 sancti
3067 572 3320 645 martyris
3351 572 3635 644 Pamphili,
3666 589 3824 644 quem

578 669 753 738 ipsum
785 668 1044 724 Romanis
1073 669 1303 726 Invisum
1334 671 1670 728 reddiderint
1705 672 2016 743 Hieronymi
2055 688 2147 726 va-

580 757 676 812 fra:
702 758 889 828 artes),
908 759 1008 814 sub
1037 758 1246 814 initium
1267 760 1600 831 prtefationis
1625 777 1734 817 sua:
1762 763 1814 816 in
1838 761 2148 832 Apologiam

579 849 840 920 Pamphili
873 851 938 906 ad
969 850 1292 917 Macariutn,
1331 863 1517 909 sancte
1544 855 1827 923 proﬁtetur
1887 869 1946 910 se
1989 855 2040 909 in
2083 869 2148 908 eo

579 955 743 1008 opere
782 959 800 991 ι
843 956 947 995 non
979 957 1132 997 suam
1173 961 1192 994 ι
1230 942 1295 997 de
1331 941 1564 1010 Origene
1597 961 1616 995 r
1655 944 1980 999 sententiam
2009 985 2025 1011 ,
2053 944 2146 998 sed

578 1032 754 1085 saneti
804 1034 1056 1104 martyris
1092 1033 1351 1102 Pamphili
1397 1055 1416 1088 ι
1461 1036 1756 1091 sciscitanti
1789 1035 2023 1091 Macario
2048 1052 2146 1093 ex-

578 1123 864 1193 posuisse:
902 1124 1296 1194 Origenemque
1341 1141 1448 1180 non
1478 1127 1724 1196 proprio,
1767 1127 1860 1180 sed
1893 1144 1912 1176 ‹
1971 1126 2147 1180 alieno

581 1228 830 1270 sermone
875 1236 891 1267 ν
937 1217 1262 1271 defeiidiSse.
1297 1216 1418 1271 Mox
1465 1218 1661 1271 ibidem
1697 1217 1798 1273 hoc
1843 1218 1894 1271 in
1931 1217 2147 1286 negotio

580 1307 645 1358 ad
699 1307 1035 1360 tremendum
1068 1305 1158 1361 Dei
1204 1305 1463 1375 judicium
1507 1317 1761 1376 provocat
1806 1307 2145 1361 adversarios

580 1399 666 1454 bis
697 1399 877 1454 verbis
907 1419 919 1453 :
954 1419 972 1450 ι
1009 1397 1112 1454 Sed
1136 1400 1390 1470 quoniam
1423 1402 1488 1455 ad
1518 1400 1781 1469 judicium
1813 1400 1905 1454 Dei
1932 1399 2145 1454 venturi

581 1508 767 1548 sumus
795 1535 810 1555 ,
849 1509 950 1548 non
987 1493 1258 1564 refugiant
1313 1495 1454 1550 scire
1493 1497 1634 1564 quod
1687 1508 1868 1548 verum
1914 1502 2040 1557 est,
2078 1507 2146 1548 ne

582 1585 721 1641 forte
751 1587 1062 1658 ignorantes
1087 1587 1398 1656 delinquant
1435 1605 1446 1640 :
1473 1587 1565 1641 sed
1590 1585 1996 1640 considerantes
2019 1585 2145 1656 quia

579 1677 731 1733 falsis
762 1677 1229 1732 criminationibus
1249 1687 1527 1749 percutere
1554 1676 1778 1732 fratrum
1811 1676 2145 1732 inﬁrmorum

579 1767 960 1834 conscientias,
987 1769 1039 1822 in
1067 1768 1338 1824 Christum
1368 1784 1594 1838 peccare
1625 1777 1726 1832 est,
1768 1768 1888 1823 ideo
1916 1783 2022 1824 non
2057 1783 2146 1822 ac.

579 1861 920 1916 commodent
946 1861 1411 1916 criminationibus
1436 1874 1618 1914 aurem
1649 1875 1825 1924 suam,
1843 1875 1938 1914 nec
1955 1859 2022 1914 ab
2041 1859 2148 1914 alio

580 1951 792 2007 discant
824 1952 1049 2007 alterius
1075 1951 1254 2017 ﬁdem,
1287 1951 1520 2006 maxime
1541 1967 1662 2006 cum
1694 1967 1874 2006 coram
1905 1952 2140 2020 experiri
2178 1940 2222 2000 Β

579 2044 650 2098 sit
683 2043 833 2114 copia
861 2084 877 2110 ,
927 2053 982 2098 et
1014 2044 1126 2098 oris
1169 2043 1250 2099 sui
1285 2043 1556 2098 confessio
1585 2085 1598 2108 ,
1635 2044 1762 2112 quid
1800 2045 1882 2099 vel
1917 2043 2147 2116 qualiter

584 2134 950 2204 unusquisque
983 2133 1179 2198 credit,
1213 2136 1527 2190 ostendat...
1565 2135 1804 2201 Qualiter
1849 2151 1980 2207 ergo
2018 2153 2144 2191 sen-

581 2227 677 2282 tiat
708 2225 968 2298 Origenes
998 2228 1051 2282 in
1080 2228 1340 2298 singulis,
1392 2238 1547 2284 tenor
1595 2229 1756 2284 libelli
1811 2230 1970 2300 hujus
2019 2232 2146 2284 edo-

579 2329 719 2374 ceat.
774 2338 794 2372 ι
847 2319 902 2375 1η
938 2321 1208 2378 vertendis
1248 2322 1463 2391 quidem
1506 2321 1778 2392 plerisque
1807 2323 2054 2392 Origenis
2081 2323 2146 2376 li-

580 2411 694 2467 bris
730 2410 896 2466 multa
923 2411 988 2466 de
1019 2427 1116 2468 suo
1145 2413 1415 2468 addidisse
1444 2411 1693 2469 Ruﬁnum
1726 2414 1838 2486 (4|)
1869 2426 2080 2470 constat
2123 2434 2135 2470 :

579 2505 672 2559 sed
697 2505 1124 2576 quotiescunque
1169 2522 1230 2560 ea
1263 2507 1513 2564 libertate
1550 2524 1678 2564 usus
1709 2507 1871 2563 fuerit
1898 2548 1915 2574 ,
1965 2509 2031 2564 de
2081 2523 2145 2564 eo

581 2594 835 2650 lectorem
869 2611 1067 2661 suum,
1116 2607 1275 2668 prout
1329 2599 1603 2654 hominem
1657 2601 1884 2672 probum
1929 2610 1984 2655 et
2034 2600 2142 2656 veri

581 2697 853 2743 amantem
887 2689 1155 2756 decebat,
1211 2691 1322 2761 ipse
1368 2707 1627 2763 expresse
1679 2693 1907 2748 monuit.
1957 2692 2145 2760 Quid?

579 2783 722 2850 quod
773 2782 886 2850 ipse
927 2781 1285 2856 Hieronymus
1313 2823 1327 2848 ,
1377 2787 1466 2855 qui
1500 2785 1736 2856 alioquin
1767 2795 1878 2841 tam
1920 2786 2145 2841 manife-

580 2882 716 2930 stam
749 2873 990 2930 fraudem
1016 2875 1208 2931 Ruﬁno
1242 2880 1553 2948 neutiquam
1578 2882 1978 2935 condonaturus
2009 2879 2144 2934 fuis-

582 2976 689 3032 set,
725 2983 792 3022 ne
821 2981 985 3022 unum
1017 2967 1233 3036 quidem
1269 2967 1518 3041 Origenis
1545 2971 1719 3024 locum
1748 3009 1764 3035 ,
1790 2969 1844 3024 iu
1878 2968 2140 3040 Pamphili

580 3059 693 3114 sive
729 3058 943 3114 Eusebii
993 3061 1248 3132 Apologia
1298 3062 1520 3116 citatum
1549 3105 1562 3128 ,
1601 3061 1829 3127 notavit,
1864 3062 1955 3132 qui
1985 3062 2144 3116 aliter

579 3163 608 3202 a
654 3148 849 3205 Ruﬁno
901 3149 1091 3206 Latine
1149 3153 1386 3208 redditus
1439 3151 1643 3219 fuerit,
1702 3168 1862 3223 quam
1914 3153 2028 3207 sive
2089 3153 2140 3206 in

583 3241 841 3313 Apologia
873 3243 959 3297 illa
987 3284 1001 3310 ,
1033 3251 1147 3300 slve
1191 3243 1330 3314 apud
1375 3245 1550 3315 ipsum
1597 3242 1882 3316 Origenem
1934 3244 2140 3316 legere-

581 3344 688 3389 1111³.

652 3427 679 3501 §
713 3427 856 3485 XXI.
891 3429 1021 3498 Quis
1048 3443 1176 3483 vero
1209 3443 1312 3483 non
1346 3428 1567 3483 miretur
1591 3426 2000 3501 Hieronymum,
2032 3427 2149 3482 bmc

581 3520 774 3575 Rullno
804 3521 871 3575 de
903 3521 1015 3591 ipsa
1050 3520 1169 3590 ejus
1198 3520 1445 3574 versione
1479 3518 1821 3588 olijicientem
1849 3518 1872 3571 ?
1897 3535 1916 3569 ι
1957 3517 2146 3583 Multa,

583 3617 758 3686 inquit
797 3615 848 3668 iu
893 3613 1111 3682 Apolog.
1157 3613 1358 3667 advers.
1385 3610 1563 3681 Ruﬁn.
1590 3610 1682 3666 lib.
1720 3625 1782 3672 tt,
1826 3625 1942 3680 cap.
1990 3609 2045 3676 1,
2095 3608 2148 3664 in

582 3709 669 3762 ilia
707 3705 958 3763 scandala
1009 3706 1353 3776 reperiuntur
1401 3714 1456 3760 et
1497 3703 1850 3773 apertissima!
1901 3701 2150 3772 blasphe-

582 3794 722 3849 miae.
762 3793 898 3848 Dicit
930 3793 1217 3860 Eusebius,
1258 3793 1386 3857 imo,
1435 3801 1493 3846 ut
1525 3802 1578 3847 tu
1609 3793 1714 3858 vis,
1750 3790 2065 3862 Pamphilus
2092 3791 2146 3846 in

581 3885 684 3943 isto
720 3886 990 3943 volumine
1018 3930 1034 3954 ,
1077 3885 1196 3940 Filii
1225 3895 1277 3941 et
1311 3885 1490 3940 Patris
1530 3885 1840 3940 ministrum
1887 3885 2147 3946 Spiritum

579 3987 827 4032 sanctum
858 3993 962 4031 non
998 3977 1063 4032 de
1092 3977 1279 4032 eadem
1316 3975 1499 4030 Patris
1542 3972 1774 4044 Filiique
1805 3977 2146 4043 substantia;

581 4070 791 4125 animas
821 4069 1100 4124 hominum
1151 4067 1330 4138 lapsas
1355 4083 1476 4122 esse
1500 4069 1566 4122 de
1607 4070 1772 4132 creto,
1825 4085 1844 4120 ›
1881 4078 1985 4122 etc.
2014 4067 2148 4121 Nam

579 4163 682 4219 etsi
714 4160 1025 4231 Pamphilus
1053 4160 1269 4230 quidem
1295 4159 1349 4214 in
1377 4157 1632 4229 Apologia
1670 4174 1699 4212 a
1738 4158 1931 4214 Ruﬁno
1972 4173 2145 4227 versa,

581 4251 866 4308 inducatur
905 4250 1193 4321 Origenem
1224 4249 1549 4314 defendens,
1585 4250 1641 4304 in
1671 4265 1736 4305 eo
1767 4250 1910 4320 quod
1945 4253 2150 4304 anima-

580 4359 700 4399 rum
731 4343 1213 4414 praaexsistentiam
1243 4342 1567 4406 crediderit;
1609 4342 1940 4410 blasphemia
1969 4351 2148 4397 tamen

581 4433 668 4488 illa
695 4434 762 4488 de
805 4432 1009 4502 Spiritu
1045 4442 1235 4487 sancto
1261 4445 1527 4500 nusquam
1561 4431 1613 4486 in
1661 4446 1726 4487 eo
1751 4445 1914 4501 opere
1948 4431 2152 4501 reperi-

581 4536 688 4580 tur.
746 4524 926 4590 Dices,
961 4522 1214 4577 Ruﬁnum
1259 4523 1326 4578 ab
1361 4522 1690 4594 Hieronymo
1721 4522 2074 4586 admonitum,
2108 4538 2140 4578 e

2257 682 2354 736 pro
2381 666 2613 737 Origene
2639 665 2828 721 Graeco
2862 679 3110 722 sermone
3135 666 3342 733 edidit,
3375 677 3533 737 prout
3556 667 3828 738 potuimus

2255 760 2337 814 vel
2380 776 2466 816 res
2494 761 2756 830 poposcit,
2811 759 3002 814 Latino
3029 774 3282 816 sermone
3325 761 3672 830 digessimus,
3697 760 3825 815 illud

2253 863 2335 907 est
2360 851 2498 922 quod
2524 863 2593 916 te,
2613 851 2999 907 desideriorum
3018 851 3100 905 vir
3119 851 3338 917 Macari,
3357 852 3687 908 admonitum
3705 867 3826 908 esse

2256 943 2395 1009 volo,
2423 955 2481 998 ut
2515 945 2656 999 scias
2687 945 2826 999 hanc
2878 943 3091 1013 quidem
3124 943 3244 1000 ﬁdei
3277 943 3541 1014 regulam.
3565 959 3725 1014 quam
3757 943 3824 997 de

2253 1036 2404 1093 libris
2433 1036 2548 1104 ejus
2591 1052 2750 1106 supra
2793 1039 3156 1108 exposuimus,
3197 1052 3337 1099 esse,
3373 1052 3493 1106 quae
3537 1046 3592 1090 et
3617 1035 3822 1106 ample-

2252 1129 2440 1184 ctenda
2474 1133 2543 1184 sit
2589 1138 2643 1184 et
2689 1128 2981 1184 retinenda.
3028 1129 3083 1184 In
3115 1128 3365 1183 omnibus
3407 1128 3550 1182 enim
3596 1127 3678 1180 his
3729 1142 3823 1181 ca-

2255 1219 2512 1274 tholicum
2546 1220 2722 1274 inesse
2753 1235 2971 1275 sensum
3015 1221 3292 1277 evidenter
3320 1221 3597 1289 probatur.
3631 1240 3649 1272 ι
3679 1218 3823 1274 Fieri

2253 1297 2385 1367 sane
2412 1327 2516 1368 non
2541 1313 2735 1384 potuit,
2779 1324 2836 1368 ut
2863 1313 3114 1374 Ruﬁnus,
3149 1312 3231 1366 vir
3258 1316 3309 1366 in
3339 1313 3570 1367 articulo
3602 1313 3666 1368 de
3694 1329 3823 1366 san-

2251 1412 2336 1459 cta
2364 1403 2628 1460 Trinitate
2659 1405 2860 1476 absque
2887 1407 3045 1461 dubio
3071 1407 3476 1473 Catholicus,'in
3504 1416 3609 1460 tam
3638 1415 3823 1474 aperta

2253 1494 2590 1566 blasphemia
2648 1497 2972 1552 catholicum
3022 1498 3202 1554 inesse
3253 1512 3471 1553 sensum
3543 1496 3823 1550 evidenter

2254 1587 2468 1656 probari
2525 1588 2769 1643 consulto
2801 1589 3022 1656 diceret,
3062 1591 3221 1660 idque
3243 1591 3294 1644 in
3329 1590 3418 1643 illo
3449 1589 3564 1658 ipso
3593 1588 3660 1642 ad
3689 1585 3811 1641 Ma-

2253 1679 2456 1732 corium
2507 1677 2644 1733 libro
2677 1679 2812 1750 (12),
2844 1695 2950 1750 quo
2984 1681 3208 1736 credere
3237 1695 3297 1736 se
3324 1681 3573 1750 religiose
3602 1679 3824 1749 proﬁle-

2257 1781 2364 1838 tur,
2403 1787 2422 1820 s
2461 1772 2604 1842 quod
2658 1783 2842 1827 sancta
2873 1772 3110 1828 Trinitas
3139 1785 3409 1829 coacterna
3446 1773 3536 1840 sit,
3567 1782 3622 1827 et
3660 1771 3822 1826 unius

2255 1871 2462 1918 natura:
2489 1904 2504 1929 ,
2546 1862 2814 1934 uniusque
2859 1864 3074 1919 virtutis
3105 1873 3161 1920 et
3213 1863 3526 1919 substantia:
3549 1903 3566 1929 ,
3605 1881 3624 1915 ι
3660 1871 3824 1932 atque

2253 1955 2409 2010 aliter
2461 1955 2674 2010 docenti
2716 1957 3001 2011 anathema
3053 1956 3354 2011 denuntiat.
3403 1954 3652 2024 Nunquid
3686 1969 3819 2010 vero

2254 2047 2328 2100 ita
2359 2047 2604 2115 stupidus
2630 2045 2730 2100 fuit
2767 2046 3014 2111 Ruﬁnus,
3045 2057 3104 2101 ut
3142 2047 3370 2118 spissom
3399 2047 3534 2101 adeo
3574 2046 3826 2114 blaSphe-

2257 2139 2417 2192 miam
2450 2139 2502 2192 in
2548 2154 2642 2194 sua
2689 2138 3046 2193 translatione
3081 2139 3194 2208 ipse
3216 2180 3232 2203 ,
3267 2139 3471 2206 absque
3512 2138 3779 2192 monitore
3805 2173 3824 2198 ,

2254 2244 2360 2282 non
2409 2229 2912 2284 animadverteret?
2947 2229 3164 2284 Minime
3195 2231 3456 2300 gentium.
3490 2229 3628 2297 Quid
3657 2231 3827 2301 igitur

2251 2321 2535 2376 dicendum
2568 2320 2592 2373 ?
2628 2321 2726 2376 Det
2780 2320 2908 2375 mibi
2951 2322 3037 2377 hic
3073 2323 3243 2377 lector
3262 2336 3454 2391 aequus
3481 2319 3824 2389 conjectandi

2254 2415 2461 2469 veniam
2492 2412 2805 2484 Pamphilus
2838 2430 3002 2485 prope
3031 2414 3189 2468 ﬁnem
3235 2413 3506 2485 Apologia:
3539 2427 3570 2467 a
3629 2411 3825 2467 Ruﬁno

2256 2521 2421 2560 versae
2446 2545 2462 2569 ,
2515 2505 2762 2577 Origenis
2787 2519 3026 2560 errorem
3077 2505 3143 2559 de
3188 2503 3490 2557 animarum
3529 2504 3824 2574 ττροῦπάρ⁴

2253 2595 2362 2661 ξειν
2393 2595 2718 2661 defendens,
2754 2597 2836 2650 vel
2873 2605 3020 2651 certe
3047 2610 3318 2651 excusans
3343 2634 3358 2659 ,
3403 2605 3700 2664 contraque
3729 2612 3826 2650 eos

2254 2688 2558 2756 disputans,
2588 2687 2680 2757 qui
2709 2689 3010 2741 animarum
3039 2685 3429 2740 traductionem
3449 2685 3822 2754 defenderent,

2252 2778 2356 2832 duo
2385 2780 2575 2832 horum
2609 2791 2806 2845 genera
2857 2775 3114 2832 describit
3151 2793 3165 2829 :
3203 2774 3428 2830 alterum
3460 2791 3648 2831 eorum
3677 2816 3694 2840 ,
3729 2778 3824 2846 qui

2251 2881 2373 2922 cum
2427 2868 2639 2922 animas
2687 2867 2968 2923 hominum
2999 2882 3064 2922 ex
3105 2865 3328 2923 traduce
3373 2882 3494 2923 esse
3541 2868 3821 2930 docerent,

2251 2961 2478 3030 primam
2509 2968 2685 3015 tamen
2733 2961 2969 3014 animam
2999 2973 3066 3015 ex
3101 2960 3194 3014 Dei
3236 2975 3355 3016 esse
3391 2959 3695 3014 substantia
3727 2959 3824 3014 de-

2253 3051 2570 3117 fenderent;
2616 3067 2800 3108 eorum
2833 3053 3086 3119 alterum,
3113 3055 3204 3124 qui
3243 3069 3309 3109 ex
3336 3052 3505 3107 nihilo
3539 3052 3736 3108 factam
3787 3067 3820 3107 a

2251 3142 2360 3198 Deo
2381 3157 2502 3198 esse
2526 3143 2760 3197 animam
2796 3142 2940 3196 illam
2970 3144 3198 3212 primam
3235 3153 3567 3198 assererem.
3607 3145 3821 3198 Adver-

2249 3249 2342 3290 sus
2373 3235 2580 3306 priores
2606 3237 2677 3289 ita
2713 3235 2930 3290 disserit
2961 3235 3291 3304 Pamphilus,
3329 3250 3449 3306 cap.
3487 3235 3542 3300 9,
3568 3251 3688 3307 pag.
3723 3236 3820 3298 43,

2255 3344 2276 3379 s
2307 3325 2422 3381 Jam
2451 3340 2578 3381 vero
2611 3326 2708 3391 illi,
2735 3326 2824 3396 qui
2852 3340 2919 3380 ex
2952 3327 3177 3381 traduce
3205 3328 3418 3382 animas
3461 3327 3647 3382 venire
3672 3326 3826 3381 afﬁr-

2251 3426 2421 3482 mant,
2447 3425 2500 3472 et
2523 3417 2681 3472 simul
2705 3432 2828 3472 cum
2858 3417 3125 3487 corporali
3150 3432 3242 3472 eas
3273 3417 3479 3473 semine
3514 3419 3772 3472 seminari
3803 3438 3820 3484 ;

2249 3509 2510 3578 siquidem
2540 3510 2622 3578 (ut
2654 3508 2871 3580 quidam
2899 3507 3139 3577 ipsorum
3176 3508 3445 3565 afﬁrmare
3485 3510 3680 3580 solent)
3709 3526 3820 3565 non

2254 3601 2395 3658 aliud
2424 3603 2610 3657 dicunt
2637 3603 2874 3657 animam
2910 3617 3028 3658 esse
3063 3617 3226 3673 quam
3256 3602 3669 3658 insulilationem
3693 3602 3822 3671 Spi-

2250 3695 2388 3750 ritus
2420 3694 2538 3759 Dei,
2571 3694 2717 3748 illam
2745 3694 2951 3750 scilicet
2977 3709 3138 3764 quam
3170 3696 3221 3748 in
3243 3695 3396 3748 initio
3419 3693 3639 3749 factura:
3666 3709 3826 3747 mun-

2249 3787 2299 3842 di
2328 3786 2467 3841 Deus
2494 3785 2798 3842 insulllasse
2828 3787 3028 3844 dicitur
3075 3788 3126 3840 in
3162 3787 3332 3841 Adam
3353 3785 3425 3852 ⁷⁷,
3469 3787 3535 3841 de
3575 3779 3689 3854 ipsa
3725 3786 3825 3842 Dei

2249 3892 2371 3934 esse
2420 3894 2536 3934 eam
2587 3879 2889 3934 substantia
2924 3879 3240 3951 proﬁtentes
3267 3916 3284 3944 ,
3324 3879 3596 3948 quomodo
3633 3893 3736 3931 non
3767 3889 3826 3932 et

2251 3971 2337 4024 isti
2374 3971 2697 4025 videbuntur
2722 3969 3120 4040 quodammodo
3147 3969 3262 4024 haec
3299 3978 3496 4038 praeter
3522 3968 3821 4038 Scriptura:

2251 4065 2513 4134 regulam,
2546 4073 2600 4117 et
2626 4063 2888 4116 rationem
2921 4063 3137 4133 pietatis
3173 4076 3454 4125 asserere,
3497 4062 3639 4131 quod
3685 4063 3823 4115 sub-

2249 4154 2443 4209 stantia
2479 4152 2573 4208 Dei
2616 4145 2750 4208 est?
2786 4172 2805 4206 ι
2841 4151 2938 4207 Vix
2975 4153 3163 4208 dubito
3187 4192 3202 4216 ,
3237 4152 3367 4222 quin
3405 4166 3471 4207 ex
3523 4153 3606 4207 his
3639 4152 3824 4207 verbis

2251 4242 2408 4296 istam
2436 4241 2717 4307 Pamphilo
2765 4241 3092 4296 calumniam
3135 4241 3396 4296 struxerit
3440 4239 3824 4312 Hieronymus.

2250 4334 2460 4408 Quippe
2505 4352 2626 4392 cum
2677 4345 2916 4392 veterum
2965 4337 3148 4391 multis
3201 4338 3371 4392 sensit
3415 4337 3780 4410 Hieronymus
3809 4379 3828 4404 ,

2250 4429 2575 4498 spiraculum
2614 4429 2756 4494 vitae,
2808 4430 2949 4499 quod
2980 4429 3121 4485 Deus
3163 4431 3336 4495 primo
3385 4431 3587 4486 homini
3641 4432 3825 4486 insuf-

2251 4517 2408 4574 ﬂasse
2447 4517 2666 4583 dicitur,
2702 4517 2869 4574 fuisse
2913 4519 3088 4588 ipsum
3135 4519 3398 4589 Spiritum
3450 4530 3697 4575 sanctum
3741 4523 3826 4576 ei-

578 4616 692 4671 suis
735 4617 906 4686 ipsam
951 4614 1230 4670 codicibus
1275 4615 1620 4683 expunxisse.
1670 4613 1774 4668 Sed
1805 4613 1946 4668 unde
1975 4613 2145 4684 igitur
2177 4636 2224 4697 D
2253 4611 2372 4665 dem
2421 4608 2625 4664 homini
2677 4625 2782 4664 una
2807 4624 2927 4664 cum
2955 4610 3136 4665 anima
3159 4609 3276 4678 ejus
3318 4611 3575 4666 infusum.
3626 4611 3717 4667 Sic
3774 4613 3828 4668 in

579 4706 777 4772 evenit,
805 4715 864 4760 ut
884 4703 1100 4759 'nullum
1118 4704 1234 4775 ejus
1263 4703 1444 4773 operis
1477 4702 1753 4773 exemplar
1774 4703 1930 4758 hodie
1952 4713 2145 4771 exstet,

579 4801 632 4855 in
663 4815 769 4870 quo
790 4798 1121 4868 blasphemia
1154 4797 1254 4852 ista
1283 4795 1629 4865 reperiatur?
1659 4794 1790 4849 Nam
1823 4795 1979 4867 longe
2017 4795 2150 4850 late-

577 4907 684 4962 que
710 4892 954 4962 dispersa
989 4889 1200 4944 fuerant
1232 4887 1537 4943 Ruﬁnianae
1570 4887 1944 4943 translationis
1963 4901 2149 4941 exem-

576 4983 774 5054 plaria,
797 4992 1086 5054 antequam
1130 4980 1259 5036 illud
1289 4981 1548 5052 objecerit
1583 4979 1960 5051 Hieronymus.
1999 4977 2151 5032 Nun-

577 5073 704 5144 quid
733 5072 1023 5128 verisimile
1055 5081 1160 5139 est,
1188 5070 1463 5136 Ruﬁnum,
1490 5071 1764 5126 hominem
1794 5071 2003 5126 scilicet
2033 5067 2146 5122 Ro-

577 5177 680 5218 ma:
725 5160 1021 5230 despicatui
1062 5161 1303 5216 habitum
1334 5176 1431 5231 per
1462 5158 1777 5230 Hieronymi
1809 5169 1955 5214 artes
1979 5197 1997 5223 ,
2047 5173 2146 5228 po-

578 5254 747 5309 tuisse
771 5267 960 5309 omnes
1003 5251 1123 5307 illos
1155 5252 1371 5308 codices
1403 5253 1612 5322 priores
1638 5255 1754 5305 sive
1783 5251 2144 5319 supprimere,

576 5345 690 5401 sive
710 5344 1044 5402 emendare?
1073 5343 1276 5399 Deinde
1296 5343 1526 5398 Ruﬁnus
1560 5343 1614 5396 in
1648 5341 1870 5413 Epilogo
1900 5343 1966 5397 ad
1989 5342 2148 5397 Pant-

575 5432 707 5503 phili
734 5432 1084 5503 Apologiam,
1110 5432 1287 5503 qualis
1327 5431 1563 5502 primmn
1595 5433 1663 5487 ab
1705 5433 1819 5502 ipso
1845 5433 1990 5488 edita
2045 5433 2148 5488 fuit

576 5521 743 5593 (quod
775 5539 843 5580 ex
872 5523 1202 5593 Hieronymo
1227 5524 1391 5579 etiam
1417 5524 1724 5594 discimus),
1749 5522 2040 5579 Macarium
2065 5525 2146 5579 sic

578 5615 906 5686 alloquitur:
942 5635 962 5669 ε
1003 5614 1062 5671 ln
1098 5616 1184 5672 his
1210 5630 1332 5682 quae
1367 5615 1420 5670 in
1449 5617 1715 5686 superiori
1755 5616 1911 5684 libro,
1947 5631 2145 5672 secun-

647 5709 693 5740 "
725 5707 922 5766 Cenes.
953 5726 1019 5777 t-t,
1045 5710 1100 5766 7.
1175 5711 1222 5743 ⁷⁸
1249 5711 1444 5782 Ephes.
1471 5727 1544 5777 tv,
1580 5712 1668 5766 30.

649 5800 925 5875 (l_l).Vide_
941 5801 1118 5875 Ruﬁni
1144 5803 1298 5858 Prazf.
1325 5805 1380 5860 in
1402 5805 1520 5860 libr.
1539 5805 1678 5875 Περὶ
1701 5803 1919 5874 ἀρχῶν,
1938 5815 1992 5860 et
2020 5807 2154 5862 Pcr—

579 5873 813 5927 oration.
865 5872 931 5924 ad
972 5871 1277 5928 Comment.
1314 5875 1534 5943 Origen.
1571 5871 1631 5928 iri
1670 5871 1835 5942 rapui.
1880 5880 1947 5930 ad
1977 5876 2156 5943 Rom.,

2247 4703 2662 4758 Commentariis
2692 4703 2744 4757 in
2775 4718 2894 4774 cap.
2937 4718 2990 4757 tv
3032 4701 3202 4771 Epist.
3230 4704 3298 4757 ad
3336 4703 3555 4773 Ephes.,
3598 4705 3664 4758 ad
3697 4721 3827 4760 ver-

2249 4795 2316 4849 ba
2351 4793 2459 4860 illa,
2499 4793 2680 4849 Nolite
2713 4794 3025 4848 contristare
3054 4791 3308 4862 Spiritum
3336 4807 3575 4848 sanctum
3618 4796 3676 4849 in
3719 4814 3830 4866 quo

2252 4885 2445 4955 signati
2489 4887 2612 4939 estis
2664 4885 2720 4939 in
2766 4885 2854 4939 die
2900 4886 3267 4952 redemptionis
3289 4885 3370 4951 ";
3398 4885 3511 4940 haec
3547 4887 3771 4942 adnotat
3811 4908 3826 4944 :

2253 4995 2273 5028 ‹
2311 4976 2517 5047 Signati
2549 4977 2692 5031 enim
2720 4991 2906 5032 sumus
2941 4977 3145 5047 Spiritu
3175 4978 3265 5032 Dei
3302 4988 3518 5046 sancto,
3549 4989 3681 5034 utet
3710 4983 3831 5050 spi-

2250 5069 2389 5121 ritus
2427 5075 2613 5121 noster
2659 5076 2712 5121 et
2746 5067 2928 5121 anima
2985 5069 3365 5138 imprimantur
3402 5073 3681 5143 signaculo
3732 5074 3832 5131 Dei

2246 5166 2298 5213 et
2327 5157 2468 5212 illam
2495 5157 2818 5226 recipiamus
2853 5160 3138 5229 imaginem
3175 5171 3231 5214 ot
3278 5163 3719 5227 similitudinem,
3762 5170 3832 5222 ad

2245 5265 2406 5318 quam
2440 5249 2492 5302 in
2541 5253 2764 5306 exordio
2815 5255 3014 5308 conditi
3071 5270 3280 5310 sumus.
3331 5255 3442 5311 Hoc
3486 5258 3832 5327 signaculum

2245 5340 2417 5394 sancti
2450 5341 2705 5410 Spiritus,
2733 5341 2887 5410 juxta
2916 5343 3186 5414 eloquium
3227 5343 3554 5410 Servatoris,
3585 5347 3695 5402 Deo
3728 5350 3835 5403 im-

2246 5431 2511 5500 primente
2563 5435 2825 5502 signatur.
2870 5453 2890 5486 s
2929 5434 3030 5491 Ubi
3070 5435 3357 5506 imaginem
3405 5448 3460 5492 et
3512 5438 3833 5494 similitudi-

2254 5540 2375 5580 nem
2416 5525 2559 5580 illam
2605 5526 2738 5592 Dei,
2783 5528 2848 5582 ad
2891 5543 3052 5597 quam
3084 5529 3137 5584 in
3165 5530 3278 5598 ipsa
3313 5545 3409 5584 sua
3439 5532 3718 5586 creatione
3750 5533 3835 5588 ef-

2252 5617 2518 5673 formatus
2550 5616 2649 5672 fuit
2672 5620 2856 5684 homo,
2894 5619 3280 5690 interpretatur
3315 5621 3653 5691 signaculum
3701 5623 3837 5694 Spi-

2263 5821 2353 5861 seu
2386 5803 2462 5859 De
2493 5802 2778 5859 adulterat.
2813 5802 2932 5856 libr.
2969 5802 3222 5871 Origenis.

2337 5877 2452 5945 (42)
2490 5873 2623 5932 Vide
2653 5873 2828 5928 Ruﬁni
2859 5869 3076 5928 l'rat-fat.
3111 5873 3176 5927 ad
3210 5869 3526 5928 Macaritrm.
