4152 6430
334 500 471 563 i595

1364 490 1458 557 Ex
1497 504 1560 559 α.
1605 491 1807 560 BULLl
1845 494 1996 560 DEF.
2032 492 2208 561 nos:
2247 493 2568 562 NICENAS.

3430 488 3567 559 4316

333 622 469 675 ritus
522 620 694 675 sancti
734 618 922 690 {quod
974 618 1095 673 ideo
1155 618 1374 674 omnino
1424 619 1615 675 fecisse
1659 620 1891 686 videtur,
1926 622 1974 679 Α
2009 621 2246 691 spondit,
2286 628 2590 676 matronam
2629 617 2918 689 quamdam
2956 617 3058 674 sibi
3086 616 3335 683 dedisse,
3366 616 3433 672 de
3455 631 3564 689 qua
3642 656 3647 659 ι

335 717 458 785 quia
492 716 817 786 spiraculum
845 717 968 770 vita:
992 756 1006 781 ,
1037 715 1177 785 quod
1212 715 1350 771 Deus
1376 731 1497 770 cum
1535 718 1766 787 primum
1802 719 1900 772 ho-

336 810 561 863 minem!
584 807 846 863 formaret
867 848 881 870 ,
921 808 1021 878 ipsi
1053 807 1356 864 insulllasse
1381 809 1602 875 dicitur,
1636 810 1898 879 Spiritum

336 897 502 953 fuisse
530 908 776 953 sanctum
807 899 1061 958 credidit.
1102 899 1214 953 Hoc
1258 900 1464 955 clarius
1509 900 1643 955 dixit
1680 900 1898 955 Tertul-

339 990 515 1044 lianus
556 989 649 1044 lib.
684 989 763 1044 De
799 990 1073 1059 baptismo,
1107 1007 1227 1062 cap.
1271 992 1327 1057 5,
1380 992 1469 1047 ubi
1513 997 1581 1047 de
1614 1008 1900 1063 regenera-

341 1085 486 1139 tione
510 1084 764 1149 hominis,
795 1099 913 1152 qua:
934 1099 1028 1155 per
1060 1084 1385 1155 baptismum
1420 1084 1497 1149 fit,
1526 1084 1608 1139 sic
1630 1083 1895 1153 loquitur:

343 1194 364 1226 ι
412 1176 490 1230 lta
521 1176 826 1230 restituitur
861 1176 1023 1231 homo
1054 1175 1166 1231 Deo
1207 1177 1274 1231 ad
1326 1177 1731 1231 similitudinem
1759 1176 1896 1243 ejus,

336 1267 424 1335 qui
466 1274 610 1319 retro
662 1266 729 1319 ad
782 1265 1071 1335 imaginem
1123 1267 1216 1322 Dei
1266 1268 1515 1324 conditus
1556 1267 1754 1336 fuerat,
1790 1277 1896 1323 etc.

338 1358 550 1428 Recipit
588 1359 730 1413 enim
773 1360 919 1413 illum
971 1359 1062 1413 Dei
1100 1360 1403 1430 Spiritum,
1434 1377 1593 1431 quem
1647 1372 1775 1416 tunc
1836 1361 1902 1416 de

339 1448 516 1505 aﬁlatu
541 1450 656 1519 ejus
694 1462 997 1520 acceperat,
1039 1452 1131 1507 sed
1166 1462 1288 1522 post
1336 1455 1591 1509 amiserat
1643 1468 1739 1523 per
1765 1454 1901 1508 deli-

338 1552 501 1595 ctum.
549 1560 567 1592 ι
597 1540 731 1595 Hinc
771 1543 932 1612 igitur
962 1543 1159 1598 factum
1204 1545 1435 1609 videtur,
1470 1552 1526 1597 ut
1559 1558 1626 1597 ex
1669 1557 1733 1597 eo
1761 1544 1901 1612 quod

336 1629 749 1686 insnﬂlationem
785 1632 1017 1698 Spiritus
1070 1632 1161 1687 Dei
1200 1632 1533 1702 Pamphilus,
1566 1634 1680 1687 sive
1714 1642 1903 1687 auctor

336 1724 603 1793 Apologia
632 1723 961 1795 (intelligens
1010 1725 1263 1779 nimirum
1309 1739 1406 1795 per
1455 1723 1900 1788 insulilationem,

331 1814 485 1884 juxta
537 1830 658 1871 cum
716 1816 1043 1871 adversariis
1088 1831 1225 1886 quos
1284 1816 1524 1883 refellit,
1580 1816 1716 1870 nihil
1756 1814 1903 1870 aliud

337 1921 498 1974 quam
535 1906 703 1976 ipsam
733 1907 968 1961 hominis
994 1905 1279 1977 animam),
1307 1914 1528 1977 negaret
1559 1907 1624 1962 de
1649 1908 1903 1963 substan-

341 2000 410 2053 tia
445 2013 565 2053 esse
598 1997 736 2064 Dei,
788 1999 961 2069 ipsum
1005 2000 1371 2055 calumniatus
1422 1998 1587 2073 fuerit
1640 1999 1895 2072 Hierony-
1928 1986 1974 2043 Β

335 2106 478 2157 mus,
510 2092 665 2161 quasi
704 2092 1023 2158 docuisset,
1057 2092 1317 2162 Spiritum
1354 2092 1445 2148 Dei
1475 2132 1492 2159 ,
1524 2093 1736 2148 tertiam
1768 2092 1905 2149 divi-

338 2184 524 2239 uitatis
556 2199 865 2253 personam,
892 2186 958 2239 de
989 2184 1293 2239 substantia
1330 2184 1421 2239 Dei
1458 2200 1563 2241 non
1587 2200 1728 2251 esse,
1776 2199 1905 2254 pro-

336 2275 568 2347 indeque
597 2276 690 2331 Dei
720 2277 1047 2343 ministrum,
1076 2277 1193 2334 sive
1220 2288 1521 2333 creaturam
1555 2293 1694 2335 esse.
1724 2279 1781 2333 Si
1815 2277 1903 2333 cui

340 2380 520 2424 autem
573 2371 690 2425 hinc
740 2370 1047 2439 conjectura
1081 2381 1265 2426 nostra
1319 2373 1497 2427 minus
1540 2372 1772 2443 placeat,
1826 2371 1902 2426 illi

340 2461 650 2515 necessario
705 2461 987 2517 dicendum
1046 2462 1283 2527 videtur,
1353 2463 1533 2518 Ruﬁni
1599 2464 1903 2519 versionem

340 2554 608 2623 Apologia:
642 2553 906 2626 Pamphili
953 2558 1021 2614 ab
1055 2558 1289 2612 inimicis
1334 2556 1450 2626 ejus
1495 2566 1550 2612 et
1588 2556 1905 2628 Hieronymi

338 2646 615 2715 partiariis
665 2660 971 2717 corruptam
1030 2650 1229 2713 fuisse;
1279 2660 1443 2718 atque
1489 2664 1557 2703 ex
1612 2650 1906 2717 depravato

340 2738 520 2806 aliquo
552 2738 741 2793 codice
795 2739 954 2795 istam
995 2742 1423 2797 criminationem
1460 2740 1751 2811 arripuisse
1782 2739 1907 2795 Hie-

340 2844 651 2900 ronymum.
700 2830 844 2887 Sane
872 2832 938 2887 de
966 2833 1054 2887 tali
1098 2834 1295 2901 injuria
1328 2833 1755 2902 interpretationi
1796 2848 1905 2888 suae

340 2920 602 2976 librorum
642 2921 890 2993 Origenis
936 2926 1077 2993 Περὶ
1104 2923 1305 2994 ἀρχῶν
1363 2924 1505 2980 facta
1558 2924 1908 2994 conqueritur

342 3014 459 3084 ipse
488 3014 734 3081 Ruﬁnus,
781 3016 947 3079 Deum
983 3017 1419 3090 καρδιογνώστην
1474 3017 1685 3087 injuriae
1734 3017 1910 3071 vindi-

342 3122 458 3162 cem
481 3107 773 3177 appellans.
805 3107 897 3164 Sic
923 3110 1065 3165 enim
1094 3110 1181 3165 ille
1218 3110 1270 3164 in
1313 3108 1701 3163 Invectivarum
1723 3108 1911 3161 adver-

344 3214 435 3254 sus
457 3197 835 3272 Hieronymum
868 3200 961 3258 lib.
991 3216 1008 3256 ι
1036 3202 1149 3274 (45)
1178 3218 1192 3255 :
1225 3218 1245 3253 ‹
1276 3197 1418 3271 Ipsa,
1445 3199 1587 3255 sicut
1622 3200 1911 3253 transtule-

346 3307 460 3346 ram
490 3331 505 3357 ,
538 3307 654 3348 mea
706 3294 868 3349 verba
930 3295 1253 3365 posuissent.
1311 3292 1420 3348 Sed
1475 3304 1618 3345 nunc
1670 3287 1909 3343 ausculta

345 3384 471 3453 quid
517 3384 725 3440 faciunt
760 3393 859 3440 :et
905 3385 1094 3457 ﬂagitii
1124 3400 1313 3441 eorum
1367 3382 1619 3453 require,
1647 3380 1693 3436 si
1743 3381 1909 3451 ullum

342 3474 623 3546 prtecessit
651 3475 976 3544 exemplum.
1007 3476 1064 3531 In
1093 3491 1157 3531 eo
1181 3476 1318 3541 loco,
1346 3476 1436 3531 ubi
1459 3472 1724 3542 scriptum
1749 3484 1868 3529 erat
1892 3491 1909 3530 :

347 3570 500 3636 Quod
525 3570 571 3624 si
607 3569 843 3638 requiras
864 3584 896 3620 a
934 3583 1036 3633 me,
1065 3568 1192 3637 quid
1212 3569 1370 3622 etiam
1392 3571 1457 3625 de
1490 3572 1604 3641 ipso
1633 3570 1912 3643 Unigenito

347 3662 602 3725 sentiam;
629 3660 674 3714 si
718 3674 778 3712 ne
804 3658 913 3727 ipse
939 3659 1149 3727 quidem
1172 3658 1425 3713 visibilem
1471 3661 1644 3715 dicam
1676 3661 1777 3716 Dei
1820 3680 1914 3717 na-

347 3766 546 3815 turam,
574 3753 661 3823 qui
694 3750 1010 3805 naturaliter
1041 3750 1314 3806 invisibilis
1335 3759 1448 3816 est;
1478 3768 1581 3805 non
1618 3752 1713 3805 tibi
1734 3754 1912 3807 statim

346 3845 424 3899 vel
455 3843 672 3912 impium
718 3843 953 3897 videatur
989 3858 1131 3908 esse,
1178 3842 1257 3897 vel
1293 3843 1582 3898 absurdum
1609 3858 1629 3897 :
1654 3845 1911 3899 rationem

347 3937 535 4006 quippe
599 3936 838 3989 dabimus
890 3944 1259 4006 consequenter
1296 3952 1315 3988 :
1359 3950 1456 4005 pro
1510 3950 1576 3991 eo
1620 3936 1765 4006 quod
1814 3950 1915 3993 nos

350 4030 687 4100 scripsimus,
727 4030 980 4084 rationem
1008 4031 1195 4100 quippe
1230 4030 1472 4085 dabimus
1511 4039 1915 4102 consequenter;

351 4122 427 4177 illi
474 4123 809 4192 scripserunt
838 4141 850 4176 :
877 4139 978 4176 non
1004 4122 1095 4176 tibi
1125 4125 1303 4177 statim
1335 4124 1558 4192 impium
1608 4124 1685 4177 vel
1731 4123 1919 4178 absur-

348 4216 478 4269 dum
508 4215 745 4269 uideatur
771 4231 879 4269 ess:
897 4254 914 4279 ,
956 4217 1083 4285 quia
1122 4216 1256 4269 sicut
1284 4215 1452 4270 Filius
1480 4214 1695 4271 Patrem
1719 4232 1822 4270 non
1842 4216 1919 4270 vi-

350 4306 458 4372 det,
482 4308 557 4360 ita
588 4321 679 4361 nec
724 4305 956 4376 Spiritus
983 4317 1195 4363 sanctus
1238 4309 1372 4362 videt
1399 4306 1625 4363 Filium.
1652 4308 1764 4363 Hoc
1790 4307 1835 4363 si
1864 4307 1918 4363 in

300 4436 304 4440 -
352 4397 473 4452 foro
501 4398 712 4467 positus
735 4437 752 4461 ,
790 4398 874 4452 vel
928 4400 1162 4469 negotiis
1188 4400 1536 4455 sacularibus
1560 4400 1922 4456 commisisset

353 4487 477 4569 ille,
495 4489 585 4558 qui
611 4488 678 4543 de
720 4492 1044 4544 monasterio
1078 4490 1328 4556 Romam,
1359 4492 1516 4561 quasi
1550 4491 1917 4547 calumniandi

352 4579 737 4649 peritissimus,
765 4582 962 4635 missus
985 4589 1071 4636 est
1104 4599 1118 4634 :
1161 4592 1364 4637 norunt
1388 4596 1603 4648 omnes,
1642 4585 1773 4654 quid
1796 4600 1918 4642 con-

1937 3346 1983 3409 C

2006 727 2106 783 ego
2132 753 2148 778 ,
2187 724 2526 781 quacunque
2561 708 2646 763 illa
2678 717 2763 764 est
2788 749 2805 775 ,
2839 707 2971 763 nihil
2999 708 3147 775 dico;
3199 708 3294 763 sed
3324 706 3408 763 sui
3442 721 3566 763 eam

1999 814 2054 859 et
2082 804 2174 859 Dei
2206 801 2555 859 conscientiae
2589 800 2931 872 derelinquo.
2966 818 2985 852 ι
3017 800 3193 870 Atque
3212 799 3278 855 de
3298 797 3567 870 Pamphili

2000 895 2253 965 Apologia
2276 911 2370 965 pro
2404 895 2648 967 Origene,
2691 893 2808 949 haec
2834 891 2887 947 in
2917 893 3321 962 praesentiarum
3363 892 3567 947 dixisse

2000 988 2245 1045 sufﬁciat.

2072 1080 2099 1151 ᾗ
2131 1078 2290 1133 XXII.
2316 1078 2381 1135 Ut
2397 1087 2554 1147 caput
2583 1078 2683 1134 hoc
2709 1076 2922 1132 tandem
2953 1075 3217 1140 claudam,
3246 1076 3372 1130 dum
3402 1073 3564 1129 allata

2001 1172 2247 1243 superius
2276 1170 2525 1242 Origenis
2572 1170 2692 1225 loca
2721 1168 2979 1223 attentius
3011 1167 3307 1237 perpendo,
3338 1167 3411 1221 ita
3442 1180 3563 1221 mea

2000 1282 2122 1322 cum
2159 1274 2376 1322 statuo:
2438 1265 2659 1320 Patrem
2700 1263 2846 1318 illum
2874 1302 2890 1328 ,
2935 1271 3014 1317 tot
3045 1260 3410 1332 theologorum
3458 1274 3566 1332 qua

2008 1368 2253 1412 veterum
2279 1374 2383 1428 qua
2426 1358 2785 1413 recentiorum
2818 1354 3063 1411 censuris
3092 1365 3371 1422 vexatum,
3404 1355 3457 1409 in
3482 1368 3566 1409 ars

2003 1448 2169 1504 ticqu
2212 1449 2279 1503 de
2312 1447 2433 1503 Filii
2464 1449 2784 1514 divinitate,
2820 1449 3059 1517 adeoque
3083 1449 3150 1502 de
3176 1455 3360 1503 sancta
3390 1445 3568 1501 Trini-

2005 1548 2112 1594 tate
2134 1554 2325 1594 revera
2365 1539 2693 1595 catholicum
2724 1538 2891 1594 fuisse
2926 1555 2940 1592 :
2970 1552 3277 1608 quanquam
3310 1539 3365 1592 in
3406 1536 3568 1592 modo

2002 1632 2292 1687 articulum
2344 1632 2690 1702 explicandi,
2734 1631 2895 1686 aliter
2939 1645 3323 1700 nonnunquam
3357 1628 3568 1684 locutus

2003 1725 2206 1790 fuerit,
2236 1740 2398 1795 quam
2435 1725 2595 1781 hodie
2620 1724 2884 1781 Catholici
2907 1724 3115 1791 solent;
3146 1721 3287 1792 quod
3316 1720 3415 1791 ipsi
3443 1735 3567 1776 cum

2004 1818 2224 1887 reliquis
2255 1817 2366 1871 fere
2393 1816 2642 1871 omnibus
2671 1815 2925 1871 Patribus
2945 1856 2962 1883 ,
3001 1815 3091 1885 qui
3139 1814 3429 1870 concilium
3477 1810 3571 1866 NiJ

2005 1925 2211 1964 caenum
2266 1916 2716 1974 antecesserunt,
2753 1921 3039 1962 commune
3090 1905 3206 1959 fuit.
3256 1904 3368 1960 lmo
3413 1903 3573 1959 liceat

2008 2003 2139 2057 mihi
2178 2001 2233 2057 in
2281 2000 2502 2071 scriptis
2529 1997 2781 2070 Origenis
2818 2013 2922 2054 non
2952 1998 3302 2069 indiligenter
3330 2006 3569 2061 versato,

2008 2104 2128 2166 post
2182 2103 2437 2150 accurate
2487 2106 2777 2162 expensam
2827 2091 2989 2146 etiam
3043 2088 3571 2161 ipsiusaveteribus

2006 2187 2333 2258 descriptam
2360 2184 2645 2241 historiam
2665 2222 2680 2249 ,
2702 2183 2965 2255 judicium
2997 2196 3173 2239 meum
3208 2182 3277 2239 de
3304 2182 3573 2255 theologia

2006 2280 2125 2350 ejus
2171 2278 2467 2333 universim
2501 2277 2710 2343 libere,
2740 2276 2947 2346 absque
3004 2275 3320 2347 cujusquam
3372 2274 3572 2330 invidia

2005 2370 2267 2441 proferre.
2303 2369 2435 2425 Erat
2462 2369 2545 2424 vir
2583 2369 2692 2433 ille,
2722 2377 2783 2423 ut
2816 2382 3008 2424 omnes
3053 2368 3421 2433 consentiunt,
3450 2368 3574 2423 exi—

2007 2465 2113 2519 mie
2138 2463 2356 2534 quidem
2411 2462 2564 2531 pius;
2597 2461 2692 2517 sed
2735 2461 2934 2517 curiosi
2979 2460 3205 2515 nimium
3232 2474 3296 2514 ac
3329 2472 3468 2530 pene
3491 2458 3574 2513 la;

2006 2556 2278 2612 scivientis
2324 2556 2541 2627 ingenii.
2575 2554 2759 2609 Pietas
2817 2563 2873 2609 et
2904 2552 3095 2625 religio
3121 2553 3367 2609 cohibuit
3399 2552 3576 2608 homi-~

2008 2665 2151 2715 nem,
2182 2664 2290 2720 quo
2338 2649 2520 2705 minus
2552 2649 2607 2703 in
2641 2649 2830 2719 regula
2859 2646 2985 2702 ﬁdei
3018 2644 3194 2717 (cujus
3222 2659 3350 2716 pars
3385 2661 3576 2717 magna

2006 2752 2089 2798 est
2117 2743 2310 2814 dogma
2336 2743 2401 2797 de
2431 2741 2779 2797 sanctissima
2826 2737 3138 2811 Trinitate),
3179 2737 3468 2809 quidquam
3494 2737 3580 2792 in-

2008 2842 2256 2891 novaret.
2292 2833 2347 2887 In
2388 2832 2512 2887 aliis
2559 2846 2727 2896 vero,
2759 2846 2881 2901 quae
2925 2831 3071 2907 salva
3125 2830 3249 2886 ﬁdei
3302 2828 3479 2902 regula
3525 2831 3578 2884 in

2009 2927 2435 2984 controversiam
2468 2925 2652 2981 vocari
2674 2933 2946 2994 poterant,
2974 2924 3200 2979 nimium
3235 2923 3455 2995 ingenio
3478 2934 3580 2979 suo

2010 3020 2313 3090 indulgens,
2353 3034 2458 3074 non
2482 3031 2652 3089 pauca
2684 3015 2905 3086 protulit
2938 3030 2969 3070 a
2994 3015 3352 3071 communiori
3385 3014 3578 3071 docto-ﬁ

2012 3128 2130 3167 rum
2168 3113 2270 3168 sibi
2316 3110 2595 3184 ὁμηλικῶν
2629 3109 2903 3166 sententia
2949 3107 3165 3181 longius
3191 3108 3578 3177 discrepantia.

2013 3204 2131 3260 Huc
2157 3204 2335 3260 refero
2361 3201 2633 3272 paradoxa
2664 3198 2753 3254 illa
2800 3199 2867 3254 de
2896 3198 3088 3253 animat
3124 3188 3579 3268 praeexsistentia,

2014 3296 2081 3352 de
2106 3295 2464 3350 luminaribus
2491 3292 2614 3349 coeli
2661 3289 2917 3347 animatis
2939 3329 2956 3356 ,
2986 3290 3053 3345 de
3083 3288 3307 3345 inﬁnitis
3343 3288 3584 3353 mundis,

2012 3397 2069 3444 et
2100 3386 2322 3443 similia.
2357 3386 2464 3443 Sed
2509 3394 2564 3442 et
2614 3387 2668 3441 in
2719 3385 2807 3440 his
2839 3381 3188 3439 conservavit
3238 3381 3583 3447 modestiam.

2011 3496 2130 3553 quae
2158 3481 2304 3551 pium
2329 3480 2548 3544 decuit;
2598 3492 2719 3533 cum
2748 3490 2811 3531 ea
2838 3474 3182 3548 proposuerit
3217 3489 3325 3529 non
3358 3473 3584 3547 degma-

2013 3574 2118 3629 tice
2147 3583 2204 3628 et
2237 3578 2638 3636 asseveranter,
2674 3568 2769 3625 sed
2788 3578 3041 3639 tanquam
3062 3566 3342 3623 veritatem
3362 3567 3417 3622 in
3439 3580 3589 3639 qua.»

2013 3665 2283 3722 stionibus
2309 3666 2548 3721 nondum
2575 3662 2833 3719 Ecclesia:
2873 3661 3081 3733 judicio
3105 3673 3363 3732 expresse
3389 3658 3591 3732 jdeﬁni-

2017 3757 2084 3812 tis
2109 3756 2402 3827 diligenter
2432 3757 2736 3826 inquirens.
2766 3755 2881 3822 Qua
2910 3754 2993 3809 de.
3022 3768 3081 3809 re
3112 3754 3335 3810 consule
3365 3752 3590 3809 omnino

2012 3847 2276 3919 Pamphili
2309 3847 2618 3920 Apologiam
2642 3887 2660 3915 ,
2690 3847 2745 3903 in
2778 3845 3097 3918 pmlatione
3118 3876 3136 3913 ί
3187 3860 3294 3901 non
3332 3844 3489 3915 longe
3518 3846 3589 3900 ab

2015 3939 2169 3995 initio
2205 3938 2339 4011 (tt).

2087 4030 2116 4104 ᾗ
2147 4030 2339 4087 XXIII.
2374 4030 2488 4088 Hoc
2506 4039 2745 4087 nostrum
2779 4031 2849 4088 de
2880 4030 3110 4104 Origene
3138 4027 3423 4101 judicium,
3445 4038 3589 4099 prae-5

2020 4136 2103 4181 ter
2132 4125 2445 4182 testimonia
2493 4123 2604 4193 jam
2639 4138 2670 4179 a
2717 4124 2873 4180 nobis
2902 4124 2956 4179 in
2985 4124 3089 4179 hoc
3131 4122 3310 4194 capite
3333 4121 3586 4183 adducta,

2018 4216 2189 4273 multa
2222 4216 2326 4272 alia
2355 4215 2699 4271 conﬁrmant.
2744 4208 2929 4270 Primo
2962 4213 3276 4271 defensores
3316 4212 3588 4285 Origeni's,

2019 4310 2111 4382 qui
2144 4310 2196 4365 in
2224 4309 2453 4366 articulo
2480 4309 2545 4365 de
2573 4317 2760 4364 sancta
2810 4307 3081 4363 Trinitate
3125 4304 3377 4363 catholici
3412 4303 3590 4368 fuere,

2021 4418 2143 4459 cum
2166 4402 2277 4458 alia
2311 4402 2412 4474 ipsi
2438 4402 2642 4459 tributa
2668 4402 2996 4458 heterodoxa
3018 4401 3238 4472 placita,
3260 4414 3379 4471 qum
3398 4409 3594 4469 nempe

2022 4498 2180 4555 modo
2202 4496 2765 4559 commemoravimus,
2837 4510 2945 4550 non
2988 4493 3366 4558 difﬁterentur,
3408 4504 3472 4548 ea
3503 4490 3593 4546 vel

2023 4597 2368 4654 excusantes,
2398 4588 2481 4644 vel
2514 4587 2677 4643 etiam
2717 4585 3068 4643 defendentes
3098 4604 3112 4640 :
3145 4601 3267 4642 cum
3292 4584 3590 4640 Catholicis

354 4681 673 4742 sequeretur
720 4688 787 4729 ex
837 4673 1045 4745 legibus
1092 4673 1327 4744 publicis
1364 4674 1626 4743 ejusmodi
1670 4678 1915 4734 criminis
1951 4696 2000 4756 υ
2027 4689 2206 4734 tamen
2247 4677 2500 4734 omnibus
2528 4678 2595 4733 de
2636 4676 2908 4732 Trinitate
2951 4676 3190 4732 sensisse
3230 4675 3382 4731 illum
3413 4674 3590 4745 ipsum

354 4768 683 4825 reus.‘Nunc
708 4783 836 4823 vero
874 4770 999 4838 quia
1047 4768 1362 4824 saecularem
1387 4768 1552 4824 vitam
1589 4771 1825 4841 reliquit,
1857 4782 1913 4828 et

355 4875 386 4913 a
420 4859 863 4927 tergiversatione
909 4857 999 4912 illa
1046 4868 1265 4914 actuum
1303 4859 1641 4927 publicorum
1687 4861 1754 4914 ad
1807 4877 1923 4918 mo-

356 4951 654 5007 nasterium
685 4964 978 5006 conversus
1000 4959 1084 5006 est
1110 4991 1126 5017 ,
1158 4958 1213 5007 et
1248 4951 1476 5007 adbtesit
1517 4952 1779 5024 magistro
1819 4968 1921 5009 no-a

353 5044 448 5100 bili
479 5061 495 5098 :
531 5046 598 5098 ab
629 5044 745 5113 ipso
778 5046 1002 5099 docetur
1030 5044 1226 5099 iterum
1250 5092 1251 5095 η
1279 5059 1376 5107 pro
1409 5045 1671 5100 modestia
1715 5044 1924 5113 furere,

354 5136 632 5204 insanire;
663 5151 760 5206 pro
806 5136 989 5204 quiete
1039 5137 1334 5194 seditiones
1378 5153 1635 5206 movere;
1663 5154 1762 5208 pro
1792 5154 1924 5209 pace

354 5242 573 5284 movere
615 5227 853 5292 bellum;
907 5240 1004 5295 pro
1055 5229 1344 5284 concordia
1397 5244 1615 5285 movere
1659 5231 1920 5296 dissidia;

355 5320 593 5392 perﬁdus
618 5334 737 5374 esse
762 5334 859 5389 pro
896 5320 1019 5381 ﬁde,
1046 5335 1144 5390 pro
1175 5322 1405 5377 veritate
1433 5321 1709 5378 falsarius.
1744 5342 1764 5376 ι
1798 5321 1922 5379 Mox

356 5412 554 5468 ibidem
592 5413 658 5466 de
691 5411 913 5467 falsario
952 5411 1044 5466 illo
1070 5422 1256 5468 narrat
1296 5415 1439 5469 ista:
1478 5433 1498 5467 ι
1536 5415 1670 5471 Cum
1702 5415 1918 5483 falsam,

356 5503 551 5574 inquit,
583 5504 888 5575 hujusmodi
915 5506 1236 5561 sententiam
1272 5507 1413 5575 apud
1445 5506 1801 5562 Mediolanum
1826 5522 1917 5561 re-

354 5596 574 5664 citaret,
602 5607 658 5652 et
678 5612 708 5652 a
740 5613 847 5665 me,
894 5613 1014 5669 quae
1041 5599 1311 5670 exigebat,
1330 5600 1488 5671 {falsa
1521 5615 1640 5657 esse
1670 5603 1911 5658 diceren-

358 5695 473 5755 tur;
504 5689 865 5759 interrogatus
886 5706 920 5747 a
950 5706 1058 5763 quo
1107 5693 1406 5763 accepisset
1439 5695 1765 5766 exemplaria
1792 5736 1809 5763 ,
1833 5710 1917 5752 re-

428 5805 541 5891 (45)
570 5807 911 5891 lnter_9Apera
939 5812 1161 5877 Hieron.
1190 5814 1321 5871 edit.
1356 5814 1648 5874 Martianaei
1680 5828 1807 5876 tom.
1829 5821 1917 5891 IV,

379 5888 519 5945 part.
538 5894 597 5943 ll,
621 5894 673 5946 p.
699 5881 823 5936 572.

371 5986 377 5992 .
455 5946 570 6018 (44)
606 5950 739 6009 Vide
777 5962 832 6009 et
860 5953 1035 6012 Huetii
1061 5954 1362 6027 Origenian.
1391 5958 1480 6016 lib.
1509 5976 1571 6030 ιι,
1609 5971 1799 6032 quiest.
1827 5963 1914 6033 ﬂ,

2025 4769 2313 4842 Origenem
2368 4772 2568 4825 acriter
2600 4770 3018 4826 contenderunt.
3052 4767 3166 4824 Hae
3202 4770 3415 4825 ratione
3458 4766 3587 4824 Ori-

2027 4880 2214 4935 genem
2241 4863 2544 4921 defendisse
2570 4862 2907 4932 Pamphilum
2948 4872 3267 4933 martyrem,
3305 4873 3359 4918 et
3385 4876 3599 4933 anony-

2026 4973 2171 5014 mum
2194 4957 2545 5028 apologistam
2580 4956 2722 5026 apud
2749 4954 3000 5010 Pbotium
3034 4954 3191 5025 paulo
3238 4964 3363 5010 ante
3409 4962 3600 5009 osten-

2027 5051 2227 5107 dimus.
2273 5048 2643 5119 Eamdemque
2670 5049 2812 5102 viam
2858 5048 3081 5103 inivisse
3108 5048 3161 5101 in
3212 5061 3310 5101 sua
3341 5046 3592 5115 Origenis

2029 5142 2341 5200 defensione
2376 5142 2659 5214 Didymum
2696 5138 3118 5195 Alexandrinum
3164 5139 3343 5193 virum
3394 5137 3616 5207 pietate.

2027 5248 2082 5293 et
2100 5238 2403 5292 eruditione
2433 5235 2723 5305 insignem,
2750 5240 2806 5289 et
2831 5230 3063 5287 Nicaeum
3096 5230 3217 5286 ﬁdei
3265 5228 3595 5286 constantis-

2026 5330 2222 5386 simum
2258 5336 2714 5399 prepugnatorem
2738 5364 2755 5391 ,
2805 5331 2995 5378 auctor
3047 5332 3130 5377 est
3163 5322 3276 5392 ipse
3328 5318 3593 5389 Hierony-

2027 5438 2149 5478 mus
2184 5422 2322 5493 (45),
2373 5422 2467 5490 qui
2511 5419 2733 5489 Apolog.
2778 5417 2983 5472 advers.
3029 5413 3234 5484 Rufin.,
3267 5412 3362 5468 lib.
3412 5426 3473 5478 It,
3517 5410 3600 5466 sic

2028 5518 2205 5586 ipsum
2234 5514 2487 5569 Ruﬁnum
2509 5512 2843 5582 alloquitur:
2881 5525 2902 5561 ι
2947 5508 3111 5575 Quid,
3141 5505 3337 5577 inquit,
3368 5518 3599 5575 respon~

2029 5609 2182 5664 debis
2204 5622 2303 5677 pro
2334 5606 2563 5676 Didymo
2589 5645 2606 5671 ,
2623 5604 2716 5674 qui
2740 5610 2887 5658 certe
2915 5604 2969 5657 in
2998 5602 3265 5657 Trinitate
3286 5598 3609 5655 Catholicus'

2030 5698 2162 5754 est?
2205 5697 2361 5766 cujus
2386 5697 2548 5753 etiam
2582 5711 2684 5752 nos
2713 5695 2782 5751 de
2814 5694 3024 5765 Spiritu
3064 5704 3255 5751 sancto
3300 5694 3497 5749 librum
3544 5690 3602 5748 in

2038 5835 2159 5891 cap.
2199 5822 2254 5885 '5,
2294 5834 2443 5891 num.
2469 5819 2528 5873 lt
2572 5818 2745 5891 et_12,
2772 5833 2826 5889 p.
2851 5816 2979 5872 255.

2110 5883 2223 5963 (45)
2240 5883 2393 5947 inter
2408 5883 2857 5963 Qperagi‘lieroit”
2895 5884 3119 5945 tum.“
3164 5885 3300 5946 e’dit.
3350 5883 3607 5942 Martiae:

2039 5959 2180 6035 part.
2204 5959 2266 6033 it,
2304 5976 2359 6033 p.
2392 5960 2521 6031 408,
2548 5959 2671 6017 409.
