4152 6418
372 449 509 504 1529

359 659 517 711 homo
551 655 722 710 factus
769 653 964 708 mansit
1016 652 1154 720 quod
1192 650 1333 704 Deus
1377 660 1518 703 erat.
1554 668 1570 699 ι
1607 680 1672 689 -
1718 669 1736 701 ι
1773 647 1906 703 Tum

358 750 547 803 deinde
593 748 797 802 honore
830 761 892 799 ac
922 743 1183 814 dignitate
1216 742 1360 795 Patri
1410 751 1463 795 et
1489 740 1623 797 Filio
1647 742 1906 795 sociatum

358 856 477 896 esse
503 838 767 908 Spiritum
815 845 1084 892 sanctum.
1124 853 1143 887 ι
1187 834 1331 888 Inter
1376 833 1627 902 dogmata
1667 848 1771 887 non
1816 848 1909 886 ne-

359 932 611 993 cessaria,
662 930 774 985 sive
803 928 1128 999 problemata
1156 967 1172 993 ,
1217 941 1335 996 quae
1389 926 1629 980 modeste
1665 934 1719 978 et
1764 925 1907 979 salva

359 1037 489 1091 pace
514 1020 877 1076 ecclesiastica
909 1019 960 1073 in
997 1030 1277 1085 utramque
1309 1027 1515 1088 partem
1544 1018 1800 1087 disputari
1824 1034 1910 1088 po-

360 1121 555 1175 terant,
589 1120 835 1167 numerat
864 1111 1058 1166 ibidem
1085 1115 1407 1179 quaestiones
1432 1152 1447 1176 ,
1483 1111 1547 1164 de
1585 1119 1824 1179 tempore
1855 1121 1909 1165 et

358 1205 516 1259 modo
542 1203 830 1260 rreationis
856 1202 1188 1272 angelorum,
1221 1202 1285 1254 dc
1317 1200 1448 1266 sole,
1478 1200 1602 1254 luna
1636 1210 1691 1253 et
1720 1200 1906 1265 stellis,

359 1307 540 1350 utrum
578 1295 867 1349 animantia
891 1335 906 1361 ,
940 1309 1006 1348 an
1041 1295 1282 1348 exanima
1316 1296 1446 1356 sint,
1480 1302 1584 1348 etc.
1631 1292 1687 1346 ln
1738 1293 1909 1348 istius-

359 1388 501 1443 modi
549 1388 757 1442 scilicet
808 1385 1191 1456 quaestionibus
1259 1383 1643 1450 discutiendis,
1690 1385 1906 1438 nimiam

359 1479 593 1535 fortasse
615 1480 917 1534 libertatem
949 1477 1051 1531 sibi
1076 1476 1296 1531 indulsit
1318 1475 1575 1547 Origenes
1607 1491 1621 1526 :
1650 1476 1713 1529 ad
1742 1475 1905 1530 altera

357 1587 485 1626 vero
533 1572 619 1625 illa
652 1572 901 1641 dogmata
940 1569 1084 1637 quod
1135 1568 1360 1631 attinet,
1404 1582 1433 1620 a
1481 1567 1601 1621 ﬁdei
1644 1566 1821 1635 regula
1851 1567 1905 1620 in

358 1662 592 1718 Ecclesia
625 1662 726 1718 lixa
757 1670 811 1717 et
834 1661 1067 1715 stabilita
1099 1660 1179 1714 vel
1211 1660 1375 1713 latum
1403 1675 1635 1729 unguem
1661 1661 1906 1715 recedere

359 1753 458 1822 ipsi
491 1753 675 1824 religio
701 1752 819 1806 fuit.
853 1751 1085 1818 Quarto,
1121 1751 1296 1820 magni
1325 1765 1445 1804 esse
1472 1750 1725 1817 ponderis
1777 1751 1904 1804 mihi

314 1902 320 1909 _
360 1847 568 1901 videtur
597 1853 993 1915 argumentum,
1046 1852 1314 1910 utcunque
1364 1844 1532 1912 ipsum
1577 1854 1904 1912 contempse-

356 1936 423 1992 rit
481 1936 820 1990 doctissimus
857 1933 1080 1989 Huctius
1112 1933 1179 1998 τ’,
1219 1931 1524 1986 Bellarmini
1570 1932 1731 2003 (quod
1780 1935 1900 1989 alibi

352 2028 527 2083 obiter
552 2026 844 2098 attigimus)
882 2025 968 2095 qui
1013 2025 1327 2080 catholicum
1374 2024 1537 2079 fuisse
1585 2025 1636 2079 in
1674 2025 1778 2079 hoc
1816 2040 1905 2080 ar-

355 2119 515 2175 ticulo
544 2120 829 2190 Origenem
859 2119 978 2171 inde
1017 2119 1241 2185 probat;
1296 2116 1437 2186 quod
1476 2130 1607 2170 sana
1633 2126 1689 2170 et
1728 2115 1904 2169 ortho-

352 2211 486 2265 doxa
517 2210 675 2265 fuerit
708 2209 1051 2279 prmceptoris
1091 2208 1260 2277 ipsius
1296 2208 1610 2271 Clementis,
1640 2216 1695 2261 et
1741 2207 1903 2261 disci-

350 2302 591 2373 pulorum
619 2301 854 2374 Dionysii
884 2301 1228 2355 Alexandrini
1270 2312 1325 2354 et
1360 2300 1603 2369 Gregorii
1630 2299 1896 2354 Thauma-

352 2396 509 2466 turgi,
562 2395 628 2449 de
675 2394 931 2466 mysterio
971 2392 1070 2447 SS.
1104 2391 1389 2447 Trinitatis
1432 2391 1631 2461 Opinio.
1675 2391 1754 2446 Ad
1786 2390 1904 2445 Cle-

351 2499 580 2549 tuentem
607 2488 747 2543 enim
779 2489 919 2556 quod
950 2485 1161 2547 attinet,
1198 2499 1355 2553 supra
1376 2522 1391 2548 ,
1423 2484 1510 2537 ubi
1541 2484 1606 2537 de
1651 2482 1768 2551 ejus
1799 2481 1904 2538 ﬂd‘e

348 2599 584 2655 agerem,
613 2577 1017 2638 euidentissime
1063 2574 1309 2649 probavi,
1340 2590 1368 2628 a
1398 2575 1609 2629 nemine
1645 2590 1804 2643 quam
1836 2577 1903 2631 ab

351 2678 466 2748 ipso
497 2675 817 2732 catholicam
846 2672 1144 2728 doctrinam
1181 2670 1244 2724 de
1273 2666 1541 2741 ὁμοουσξῳ
1568 2667 1761 2724 Triade
1794 2666 1902 2721 cla-

350 2770 461 2824 rius
492 2768 726 2839 agnitam
759 2774 849 2819 aut
894 2763 1232 2834 praadicatam
1286 2762 1471 2816 fuisse.
1501 2762 1642 2816 idem
1688 2763 1752 2817 de
1780 2763 1901 2818 Aleo

349 2859 612 2914 xandrino
650 2856 902 2928 Dionysio
950 2863 1003 2907 et
1041 2851 1299 2921 Gregorio
1344 2850 1740 2921 Thaumaturgo
1788 2855 1900 2924 (uto-

348 2964 558 3019 cunque
578 2946 783 3003 duobus
815 2943 1063 2999 maximis
1109 2940 1417 2996 nominibus
1449 2940 1660 2995 Ariante
1710 2941 1901 3012 impie-

351 3040 475 3094 tatis
502 3047 679 3092 notam
707 3035 987 3099 inusserit,
1015 3033 1069 3087 in
1094 3032 1175 3087 sui
1211 3031 1445 3085 nominis
1468 3028 1746 3084 infamiam
1767 3028 1900 3098 ,_Je-

348 3130 487 3185 suita
517 3128 785 3195 Petavius)
810 3126 946 3180 infra
976 3139 1124 3196 aeque
1153 3122 1299 3178 clare
1341 3122 1709 3178 ostendemus.
1764 3122 1900 3189 Quid

349 3218 568 3274 autem?
596 3219 674 3271 An
697 3213 987 3270 verisimile
1019 3213 1125 3278 sit,
1151 3214 1239 3282 qui
1264 3221 1370 3265 tam
1410 3210 1727 3267 catholicum
1752 3227 1814 3267 eo
1847 3214 1899 3266 in
1931 3240 1972 3298 ο

347 3310 573 3365 articulo
615 3310 957 3377 magistrum,
1020 3305 1113 3374 qui
1177 3313 1287 3359 tam
1338 3303 1666 3357 orthodoxos
1723 3303 1908 3359 habuit

347 3399 654 3470 discipulos,
691 3398 781 3467 qui
816 3398 977 3452 etiam
1008 3396 1319 3466 magistrum
1360 3408 1538 3460 suum,
1564 3405 1621 3448 ut
1651 3405 1907 3464 praestau-

350 3494 612 3549 tissimum
636 3488 887 3544 Ecclesia‘e
915 3488 1188 3542 doctorem
1233 3500 1446 3554 semper
1477 3486 1724 3539 admirati
1760 3496 1902 3551 sunt,

346 3585 400 3639 in
426 3585 538 3653 ipso
565 3580 791 3635 articulo
844 3579 1153 3633 hmreticum
1195 3577 1392 3633 fuisse?
1443 3578 1662 3645 Quinto,
1714 3579 1905 3636 deinde

355 3675 503 3730 mille
533 3675 703 3728 instar
732 3671 944 3727 testium
976 3672 1041 3724 de
1080 3669 1329 3739 Origenis
1375 3669 1428 3723 in
1471 3672 1569 3722 hac
1613 3671 1905 3738 quaestione

346 3764 623 3842 ὀρθοδοξίᾳ
673 3778 793 3819 esse
845 3763 1000 3818 debet
1044 3775 1269 3831 magnus
1312 3759 1670 3824 Athanasius;
1722 3762 1810 3828 qui
1852 3761 1901 3813 in

348 3862 482 3915 libro
502 3859 577 3913 De
612 3857 794 3928 synodi
823 3852 1052 3908 Nicwnm
1079 3853 1298 3906 decretis
1318 3852 1386 3918 ⁸⁸,
1412 3852 1643 3906 sensisse
1662 3868 1780 3904 eum
1801 3850 1902 3905 Pa-

268 3948 274 3953 ’
350 3953 519 4008 tribus
542 3949 770 4004 Nicasnis
810 3945 1092 4015 Origenem
1144 3945 1209 3998 de
1261 3958 1386 3998 vera
1437 3954 1491 3997 et
1536 3956 1735 3998 :eterna
1782 3943 1901 3998 F.Iii

346 4045 646 4105 divinitate,
678 4041 874 4095 diserte
902 4048 1147 4100 testatur,
1185 4037 1320 4108 Περὶ
1352 4036 1407 4089 δὲ
1436 4034 1542 4089 τῶν
1574 4036 1791 4107 (inquit)
1816 4037 1894 4089 ἀϊ-

344 4138 469 4199 δίως
496 4137 724 4188 συνεῖναι
755 4132 843 4185 τὸν
867 4130 1035 4199 Λόγον
1054 4129 1130 4200 τῷ
1150 4128 1321 4199 lla-rp).
1359 4128 1452 4180 καὶ
1483 4127 1556 4197 μὴ
1584 4125 1775 4196 ἑτέρας
1809 4128 1899 4179 οὐ-

346 4231 467 4291 σίας
508 4228 541 4298 ἢ
570 4226 933 4289 ὑποστάσεως,
958 4223 1092 4277 ἀλλὰ
1105 4223 1203 4291 τῆς
1231 4220 1325 4273 τοῦ
1352 4219 1562 4290 Πατρὸς
1586 4218 1712 4272 ἴδιον
1741 4218 1899 4271 αὐτὸν

344 4318 502 4386 εἶναι,
527 4321 601 4382 ὡς
632 4320 909 4388 εἰρήκασιν
931 4317 1000 4382 ,οἱ
1043 4317 1100 4367 ὲν
1142 4316 1209 4385 τῇ
1245 4312 1444 4381 συνόδῳ
1468 4349 1483 4375 ,
1512 4308 1711 4375 ἐξέστω
1738 4310 1898 4363 πάλιν

1369 442 1456 495 ΕΚ
1494 442 1557 495 G.
1602 438 1799 495 BULLI
1842 438 1990 492 UEF.
2032 437 2205 493 FIDEI
2250 435 2548 492 NlC/ENJE

355 566 511 624 Patre
534 576 634 619 est.
673 583 690 615 ι
720 596 783 604 -
818 583 836 616 ι
869 562 1180 617 lucarnatus
1207 571 1288 614 est
1328 575 1449 614 cum
1476 560 1610 613 Deus
1633 569 1776 613 esset
1798 598 1812 618 .
1848 568 1897 610 et
1931 563 1973 614 A
2007 558 2179 611 laéstra
2222 560 2478 611 adversus
2528 556 2807 610 hatreticos
2844 554 3172 622 adduxerat,
3216 556 3397 610 statim
3439 556 3561 610 ista»
3649 544 3660 553 ’

3428 434 3569 488 1550

2010 662 2128 719 qua:
2158 648 2368 716 propria
2414 646 2585 715 ipsius
2628 653 2781 712 sunt,
2821 644 3133 711 subintulit,
3159 644 3361 699 dicens.
3401 664 3420 698 ι
3462 644 3564 700 De-

2010 738 2135 792 inde
2183 738 2315 791 cilat
2366 737 2624 791 illustrem
2670 737 2913 809 Origenis
2968 738 3286 794 sententiam
3336 738 3402 792 de
3439 736 3562 794 Filii

2008 829 2307 882 aeternitate
2354 839 2409 883 et
2435 829 3020 896 consubstantialitate;
3053 830 3135 885 cui
3166 838 3220 884 et
3243 830 3463 884 alteram
3492 844 3561 885 ex

2008 919 2113 974 alio
2162 919 2409 988 Origenis
2464 921 2600 974 libro
2654 919 2958 989 subiungit;
3004 936 3121 990 quae
3163 920 3281 974 loca
3335 921 3557 974 sectioni

2014 1021 2210 1067 nostrae
2244 1012 2415 1067 tertia:
2441 1027 2799 1067 reservamus.
2840 1012 2982 1067 Sane
3022 1025 3196 1066 autem
3228 1027 3327 1081 ego
3384 1011 3561 1066 nullus

2008 1104 2225 1169 dubito,
2260 1105 2388 1173 quin
2455 1103 2749 1159 disserendi
2797 1103 2885 1157 illa
2940 1104 3097 1168 ratio,
3149 1118 3307 1172 quam
3360 1101 3558 1171 ubique

2007 1197 2120 1253 fere
2169 1198 2221 1252 in
2264 1198 2479 1266 scriptis
2539 1198 2651 1252 suis
2707 1204 2922 1250 secutus
2966 1204 3049 1250 est
3107 1193 3399 1263 Origenes,
3448 1206 3557 1261 qua

2009 1305 2200 1361 nempe
2239 1290 2609 1346 haereticorum
2644 1288 2872 1358 placita,
2904 1287 3138 1356 ipsorum
3178 1285 3555 1340 haereticorum

2006 1382 2159 1452 quasi
2210 1395 2492 1451 personam
2554 1380 2800 1443 induens,
2861 1379 3091 1448 primum
3149 1385 3555 1445 repraesentare,

2007 1475 2196 1529 deinde
2229 1471 2548 1527 catholicam
2580 1470 2849 1540 explicare
2871 1469 3190 1525 sententiam
3218 1466 3404 1520 solitus
3436 1463 3553 1529 fuit,

2006 1584 2190 1623 ansam
2232 1567 2475 1636 inprimis
2502 1565 2705 1619 dederit
2724 1562 2983 1631 imperitis
3011 1569 3064 1615 et
3086 1558 3361 1613 malevolis
3381 1558 3553 1625 ipsum

2016 1658 2300 1727 Origenem
2337 1657 2557 1711 haeresis
2589 1653 2909 1717 accusandi,
2940 1651 3090 1722 quasi
3141 1650 3346 1704 scilicet
3386 1647 3558 1701 haere-

2009 1750 2112 1804 tica
2145 1748 2230 1802 illa
2273 1764 2337 1803 ex
2385 1747 2563 1801 animo
2614 1744 2956 1801 defendisset.
3022 1743 3111 1796 Ait
3158 1754 3284 1794 vero
3333 1737 3558 1793 Huetius

2008 1839 2309 1910 Origenian.
2340 1838 2431 1893 lib.
2461 1855 2525 1903 n,
2556 1847 2743 1909 quaest.
2769 1837 2823 1898 2,
2860 1852 3007 1890 num.
3039 1835 3091 1901 5,
3121 1847 3241 1903 pag.
3285 1832 3408 1897 M9,
3430 1829 3555 1886 Ori-

2007 1930 2158 1997 genis
2183 1930 2501 1983 sententiatn
2519 1944 2703 1995 parum
2718 1926 3009 1981 Athanasio
3026 1931 3339 1992 perspectam
3374 1922 3554 1991 fuisse.

2009 2021 2110 2075 Sed
2148 2022 2199 2074 in
2230 2036 2295 2075 eo
2325 2021 2566 2087 ignoscat
2609 2018 2762 2073 nobis
2796 2017 2877 2070 vir
2919 2017 3181 2078 eruditus,
3212 2013 3352 2083 quod
3400 2012 3559 2069 nihil-

2006 2113 2218 2166 nminus
2248 2125 2566 2181 persuasum
2598 2109 2891 2163 habeamus
2912 2147 2929 2173 ,
2966 2106 3258 2162 Athanasio
3286 2106 3559 2176 episcopo

2005 2200 2399 2266 Alexandrino,
2482 2197 2725 2270 Origenis
2798 2195 3145 2253 Alexandrini
3234 2194 3559 2265 temporibus

2008 2301 2116 2347 tam
2149 2291 2350 2355 vicino,
2397 2292 2822 2362 scriptorumque
2858 2287 2974 2355 ejus
3023 2287 3358 2356 aliorumque
3408 2292 3556 2339 vete-

2008 2401 2125 2440 rum
2148 2385 2553 2455 diligentissimo
2578 2383 2781 2451 pariter.
2797 2390 2851 2437 et
2869 2378 3327 2451 perspicaeissimo
3347 2376 3556 2442 lectori,

2008 2478 2163 2548 longe
2199 2477 2392 2531 melius
2421 2484 2752 2544 perspectam
2801 2474 2967 2528 fuisse
2994 2470 3297 2526 Adamantii
3343 2478 3560 2524 senten-

2008 2570 2158 2632 tiam,
2182 2582 2343 2638 quam
2382 2567 2627 2635 cuiquam
2654 2580 2719 2621 ex
2762 2564 2914 2621 nobis
2948 2562 3086 2619 seris
3118 2559 3398 2629 nepotibus
3436 2573 3561 2629 pcr-

2004 2667 2185 2728 specta
2218 2672 2342 2712 esse
2389 2655 2579 2726 possit.
2635 2653 2816 2724 Pergit
2851 2662 3030 2707 autem
3083 2651 3307 2706 Huctius
3342 2666 3356 2703 :
3388 2667 3407 2700 ι
3440 2647 3557 2702 Non

2005 2766 2162 2820 nego,
2190 2750 2385 2820 inquit,
2430 2748 2543 2802 haec
2586 2747 2783 2802 dixisse
2807 2745 3133 2815 Origenem;
3182 2750 3238 2796 at
3284 2754 3349 2797 eo
3398 2754 3559 2795 sensu

2004 2842 2226 2906 dixisse,
2251 2856 2358 2911 quo
2386 2837 2598 2893 Niczena
2633 2837 2770 2891 dixit
2820 2836 3090 2907 synodus,
3128 2835 3180 2890 id
3220 2848 3350 2889 vero
3401 2832 3558 2887 fateri

2006 2947 2111 2993 non
2144 2946 2377 3002 possum.
2413 2949 2430 2983 ι
2478 2931 2685 2984 Rursus
2716 2928 2857 2993 dico,
2908 2927 3109 2993 nemini
3155 2926 3345 2993 melius
3385 2925 3561 2996 cogni-

2007 3035 2117 3079 tum
2158 3038 2279 3078 esse
2321 3021 2555 3091 patuisse
2594 3018 2783 3089 synodi
2833 3018 3061 3072 Nicaeum
3102 3031 3318 3070 sensum
3342 3056 3358 3079 ,
3396 3031 3556 3085 quam

2005 3112 2321 3176 Athanasio,
2342 3112 2432 3179 qui
2467 3110 2672 3180 synodo
2696 3106 2773 3160 illi
2802 3107 2914 3176 ipse
2940 3105 3201 3161 interluit.
3242 3103 3387 3160 Idem
3430 3118 3560 3159 vero

2005 3207 2332 3261 Athanasius
2352 3211 2597 3267 testatur,
2619 3198 2897 3271 Origenem
2920 3211 3026 3254 tam
3046 3198 3116 3253 de
3137 3197 3255 3253 Filii
3274 3196 3355 3268 τῷ
3375 3198 3561 3267 ὁμοθυ-

2009 3300 2129 3371 σιῳ.
2152 3311 2311 3368 quam
2349 3296 2417 3350 de
2447 3294 2614 3364 ipsius
2640 3293 2717 3365 τῷ
2744 3292 2995 3362 συναῖδῑῳ
3034 3306 3156 3345 cum
3188 3289 3437 3344 Patribus
3461 3287 3557 3343 Ni-

2007 3392 2172 3446 caanis
2197 3388 2419 3443 omnino
2456 3385 2708 3440 sensisse.
2748 3385 2826 3438 Ac
2848 3383 2915 3438 de
2950 3381 3067 3436 Filii
3092 3381 3306 3451 quidem
3342 3381 3561 3435 aeterni-

2006 3491 2139 3549 tate,
2165 3494 2347 3536 verum
2374 3477 2503 3532 illud
2547 3491 2668 3531 esse
2714 3489 2818 3530 non
2864 3473 3174 3528 dilﬁtebitur
3204 3472 3461 3536 Huctius;
3491 3471 3559 3527 de

2006 3570 2566 3630 consubstantialitate
2584 3582 2735 3635 vero,
2771 3568 2823 3623 id
2853 3566 3010 3621 fateri
3034 3580 3092 3620 se
3118 3581 3226 3620 non
3257 3578 3415 3634 posse
3444 3577 3560 3632 pro-

2004 3665 2208 3719 tltetur.
2232 3662 2394 3731 Atqui
2428 3674 2588 3730 supra
2628 3657 2749 3714 fuse
2786 3667 2841 3713 et
2865 3657 3164 3712 luculenter
3201 3654 3557 3719 ostendimus,

2002 3755 2198 3811 Filium
2223 3769 2329 3808 non
2352 3752 2458 3807 alio
2479 3766 2637 3807 sensu
2662 3752 2805 3806 Patri
2827 3749 3109 3822 ὀμοούσιον
3133 3748 3333 3805 dixisse
3350 3749 3561 3818 episco-

2002 3861 2101 3914 pos
2129 3844 2393 3908 Nicaznos,
2435 3856 2595 3911 quam
2621 3856 2728 3911 quo
2752 3840 2920 3895 Filius
2958 3841 3213 3895 statuitur
3250 3854 3409 3893 verus
3437 3854 3559 3894 esse

2001 3937 2141 3991 Deus
2175 3935 2394 4006 perinde
2420 3947 2483 3987 ac
2510 3931 2689 3997 Pater,
2719 3946 2822 3985 non
2856 3940 3052 3985 creata-
3069 3930 3293 3998 alicujus
3321 3939 3413 3985 aut
3438 3946 3558 3984 mu-

2001 4027 2182 4084 tabilis
2202 4025 2469 4080 essentia.
2495 4024 2671 4090 Atque
2692 4022 2793 4077 hoc
2815 4036 2979 4076 sensu
2992 4021 3183 4075 Filium
3200 4020 3346 4075 Patri
3370 4020 3557 4090 ἀμοού-

2001 4134 2112 4172 σιον
2150 4116 2433 4186 agnovisse
2459 4112 2766 4183 Origenem,
2793 4126 2891 4166 nos
2917 4112 2969 4165 in
3003 4112 3105 4166 hoc
3135 4111 3311 4180 capite
3339 4112 3555 4168 abunde

1997 4208 2362 4279 probavimus.
2393 4206 2473 4260 Ad
2501 4204 2826 4258 numericam
2848 4243 2862 4266 ,
2885 4218 3003 4272 quae
3028 4202 3252 4267 dicitur,
3290 4202 3549 4259 unitatem

1995 4300 2309 4357 substantiae
2339 4299 2515 4353 Patris
2542 4308 2596 4351 et
2634 4296 2751 4351 Filii
2802 4297 2945 4366 quod
2992 4297 3186 4353 attinet
3225 4296 3408 4365 (quam
3457 4310 3552 4351 rte-

1994 4408 2148 4462 gasse
2190 4392 2475 4462 Origenem
2511 4389 2707 4444 ibidem
2741 4387 2816 4442 ait
2860 4386 3129 4458 Huetius),
3172 4403 3388 4457 possunt
3437 4388 3552 4443 evi-

345 4416 490 4487 ὴμᾶς
519 4412 745 4466 ἁκοῦσαι
771 4409 865 4463 καὶ
908 4407 1057 4479 παρὰ
1087 4405 1180 4459 τοῦ
1231 4404 1515 4475 φιλοπόνου
1570 4403 1892 4474 Ὠριγένους,

421 4516 522 4572 est,
549 4524 568 4558 ι
608 4502 841 4559 Verbum
874 4478 1051 4555 autem
1085 4499 1153 4554 ab
1191 4509 1393 4552 aeterno
1419 4511 1540 4551 esse
1561 4512 1680 4550 cum
1718 4495 1893 4557 Patre,
1995 4489 2184 4542 denter
2209 4484 2527 4546 ostendere,
2557 4480 2838 4550 Origenem
2868 4478 3127 4533 unitatem
3157 4478 3298 4532 illam
3325 4488 3551 4535 eatenus

342 4615 441 4656 nec
469 4567 690 4654 alterius
739 4592 1054 4650 substantiae
1097 4591 1179 4646 vel
1224 4589 1564 4661 hypostasis,
1594 4590 1685 4644 sed
1730 4588 1894 4657 ipsius
1925 4574 2306 4647 Πθεηονίεεθο
2356 4583 2625 4643 quam!“
2675 4572 2843 4641 ipsam
2909 4567 3130 4661 Palmm
3183 4567 3548 4638 δηιίειυῖοτυω

341 4704 575 4765 paterna!
602 4687 913 4745 substantiae
960 4684 1231 4754 proprium
1267 4659 1425 4735 illum
1458 4693 1608 4742 esse,
1638 4679 1892 4748 quemad-
1996 4665 2569 4765 quisquam,__adeogue
2606 4663 2718 4732 ipse
2759 4659 3354 4765 Athanasius‘ﬁgnovit
3447 4661 3552 4760 hoc

340 4746 557 4841 inodum
583 4782 835 4837 dixerunt
858 4746 1337 4846 quiinteriuerunt
1366 4769 1598 4842 synodo,
1636 4746 1760 4823 licet
1790 4783 1889 4822 no-
1994 4767 2098 4823 est.
2131 4757 2424 4812 credidissﬂ
2447 4753 2755 4822 Origenem.
2796 4749 3009 4803 Patrem
3028 4787 3044 4814 ,
3068 4747 3262 4802 Filium
3288 4759 3343 4802 et
3378 4746 3549 4818 Spiri-

336 4879 422 4933 bis
468 4890 660 4930 rursus
714 4845 899 4926 audire
936 4870 1095 4923 etiam
1138 4881 1206 4921 ex
1262 4864 1527 4919 laborioso
1574 4860 1822 4931 Origene.
1862 4877 1883 4911 ι
1993 4861 2105 4906 tum
2130 4858 2415 4913 sanctum.
2460 4862 2580 4901 cum
2626 4859 2811 4902 ΐθνθηι
2852 4852 2961 4897 ιτθε
3000 4845 3108 4896 Sim
3139 4857 3416 4913 Personal.
3447 4857 3545 4896 ne-

334 4967 532 5023 lbidem
561 4978 737 5019 autem
761 5002 776 5026 ,
827 4960 1137 5030 priusquam
1187 4959 1299 5026 ipsa
1350 4954 1598 5025 Origenis
1647 4952 1885 5007 testimo-
1990 4955 2255 5011 quaquam
2289 4952 2465 4995 lameﬂ
2492 4948 2552 4993 ιιι
2581 4948 2688 4992 ιΐθδ
2719 4935 2962 4991 homines
3008 4949 3252 4988 seorsum
3294 4949 3350 4987 ει
3388 4947 3545 5002 δερο-

334 5060 421 5113 nia
452 5055 685 5121 adducit,
726 5026 924 5107 fatetur
948 5026 1299 5111 Athanasius,
1333 5047 1609 5116 praemissa
1636 5045 1879 5113 quaedam
1989 5035 2145 5090 ratim
2171 5035 2468 5097 exsistere;
2500 5031 2594 5086 sed
2633 5028 2820 5084 intime
2862 5026 2962 5082 sibi
3004 5026 3230 5080 invicem
3274 5027 3545 5081 cohaerere

327 5134 401 5209 ab
426 5153 655 5221 Origene
672 5116 846 5202 luisse
870 5146 922 5200 in
946 5145 1065 5201 loco
1097 5161 1125 5199 a
1153 5158 1211 5199 se
1236 5144 1467 5213 primum
1491 5140 1722 5203 citando,
1764 5152 1882 5206 quae
1986 5136 2041 5182 ει
2073 5127 2386 5193 οοηὶυηεῑοε
2406 5138 2567 5189 esse;
2598 5122 2842 5190 adeoque
2866 5119 3090 5172 θίιειηληῖ
3129 5118 3181 5170 in
3202 5116 3375 5220 ξίίῑεξτυ
3399 5117 3543 5171 θλθί·

330 5258 477 5301 sana:
505 5209 761 5299 doctrinae
790 5252 1090 5311 repugnare
1136 5209 1487 5291 viderentur:
1531 5232 1624 5286 sed
1651 5231 1754 5291 ait,
1792 5228 1879 5281 illa
1983 5228 2126 5274 atere
2150 5257 2165 5283 .
2188 5227 2376 5287 atque.
2415 5226 2475 5269 ul
2516 5215 2588 5269 ita
2630 5213 2852 5283 loquar,
2915 5213 3169 5265 imtneare
3208 5209 3437 5311 invicem
3487 5219 3543 5264 et

335 5335 679 5406 disputantis,
710 5347 815 5386 non
854 5299 1219 5384 asseverantis
1261 5338 1409 5380 more
1453 5323 1519 5376 ab
1559 5335 1623 5375 eu
1675 5320 1876 5389 prolata
1983 5320 2264 5379 penetrare
2297 5324 2392 5377 per
2427 5305 2750 5362 ineffabilem
2810 5302 3093 5405 quamdam
3146 5299 3538 5371 περιχώρησιν,

336 5393 501 5479 fuisse
532 5441 547 5478 :
586 5393 704 5492 quae
728 5433 854 5475 vero
891 5418 1004 5487 ipse
1029 5414 1215 5479 ali’ert,
1260 5412 1416 5481 plane
1450 5410 1733 5480 genuinam
1759 5406 1881 5463 Ori-
1973 5415 2134 5470 quam
2159 5399 2691 5453 circuminsestionem
2717 5393 3022 5450 scholastici
3051 5405 3242 5448 vocant
3273 5407 3288 5446 ;
3318 5405 3385 5445 ex
3429 5406 3537 5460 qua

333 5517 484 5583 genis
540 5487 859 5569 sententiam
910 5508 1205 5564 continere.
1244 5502 1378 5559 Μετ’
1423 5498 1515 5555 οὖν
1565 5498 1780 5570 (inquit)
1812 5501 1879 5553 τὰ

1998 5492 2342 5564 τεριχωρήσει
2370 5490 2630 5545 unitatem
2671 5489 2814 5543 illam
2855 5487 3186 5542 numericam
3228 5487 3536 5542 necessario

328 5578 404 5672 ti);
433 5610 490 5661 ὲν
516 5606 792 5677 γυμνασίᾳ
821 5603 1083 5671 λεγόμενα
1112 5598 1245 5669 πρὸς
1274 5598 1398 5658 τοὺς
1431 5593 1734 5665 αἱρετικοὺς
1753 5634 1767 5657 ,
1792 5593 1880 5646 εὐ-

1998 5586 2111 5641 :iiici
2142 5585 2417 5641 contendit
2444 5582 2695 5637 Petavius
2721 5580 2796 5635 De
2823 5578 3038 5643 Trinit.,
3062 5578 3157 5635 lib.
3186 5594 3260 5643 tv,
3291 5593 3411 5647 cap.
3440 5578 3530 5633 16.

258 5726 263 5729 ·
325 5668 422 5765 θὺϋς
464 5668 626 5762 adeo:
676 5668 921 5766 smipépst
954 5668 1026 5746 ad
1074 5668 1200 5757 ἴδια,
1252 5689 1423 5756 λέγων
1453 5685 1654 5750 οὕτως,
1684 5685 1737 5739 id
1773 5695 1873 5745 est,

1998 5678 2079 5733 led
2114 5676 2300 5732 hac.de
2343 5690 2400 5729 re
2435 5674 2562 5729 alibi
2603 5673 2934 5728 commodior
2972 5672 3075 5725 erit
3113 5670 3412 5727 disserendi
3450 5668 3535 5726 lo-

331 5810 350 5844 r
387 5794 514 5847 Post
539 5791 628 5845 illa
654 5804 815 5860 ergo,
844 5765 963 5856 quae
992 5782 1229 5838 certandi
1259 5780 1427 5850 gratia
1476 5778 1631 5847 quasi
1678 5778 1730 5828 in
1777 5790 1869 5844 pa-
1971 5788 2084 5828 cus.
2114 5771 2246 5826 Vide
2275 5778 2409 5827 sect.
2437 5768 2492 5833 Il,
2518 5782 2635 5837 cap.
2664 5766 2715 5833 li,
2748 5781 2891 5823 num.
2919 5765 2951 5819 9
2982 5772 3033 5820 et
3071 5777 3215 5833 seqq.

320 5938 325 5955 ,
390 5884 709 5953 ⁷⁸Βε11πιιι.
744 5884 834 5939 lib.
865 5879 940 5935 Dc
971 5878 1197 5944 Christo,
1235 5888 1352 5944 cap.
1382 5874 1465 5928 10.
1541 5873 1587 5903 ⁸ο
1616 5871 1872 5925 Athanas.
1907 5878 1916 5922 ι

1998 5883 2032 5925 ι.
2070 5865 2110 5932 l,
2142 5864 2341 5936 p.277.
