4012 6340
420 405 473 413 .-
531 409 720 417 -ατη-...ρο
755 406 1602 415 .---α-*ρ--υο.---ρ-ρ---ις
1813 405 2616 414 --Ἥ-*ψνψρῄ--αρ-
2635 403 3142 411 ν..-.-ο--..--..-..-..--
3164 406 3178 409 ,ν
3203 403 3226 409 ι.
3245 404 3253 408 .
3283 403 3304 409 ρ
3321 405 3339 408 »Α
3355 403 3373 408 ..
3394 403 3412 408 ..
3433 403 3496 409 ι...-
3511 404 3518 408 ι

2596 431 2710 441 ιιι-ιι-
3003 431 3076 439 ...-
3131 430 3329 437 ---
3429 428 3542 437 ο.-

333 437 2056 453 ——_—_—_—_—-——————-——'—_——_——————_———

1201 669 2324 830 SUPPLEMEN
2334 668 2735 820 TUM

1053 1125 1638 1259 ORIGEN
1657 1124 1796 1253 IS
1913 1122 2861 1252 EXEGETICA.

1352 1360 1451 1417 EX
1489 1360 1818 1418 CATENIS
1854 1361 1947 1416 ET
1979 1359 2274 1417 RECENS
2311 1360 2581 1417 EDITIS.

1661 1692 2282 1784 MONITUM.

318 1891 437 1965 .(a)
467 1890 595 1945 Tria
638 1900 756 1944 sunt
805 1888 1067 1957 pratcipue
1096 1884 1540 1953 interpretationis
1568 1901 1756 1954 genera
1782 1884 1843 1934 ab
1870 1882 2090 1953 Origene
2129 1890 2407 1952 usurpata.
2441 1883 2697 1949 Qutedam
2736 1901 2817 1938 res
2846 1887 2988 1954 ipsas
3029 1886 3288 1955 prolixius
3328 1902 3589 1941 commen-

304 1990 532 2041 tantur.
570 1985 701 2039 Alite
742 1996 861 2038 sunt
895 1983 1144 2036 homiliaz.
1182 1981 1437 2047 Qua‘dam
1471 1990 1591 2032 sunt
1621 1978 1781 2031 veluti
1812 1988 1947 2030 nota;-
1969 2018 1985 2043 ,
2021 1989 2065 2029 et
2098 1978 2299 2030 scholia
2346 1980 2604 2043 breviora,
2643 1983 2888 2049 quasique
2917 1982 3325 2048 compendiariw
3355 1981 3589 2035 locorum

304 2082 805 2151 interpretationes.
834 2079 988 2131 Talia
1011 2094 1168 2145 porro
1199 2086 1338 2138 sunt,
1368 2091 1483 2143 qua:
1507 2090 1601 2127 nos
1641 2090 1779 2127 nunc
1808 2074 2033 2143 primum
2060 2073 2254 2141 publici
2272 2072 2417 2141 juris
2447 2072 2695 2141 facimus,
2721 2076 2826 2127 sive
2874 2075 3024 2129 Vetus
3048 2077 3153 2129 sive
3184 2074 3393 2129 Novum
3422 2077 3588 2144 respi-

302 2175 470 2227 ciant
496 2173 902 2226 Testamentum.
920 2169 1178 2238 Equidem
1204 2167 1504 2220 collectores
1525 2164 1868 2229 Catenarum,
1891 2180 1955 2218 ex
1974 2164 2160 2234 quibus
2186 2165 2426 2218 universa
2441 2163 2551 2218 hate
2574 2169 2875 2233 deprompta
2890 2176 3028 2231 sunt,
3044 2167 3287 2220 videntur
3302 2167 3589 2236 aliquando

306 2271 366 2323 in
385 2267 764 2337 compendium
790 2265 959 2335 ipsius
992 2263 1236 2333 Origenis
1265 2262 1420 2316 verba
1447 2262 1798 2326 contraxisse,
1831 2259 2119 2330 aliquando
2143 2260 2303 2313 etiam
2339 2276 2458 2313 cum
2487 2259 2681 2315 alienis
2719 2262 3005 2315 miscuisse.
3037 2260 3118 2315 Ad
3154 2262 3249 2316 hoc
3272 2273 3588 2330 postremum

302 2362 468 2432 quod
494 2362 701 2425 attinet,
735 2368 940 2414 tantum
966 2362 1215 2413 absumus
1250 2376 1284 2411 α
1311 2356 1519 2426 placitis
1558 2355 1741 2411 lluetii
1772 2366 1819 2411 et
1851 2357 1914 2411 de
1952 2355 2007 2409 la
2042 2353 2173 2422 Rue,
2204 2358 2294 2427 qui
2344 2356 2444 2410 viri
2470 2358 2651 2410 eximii
2694 2358 3045 2423 procuranda:
3088 2357 3328 2428 Origenis
3369 2358 3589 2411 editioni

306 2457 754 2513 strenuissimam
786 2465 1045 2510 navarunt
1074 2470 1305 2524 operam,
1333 2462 1387 2506 ut
1416 2454 1591 2522 potius
1620 2454 1801 2523 quovis
1832 2454 2046 2523 pignore
2087 2455 2487 2521 contendamus,
2511 2453 2633 2506 inde
2662 2451 2862 2521 liquido
2891 2468 3167 2521 apparere,
3201 2452 3461 2505 undenam
3495 2466 3589 2518 po-

316 2552 584 2607 steriores
607 2567 704 2606 sua
728 2568 879 2605 sensa
901 2551 1297 2620 deprompserit.
1317 2547 1382 2601 Id
1406 2549 1554 2602 nobis
1584 2550 1798 2615 planum
1822 2550 2262 2620 manifestumque
2283 2549 2441 2618 ﬁet,si
2471 2550 2626 2604 modo
2655 2548 3196 2612 animadverterimus,
3218 2563 3339 2617 qua:
3359 2547 3583 2599 adnota-

307 2648 492 2703 vimus
523 2645 771 2702 Photinus
797 2648 1043 2701 adversus
1074 2662 1231 2700 novos
1260 2643 1589 2700 Manichteos
1613 2649 1911 2701 communia
1944 2647 2135 2702 habere
2161 2664 2275 2701 cum
2310 2649 2559 2716 Origene.
2593 2642 2957 2699 Nihilominus
2983 2646 3029 2699 si
3051 2662 3153 2715 qua
3189 2643 3404 2713 Origeni
3431 2644 3584 2697 aliis-

304 2724 411 2810 que
439 2730 697 2793 attributa
726 2740 973 2804 vidimus,
1003 2738 1071 2790 ad
1100 2739 1296 2791 calcem
1318 2738 1635 2808 paginarum
1677 2737 1793 2792 loca
1825 2740 2076 2793 universa
2108 2739 2479 2802 indicavimus,
2507 2748 2563 2791 ut
2586 2738 2833 2791 haberent
2863 2737 3087 2791 studiosi
3116 2740 3170 2791 in
3198 2748 3443 2805 promptu
3466 2752 3581 2808 qua:

306 2836 545 2889 invicem
580 2834 897 2902 conferenda
929 2835 1258 2889 videbantur.
1293 2833 1377 2887 Ad
1407 2835 1633 2904 primum
1656 2851 1774 2888 vero
1808 2836 1951 2905 quod
1981 2836 2192 2899 attinet,
2222 2834 2277 2887 id
2300 2834 2475 2887 rarius
2504 2832 2700 2902 factum
2724 2834 2888 2902 fuisse
2923 2843 3136 2902 apparet
3170 2851 3188 2887 :
3223 2844 3276 2885 ut
3304 2833 3411 2901 fere
3431 2848 3581 2901 gene-

310 2931 485 2983 ratim
524 2930 798 2999 afﬁrmare
821 2929 971 2983 liceat
1000 2946 1093 2983 nos
1121 2929 1552 2983 commentariola
1576 2928 1821 3000 Origenis
1857 2932 2072 2984 totidem
2106 2931 2279 2985 verbis
2305 2929 2514 2993 habere,
2548 2931 2736 2998 quibus
2761 2930 2823 2982 ab
2855 2929 2951 2982 illo
2974 2932 3167 2997 scripta
3190 2929 3426 2997 fuerunt.
3455 2928 3581 2982 Uti-
3630 2946 3641 2965 *-

311 3039 439 3077 nam
472 3039 629 3090 porro
651 3024 945 3077 exoriretur
966 3025 1044 3076 vir
1064 3023 1260 3093 aliquis
1294 3039 1475 3087 novus,
1500 3034 1546 3075 et
1567 3024 1673 3091 ipse
1704 3024 2179 3093 adamantius,qui
2220 3024 2521 3076 Adamantii
2555 3023 2720 3075 nostri
2765 3024 2960 3089 scripta
3006 3021 3308 3090 hujusmodi
3340 3022 3577 3074 universa

309 3118 369 3170 in
406 3123 644 3171 veterum
670 3113 877 3168 Catenis
910 3130 1115 3182 sparsa.
1149 3123 1242 3166 aut
1268 3115 1321 3166 in
1348 3113 1537 3181 forulis
1575 3114 1866 3184 pluteisque
1914 3114 2348 3168 bibliothecarum
2390 3113 2563 3167 adhuc
2596 3112 2970 3177 delitescentia,
3008 3113 3246 3181 colligere
3288 3121 3485 3180 posset,
3529 3121 3574 3164 et

311 3212 525 3278 integra
549 3209 854 3278 huiusmodi
878 3207 1076 3261 scholia
1107 3208 1253 3262 nobis
1284 3219 1580 3273 contexere,
1609 3222 1766 3279 atque
1787 3212 1990 3278 publici
2013 3211 2155 3279 juris
2186 3211 2386 3277 facere!

387 3300 527 3365 Quce
557 3316 647 3353 nos
676 3300 760 3352 hic
787 3299 1088 3352 exhibemus
1112 3298 1434 3368 fragmenta,
1476 3304 1605 3355 satis
1627 3304 1721 3355 illa
1747 3304 1956 3371 quidem
1985 3304 2184 3371 ampla,
2214 3311 2261 3355 et
2293 3319 2410 3371 qua:
2439 3319 2556 3356 cum
2582 3302 2796 3371 reliquis
2823 3301 3044 3370 Origeni
3073 3304 3363 3368 attributis,
3387 3319 3577 3371 paren-

314 3401 416 3445 tem
440 3391 593 3443 illum
622 3408 771 3444 suum
796 3392 981 3461 ubique
1010 3389 1269 3454 clamant;
1298 3409 1392 3458 pro
1416 3395 1733 3465 γνησιότητι
1773 3411 1870 3448 sua
1899 3394 2167 3448 luculenta
2198 3411 2399 3462 quoque
2427 3394 2611 3448 habent
2648 3405 2956 3460 argumenta
2987 3402 3037 3447 et
3070 3397 3369 3446 testimonia
3397 3394 3492 3464 (b).
3515 3394 3580 3448 In

317 3479 560 3537 Genesim
592 3498 812 3547 namque
841 3484 1109 3550 scripsisse
1135 3485 1412 3553 Origenem
1438 3495 1590 3540 testes
1615 3499 1735 3539 sunt
1771 3486 2028 3540 Eusebius
2062 3486 2155 3556 (ο),
2199 3488 2526 3556 Nicephorus
2554 3488 2652 3557 (d),
2686 3487 2883 3541 Suidas
2918 3499 2963 3538 et
2991 3488 3106 3539 alii.
3146 3488 3287 3552 Quin
3310 3495 3358 3539 et
3389 3485 3576 3553 Orige-

321 3593 411 3630 nes
438 3577 740 3645 hujusmodi
768 3578 1028 3646 exegetica
1058 3594 1156 3630 sua
1180 3577 1376 3644 pluries
1400 3590 1773 3633 commemorat
1807 3580 1901 3652 (e).
1936 3579 2271 3635 Scholiorum
2303 3583 2405 3636 sive
2427 3592 2794 3649 excerptorum
2820 3581 2871 3630 in
2912 3578 3156 3632 Exodum
3193 3582 3388 3632 mentio
3423 3581 3480 3648 ﬁt
3512 3590 3576 3635 ab

320 3673 667 3743 Hieronymo,
702 3683 750 3727 et
792 3673 1015 3743 Origene
1044 3675 1156 3740 ipso
1190 3684 1379 3729 contra
1403 3677 1617 3729 Celsum
1645 3676 1661 3745 (
1678 3677 1754 3746 f).

392 3766 468 3820 De
500 3766 711 3819 scholiis
740 3769 794 3819 in
818 3766 1099 3820 Leviticum
1128 3775 1175 3820 et
1212 3763 1471 3821 Numeros
1500 3786 1561 3821 ac
1584 3767 2047 3823 Deuteronomium
2075 3771 2316 3839 loquitur
2344 3770 2546 3823 abunde
2583 3767 2829 3823 Huetius.

384 3856 463 3911 De
493 3860 749 3927 excerptis
776 3860 832 3913 in
857 3858 1020 3912 Josue
1053 3864 1181 3914 satis
1201 3870 1403 3915 constat
1441 3876 1505 3915 ex
1534 3860 1846 3914 Philocalia:
1878 3863 2044 3930 capite
2070 3864 2157 3916 15'.

388 3952 502 4008 Pro
534 3956 927 4009 commentariis
958 3956 1010 4009 in
1030 3939 1193 4010 libros
1220 3956 1417 4025 Regum
1453 3956 1612 4025 ﬁdem
1639 3957 1843 4025 faciunt
1884 3957 2102 4011 humilia
2139 3958 2212 4013 De
2242 3957 2685 4029 Eugastrimytho
2711 3975 2867 4028 quam
2898 3961 3043 4012 vertit
3088 3957 3331 4023 Allatius,
3358 3968 3407 4013 et
3440 3956 3579 4010 Ca:-

322 4052 567 4105 siodorus
600 4050 696 4122 (g),
722 4054 811 4121 qui
836 4054 994 4106 etiam
1019 4052 1083 4106 de
1114 4053 1343 4107 homiliis
1370 4055 1421 4108 in
1452 4053 1915 4108 Deuteronomium
1946 4065 1991 4107 et
2020 4057 2072 4108 in
2095 4054 2258 4123 Reges
2289 4064 2440 4124 atque
2469 4053 2873 4123 Paralipomena
2907 4062 3147 4107 testatur.

391 4140 500 4198 Pro
522 4148 845 4214 expositione
868 4148 921 4200 in
949 4145 1239 4201 Proverbia
1264 4151 1449 4202 adsunt
1495 4149 1788 4219 fragmenta
1822 4152 1965 4219 apud
2008 4148 2345 4221 Pamphilum
2382 4153 2435 4204 in
2469 4150 2747 4221 Apologia,
2788 4160 2836 4203 et
2868 4152 2921 4203 in
2953 4149 3151 4203 Catena
3199 4149 3518 4202 Mazariniar
3540 4163 3576 4205 a

318 4238 368 4293 in
395 4236 596 4293 Lucam
617 4257 733 4307 cap.
758 4256 871 4302 vm,
904 4257 951 4295 υ.
980 4241 1034 4304 4,
1060 4260 1091 4295 a
1117 4242 1365 4296 Fabricio
1395 4241 1471 4312 (Ιι)
1497 4256 1805 4297 memorata.

389 4330 464 4385 De
493 4331 629 4386 Jobo
649 4342 695 4385 et
719 4330 951 4386 Psalmis
974 4350 1055 4388 res
1087 4346 1159 4388 est
1191 4345 1341 4389 extra
1370 4338 1776 4387 controversiam
1803 4337 1994 4402 posita,
2022 4340 2154 4390 sicut
2184 4348 2229 4390 et
2260 4336 2322 4387 de
2344 4333 2748 4387 Commentariis
2781 4334 2832 4385 in
2869 4332 3176 4387 Blatthteum
3198 4344 3245 4385 et
3274 4332 3490 4388 Lucam.

392 4426 562 4480 Nemo
584 4428 761 4496 itaque
777 4445 901 4498 Jure
925 4430 988 4481 de
1016 4430 1317 4483 sinceritate
1340 4440 1794 4483 monumentorum
1824 4448 1939 4499 qua:
1966 4433 2240 4501 a/ferimus
2277 4430 2539 4497 ambigere
2572 4438 2761 4496 potest,
2781 4430 3059 4483 accedente
3078 4430 3367 4497 prwsertim
3411 4432 3566 4485 Mat-

321 4520 590 4575 cianorum
616 4522 852 4574 codicum
883 4532 1204 4585 nostrorum,
1236 4538 1300 4575 ex
1328 4522 1517 4593 quibus
1546 4525 1918 4590 propemodum
1957 4529 2202 4578 universa
2243 4530 2456 4591 accepta
2480 4524 2623 4584 sunt,
2659 4524 2974 4574 auctoritate
3017 4524 3158 4591 apud
3208 4538 3384 4577 omnes
3430 4528 3566 4583 satis

388 4680 461 4751 (a)
494 4678 673 4751 Verba
708 4688 836 4751 sunt
898 4678 1238 4751 Bibliotheca:
1280 4677 1655 4751 Gallandiana:
1704 4680 1879 4751 conti-

323 4747 565 4805 nuat'oris
598 4750 662 4819 (ι,
707 4748 842 4815 XIV,
884 4752 1042 4818 App.,
1079 4765 1129 4819 p.
1158 4747 1251 4819 5);
1283 4749 1347 4802 ad
1374 4765 1436 4802 ea
1475 4756 1725 4817 spectant
1752 4748 1879 4803 Ori-

322 4821 470 4886 genis
505 4820 805 4889 fragmenta
850 4836 969 4889 quae
995 4822 1075 4873 vir
1105 4821 1298 4873 doctus
1327 4819 1542 4887 collegit
1581 4827 1637 4871 et
1668 4834 1764 4871 nos
1797 4834 1880 4872 rc-

322 4891 558 4944 cudendn
594 4890 950 4958 suscepimus.
989 4889 1232 4958 Reliquis
1264 4889 1583 4955 fragmentis
1610 4889 1880 4957 peculiare

324 4962 575 5013 monitum
611 4961 887 5028 pratlixunt
918 4970 1001 5014 est
1029 4971 1083 5015 et
1116 4960 1235 5013 fons
1269 4960 1540 5015 indicatur
1578 4959 1715 5011 unde
1748 4959 1879 5011 huu-

324 5028 509 5103 simus.
531 5031 686 5085 EDIT.
720 5031 887 5103 Pus.

393 5099 462 5171 (b)
489 5102 700 5155 Scholia
733 5096 1131 5170 inll’salterhsm
1155 5104 1223 5156 ad
1248 5116 1440 5171 manus
1473 5096 1659 5153 habuit
1688 5097 1748 5152 Ι).
1776 5097 1880 5171 ρετ

324 5164 468 5221 larue
494 5185 613 5223 cum
642 5173 706 5222 ad
730 5164 929 5224 tomum
964 5173 1002 5225 ll
1032 5173 1279 5241 Origenis
1307 5170 1560 5241 praefatus
1588 5179 1692 5222 est.
1728 5188 1745 5219 ι
1772 5169 1875 5222 Sed

327 5245 511 5311 totum,
563 5242 758 5308 inquit,
790 5256 921 5308 opus
971 5243 1097 5295 illud
1136 5240 1360 5311 Origeni
1390 5241 1719 5311 suppositum
1756 5252 1876 5311 esse

292 5306 295 5321 ’
327 5307 411 5379 vel
442 5308 563 5363 inde
585 5306 720 5364 satis
744 5306 912 5379 liquet
933 5312 1075 5379 quod
1109 5312 1201 5364 ubi
1232 5306 1296 5365 (le
1326 5306 1493 5364 Maria
1521 5310 1752 5379 Virgine,
1791 5308 1873 5361 vel

329 5376 414 5449 ubi
439 5379 502 5449 de
546 5378 705 5433 Patre
742 5376 965 5435 et'Filio‘
986 5392 1039 5449 et
1088 5382 1295 5449 Spiritu
1332 5390 1525 5435 sancto
1554 5376 1870 5449 sermorest,

1985 4676 2088 4733 309
2124 4686 2177 4730 et
2201 4676 2351 4749 5‘21),
2387 4694 2493 4733 non
2531 4686 2709 4749 tamen
2742 4677 2885 4731 inter
2911 4679 3125 4735 Scholia
3152 4684 3206 4735 in
3222 4682 3560 4745 Psalterium,

1990 4749 2084 4821 sed
2119 4750 2168 4799 in
2197 4747 2519 4818 fragmentis
2553 4748 2621 4821 ad
2646 4747 2881 4821 llatthmi
2910 4760 2961 4802 et
2993 4749 3557 4821 Lucas'Evaugelium.

1987 4816 2655 4890 Jureergo':uLgenuina
2718 4816 2827 4870 sint
2871 4819 2984 4872 lnec
3034 4816 3368 4890 fragmenta:
3405 4822 3563 4877 dubi-

1992 4888 2139 4940 tandi
2171 4888 2343 4941 locus.
2377 4887 2759 4953 Fragmentum
2781 4900 3040 4955 prseterea
3064 4887 3303 4955 epiStola:
3328 4890 3393 4944 ad
3419 4893 3559 4947 Pho-

1992 4908 2139 4940 lalHH
2171 4908 2343 4941 IOCUS.
2378 4908 2406 4940 ι·
2425 4908 2759 4953 rilglllellllllll
2781 4908 3040 4955 printerea
3064 4908 3092 4945 e
3135 4908 3303 4945 ISlOIiB
3328 4908 3393 4944 30
3419 4908 3558 4947 1³110-

1991 4958 2125 5031 tium
2156 4967 2211 5010 et
2231 4958 2884 5031 Andreampresbyterns
2909 4959 3035 5031 (col.
3092 4908 3187 5031 g7)
3214 4960 3431 5031 Origeni
3464 4964 3558 5017 ab-

1984 5028 2337 5096 jndicandum
2366 5038 2548 5083 monet
2583 5027 3030 5085 Montel‘alconius
3050 5027 3385 5087 Bibliotheca?
3407 5032 3557 5089 Cois-

1988 5099 2208 5172 Iiniana:
2264 5115 2315 5166 p.
2343 5099 2433 5165 4|,
2463 5099 2693 5168 Origene
2727 5113 2920 5172 nempe
2944 5101 3199 5156 mendose
3242 5103 3416 5169 posito
3459 5120 3556 5172 pro

1987 5166 2193 5228 Severo.
2229 5172 2382 5239 cujus
2418 5166 2753 5239 memoratur
2810 5166 3037 5239 epistola
3094 5172 3159 5225 ad
3212 5166 3473 5227 Pltotium'
3509 5192 3565 5233 et

1982 5240 2254 5314 Andream
2294 5237 2371 5295 ‘in
2395 5241 2593 5314 codice
2641 5237 2673 5291 8
2726 5237 2966 5309 ejusdem
3028 5239 3560 5314 Biblioth.Coislin.,

1982 5321 2035 5375 p.
2075 5308 2162 5361 44.
2201 5311 2355 5366 Eutr.
2394 5312 2560 5365 Pun.

2077 5380 2125 5446 c)
2157 5378 2227 5435 ll.
2255 5382 2321 5436 Ε.
2350 5398 2426 5444 γι,
2455 5383 2545 5435 24.

82 5362 115 6241 ἱ

330 5444 414 5499 illa
446 5448 646 5519 diserte
669 5450 948 5516 Θεοτόκος,
997 5442 1162 5505 Filius
1200 5464 1378 5504 autem
1416 5449 1565 5503 Patri
1594 5442 1876 5519 ὁμοούσιος

327 5518 672 5589 medicatur;
710 5536 827 5589 quin
850 5536 1008 5575 voces
1031 5522 1346 5588 scriptorem
1378 5537 1481 5575 non
1512 5518 1683 5574 solun:
1709 5534 1873 5589 syno-

329 5584 397 5638 do
438 5585 665 5653 Nicmna,
716 5584 810 5644 sed
846 5602 899 5644 et
927 5584 1161 5645 concilio
1206 5592 1479 5658 Ephesino
1516 5584 1875 5644 recentiorem

332 5666 573 5724 arguunt.
599 5661 676 5713 Ab
704 5660 786 5713 his
807 5659 971 5729 igitur
988 5662 1209 5715 edendis
1237 5662 1461 5716 scholiis
1492 5659 1872 5729 abstinendum

333 5739 448 5784 ϐεδε
481 5729 627 5786 duxi.
656 5749 673 5779 ι
718 5728 889 5784 Voces
928 5732 1012 5786 hic
1060 5740 1256 5789 notatze
1296 5732 1544 5800 leguntur
1579 5728 1718 5786 infra
1745 5728 1873 5800 (col.

640 5821 904 5882 PATROL.
933 5824 1047 5883 Gn.
1086 5823 1285 5884 XVII.

2078 5451 2131 5517 ά)
2166 5451 2286 5506 Lib.
2314 5468 2403 5517 xv,
2432 5468 2550 5520 cap.
2596 5451 2648 5504 5.

2076 5520 2541 5598 er)_F§tbric_._l_3_ibl.
2574 5521 2665 5577 Gr.
2704 5533 2830 5580 tom.
2858 5524 2926 5591 ν,
2953 5540 3076 5598 pag.
3106 5528 3232 5584 251.

2058 5593 2148 5662 (ί)
2179 5592 2307 5662 ρθε.
2329 5592 2466 5662 _‘|95.

2057 5659 2139 5734 (gi
2168 5660 2281 5734 piv.
2317 5660 2497 5721 lnstit.
2532 5678 2683 5734 capp.
2721 5665 2739 5718 Ι
2777 5679 2831 5724 et
2859 5669 2915 5723 2.

2060 5732 2138 5799 th)
2170 5729 2297 5784 Loc.
2331 5734 2424 5787 cit.
