4012 6340
539 385 594 440 li
1395 375 1955 434 SUPPLEMENTUM
1989 375 2079 430 AD
2117 372 2438 430 ORIGENIS
2477 371 2892 428 EXEGETICA.
3760 374 3834 430 l2

531 503 913 560 commendata.
944 501 1159 556 Accedit
1186 499 1321 555 illud
1345 497 1485 570 quod
1506 505 1555 552 et
1585 497 1642 550 in
1670 493 1975 549 Nannianis
2007 493 2296 559 codicibus,
2315 507 2536 563 quorum
2567 469 2839 560 catalogus
2865 490 3006 545 brevi
3024 489 3486 560 prodibit,eadem
3514 489 3835 562 aliquando

530 607 810 654 recurrunt
843 596 1060 652 totidem
1082 595 1273 658 verbis,
1301 602 1352 647 et
1384 593 1658 647 universus
1687 595 2080 649 commentandi
2106 595 2292 648 modus
2327 592 2606 664 Origenem
2639 591 2830 662 ubique
2854 590 3052 644 redolet
3077 607 3140 644 ac
3157 591 3354 660 prodit.

471 755 476 760 ,
598 689 748 744 Illud
776 705 981 759 quoque
1001 689 1068 742 ad
1093 684 1600 740 commendationem
1635 684 2050 754 fragmentorum
2072 688 2262 740 horum
2293 684 2504 739 silentio
2533 700 2638 737 non
2677 694 2754 738 est
2787 684 3234 753 pratereundum,
3261 683 3404 754 quod
3442 691 3660 752 praeter
3701 700 3837 737 erst-

531 782 643 836 dita
666 779 855 846 multa,
882 795 974 834 nec
1005 779 1132 832 alibi
1159 759 1388 846 fortasse
1409 775 1748 841 invenienda,
1775 777 2021 846 dogmata
2045 779 2205 832 etiam
2235 776 2540 832 Christiana
2568 776 2821 831 adversus
2857 787 3188 845 aggressores
3223 791 3403 828 eorum
3456 775 3712 844 feliciter
3741 794 3838 830 as-

529 886 795 930 seruntur.
823 872 996 926 Primi
1018 869 1223 941 generis
1249 869 1411 938 fuerit
1437 868 1572 921 illud
1597 869 1736 930 quod
1762 868 1892 938 legis
1920 871 1989 924 ad
2029 869 2226 924 Matth.
2259 887 2376 936 cap.
2416 884 2591 932 xxv",
2618 887 2667 923 υ.
2705 868 2803 928 17,
2837 867 3097 921 Barabst
3139 883 3323 921 nomen
3367 867 3559 935 fuisse
3604 864 3831 933 Jesum,

459 995 462 998 η
531 972 709 1041 itaque
740 969 924 1039 legisse
949 965 1303 1021 vetustissima
1334 963 1662 1032 exemplaria
1687 977 1707 1016 :
1739 963 1910 1031 Quem
1941 965 2110 1019 vultis
2147 966 2215 1020 de
2253 964 2340 1018 his
2368 949 2579 1020 duobus
2605 964 2875 1018 dimittam
2912 961 3304 1018 vobis?Jesum
3340 961 3709 1026 Barabbam,
3745 965 3832 1019 vel

533 1065 716 1121 Iesum
745 1064 836 1134 qui
871 1062 1069 1118 dicitur
1095 1059 1384 1116 Christus?
1407 1058 1539 1122 Quae
1563 1074 1690 1112 sane
1720 1057 1876 1112 lectio
1901 1059 2108 1112 videtur
2128 1059 2283 1112 modo
2311 1058 2560 1128 loquendi
2593 1057 2922 1127 euangelista:
2944 1056 3029 1110 hic
3062 1065 3318 1125 usurpato
3348 1059 3668 1111 admodum
3699 1075 3833 1112 con-

528 1157 915 1230 gruentissima.
946 1154 1080 1210 Item
1105 1153 1240 1206 illud
1273 1152 1421 1206 Psal.
1448 1167 1636 1218 xxxvr,
1661 1168 1710 1205 υ.
1749 1151 1846 1215 24,
1872 1153 1960 1206 ubi
1993 1152 2212 1217 dicitur,
2240 1152 2296 1204 in
2325 1151 2582 1219 agonibus
2617 1150 2905 1220 aliquando
2932 1151 3020 1218 qui
3058 1151 3199 1203 cadit
3245 1149 3475 1204 vincere
3529 1150 3669 1203 tria.
3707 1148 3831 1214 Quo

527 1253 744 1316 miriﬁce
758 1267 940 1306 eorum
967 1250 1224 1304 sententia
1241 1247 1614 1316 conﬁrmatur,
1635 1248 1726 1318 qui
1751 1249 1938 1301 docent
1963 1249 2032 1302 ad
2055 1247 2386 1316 referendam
2408 1245 2642 1316 palmam
2664 1246 2897 1299 uictoria:
2913 1247 2967 1299 in
2989 1245 3243 1315 agonibus
3269 1245 3549 1298 athleticis
3577 1257 3666 1298 ter
3692 1263 3830 1312 opus

527 1340 688 1409 fuisse
719 1341 1004 1409 profligare
1045 1337 1429 1403 adversarium,
1459 1337 1524 1390 de
1553 1351 1656 1406 quo
1690 1335 1930 1390 nonnulli
1953 1336 2215 1391 immerito
2234 1337 2480 1390 dubitant
2510 1337 2652 1403 apud
2685 1335 2936 1391 Potcrum
2967 1336 3081 1390 loco
3112 1354 3145 1390 a
3174 1337 3324 1391 nobis
3353 1338 3426 1390 ad
3453 1337 3625 1390 illum
3655 1339 3831 1391 versi-

523 1434 704 1488 culum
737 1432 984 1486 excitato.
1012 1429 1151 1495 Quid
1177 1430 1300 1482 item
1331 1431 1395 1482 sit
1437 1428 1814 1500 στηλογραφία
1868 1431 1923 1484 in
1967 1429 2122 1482 titulo
2145 1427 2281 1497 psal.
2307 1443 2398 1492 xv,
2426 1437 2476 1482 et
2501 1429 2590 1496 qui
2609 1430 2725 1498 ejus
2755 1446 2882 1484 usus
2912 1431 3052 1498 apud
3077 1439 3292 1494 veteres,
3315 1446 3381 1484 ex
3407 1431 3571 1484 hisce
3600 1432 3828 1484 scholiis

525 1537 763 1596 apparet.
793 1525 1085 1579 Sinceritas
1110 1540 1313 1593 quoque
1360 1541 1422 1577 ac
1461 1522 1756 1595 γνησιότης
1789 1524 2039 1579 versiculi
2067 1525 2132 1579 de
2163 1525 2354 1579 sudore
2375 1523 2573 1578 Christi
2611 1526 2877 1579 stabilitur
2903 1542 2922 1580 :
2951 1542 3068 1596 quae
3093 1525 3333 1580 similiter
3361 1525 3744 1593 confirmatur
3763 1543 3829 1580 ex

525 1638 673 1691 taque
719 1632 917 1676 t'etusto
956 1622 1256 1689 interprete,
1282 1629 1337 1673 ut
1378 1621 1431 1673 in
1459 1619 1712 1690 Dionysio
1743 1619 2109 1674 Alexandrino
2143 1620 2401 1674 diximus.
2437 1619 2775 1674 Variantium
2819 1637 3023 1691 quoque
3071 1620 3352 1675 lectionum
3384 1620 3535 1674 bona
3567 1637 3748 1691 seges,
3773 1630 3825 1674 et

527 1714 860 1770 Samaritani
888 1715 1084 1769 codicis
1119 1716 1411 1768 auctoritas
1433 1715 1720 1769 identidem
1757 1715 1903 1770 nobis
1939 1717 2274 1785 proponitur,
2306 1727 2366 1770 ut
2401 1725 2595 1772 caetera
2622 1717 2783 1770 missa
2808 1717 3097 1786 faciamus.

609 1810 870 1882 Dogmata
893 1811 1018 1879 ﬁdei
1041 1810 1388 1878 Christiana,
1417 1812 1721 1866 traditionis
1743 1813 1867 1866 item
1910 1811 2302 1878 ecclesiasticae,
2341 1823 2391 1867 et
2429 1827 2534 1867 non
2567 1813 2783 1882 scriptae
2811 1813 3133 1866 exstantium
3165 1829 3228 1865 ac
3269 1813 3562 1866 veritatem
3592 1830 3695 1882 per
3715 1813 3822 1866 hu-

515 1904 761 1972 jusmodi
787 1904 1079 1976 fragmenta
1113 1905 1380 1960 cumulate
1410 1905 1719 1974 conﬁrmari
1755 1924 1818 1961 ac
1848 1907 2080 1961 stabiliri
2102 1907 2286 1978 liquet.
2309 1910 2477 1962 Deum
2506 1924 2620 1962 esse
2643 1909 3008 1978 incorporeum
3030 1917 3077 1961 et
3101 1925 3219 1978 quae
3239 1908 3610 1975 corporaliter
3635 1910 3706 1963 de
3727 1909 3822 1962 illo

527 2000 796 2066 dicuntur,
844 2011 899 2054 ut
949 2000 1116 2055 Deum
1146 2001 1363 2056 addecet
1391 2018 1502 2056 esse
1534 2001 1896 2073 intelligenda,
1947 2003 2179 2075 nihilque
2218 2003 2340 2058 inde
2359 2001 2542 2073 juvari
2585 2002 3245 2074 AnthrOpomorphitarum
3282 2003 3518 2067 deliria,
3552 2012 3708 2070 patet
3755 2019 3822 2056 ea:

528 2096 746 2151 scholiis
773 2100 828 2151 in
847 2099 986 2167 psal.
1012 2113 1134 2166 xnl,
1162 2117 1210 2156 υ.
1241 2099 1298 2154 2.
1323 2098 1422 2154 Dei
1446 2100 1832 2170 prouidentiam
1854 2103 1924 2155 ad
1955 2103 2174 2158 minima
2199 2119 2415 2174 qumque
2439 2119 2496 2157 se
2526 2101 2826 2167 extendere,
2861 2111 3068 2156 constat
3100 2117 3164 2155 ex
3177 2102 3596 2155 commentariis
3629 2103 3688 2154 in
3715 2100 3818 2155 Job

521 2205 620 2254 -ιι,
649 2191 702 2246 5.
737 2195 848 2248 Vim
885 2212 946 2248 ac
972 2197 1335 2251 necessitatem
1359 2197 1566 2267 gratia,
1589 2194 1890 2253 libertatem
1913 2198 2038 2252 item
2062 2197 2298 2265 arbitrii,
2327 2198 2526 2268 passim
2565 2198 2933 2253 commendata
2957 2198 3216 2252 invenies.

531 2341 3784 2389 ᾗ

1259 2496 2202 2630 ΩΡΙΓΕΝΟΥΣ
2305 2490 3052 2629 ΕΚΛΟΓΑΙ

1626 2739 1798 2826 ΕΙΣ
1835 2741 2064 2825 ΤΗΝ
2101 2737 2570 2824 ΓΕΝΕΣΙΝ
2608 2728 2717 2818 (ί).

915 3035 1514 3129 ORIGENIS
1580 3031 2523 3130 ADNOTATIONES
2598 3032 2724 3122 IN
2802 3023 3367 3120 GENESIM.

1729 3229 1821 3291 (Ex
1847 3227 2160 3278 Bibliotheca
2183 3221 2542 3285 Gallandiana.)

1164 3449 1317 3506 CAP.
1355 3450 1466 3506 VII.

521 3543 594 3599 ν.
629 3543 683 3598 4.
718 3541 833 3614 Ego
857 3543 1064 3597 adduco
1089 3521 1318 3610 pluuium
1335 3557 1493 3611 super
1521 3551 1718 3614 te_rram
1741 3545 2098 3614 quadraginta

599 3611 842 3679 dies,'et
887 3615 1240 3683 quadraginta
1294 3623 1488 3667 noctes.
1547 3611 1617 3667 Et
1655 3611 1834 3668 delebo
1895 3611 2100 3669 omnem

597 3682 1037 3739 exsurrectionem
1077 3682 1176 3753 (2),
1210 3699 1368 3754 quam
1401 3683 1525 3752 feci,
1567 3701 1600 3739 a
1639 3685 1777 3754 facie
1818 3694 2008 3751 terras,
2033 3687 2097 3739 ab

600 3757 807 3810 homine
827 3757 1059 3824 adusque
1074 3754 1392 3823 jumentum.

602 3908 842 3961 Curnam
883 3904 1088 3960 diluvio
1132 3905 1412 3958 hominum
1485 3905 1862 3962 multitudines
1891 3906 2096 3977 ,perdi-

523 3996 854 4053 ditiDelere
884 3995 1036 4050 Caini
1080 4010 1248 4066 genus
1281 3996 1453 4050 voluit
1492 4013 1506 4049 :
1540 4000 1822 4054 commista
1865 4013 1988 4054 cum
2037 4011 2102 4052 eo

531 4089 712 4145 fuerat
766 4088 975 4158 piorum
1049 4101 1263 4158 quoque
1314 4087 1490 4142 tribus
1518 4105 1544 4143 -ε
1592 4100 1879 4159 propterea
1928 4103 2103 4160 paenae

514 4181 700 4236 etiam
725 4179 1064 4250 participium
1088 4177 1296 4234 habuit.
1322 4178 1541 4234 Initium
1559 4194 1690 4236 vero
1717 4181 1934 4250 aliquod
1955 4197 2104 4238 nova:

532 4275 660 4330 vitae
697 4272 906 4330 elﬁcere
937 4288 1058 4327 cum
1093 4271 1272 4338 vellet,
1317 4271 1430 4328 Noe
1473 4273 1696 4342 ejusque
1741 4273 1944 4329 liberos
1979 4290 2103 4329 cum

531 4366 795 4422 uxoribus
833 4367 1095 4430 servavit,
1139 4365 1336 4435 quippe
1363 4364 1456 4434 qui
1499 4365 1620 4434 pius
1656 4373 1777 4420 erat
1808 4373 1864 4419 et
1892 4365 2102 4435 justus,

531 4459 909 4528 originemque
932 4472 1086 4510 suam
1115 4457 1346 4510 ducebat
1385 4471 1415 4510 a
1442 4457 1964 4526 consanguineorum
1997 4461 2105 4529 pie-

533 4560 681 4617 tate,
745 4549 872 4606 odio
914 4563 1126 4618 quoque
1178 4549 1604 4617 prosequebatur
1657 4563 1777 4602 eam
1841 4565 2102 4620 generum

531 4631 840 4704 misturam,
866 4654 985 4709 quae
1013 4647 1200 4692 contra
1225 4636 1372 4708 leges
1396 4647 1534 4691 erat.
1560 4637 1713 4692 Haud
1739 4653 1889 4705 vero,
1917 4651 1972 4694 ut
1995 4642 2106 4710 qui-

532 4734 656 4790 dam
689 4734 896 4796 dicunt,
927 4732 1274 4800 ira-quapiam
1299 4731 1382 4784 vel
1407 4730 1727 4800 poenitentia
1751 4731 1947 4786 isthmc
1973 4731 2102 4787 eﬂ‘e-

2811 3441 2884 3512 (5)
2914 3441 3069 3493 ΚΕΦ.
3107 3442 3179 3493 Ζο.

2202 3542 2350 3612 Στιχ.
2381 3536 2444 3592 δ’.
2492 3533 2638 3612 Ἐγηῲ
2671 3533 2869 3612 «ἐπάγω
2903 3533 3082 3612 ὑετὸν
3109 3531 3245 3603 (ἐπὶ)
3273 3531 3386 3612 τὴν
3410 3533 3535 3602 γῆν
3566 3548 3794 3612 rgo-ova.

2268 3603 2535 3680 parma
2564 3603 2802 3680 ἠμέρας
2821 3642 2868 3680 ,-
2888 3604 2985 3655 καὶ
3034 3603 3486 3680 τεσσαράκοντα
3537 3607 3794 3680 νύκτας.

2274 3671 2407 3760 Kal.
2433 3671 2733 3760 ἐξαλείψω
2787 3671 2993 3760 mian
3036 3672 3160 3754 rip:
3195 3673 3617 3760 ἐξανάστασιν·
3642 3717 3687 3760 ,Δ
3714 3672 3795 3760 ἦν

2272 3750 2550 3833 ἐποίησα,
2580 3743 2696 3833 dero
2729 3743 3052 3814 προσώπου
3088 3743 3197 3814 τῆς
3237 3743 3368 3814 γῆς,
3408 3745 3535 3799 ἀπὸ
3569 3743 3795 3813 ἀνθρώ-

2269 3835 2385 3874 που
2411 3816 2522 3884 ἓως
2552 3816 2828 3883 κτήνους.

2273 3913 2338 3966 Ti
2370 3912 2568 3983 δήποτε
2599 3907 2676 3980 τῷ
2707 3906 3075 3978 κατακλυσμῷ
3097 3907 3166 3960 τὰ
3190 3905 3297 3960 τῶν
3321 3905 3629 3977 ἀνθρώπων
3654 3907 3794 3976 πλή-

2203 4005 2272 4075 θη
2317 4001 2622 4072 διέφθειρεν
2661 4017 2676 4066 ;
2724 4000 3031 4070 Ἐξαλεῖψαι
3071 3997 3165 4052 τοῦ
3197 3995 3334 4052 Κάῖν
3366 3998 3426 4051 τὸ
3474 4000 3640 4068 γένος
3667 3997 3796 4068 ὴθὲ-

2203 4096 2364 4168 λησε·
2400 4093 2634 4166 ἀνεμίγη
2661 4093 2716 4146 δὲ
2743 4093 2890 4163 αὐτῷ
2916 4093 3010 4146 καὶ
3039 4091 3148 4145 τῶν
3175 4091 3412 4146 εὐσεϐῶν
3445 4094 3478 4163 ἡ
3509 4091 3678 4163 φυλὴ”
3713 4086 3794 4142 διὸ

2206 4189 2297 4243 καὶ
2329 4187 2430 4258 τῆς
2461 4186 2727 4257 τιμωρίας
2760 4185 3111 4256 μετέσχηκεν.
3157 4184 3351 4256 Ἀρχὴν
3371 4184 3427 4236 δέ
3454 4202 3582 4237 τινα
3603 4176 3791 4236 καινοῦ

2207 4280 2321 4350 βίου
2356 4278 2684 4350 ποιήσασθαι
2719 4276 2996 4347 βουληθεὶς
3017 4317 3032 4340 ,
3067 4277 3156 4330 τὸν
3188 4277 3310 4330 Νῶε
3342 4277 3433 4329 καὶ
3460 4278 3596 4340 τοὺς
3643 4272 3789 4328 ὲκείτ

2205 4390 2295 4426 νου
2325 4372 2519 4436 παῖδας
2544 4372 2639 4426 σὺν
2671 4373 2790 4435 ταῖς
2813 4369 3026 4440 γυναιξὶ
3057 4371 3392 4443 διετήρησεν,
3423 4369 3629 4438 εὐσεϐῆ
3661 4367 3790 4420 ὄντα

2206 4463 2299 4517 καὶ
2337 4463 2573 4529 δίκαιον,
2630 4464 2722 4516 καὶ
2774 4465 2839 4516 ἐκ
2881 4462 2983 4532 τῆς
3028 4462 3135 4515 τῶν
3182 4461 3457 4530 συγγενῶν
3499 4459 3790 4517 εὐσεϐείας

2209 4555 2605 4626 βλαστήσαντα,
2630 4555 2722 4607 καὶ
2753 4554 2852 4625 τὴν
2883 4554 2983 4624 τῆς
3009 4553 3351 4626 παρανομίας
3384 4555 3670 4624 ἐπιμιξίαν
3702 4567 3790 4621 μι-

2207 4650 2547 4720 σήσαντα.οὐ
2569 4647 2693 4719 μὴν,
2712 4645 2786 4711 ῶς
2800 4647 2941 4712 τινές
2962 4665 3141 4722 φασιν,
3164 4648 3298 4718 ὀργῇ
3323 4647 3397 4718 (4)
3415 4664 3519 4700 τινι
3540 4645 3635 4700 καὶ
3657 4657 3784 4714 μετ-

2205 4738 2435 4810 αμελείᾳ
2471 4738 2646 4792 ταῦτα
2681 4737 2965 4808 πεποίηκε.
3003 4737 3188 4790 Ταῦτα
3218 4738 3325 4808 γάρ
3355 4754 3435 4790 τοι
3467 4736 3784 4806 ἀνθρώπινα

529 4827 626 4882 cit.
679 4824 816 4880 Sunt
847 4824 988 4879 enim
1023 4824 1106 4878 lue
1147 4821 1460 4878 alfectiones
1498 4824 1750 4878 humanae
1783 4842 1795 4876 :
1827 4834 1882 4878 et
1923 4825 2100 4879 divina

2217 4805 2352 4901 πάθη
2377 4805 2460 4902 ’νὴ
2494 4830 2550 4883 δὲ
2583 4829 2701 4883 θεία
2735 4805 2915 4899 φύσιξς,
2949 4828 3209 4900 ἐλευθέρα
3233 4805 3448 4882 νπαθῶν.
3486 4805 3700 4886 Ἄλλως
3724 4837 3782 4872 τε

529 4927 724 4974 natura
750 4918 817 4972 ab
846 4916 1221 4970 allectiouibus
1252 4916 1510 4970 immunis
1526 4925 1629 4970 est.
1653 4915 1920 4972 Praeterea
1937 4917 2098 4972 etiam

529 5010 848 5079 pauitantia
876 5011 1020 5064 cadit
1039 5009 1092 5062 in
1122 5023 1234 5073 eos,
1265 5010 1357 5078 qui
1389 5018 1510 5078 post
1531 5011 1863 5078 experientia
1897 5011 2101 5079 quaesit

527 5115 710 5154 rerum
736 5114 926 5156 natura
951 5101 1258 5155 didicerunt
1278 5117 1292 5153 :
1311 5103 1400 5168 qui
1419 5111 1702 5170 postquam
1725 5103 2098 5171 experimento

485 5245 490 5260 ί
532 5191 843 5258 didicerint,
872 5208 930 5247 se
958 5193 1100 5246 haud
1134 5201 1283 5246 recte
1308 5191 1666 5258 consuluisse,
1708 5199 1836 5246 tunc
1882 5193 2094 5246 demum

487 5309 494 5339 -.
532 5282 846 5351 pcenitentia
877 5283 1165 5336 ducuntur.
1200 5280 1271 5333 At
1303 5278 1444 5333 Deus
1479 5278 1560 5332 sic
1591 5279 1832 5333 intuetur
1861 5296 1948 5335 res
1979 5288 2099 5348 post

496 5397 501 5406 ι
531 5375 730 5429 multas
751 5378 1121 5444 generationes
1158 5375 1369 5429 futuras
1389 5413 1405 5438 ,
1445 5383 1502 5426 ut
1534 5387 1628 5427 eas
1654 5388 1772 5440 qua:
1803 5371 1910 5440 jam
1943 5372 2098 5426 facta:

529 5477 676 5522 sunt.
709 5467 817 5522 Ceu
858 5470 1159 5537 praevidens
1206 5467 1386 5536 itaque
1421 5470 1475 5519 et
1503 5478 1949 5535 praecognosceus
1969 5503 1985 5528 ,
2018 5463 2097 5517 sic

491 5587 495 5593 ’
601 5585 678 5651 (l)
721 5582 796 5636 Ex
827 5581 944 5637 cod.
984 5581 1187 5635 Veneto
1215 5597 1304 5636 xv.

489 5665 492 5668 ’
605 5647 681 5723 (2)
717 5654 780 5707 ll.
843 5667 892 5723 ο.
933 5653 1303 5723 substantiam
1344 5649 1427 5704 vel
1478 5655 1751 5706 naturam.
1801 5647 1895 5704 Sic
1959 5647 2098 5705 belle

522 5719 818 5782 exhibetur
849 5722 1169 5776 l‘lebraicum
1197 5719 1389 5786 iekum.

599 5796 680 5864 (5)
708 5794 894 5864 Capita
936 5801 990 5849 et
1038 5806 1289 5848 versuum
1353 5804 1605 5848 numeros
1660 5789 1776 5859 ipse
1830 5790 2083 5849 adnotavi

2208 4924 2240 4994 ἡ
2279 4921 2607 4993 μεταμέλεια
2638 4925 2750 4985 τοῖς
2786 4920 2921 4991 μετὰ
2950 4921 3047 4990 τὴν
3089 4921 3283 4990 πεῖραν
3318 4919 3645 4990 μανθάνουσι
3675 4912 3782 4966 τῶν

2207 5013 2547 5086 πραγμάτων
2583 5012 2680 5083 τὴν
2726 5011 2886 5080 φύσιν
2928 5009 3292 5081 κατάλληλος·
3339 5004 3459 5064 εἶτα
3497 5011 3563 5080 τῇ
3617 5004 3783 5075 πείρα

2209 5103 2565 5174 μανθάνοντες
2593 5101 2668 5164 ὡς
2691 5099 2790 5153 οὐκ
2812 5100 2987 5172 ὀρθῶς
3017 5098 3420 5163 ἐϐουλεύσαντο,
3448 5095 3783 5170 μεταμέλον-

2203 5209 2312 5244 ται.
2361 5192 2418 5244 '0
2446 5191 2504 5245 δὲ
2533 5191 2666 5253 Θεὸς
2700 5189 2869 5252 οὕτως
2900 5191 3002 5260 ὁρᾷ
3041 5189 3108 5244 τὰ
3142 5190 3280 5262 μετὰ
3310 5190 3509 5254 πολλὰς
3545 5185 3779 5254 ἐσόμενα

2205 5281 2416 5351 γενεὰς.
2449 5282 2524 5346 ὡς
2554 5281 2652 5352 ἤδη
2683 5279 3040 5353 γεγενημένα.
3079 5281 3165 5344 Ὠς
3196 5280 3440 5353 προορῶν
3471 5276 3652 5331 τοίνυν
3687 5269 3778 5324 καὶ

2203 5374 2622 5444 προγινώσκων,
2656 5371 2826 5435 οὓτως
2871 5355 3083 5426 διτταντα
3115 5371 3455 5445 πρυτανεύει.
3486 5366 3775 5435 Τίβήποτε

2202 5467 2382 5520 τοίνυν
2414 5464 2793 5538 μεταμέλεται,
2821 5465 3036 5520 ἃπαντα
3069 5467 3205 5538 πρὸς
3233 5464 3333 5536 τὴν
3351 5465 3659 5537 πρόγνωσιν
3676 5452 3771 5523 τὴν

2212 5582 2428 5653 ubique,
2462 5583 2529 5638 ad
2566 5583 2864 5653 editionem
2906 5584 3030 5640 cod.
3067 5581 3418 5637 Alexandrini
3475 5572 3770 5640 Breitinge-

2206 5652 2436 5724 rianam,
2462 5653 2596 5724 Tigu
2606 5653 2647 5707 ri
2669 5652 2824 5707 1750.

2270 5721 2344 5796 (4)
2381 5718 2472 5781 Sic
2500 5718 2838 5781 correximus
2858 5722 3080 5781 verbum
3112 5718 3413 5792 ηἰΙιΗΓόρῇ.
