4012 6340
210 270 277 324 13
1535 262 1789 320 ΑΒΝΟΤ.
1829 263 1897 318 IN
1936 263 2178 320 GENES.
3403 268 3474 325 η

208 385 423 443 οἰκείαν
453 381 790 455 οἱκονομῶν;
820 382 1026 436 Οὐκοῦν
1058 383 1151 437 ἐπὶ
1182 381 1317 436 Θεοῦ
1365 382 1692 453 μεταμέλεια
1725 386 1802 437 oi-

1912 382 2154 437 nniversa
2200 382 2534 437 moderatur.
2577 381 2675 449 Qui
2720 381 2885 453 igitur
2937 381 3166 452 pmnitet
3196 397 3339 445 eum,
3381 387 3473 454 qui

211 497 276 535 κο
290 476 482 549 νομίας
533 473 822 546 μεταϐολή·
853 455 1265 544 Μετᾶμέλομαι
1296 472 1427 545 γὰρ,
1462 475 1626 544 φησιν
1648 512 1664 537 ,
1713 473 1805 527 ὅτι

212 572 477 640 κέκρικα
510 568 615 623 τὸν
655 565 850 622 Σαοὺλ
881 568 966 632 εὶς
1001 565 1301 631 βασιλέαο
1333 566 1452 619 ἀντὶ
1493 564 1608 618 τοῢ-
1646 565 1808 618 Εὑδο-

227 668 447 735 κίμασσ.
476 662 571 735 μὲν
602 659 803 715 παῦσαι
836 658 1045 725 τοῦτον,
1091 658 1277 732 ἕτερον
1307 658 1363 711 δὲ
1405 658 1802 730 χειροτονῆσαι.

228 753 394 808 ῡῦτω
427 750 690 806 κάνταῦθα
714 768 726 779 ·
764 747 1136 819 Ἐνεθυμήθην
1156 787 1171 812 ,
1201 748 1282 800 ὅτι
1327 745 1555 816 ἐποίησα
1600 743 1807 814 ἀνθρω-

239 864 375 900 πον·
419 845 705 915 ὲδοκίμασα
754 840 988 895 διολέσαι
1026 840 1133 893 τῶν
1178 836 1481 909 ἀνθρώπων
1514 837 1574 889 τὸ
1623 836 1800 905 γένος.

254 936 407 991 Ἀλλὰ
448 935 825 1006 φιλάνθρωπος
869 931 976 997 ὣν,
1014 931 1234 1002 σπέρμα
1264 929 1355 982 τὸν
1398 929 1522 982 Νῶε
1546 932 1610 1001 τῇ
1647 929 1804 999 φύσει

245 1033 545 1103 τετήρηκεν.
590 1027 806 1098 Ἐπειδὴ
838 1027 896 1080 δὲ
926 1028 1021 1080 καὶ
1056 1026 1165 1079 τῶν
1195 1025 1404 1092 ἀλόγων
1442 1024 1509 1077 τὰ
1542 1026 1673 1095 γένη
1708 1025 1805 1096 τῆς

242 1122 340 1175 τῶν
374 1118 677 1192 ἀνθρώπων
717 1119 906 1172 εἵνεκα
950 1117 1384 1189 δεδημιούργηκε
1437 1116 1656 1187 χρείας·
1712 1115 1804 1169 καὶ

236 1212 394 1267 ταῦτα
414 1216 527 1277 τοῖς
566 1210 875 1284 ἀνθρώποις
906 1211 1289 1283 συνδιεφθάρη,
1326 1209 1461 1280 πλὴν
1494 1209 1602 1263 τῶν
1638 1213 1695 1262 ὲν
1734 1213 1802 1280 τῇ

232 1301 438 1373 κιϐωτῷ
462 1304 563 1357 σὺν
597 1302 675 1374 τῷ
698 1302 821 1355 Νῶε
853 1301 1339 1372 διαφυλαχθέντων.
1382 1301 1665 1355 Ἐκέλευσε
1693 1302 1803 1372 γὰρ

228 1397 257 1448 ὁ
282 1395 546 1465 δεσπότης
569 1394 704 1458 Θεὸς
734 1393 838 1447 ἀνὰ
866 1392 957 1446 δύο
988 1394 1084 1464 μὲν
1119 1392 1178 1457 ἐξ
1209 1394 1436 1447 ἑκάστου
1469 1394 1655 1462 γένους
1696 1394 1803 1446 τῶν

223 1484 521 1538 δοκούντων
554 1482 880 1557 ἀκαθάρτων
923 1483 1272 1553 διασωθῆναι,
1300 1483 1403 1536 ἀνὰ
1446 1485 1583 1537 ἑπτὰ
1615 1484 1670 1537 δὲ
1696 1484 1802 1537 τῶν

224 1577 499 1649 καθαρῶν.
550 1577 767 1647 Ἐπειδὴ
812 1576 922 1648 γὰρ
967 1575 1167 1647 ἤμελλε
1218 1581 1516 1649 συγχωρεῖν
1560 1582 1671 1642 τοῖς
1712 1579 1804 1632 ἀν-

221 1668 461 1742 θρώποις
499 1669 937 1741 μεταλαμϐάνειν
966 1668 1173 1742 κρεῶν,
1208 1669 1437 1739 ἤμελλον
1487 1670 1545 1723 δὲ
1587 1672 1678 1725 καὶ
1710 1671 1804 1725 θυ-

1906 475 2087 528 omnia
2111 490 2177 529 ex
2206 477 2427 545 propria
2447 476 2775 545 pramotione
2800 476 3177 530 administrat?
3201 476 3477 532 Paeniten-

1912 567 1983 621 tia
2018 567 2183 637 igitur
2209 568 2262 621 in
2296 569 2427 632 Deo,
2459 570 2687 624 mutatio
2718 578 2801 624 est
2832 569 3209 640 providentiae.
3245 568 3477 625 Paenitet

1907 675 2010 725 me,
2043 660 2237 728 inquit,
2271 659 2665 728 quodjudicavi
2689 660 2825 716 Saul
2846 663 2900 714 in
2924 677 3091 731 regem
3120 662 3161 726 ¹;
3188 664 3329 731 quod
3366 648 3493 727 est,

1910 750 2093 803 Visum
2123 750 2249 803 mihi
2276 751 2417 804 hunc
2454 752 2668 818 quidem
2706 753 2989 821 abrogare,
3024 752 3183 806 alium
3213 767 3339 807 vero
3377 754 3478 807 eli-

1907 856 2054 911 gere.
2088 839 2241 896 Haud
2269 841 2429 897 aliter
2462 843 2561 896 hoc
2596 841 2715 897 loco
2748 860 2763 895 :
2790 841 3050 911 Recogito
3082 857 3169 896 me
3199 844 3475 899 hominem

1908 933 2132 1000 fecisse;
2158 934 2329 988 visum
2361 946 2443 988 εει
2474 934 2751 986 hominum
2779 947 2948 999 genus
2973 947 3005 986 e
3044 933 3219 987 medio
3261 934 3474 993 tollere.

1906 1028 1973 1081 At
1999 1027 2143 1081 enim
2177 1026 2441 1095 benignus
2472 1040 2596 1079 cum
2618 1026 2710 1088 sit,
2742 1023 3020 1079 Noachum
3056 1039 3239 1079 semen
3267 1037 3478 1083 natura:

1906 1118 2269 1173 conservavit.
2303 1115 2439 1171 Cum
2481 1131 2645 1185 porro
2693 1116 2977 1171 brutorum
3009 1130 3211 1184 genera
3256 1118 3308 1172 in
3348 1135 3478 1174 usus

1904 1211 2189 1266 hominum
2235 1208 2600 1275 condidisset;
2642 1223 2705 1262 ea
2745 1224 2961 1278 quoque
2993 1225 3116 1264 cum
3165 1210 3479 1266 hominibus

1905 1303 2065 1357 simul
2095 1303 2377 1366 interiere,
2411 1301 2652 1369 exceptis
2682 1301 2746 1356 iis
2776 1316 2895 1371 quae
2936 1302 2988 1355 in
3027 1315 3152 1356 arca
3186 1317 3308 1356 cum
3336 1302 3482 1357 Noa-

1905 1396 2007 1449 cho
2049 1402 2372 1448 conservata
2417 1401 2566 1446 sunt.
2610 1390 2783 1447 Jussit
2811 1393 2953 1447 enim
2993 1393 3252 1449 Dominus
3298 1396 3477 1461 Deus,

1905 1486 2027 1541 bina
2058 1485 2271 1555 quidem
2304 1485 2369 1540 de
2399 1484 2544 1538 omni
2578 1499 2777 1554 genere
2799 1499 3013 1547 eorum.
3040 1500 3161 1555 quae
3198 1486 3478 1542 immunda

1904 1588 2024 1628 esse
2052 1573 2406 1638 videbantur,
2454 1574 2691 1636 servari,
2720 1586 2939 1643 septena
2978 1590 3106 1630 vero
3146 1576 3211 1630 de
3239 1576 3476 1633 mundis.

1906 1664 2039 1719 Cum
2078 1664 2222 1718 enim
2255 1663 2561 1719 indulturus
2590 1674 2736 1720 esset
2766 1667 3075 1721 hominibus
3095 1705 3113 1732 ,
3144 1676 3204 1721 ut
3225 1668 3481 1722 carnibus

219 1762 343 1826 σίας
387 1761 551 1834 ..ὑιοῷ
593 1760 919 1834 προσφέρειν
964 1760 1065 1830 τῆς
1109 1761 1390 1826 εὐσεϐείας
1429 1764 1479 1815 οἱ
1526 1764 1803 1835 τρόφιμοι,

1912 1765 2280 1819 vescerentur,
2309 1755 2454 1825 iique
2475 1756 2567 1824 qui
2596 1757 2855 1825 pietatem
2882 1756 3123 1813 colerent
3145 1759 3397 1814 victimas
3428 1761 3479 1814 ei

218 1853 447 1908 πλείονα
474 1854 553 1908 τὰ
573 1852 789 1924 καθαρὰ
820 1850 1159 1922 φυλαχθῆναι
1191 1852 1521 1923 προσέταξε·
1565 1854 1662 1917 τὰς
1707 1854 1807 1923 μὲν

214 1948 365 2014 τρεῖς
398 1944 691 2011 συζυγίας,
721 1944 803 2007 εἰς
830 1942 928 2013 τὴν
957 1941 1184 2013 αὔξησιν
1216 1941 1309 1996 τοῦ
1335 1944 1634 2011 γένους,-τὸ
1661 1944 1717 1996 δὲ
1751 1943 1810 1997 ἓν

1907 1856 2094 1901 essent
2112 1846 2373 1910 oblaturi,
2398 1845 2557 1914 plura
2582 1862 2648 1900 ex
2673 1848 2887 1902 mundis
2900 1848 3173 1903 asservari
3198 1848 3480 1918 praecepit:

1916 1930 2022 1986 tria
2073 1934 2285 1989 scilicet
2312 1936 2464 2002 paria
2487 1934 2554 1987 ad
2585 1935 2981 1991 incrementum
3013 1938 3229 2007 generis
3249 1977 3264 2001 ,
3312 1952 3479 1990 unum

1913 2034 2091 2079 autem
2146 2024 2342 2091 impar,
2384 2024 2451 2078 ad
2491 2025 2836 2079 sacriﬁcium.
2867 2025 3061 2081 Statim
3098 2042 3331 2097 namque
3367 2026 3483 2083 Noe

1912 2114 2071 2171 simul
2099 2109 2265 2185 atque
2294 2128 2453 2184 poena
2488 2116 2758 2180 cessavit,
2802 2117 3036 2172 hostiam
3077 2118 3188 2174 Deo
3219 2135 3317 2190 pro
3355 2135 3484 2190 gra—

1911 2207 2108 2260 tiarum
2141 2207 2358 2262 actione
2414 2207 2632 2275 obtulit,
2661 2225 2725 2263 ea:
2748 2210 3006 2277 omnibus,
3036 2211 3245 2282 inquit,
3268 2214 3482 2283 pecudi-

1911 2297 2006 2351 bus
2056 2299 2289 2364 mundis,
2319 2307 2369 2352 et
2397 2316 2464 2354 ea:
2494 2300 2733 2354 omnibus
2774 2300 3065 2355 volucribus
3098 2305 3306 2359 mundis
3334 2309 3376 2359 '.
3404 2307 3483 2361 Ex

1911 2404 2019 2459 quo
2075 2389 2426 2447 manifestum
2448 2399 2554 2459 est,
2589 2391 2733 2461 quod
2758 2392 2917 2461 hujus
2947 2394 3024 2448 rei
3054 2395 3226 2465 gratia
3265 2405 3481 2465 septena

1910 2486 2225 2558 praeceperit
2267 2503 2335 2543 ex
2366 2488 2514 2543 omni
2546 2489 2870 2542 mundorum
2898 2504 3097 2559 genere
3120 2490 3172 2544 in
3193 2505 3375 2545 arcam
3404 2492 3487 2546 in-

1914 2578 2059 2646 duci,
2079 2595 2185 2649 quo
2225 2580 2495 2649 singulare
2532 2580 2732 2634 animal
2760 2596 2824 2635 ex
2859 2582 3005 2638 omni
3031 2597 3232 2652 genere
3254 2583 3486 2640 oll‘erens

1913 2671 2059 2737 Noe,
2094 2674 2315 2745 paribus
2347 2675 2453 2729 illis
2481 2675 2615 2730 nihil
2645 2674 2871 2732 inferret
2892 2677 3097 2733 damni.

2036 2765 2099 2820 V.
2131 2767 2222 2824 16.
2253 2768 2323 2823 Et
2352 2769 2542 2823 clausit
2573 2768 2833 2825 Dominus
2873 2770 3016 2827 Deus
3041 2784 3189 2827 extra
3221 2774 3370 2829 illum

2612 2858 2813 2895 arcam.

211 2036 273 2088 τὸ
300 2036 581 2107 περιττὸν
608 2037 684 2098 εἰς
710 2032 920 2088 θυσίαν.
954 2032 1129 2098 Εὐθὺς
1169 2034 1277 2105 γὰρ
1306 2037 1335 2088 ὁ
1365 2034 1491 2087 Νῶε
1537 2035 1672 2105 μετὰ
1712 2035 1812 2107 τὴν

212 2126 443 2182 παῦλαν
484 2124 585 2195 τῆς
613 2124 902 2196 τιμωρίας,
936 2123 1129 2178 θυσίαν
1150 2125 1228 2196 τῷ
1254 2123 1372 2195 Θεῷ
1394 2126 1812 2199 εὐχαριστήριον

214 2220 633 2293 προσενήνοχεν
650 2257 666 2283 ,
718 2215 839 2269 ἀπὸ
886 2215 1128 2271 πάντων
1145 2258 1160 2283 ,
1199 2217 1333 2289 φησὶ
1349 2257 1365 2282 ,
1406 2216 1643 2284 κτηνῶν
1692 2215 1810 2270 τῶν

214 2313 526 2382 καθαρῶν,
560 2311 661 2367 καὶ
686 2310 805 2367 ἀπὸ
838 2310 1081 2366 πάντων
1110 2310 1227 2364 τῶν
1254 2308 1541 2364 πετεινῶν
1571 2308 1690 2363 τῶν
1714 2326 1811 2363 κα-

216 2405 441 2476 θαρῶν.
492 2405 582 2469 Ὦς
610 2400 922 2478 εἶναιδῆλον
942 2405 1023 2460 ὅτι
1054 2403 1244 2458 τούτου
1288 2402 1449 2474 χάριν
1468 2444 1483 2469 ,
1532 2401 1639 2456 ἀνὰ
1670 2401 1812 2457 ἑπτὰ

218 2498 565 2569 προσέταξεν
594 2498 654 2564 ἐξ
687 2499 915 2553 ἑκάστου
951 2497 1141 2568 γένους
1173 2497 1282 2550 τῶν
1319 2496 1574 2569 καθαρῶν
1606 2498 1688 2562 είς
1710 2498 1813 2571 τὴν

220 2589 457 2645 κιϐωτὸν
493 2589 832 2661 εἰσαχθῆναι,
867 2591 953 2644 ἴνα
972 2630 986 2653 ,
1017 2589 1081 2643 τὸ
1119 2588 1178 2641 ἓν
1205 2587 1342 2654 ζῶον
1374 2589 1434 2655 ἐξ
1459 2589 1690 2645 ἑκάστου
1715 2588 1809 2658 γέ-

220 2701 345 2747 νους
390 2685 421 2736 ὁ
463 2682 592 2735 Νῶε
626 2683 968 2756 προσφέρων,
1005 2681 1079 2754 μὴ
1098 2680 1383 2754 διαφθείρῃ
1409 2681 1508 2745 τὰς
1530 2680 1808 2751 συζυγίας.

223 2776 323 2848 (4⁸)
349 2776 507 2847 Στίχ.
539 2783 633 2842 ις’.
667 2777 779 2831 Καὶ
823 2776 1061 2848 ἔκλεισε
1094 2777 1308 2848 Κύριος
1345 2778 1379 2830 ὁ
1414 2774 1558 2840 Θεὸς
1593 2774 1814 2839 ἔξωθεν

676 2846 862 2901 αὑτοῦ
889 2845 1003 2914 τὴν
1035 2847 1303 2900 κιϐωτόν.

293 2939 599 3011 Θειοτέρας
620 2940 764 3003 τινὸς
796 2938 1075 3009 δυνάμεως
1100 2934 1330 3009 ἔχρῃζεν
1358 2939 1393 3007 ή
1417 2936 1685 3006 ἀσφάλεια
1717 2937 1809 3008 τῆς

1987 2930 2252 2986 Diviniori
2286 2932 2520 3001 quadam
2547 2932 2790 3002 pOtentia
2812 2947 2956 3003 opus
2980 2934 3211 2990 habebat
3242 2944 3482 2991 tutamen

225 3030 288 3085 θύ
296 3049 398 3104 ρας
427 3031 779 3102 κλειομένης.

1917 3022 2083 3077 clausi
2106 3024 2249 3078 ostii.

877 3124 1033 3178 ΚΕΦ.
1061 3123 1161 3177 ΙΘ’.

2530 3115 2683 3170 CAP.
2726 3115 2865 3170 XIX.

224 3217 495 3298 Enikus'.
519 3216 633 3298 Καὶ
656 3214 1059 3298 κατέστρεφεν
1082 3214 1187 3298 τᾲς
1212 3215 1419 3298 πολεις
1432 3215 1673 3298 tautae,
1706 3215 1805 3269 καὶ

1912 3203 1974 3258 γ.
2002 3205 2092 3288 25.
2129 3205 2197 3259 Et
2233 3207 2484 3287 subvertit
2513 3208 2747 3287 civitates
2768 3209 2889 3271 has,
2918 3223 3221 3298 omnemque
3259 3208 3482 3289 circum-

274 3278 505 3344 άᾶοναν
542 3287 659 3353 τὴν
681 3278 1032 3355 περίχωρον,
1053 3278 1415 3349 καί-πάνταξ-
1443 3286 1585 3352 τοὺς
1614 3278 1808 3339 κατοι-

1976 3278 2203 3355 ροεὶιαπι
2230 3278 2515 3346 regionem,
2546 3287 2595 3330 et
2639 3278 2907 3331 universos
2949 3279 3243 3331 habitantes
3283 3278 3339 3330 iu
3386 3297 3478 3333 ur-

286 3359 558 3424 κοῦντας
578 3346 649 3410 ἐν
675 3346 803 3422 ταῖς
818 3346 1068 3410 Isid—160%.
1390 3346 1405 3349 —
1560 3346 1575 3352 '

1977 3346 2144 3401 bibus.

230 3448 378 3518 Στίχ.
415 3454 535 3514 7.2;".
587 3448 695 3501 Kal
738 3445 1079 3518 ἀπέϐλεψεν
1117 3448 1153 3515 ἡ
1187 3447 1341 3517 γυνὴ
1387 3447 1572 3501 αὑτοῦ
1622 3449 1708 3513 εἰς
1737 3446 1809 3500 τὰ

1912 3436 1974 3490 ν.
2021 3437 2113 3493 26.
2154 3437 2217 3492 Et
2262 3439 2487 3508 respexit
2522 3454 2658 3518 uxor
2693 3437 2817 3518 ejus
2850 3440 2905 3492 in
2945 3441 3266 3507 posteriora,
3307 3453 3354 3495 et
3385 3442 3483 3509 fuit

300 3516 518 3581 ὀπίσω,
546 3519 643 3572 καὶ
672 3517 907 3587 ἐγένετο
938 3516 1137 3585 στήλη
1169 3516 1337 3583 ἁλός.

315 3610 606 3682 ὈδΚύριος
634 3611 694 3663 οὐ
734 3610 890 3681 μόνον
915 3611 1040 3673 τοὺς
1073 3610 1286 3673 ἀσεϐεῖς
1320 3610 1613 3663 ἀπόλλυσιν
1635 3651 1648 3671 ,
1674 3610 1812 3664 ἀλλὰ

232 3706 327 3760 καὶ
355 3704 458 3768 τὰς
492 3702 697 3775 τροφὰς
729 3701 909 3756 αὐτῶν
959 3700 1125 3765 οὔσας
1162 3700 1516 3771 Σοδομιτικὰς
1563 3702 1656 3755 καὶ
1690 3704 1811 3754 ἐπι-

234 3797 485 3861 ϐλαϐεἶς·
541 3798 599 3849 ὲν
647 3791 733 3858 αἷς
790 3798 904 3848 ἐστι
959 3795 1052 3847 καὶ
1092 3794 1369 3864 ἄμπελος,
1428 3795 1555 3866 περὶ
1604 3790 1673 3865 ἦς
1724 3796 1814 3861 γέ-

236 3908 473 3963 γραπται
501 3907 513 3919 ·
579 3890 680 3942 Ἐκ
733 3887 843 3957 γὰρ
892 3888 1165 3957 ἀμπέλου
1214 3887 1489 3955 Σοδόμων
1540 3889 1579 3955 ἡ
1624 3887 1813 3957 ἄμπε-

236 3987 339 4048 λος
390 3979 745 4036 αὐτῶνκαὶ
805 3982 843 4049 ἡ
899 3979 1190 4048 κληματίς
1246 3978 1443 4031 αὐτῶν
1492 3980 1557 4032 ἐκ
1593 3982 1815 4049 Γομόῤ-

231 4077 360 4142 ῥας.
390 4076 466 4145 (5)
520 4075 673 4145 ’Ἅμα
717 4088 776 4126 τε
830 4074 911 4136 εἰς
954 4072 1052 4143 τὴν
1103 4071 1256 4125 πόλιν
1288 4072 1570 4143 ἀπεσώθη,
1606 4074 1698 4126 καὶ
1753 4074 1815 4126 τὸ

239 4167 344 4239 πῦρ
377 4166 682 4236 ἐπεφέρετο
716 4167 833 4228 ταῖς
873 4163 1091 4224 πόλεσι,
1124 4167 1346 4234 σημεῖον
1378 4163 1474 4233 τῆς
1516 4162 1813 4236 μελλούσης

239 4267 570 4329 συντελείας.
598 4265 799 4333 Στήλη
824 4265 922 4336 οὐχ
943 4264 1129 4329 ἁπλῶς
1159 4265 1391 4333 ἐγένετο,
1418 4264 1551 4317 ἀλλὰ
1583 4262 1814 4333 μάλιστα

240 4358 430 4427 στήλη
453 4358 625 4425 ἁλὸς,
651 4359 738 4414 διὰ
770 4360 832 4413 τό
849 4377 864 4391 ο
898 4358 1092 4428 Ὑμεῖς
1107 4359 1248 4412 ἐστε
1268 4356 1334 4411 τὸ
1360 4357 1512 4423 ἅλας
1537 4356 1649 4424 τῆς
1680 4354 1812 4426 γῆς.

2503 3510 2684 3577 cippus
2714 3508 2863 3561 satis.

1982 3622 2242 3677 Dominus
2281 3638 2387 3678 non
2430 3623 2590 3678 modo
2625 3621 2821 3690 impios
2853 3622 3069 3691 perdit,
3117 3626 3209 3678 sed
3239 3634 3295 3677 et
3334 3639 3486 3679 escas

1914 3730 2123 3779 eorum,
2168 3730 2285 3782 quae
2316 3714 2663 3770 Sodomiticas
2692 3725 2820 3768 sunt
2858 3726 2911 3769 et
2956 3715 3167 3783 noxiae;
3211 3718 3262 3771 in
3293 3717 3487 3785 quibus

1916 3808 2040 3860 vitis
2068 3821 2284 3876 quoque
2305 3813 2575 3861 censetur.
2601 3804 2675 3860 De
2697 3820 2799 3874 qua
2825 3807 3090 3876 scriptum
3119 3820 3202 3863 est
3232 3827 3244 3861 :
3275 3807 3360 3862 Ex
3386 3811 3487 3863 vite

1914 3898 2053 3950 enim
2084 3896 2431 3952 Sodomorum
2463 3898 2583 3950 vitis
2615 3897 2845 3966 ipsorum
2870 3937 2886 3961 ,
2927 3908 2972 3951 et
2996 3915 3225 3968 propago
3253 3901 3486 3968 ipsorum

1914 4004 1979 4041 ea:
2034 3985 2325 4042 Comm-rixa
2350 3989 2393 4044 ³.
2436 3987 2608 4042 Simul
2638 3999 2799 4057 atque
2837 3989 2889 4041 in
2940 3992 3215 4045 civitatem
3278 3996 3481 4060 evasit,

1914 4080 2076 4134 etiam
2130 4079 2266 4149 ignis
2321 4080 2549 4134 urbibus
2598 4080 2968 4145 inferebatur,
3027 4083 3238 4152 signum
3291 4083 3486 4139 futurae

1916 4172 2423 4228 consummationis.
2454 4173 2648 4244 Cippus
2667 4175 2806 4229 haud
2830 4175 3151 4245 simpliciter
3164 4176 3351 4233 eﬂ’ecta
3378 4190 3483 4241 est,

1916 4268 2006 4319 sed
2043 4268 2220 4333 potius
2243 4269 2427 4337 cippus
2467 4270 2629 4334 satis,
2654 4279 2875 4338 propter
2906 4270 3035 4324 illud
3066 4287 3081 4324 :
3118 4269 3224 4324 Vos
3253 4274 3373 4325 estis
3404 4272 3485 4326 sal

1917 4368 2069 4411 terra:
2097 4359 2138 4410 ⁸.
2169 4358 2449 4429 Congruat
2472 4375 2601 4416 vero
2628 4362 2786 4432 cippo
2820 4363 2951 4418 salis
2987 4363 3152 4421 illud:
3190 4361 3286 4418 Sin
3309 4374 3485 4417 autem

251 4448 571 4524 Ἐφαρμὸσῃ
598 4452 655 4505 δὲ
684 4455 748 4524 τῇ
793 4451 963 4524 στήλῃ
1005 4450 1098 4504 τοῦ
1149 4451 1274 4515 ἁλὸς
1315 4450 1376 4503 τό
1400 4466 1411 4477 ·
1454 4451 1595 4504 Ἐὰν
1636 4447 1703 4503 δὲ
1745 4447 1809 4500 τὸ

1913 4455 1994 4503 sal
2015 4452 2296 4519 desipuerit
2323 4454 2343 4483 ⁵
2362 4452 2385 4505 ?
2405 4451 2518 4507 Non
2542 4468 2606 4507 co
2650 4454 2827 4508 festim
2858 4456 2910 4508 in
2936 4466 3174 4510 montem
3215 4457 3481 4518 ascendit,

242 4544 389 4613 ἅλας
422 4544 709 4617 μωρανθῇ
736 4562 754 4609 ;
798 4548 913 4600 Οὐκ
939 4546 1149 4618 ἁθρόως
1180 4546 1455 4599 ἀναϐαίνει
1488 4547 1566 4607 εἰς
1597 4545 1658 4597 τὸ
1688 4543 1811 4613 ὄρος

245 4640 379 4693 κατὰ
398 4640 468 4694 τὰ
511 4640 774 4713 εἰρημένα
806 4638 971 4711 αὐτῷ,
998 4638 1131 4694 ἀλλὰ
1158 4638 1368 4710 πρῶτον
1403 4640 1481 4702 είς
1510 4635 1707 4708 Σηγὼρ
1728 4637 1812 4704 γί-

246 4748 409 4797 νεται,
445 4733 684 4800 καίτοιγε
720 4732 793 4803 μὴ
821 4731 1099 4803 θαρρήσας
1125 4729 1302 4798 ἐαυτῷ
1330 4728 1455 4799 περὶ
1486 4726 1577 4781 τοῦ
1604 4725 1808 4793 ἀναϐῆ-

246 4842 329 4878 ναι
362 4828 441 4888 εἰς
472 4824 533 4878 τὸ
563 4824 706 4897 ὅρος.

871 4913 1026 4967 ΚΕΦ.
1055 4914 1180 4966 Kl".

401 5006 478 5077 (6)
499 5006 645 5077 Στίχ.
674 5012 751 5059 ιε’.
780 5004 870 5072 Γῆ
893 5006 1289 5073 τετρακοσίων
1309 5000 1664 5069 διδράχμων.

315 5100 681 5169 Σημειωτέον,
716 5100 800 5152 ὅτι
848 5098 1017 5166 τάφου
1047 5097 1178 5166 τιμή
1212 5097 1326 5148 ἐστι
1370 5092 1439 5147 τὰ
1463 5090 1811 5164 τετρακόσια,

250 5190 325 5260 τῷ
352 5191 660 5262 κακωτικὴν
684 5188 824 5245 εἶναι
846 5191 942 5261 τὴν
962 5190 1190 5264 τετράδα
1217 5189 1309 5242 καὶ
1336 5184 1683 5240 ὲκατοντάδα.
1706 5184 1817 5238 Καὶ

254 5284 487 5357 ζητήσας
510 5286 579 5340 τὰ
606 5288 768 5349 ὃμοια
801 5287 865 5337 ἐκ
889 5283 995 5336 τῶν
1026 5281 1254 5353 Γραφῶν
1286 5280 1557 5351 εὑρήσεις.

331 5535 625 5609 ‘Iﬂeg.xv,
668 5537 754 5592 11.
829 5537 851 5567 ³
875 5533 1011 5592 Gen.
1039 5547 1157 5598 vm,
1180 5532 1271 5587 20.
1328 5533 1347 5563 ³
1373 5532 1525 5587 Deut.
1555 5549 1718 5603 xxxn,
1750 5533 1842 5590 52.

330 5700 433 5772 (Δι’)
466 5703 543 5759 Ex
577 5704 701 5759 cod.
734 5700 855 5772 55},
880 5715 1002 5770 pag.
1039 5698 1125 5757 24.

334 5770 626 5847 (δγϐοιιῐετ
658 5776 765 5831 huc
794 5770 1112 5844 Nyssenum.

1911 4542 2063 4611 juxta
2092 4557 2153 4596 ea
2181 4560 2302 4613 quze
2339 4545 2438 4613 ipsi
2458 4546 2606 4600 dicta
2639 4544 2857 4600 fuerant
2885 4565 2899 4600 :
2924 4547 3017 4600 sed
3050 4546 3199 4614 prius
3225 4547 3276 4599 in
3315 4545 3483 4615 Segor

1914 4646 2027 4696 est,
2068 4637 2504 4704 quandoquidem
2540 4637 2639 4691 sibi
2707 4653 2812 4690 non
2877 4639 3066 4693 ﬁderet
3137 4640 3187 4692 in
3248 4649 3483 4691 montem

1914 4730 2223 4783 ascendere.

2506 4901 2659 4961 CAP.
2701 4902 2885 4957 XXIII.

2020 4996 2086 5052 ν.
2110 4997 2195 5055 15.
2216 4997 2379 5052 Terra
2391 4996 2893 5067 quadringentorum
2915 4991 3371 5048 didrachmarnm.

1987 5088 2418 5153 Advertendum,
2462 5088 2605 5157 quod
2649 5087 2885 5157 sepulcri
2917 5087 3149 5156 pretium
3195 5085 3302 5141 sint
3348 5068 3486 5156 q‘ua-

1918 5184 2221 5253 dringenta,
2254 5193 2539 5253 propterea
2566 5185 2708 5251 quod
2730 5184 2796 5239 ad
2826 5197 3020 5239 noxam
3053 5183 3322 5251 pertinent
3345 5199 3485 5254 quae

1916 5277 2092 5330 ternio
2117 5287 2172 5331 et
2201 5276 2474 5331 centuria.
2514 5273 2579 5328 Et
2614 5290 2747 5329 sane
2783 5276 2829 5331 si
2851 5274 3140 5344 .requiras,
3186 5276 3383 5333 similia
3416 5289 3485 5329 ex

1918 5368 2213 5439 Scripturis
2243 5372 2509 5427 invenies.

1906 5532 2161 5607 {Matth
2213 5548 2279 5599 v,
2340 5534 2427 5587 15.
2500 5534 2521 5563 ⁸
2555 5532 2689 5588 ibid.

1998 5698 2074 5770 (θ.)
2102 5696 2235 5755 Cod.
2263 5695 2387 5763 554,
2412 5709 2535 5765 pag.
2567 5693 2653 5751 '59.
