4012 6340
257 353 332 409 (ὶὸ

1512 348 1767 408 ADNOT.
1803 347 1871 401 IN
1910 344 2298 403 DEUTEBON.
3456 342 3527 400 28

276 479 484 550 ἔχοντες
526 473 641 525 ἀπὸ
686 474 794 544 τῆς
840 473 1194 543 ὲμφυσήσεως
1240 466 1334 525 τοῦ
1375 472 1605 543 Κυρίου,
1649 471 1856 542 πνεῦμα

1968 471 2094 524 litus
2125 469 2421 524 demissum
2447 480 2462 518 :
2488 480 2591 519 non
2625 464 2873 534 spiritum
2913 464 2966 518 in
3001 463 3216 533 Spiritu,
3241 462 3400 517 alium
3430 481 3527 535 pro

275 562 594 635 κομίζονται
631 561 697 623 τὸ
728 562 950 632 ἀρχικὸν
978 560 1035 626 ἐξ
1064 562 1122 615 οὐ
1134 560 1293 631 ρανοῦ
1333 560 1823 631 καταπεμπόμενον
1844 579 1855 589 ”

269 659 335 710 οὐ
393 653 609 723 πνεῦμα
630 656 689 706 ὲν
703 653 1192 725 πνεύματι,ἓτερον
1206 655 1288 722 ἐφ’
1327 653 1534 723 ἐτέρου’
1571 652 1682 706 ἀλλ’
1711 654 1861 724 ἐνέρ-

272 764 341 814 γε
351 764 440 799 ιαν
458 748 513 799 ὲν
524 742 599 813 τῷ
610 742 763 814 αὐτῴ
780 743 1067 813 πνεύματι,
1082 742 1329 814 καθάπερ
1343 745 1369 795 ὁ
1381 742 1589 806 Παῦλος
1601 742 1856 796 διδάσκει.

960 853 1115 905 ΚΕΦ.
1150 854 1221 904 Δ¹.

289 952 445 1023 Στίχ.
488 946 570 1001 ιδ’.
615 946 729 1023 Καὶ
790 944 1059 1023 ὲλᾴλησε
1110 946 1338 1023 ’Κύριος
1365 944 1533 1023 ,πρὸς
1581 942 1738 1023 inici?
1792 944 1859 1023 {ac

361 1013 548 1157 ξέέσου
590 1017 697 1073 τοῦ
737 1015 924 1084 πυρὸς
971 1016 1178 1083 φωνὴν
1218 1014 1517 1084 ῥημάτων,
1569 1013 1647 1081 ῆν
1694 1013 1861 1083 ὑμεῖς

407 1105 687 1142 κουσατε.

407 1105 687 1142 κουσατε.

360 1180 472 1249 (52)
484 1178 594 1233 Τοῦ
610 1179 795 1233 αὐτοῦ
807 1179 964 1244 ειςτό
975 1176 1141 1231 αὐτό.
1163 1176 1350 1240 Ἀλλος
1380 1174 1511 1246 φησί
1525 1191 1539 1205 ο
1568 1174 1733 1244 Δῆλον
1752 1172 1861 1245 γὰρ

282 1272 363 1323 ὅτι
386 1273 499 1332 τοῖς
526 1270 625 1340 τῆς
641 1268 872 1331 διανοίας
896 1265 1188 1336 ὀφθαλμοῖς
1219 1266 1411 1336 θεωρεῖ
1438 1282 1520 1328 τις
1560 1265 1652 1317 καὶ
1674 1262 1858 1316 ἀκούει

282 1360 351 1412 τὰ
390 1361 666 1429 νοήματα.

750 1451 861 1519 (33)
902 1449 1113 1518 Φωνὴν
1134 1448 1433 1518 ῥημάτων.

366 1543 639 1597 Ἐνταῦθα
682 1543 751 1595 τὰ
786 1541 923 1595 κατὰ
974 1541 1134 1610 φύσιν
1174 1539 1412 1611 εἴρηκεν,
1466 1539 1545 1592 ὅτι
1597 1538 1735 1610 ἀκοὴ
1777 1539 1859 1592 δέ-

283 1656 440 1708 χεται
470 1638 573 1709 τὴν
621 1638 820 1708 φωνήν.
850 1638 1013 1690 ’Ὀσον
1042 1636 1150 1706 γάρ
1180 1636 1285 1689 ἀπὸ
1313 1636 1410 1705 τῆς
1442 1635 1723 1707 ἀκριϐείας
1765 1634 1857 1687 τοῦ

283 1734 645 1801 γράμματος,
696 1729 829 1800 μόνη
891 1730 923 1798 ἡ
977 1727 1273 1796 Δεκάλογος
1307 1724 1373 1799 ἦν
1422 1729 1479 1781 ὲν
1524 1730 1640 1789 ταῖς
1697 1726 1859 1791 πλαξὶ

1963 568 2099 630 alio;
2132 566 2223 620 sed
2249 566 2501 619 virtutem
2532 564 2585 617 in
2614 562 2799 617 eodem
2826 563 3041 634 spiritu,
3076 563 3523 632 quemadmodum

1962 656 2157 711 Paulus
2188 657 2363 711 docet.

2597 846 2746 902 CAP.
2788 846 2874 903 IV.

1964 960 2024 1014 ν.
2062 962 2147 1015 19..
2188 961 2253 1013 Et
2279 962 2482 1014 loculus
2508 971 2580 1012 est
2607 958 2860 1013 Dominus
2884 961 2953 1012 ad
2991 976 3076 1012 vos
3110 962 3172 1013 de
3198 964 3364 1016 medio
3386 962 3524 1032 ignis

2191 1048 2361 1084 vocem
2387 1033 2682 1094 verborum,
2710 1048 2867 1099 quam
2900 1047 2986 1083 vos
3023 1034 3265 1084 audistis.

2032 1166 2285 1231 Eiusdem
2341 1168 2393 1218 in
2440 1168 2673 1219 eumdem
2719 1166 2911 1218 locum.
2966 1163 3118 1215 Alius
3150 1164 3297 1217 dicit.
3328 1165 3523 1235 Liquet

1959 1261 2099 1313 enim
2125 1260 2267 1327 quod
2304 1259 2477 1313 oculis
2512 1262 2707 1313 mentis
2732 1258 3131 1328 contemplatur
3153 1260 3273 1329 quis
3303 1270 3354 1312 et
3379 1260 3527 1314 audit

1961 1352 2213 1421 cogitata.

2489 1442 2676 1497 Vocem
2705 1445 2991 1498 verborum.

2032 1534 2128 1588 Hic
2173 1549 2295 1604 qua:
2326 1535 2593 1589 naturalia
2627 1544 2752 1591 sunt
2784 1536 2961 1590 dixit:
2992 1537 3207 1593 auditus
3230 1539 3372 1594 enim
3401 1553 3528 1609 per-

1961 1626 2095 1694 cipit
2138 1641 2347 1680 vocem.
2404 1625 2675 1691 Quantum
2736 1629 2879 1682 enim
2935 1631 2999 1684 ad
3046 1632 3281 1702 rigorem
3329 1631 3525 1686 littera

1962 1720 2214 1785 pertinet,
2248 1718 2393 1773 solus
2420 1721 2717 1789 Decalogus
2737 1731 2851 1773 erat
2880 1722 2930 1775 in
2959 1722 3155 1777 tabulis
3187 1724 3519 1794 descriptus:

284 1821 671 1894 γεγραμμένη,
711 1821 778 1873 τὰ
805 1820 862 1873 δὲ
898 1818 1056 1872 λοιπὰ
1080 1819 1169 1872 διά
1208 1818 1626 1889 προστάγματος
1665 1815 1799 1868 Θεοῦ
1834 1818 1856 1866 ό

1964 1822 2156 1863 caetera
2192 1826 2325 1865 vero
2357 1828 2422 1865 ex
2445 1812 2601 1881 jussu
2630 1813 2724 1867 Dei
2764 1813 2975 1883 Moyses
3008 1815 3243 1870 edocuit.

285 1913 528 1983 Μωῡσῆς
556 1910 777 1976 ἐδίδαξε,

936 2002 1089 2052 ΚΕΦ.
1123 2002 1217 2052 ΙΔ¹.

285 2096 441 2165 Στίχ.
476 2094 559 2147 ιϐ’.
800 2091 1001 2165 Πάντα
1031 2091 1100 2143 τὰ
1145 2091 1361 2165 έρπετὰ
1412 2089 1529 2142 τῶν
1585 2088 1867 2143 πετεινῶν

825 2161 1126 2229 ἀκάθαρτα
1148 2162 1334 2213 ἔσται.

358 2252 487 2306 Τῶν
521 2252 795 2314 πετεινῶν,
835 2248 1017 2320 οἶμαι,
1049 2252 1147 2303 ὅσα
1188 2250 1289 2319 μὲν
1322 2250 1588 2312 σκόλοπας
1619 2250 1728 2319 ἔχει
1770 2267 1865 2302 κα-

284 2346 510 2415 τωτέρω
542 2343 649 2395 τῶν
680 2343 917 2412 γονάτων
962 2342 1100 2413 ὑπὲρ
1146 2342 1245 2420 τᾲς
1278 2341 1489 2411 βάσεις,
1535 2340 1751 2411 καθαρὰ
1790 2337 1863 2393 εἷ-

289 2454 370 2489 ναι
401 2436 648 2507 βούλεται
666 2452 678 2465 ’
706 2437 803 2488 ὅσα
832 2435 887 2488 δὲ
916 2435 1013 2506 μὴ,
1040 2433 1370 2505 ἀκάθαρτα.)
1408 2431 1861 2501 Ἀπολεάσκειτοί-

287 2548 379 2581 νυν
408 2529 435 2579 ὁ
482 2528 646 2598 νόμος
677 2527 781 2580 τὸν
812 2526 1008 2588 ἀετὸν,
1062 2524 1160 2578 καὶ
1206 2525 1311 2577 τὸν
1344 2525 1556 2592 τρύπα,
1609 2524 1703 2576 καὶ
1754 2524 1861 2576 τίν

287 2620 597 2684 ἀνηαιτον,
645 2620 739 2672 καὶ
799 2618 1005 2687 μέντοι
1054 2617 1150 2670 καὶ
1197 2615 1302 2669 τὸν
1356 2617 1533 2686 Tum.
1579 2616 1860 2669 Διίπταται

289 2713 396 2784 γὰρ
430 2712 562 2781 ὑψοῦ
604 2713 673 2764 τὰ
706 2712 902 2775 τοιάδε,
950 2711 1044 2763 καὶ
1094 2713 1202 2773 τοῖς
1236 2709 1491 2762 ἀνωτάτω
1533 2708 1650 2760 λίαν
1695 2711 1861 2777 ἐναμ-

286 2804 576 2875 6ρύνεσθοιι
609 2804 780 2873 φιλεῖ,
825 2802 918 2855 καὶ
953 2804 1102 2872 μισεῖ
1131 2801 1199 2854 τὰ
1229 2801 1395 2854 κάτω·
1426 2801 1683 2854 [Vt-200002
1726 2806 1857 2870 γὰρ,

287 2898 451 2968 φησὶ,
496 2896 685 2966 γυπὸς
731 2896 803 2948 τὰ
852 2895 1063 2963 ὑψηλὰ
1122 2894 1415 2947 πέτανται.
1454 2893 1749 2946 Τοιουτωσὶ
1803 2893 1859 2946 δέ

286 3006 405 3052 πως
446 2992 475 3042 ὀ
524 2988 992 3059 ὲξοφρυσσάμενον
1045 2985 1155 3056 (35)
1198 2986 1357 3054 ἄγαν,
1411 2986 1504 3039 καὶ
1551 2984 1858 3058 ἐπῃρμένον

283 3080 427 3152 ἒχων
464 3082 521 3133 ὲν
551 3078 727 3149 ἐαυτῷ
760 3080 847 3131 τον
880 3078 1023 3141 νοῦν,
1067 3080 1161 3131 καὶ
1190 3078 1283 3130 τοῦ
1320 3078 1418 3149 μὲν
1456 3078 1725 3141 ἐπιεικοῦς
1764 3080 1855 3131 καὶ

2580 2013 2729 2065 CAP.
2768 2012 2906 2066 XIV.

1971 2123 2030 2178 Υ.
2080 2123 2168 2178 19.
2209 2122 2399 2176 Omnia
2444 2124 2650 2191 rcptilia
2700 2126 2989 2177 t-olutilium
3028 2126 3294 2180 immunda
3345 2138 3519 2183 erunt.

2038 2257 2370 2324 Volatilium,
2408 2270 2554 2327 puto,
2591 2274 2927 2328 quaecunque
2962 2260 3120 2316 tibias
3154 2264 3352 2319 habent
3379 2266 3523 2320 inl’ra

1962 2365 2132 2419 genua
2182 2366 2341 2420 supra
2400 2351 2593 2416 pedum
2645 2351 2881 2419 plantas,
2942 2354 3139 2407 munda
3193 2370 3310 2410 esse
3365 2358 3521 2411 vult:

1962 2457 2297 2511 quaecunque
2356 2457 2485 2495 vero
2538 2456 2640 2495 non
2709 2443 2856 2506 item,
2914 2444 3211 2499 immunda.
3272 2445 3527 2502 Prohibet

1962 2541 2243 2601 propterea
2270 2531 2354 2586 lex
2380 2532 2614 2600 aquilam
2642 2543 2689 2583 et
2721 2532 2998 2597 rulturem,
3034 2544 3081 2588 et
3104 2537 3334 2605 aquilam
3364 2538 3529 2590 mari-

1961 2640 2102 2687 nam,
2130 2624 2355 2692 itemque
2379 2625 2682 2690 accipitrem
2720 2624 2782 2677 ’⁵.
2819 2622 3007 2677 Volaut
3039 2627 3181 2679 enim
3218 2628 3268 2681 in
3298 2628 3529 2682 sublime

1960 2715 2210 2767 animalia
2243 2715 2589 2784 huiusmodi,
2639 2716 2921 2784 solemque
2966 2717 3019 2769 in
3065 2717 3339 2774 altissimis
3384 2721 3530 2776 aeris

1961 2808 2203 2875 partibus
2226 2807 2592 2874 circumferri,
2624 2819 2678 2863 et
2704 2809 2811 2862 ima
2847 2809 2961 2862 loca
2997 2821 3338 2867 aversantur.
3381 2810 3524 2867 Pulli

1958 2899 2117 2963 enim,
2140 2898 2338 2968 inquit,
2363 2899 2589 2953 vulturis
2614 2899 2893 2954 celsissime
2923 2901 3099 2954 volant
3129 2903 3191 2955 ¹⁶.
3245 2902 3397 2958 Haud
3424 2905 3524 2957 ali-

1960 2999 2041 3044 ter
2066 2992 2466 3059 quodammudo
2498 2992 2587 3060 qui
2622 2992 3028 3059 superciliosam
3057 2993 3220 3049 nimis
3247 3005 3300 3049 et
3338 3012 3523 3065 super-

1958 3086 2079 3137 bam
2108 3082 2271 3136 habet
2292 3084 2345 3136 in
2380 3098 2437 3136 se
2466 3094 2735 3148 mentem,
2766 3085 3153 3154 consuevitque
3183 3088 3420 3142 sobrium
3459 3108 3522 3144 ac

288 3174 513 3243 μετρίου
550 3173 893 3243 φρονήματος
930 3171 1200 3243 ὑπερορᾷν
1228 3169 1533 3241 ὴθισμένος,
1565 3171 1763 3240 ἣκιστα
1796 3171 1853 3225 δὲ

1960 3176 2282 3230 mediocrem
2312 3191 2529 3230 sensum
2561 3177 2859 3247 despicatui
2905 3177 3125 3244 habere,
3168 3194 3267 3234 nec
3320 3180 3523 3247 patitur

282 3260 518 3329 ἀγαπῶν
559 3262 621 3313 τὸ
652 3264 762 3323 τοῖς
801 3263 1073 3322 ταπεινοῖς
1121 3259 1545 3328 συναπάγεσθαι.
1577 3263 1852 3330 Συγκατα-

282 3355 441 3425 ψέγει
472 3354 527 3406 δὲ
557 3353 762 3416 τούτοις
797 3351 905 3423 (36)
939 3353 1033 3405 καὶ
1061 3352 1150 3405 τὸν
1191 3352 1399 3418 ὶκτῖνα,
1442 3353 1542 3406 καὶ
1579 3353 1650 3406 τὰ
1683 3355 1854 3424 ὅμοια

282 3446 472 3511 αὐτῷ·
510 3446 575 3497 δι’
605 3440 679 3499 ὧν
720 3440 778 3498 εὖ
830 3446 971 3513 μάλα
1016 3444 1339 3516 σημαίνεται
1378 3446 1439 3499 τό
1483 3463 1541 3499 τε
1588 3447 1853 3518 ἁρπάζειν

286 3541 425 3604 εἱδὸς
453 3541 546 3593 καὶ
575 3539 742 3593 δεινὸν
765 3542 841 3601 είς
861 3540 1190 3612 κακουργίαν
1213 3539 1309 3594 ἀνθ
1318 3539 1513 3611 ρώπων
1536 3541 1709 3607 γένος.
1741 3543 1850 3594 Καὶ

286 3632 493 3688 τούτων
527 3632 624 3703 μὲν
658 3632 1006 3701 πρωτότυπος
1046 3632 1204 3698 ίκτὶν,
1233 3633 1292 3684 οὐ
1326 3631 1556 3701 θατέρου
1589 3648 1652 3699 γε
1695 3632 1797 3704 μὴν
1826 3634 1855 3684 ὁ

292 3723 665 3796 μελανώτατος
704 3724 795 3775 καὶ
848 3722 1032 3792 βαθύς.
1076 3724 1345 3775 Σκοτεινοὶ
1376 3723 1433 3775 δέ
1479 3740 1595 3785 πως
1639 3726 1730 3775 καὶ
1762 3726 1857 3795 οὐχ

290 3818 493 3871 ἅπασιν
536 3817 783 3886 ἐναργεῖς
829 3814 938 3883 (37)
982 3816 1031 3866 οί
1071 3814 1289 3884 δρομεῖς
1330 3816 1406 3876 εἰς
1456 3815 1717 3883 πονηρίαν
1768 3816 1858 3867 καὶ

291 3910 628 3979 ἁσυμφορεῖς
659 3907 791 3980 (37')
808 3909 919 3968 τοῖς
954 3906 1184 3968 πολλοῖς,
1206 3904 1259 3957 ἐν
1288 3922 1348 3972 γε
1382 3905 1445 3976 δὴ
1478 3904 1656 3974 σφίσιν
1678 3906 1857 3968 αὐτοῖς

294 3999 619 4069 παρέχοντες
677 3997 989 4069 μοχθηρίαν.
1045 3995 1411 4066 Παραπέφυκέ
1466 4014 1581 4058 πως
1617 3997 1702 4049 ἀεὶ
1746 3998 1858 4060 τοῖς

290 4089 384 4161 τὴν
441 4090 713 4161 ἐπάρατον
768 4088 1079 4152 ἀλαζονείαν
1138 4088 1514 4158 ὴρρωστηκόσι
1575 4086 1635 4140 τδ
1696 4086 1855 4139 πλεο-

290 4185 497 4235 νεκτεῖν
534 4182 764 4235 ἐθέλειν·
801 4178 893 4242 οὓς
926 4181 985 4231 οὐ
1019 4178 1239 4231 δύναται
1272 4179 1330 4231 τὸ
1368 4179 1525 4248 τυχὸν
1558 4180 1652 4232 καὶ
1698 4179 1856 4231 πολυ-

288 4274 506 4345 τρόποις
554 4270 905 4340 κακουργίαις
940 4269 1048 4338 (38)
1080 4268 1485 4320 ἐκπλεονεκτεῖν
1525 4269 1851 4340 εὑρήμασινο

292 4362 659 4436 καθαρπάζειν
690 4364 745 4416 δὲ
783 4362 925 4416 οὕτω
982 4362 1076 4414 καὶ
1126 4361 1283 4413 τοῦτο
1327 4362 1632 4432 ἀπλήστως.
1676 4360 1854 4432 Ταύτῃ

290 4474 366 4510 τοι
413 4458 524 4527 (39)
580 4454 834 4509 συνάπτει
884 4454 1055 4523 λέγων
1114 4453 1305 4515 εὐθύς·
1342 4453 1448 4506 Καὶ
1514 4456 1850 4522 στρουθίον,

292 4550 383 4602 καὶ
431 4548 638 4615 λάρον.
674 4548 954 4617 Ἀπληστα
987 4549 1095 4616 γὰρ
1126 4543 1275 4617 οἶμαι
1316 4547 1493 4609 ταυτὶ,
1526 4546 1587 4597 τὸ
1638 4563 1851 4616 παρεμ-

294 4647 484 4696 πῖπτον
516 4644 600 4696 del.
644 4642 980 4709 συλλέγοντα.
1021 4636 1153 4694 Εἶτά
1188 4658 1367 4710 φησιν,
1401 4640 1482 4691 ὃτι
1512 4637 1712 4705 Ιέρακα
1753 4640 1849 4691 καὶ

295 4735 359 4789 τὰ
394 4735 565 4805 ὅμοια
615 4733 791 4799 αὐτῷ,
830 4734 927 4787 καὶ
971 4734 1391 4799 νυκτικόρακα,
1439 4729 1539 4783 καὶ
1599 4728 1851 4797 καταρά-

295 4844 457 4895 κτην,
487 4828 587 4881 καὶ
623 4827 760 4890 ἴϐιν,
796 4827 892 4879 καὶ
924 4825 1357 4894 προσφορίονα,
1397 4824 1493 4876 καὶ
1532 4822 1849 4886 πελεκᾶνα,

302 4921 392 4975 καὶ
424 4923 668 4975 κύκνον.
696 4918 1049 4989 Καταγράψει
1079 4918 1123 4970 δ’
1147 4917 1212 4971 ἂν
1244 4916 1328 4984 ἐφ’
1350 4916 1559 4976 ἑαυτοῖς
1591 4916 1683 4967 καὶ
1708 4914 1855 4978 τάδε,

302 5012 387 5063 καὶ
418 5013 541 5075 τοὺς
570 5012 751 5082 ὠμοὺς
784 5011 877 5063 καὶ
910 5010 1113 5080 ἀγρίως
1147 5007 1364 5078 ἑτέρους
1395 5006 1853 5071 ἐπιϐουλεύοντας,

298 5104 383 5154 καὶ
428 5102 670 5171 ἀσχέτως
702 5100 1093 5169 ἐπιφυομένους
1130 5092 1209 5161 οἷς
1259 5097 1325 5149 ἂν
1368 5096 1610 5149 δύναιντο
1658 5096 1851 5166 τυχόν·

365 5222 406 5251 ’⁵
464 5223 617 5275 Dcut.
693 5238 808 5284 xw,
866 5222 950 5274 1‘2.
1027 5219 1197 5274 "Job
1229 5219 1365 5285 v,7.

366 5363 473 5433 (32)
511 5362 818 5429 Sequuntur
843 5367 962 5429 post
995 5361 1124 5415 edit.
1167 5375 1288 5432 pag.
1330 5358 1454 5425 387,
1486 5360 1537 5411 iu
1561 5360 1682 5413 cod.
1717 5357 1844 5413 551.

366 5434 476 5486 (55)
502 5432 633 5486 Cod.
662 5433 784 5486 551.

366 5434 476 5491 (55)
502 5433 633 5486 Cod.
662 5433 784 5486 551.

368 5436 476 5503 (33)
502 5436 633 5486 Cod.
662 5436 784 5486 551.

368 5504 478 5570 (3i)
512 5502 643 5567 Qua:
683 5503 742 5571 ()
783 5501 1134 5571 includuntur
1189 5501 1259 5553 De
1306 5500 1350 5552 la
1384 5499 1495 5571 Rue
1534 5497 1671 5550 male
1728 5498 1851 5571 sui»

296 5575 468 5641 pinxit
496 5588 544 5622 ν.
577 5572 630 5635 9,
654 5570 743 5640 qui
773 5574 836 5625 de
858 5572 1098 5641 piscibus
1122 5570 1378 5640 loquitur.
1416 5570 1551 5624 Sunt
1582 5575 1756 5621 autem
1798 5570 1851 5621 iu

304 5644 414 5699 cod.
462 5642 583 5697 551.
622 5658 674 5710 p.
705 5641 829 5695 919.

365 5714 476 5785 (33’)
506 5707 1038 5785 _’1§t’;o<ppuacdtp.evov,
1066 5710 1149 5769 vel
1179 5710 1356 5783 potius
1384 5707 1836 5781 ἐξωφρυωμένον.

368 5782 478 5857 (36)
502 5782 625 5852 us...
656 5783 818 5857 τούτη

1453 5218 1493 5248 ¹’
1536 5219 1686 5274 Dcul.
1728 5233 1840 5283 xw,
1868 5218 1953 5272 13.

1957 3267 2251 3322 humilibus
2277 3268 2671 3324 obsecundare.
2727 3268 2859 3323 Cum
2913 3269 3063 3323 hisce
3108 3270 3523 3324 abominabilcm

1956 3360 2117 3412 edicit
2145 3375 2359 3429 quoque
2404 3361 2701 3417 miluum.“
2745 3362 2790 3415 si
2824 3377 2926 3429 qua
2958 3372 3077 3415 sunt
3111 3362 3157 3415 ei
3208 3363 3403 3415 similia
3456 3364 3519 3416 ".

1955 3449 2057 3504 Per
2106 3466 2223 3519 quae
2259 3451 2463 3520 Optime
2530 3452 2773 3505 innuitur
2813 3451 3092 3505 hominum
3125 3466 3294 3519 genus
3346 3454 3410 3505 ad
3438 3470 3525 3505 ra-

1958 3543 2137 3611 pinam
2173 3554 2447 3597 assuetum
2472 3582 2488 3606 ,
2527 3552 2579 3597 et
2612 3558 2737 3596 acre
2782 3542 2847 3594 ad
2889 3543 3026 3595 mala
3080 3544 3382 3597 inferenda.
3419 3544 3526 3596 Ilo-

1962 3648 2077 3686 rum
2127 3634 2428 3702 przecipuus
2489 3643 2645 3703 typus
2700 3634 2894 3688 milvus
2946 3634 3131 3697 fuerit,
3174 3648 3284 3699 pra:
3314 3634 3524 3686 caeteris

1962 3734 2135 3777 tamen
2167 3727 2257 3793 qui
2290 3726 2527 3779 maxime
2573 3726 2726 3792 niger
2755 3735 2836 3778 est
2882 3737 2935 3778 et
2958 3723 3218 3793 profunda
3253 3726 3401 3793 petit.
3434 3724 3524 3779 El-

1960 3818 2102 3869 enim
2126 3817 2340 3871 obscuri
2360 3817 2912 3887 suutquodammodo,
2948 3832 3045 3871 nec
3070 3817 3318 3871 omnibus
3339 3816 3528 3871 obser-

1961 3906 2168 3961 Vabiles
2204 3919 2424 3961 ruentes
2468 3911 2520 3962 in
2573 3908 2856 3971 malitiam,
2900 3920 2953 3963 et
2980 3908 3148 3961 latent
3198 3907 3412 3975 multos,
3471 3910 3524 3961 in

1960 3999 2152 4066 seipsis
2185 4009 2363 4053 tamen
2394 4000 2720 4069 pravitatem
2761 3998 3042 4053 exhibent.
3089 3998 3312 4068 Semper
3342 4009 3522 4054 autem

1959 4091 2355 4159 quodammodo
2400 4092 2643 4147 adhazret
2676 4092 2742 4145 iis
2775 4091 2866 4161 qui
2910 4091 3218 4145 detestabili
3262 4092 3524 4161 jactantia

1960 4182 2228 4247 laborant,
2260 4183 2500 4236 avaritiae
2532 4181 2824 4251 appetitus,
2855 4197 2988 4251 quos
3015 4196 3119 4235 non
3147 4191 3325 4251 potest
3367 4181 3525 4237 facile

1957 4277 2229 4330 exsatiare
2265 4275 2603 4329 multimodis
2650 4275 2871 4328 malitia:
2907 4274 3171 4340 inventis,
3220 4276 3299 4327 sic
3347 4285 3522 4329 tamen

1960 4378 2016 4420 ut
2036 4377 2089 4421 et
2109 4368 2250 4422 istud
2280 4369 2350 4422 sit
2377 4368 2494 4423 sine
2517 4367 2767 4422 satietate
2793 4367 3045 4435 diripere.
3078 4365 3367 4433 Propterea
3401 4382 3525 4421 con-

1953 4455 2129 4525 jungit
2179 4456 2365 4509 statim
2403 4456 2633 4510 dicens:
2665 4454 2730 4508 Et
2784 4456 3070 4508 strulltium
3124 4464 3171 4506 et
3214 4454 3387 4507 larunt
3433 4457 3520 4511 "'.

1958 4544 2059 4599 Vix
2103 4548 2246 4599 enim
2283 4547 2401 4600 haec
2435 4547 2620 4599 satiari
2654 4556 2900 4615 possunt,
2943 4558 2996 4600 et
3036 4546 3295 4615 quidquid
3333 4562 3524 4601 occur-

1960 4639 2113 4701 rerit,
2150 4638 2435 4705 arripiunt.
2478 4637 2680 4691 Deinde
2707 4638 2868 4701 dicit,
2898 4640 3196 4703 accipitrem
3236 4648 3283 4690 et
3328 4639 3523 4692 similia

1958 4731 2056 4798 ipsi
2090 4730 2171 4784 ‘9:
2203 4739 2248 4783 et
2282 4746 2494 4782 corvum
2523 4743 2871 4793 nocturnum,
2907 4742 2953 4783 et
2986 4741 3281 4783 calaracten
3302 4770 3316 4793 ,
3339 4741 3384 4782 et
3417 4729 3525 4781 ibin

1960 4831 2006 4875 el
2042 4821 2481 4888 phosphorionem
2504 4859 2518 4883 ,
2546 4830 2592 4872 et
2621 4818 2947 4886 pelecanum,
2975 4832 3019 4873 et
3050 4837 3265 4890 cycnum
3297 4822 3359 4873 ".
3402 4820 3525 4875 Haec

1964 4911 2120 4966 facile
2152 4912 2200 4962 in
2242 4925 2302 4962 se
2348 4908 2479 4978 ipsis
2512 4908 2818 4976 exprimant
2863 4911 3110 4964 crudeles
3153 4910 3397 4963 homines
3421 4952 3434 4973 ,
3470 4918 3525 4963 ct

1961 5006 2053 5074 qui
2095 5002 2295 5056 acriter
2329 5002 2449 5056 aliis
2478 5000 2704 5054 insidias
2725 5011 2979 5065 struunt,
3016 5014 3178 5071 atque
3208 5002 3521 5056 intolerabi-

1962 5097 2088 5150 liter
2116 5095 2400 5149 immineut
2433 5093 2852 5163 quibuscunque
2891 5092 3031 5147 forte
3069 5103 3291 5159 possunt
3323 5111 3336 5145 :
3366 5103 3422 5146 ut
3466 5104 3521 5150 et

2040 5219 2104 5249 ιτ·
2136 5212 2263 5270 ibid.
2292 5212 2379 5266 15.
2580 5215 2620 5246 ιε
2646 5216 2776 5269 ibid.
2874 5215 2916 5248 ιο
2950 5213 3080 5267 ibid.
3123 5212 3305 5267 16-18.

2031 5359 2142 5424 (37)
2180 5360 2308 5421 Ms.,
2337 5358 2540 5427 ὲναγίς,
2572 5365 2623 5411 et
2659 5374 2777 5410 mox
2811 5356 3023 5419 αὐτούς.

2026 5429 2272 5500 (δῖ’)ᾲᾼη
2304 5426 2583 5498 legendum
2607 5426 2988 5500 άσυμςρανεῖςῖ
3026 5428 3183 5481 Ευιτ.
3216 5427 3453 5483 ΡΑτιιοι..

1989 5498 2138 5581 .(38)
2165 5498 2326 5554 Forte
2362 5500 2713 5571 κακουργίας.
2749 5498 2922 5553 Lucus
2974 5510 3151 5552 tamen
3206 5500 3516 5568 impeditior

1952 5572 2259 5709 vuigiil)h5ic
2292 5640 2661 5705 correximus,
2710 5652 2806 5707 pro
2846 5638 3137 5709 ταύτιτοις’
3203 5637 3324 5694 aliis
3376 5635 3517 5693 forte

1958 5708 2170 5775 τούτοις
2200 5725 2458 5779 reponere
2482 5711 2732 5781 placebit.
2764 5709 2921 5766 Eutr.
2956 5708 3196 5766 ΡΑτιιοι..
