  <div class='ocr_page' id='page_1' title='image "/cluster/home/n/w/nwhite01/storage/ocr_20150623/17/mdp.39015031604831/019.png"; bbox 0 0 4012 6340; ppageno 0'>
   <div class='ocr_carea' id='block_1_1' title="bbox 501 286 3789 351">
    <p class='ocr_par' dir='ltr' id='par_1_1' title="bbox 501 286 3789 351">
     <span class='ocr_line' id='line_1_1' title="bbox 501 286 3789 351; baseline -0.002 0"><span class='ocrx_word' id='word_1_1' title='bbox 501 292 570 351; x_wconf 69' lang='lat'><strong>2&#39;4&#39;</strong></span> <span class='ocrx_word' id='word_1_2' title='bbox 1364 290 1924 350; x_wconf 78' lang='lat' dir='ltr'><strong>SUPPLEMENTUM</strong></span> <span class='ocrx_word' id='word_1_3' title='bbox 1961 292 2054 348; x_wconf 86' lang='lat' dir='ltr'><strong>AD</strong></span> <span class='ocrx_word' id='word_1_4' title='bbox 2090 292 2409 351; x_wconf 77' lang='lat' dir='ltr'><strong>ORIGENIS</strong></span> <span class='ocrx_word' id='word_1_5' title='bbox 2446 290 2858 351; x_wconf 80' lang='lat' dir='ltr'><strong>EXEGETICA.</strong></span> <span class='ocrx_word' id='word_1_6' title='bbox 3717 286 3789 343; x_wconf 75' lang='lat'><strong>28</strong></span> 
     </span>
    </p>
   </div>
   <div class='ocr_carea' id='block_1_2' title="bbox 499 407 2083 489">
    <p class='ocr_par' dir='ltr' id='par_1_2' title="bbox 499 414 2063 486">
     <span class='ocr_line' id='line_1_2' title="bbox 499 414 2063 486; baseline -0.001 -15"><span class='ocrx_word' id='word_1_7' title='bbox 499 416 606 471; x_wconf 86' lang='lat' dir='ltr'><strong>hoc</strong></span> <span class='ocrx_word' id='word_1_8' title='bbox 625 415 798 484; x_wconf 84' lang='lat' dir='ltr'><strong>ipsum</strong></span> <span class='ocrx_word' id='word_1_9' title='bbox 823 424 1163 471; x_wconf 87' lang='lat' dir='ltr'><strong>transversos</strong></span> <span class='ocrx_word' id='word_1_10' title='bbox 1187 422 1328 485; x_wconf 77' lang='lat' dir='ltr'><strong>agat,</strong></span> <span class='ocrx_word' id='word_1_11' title='bbox 1355 429 1422 469; x_wconf 91' lang='lat' dir='ltr'><strong>ne</strong></span> <span class='ocrx_word' id='word_1_12' title='bbox 1446 414 1719 470; x_wconf 83' lang='lat' dir='ltr'><strong>declinare</strong></span> <span class='ocrx_word' id='word_1_13' title='bbox 1739 415 1868 486; x_wconf 91' lang='lat' dir='ltr'><strong>quid</strong></span> <span class='ocrx_word' id='word_1_14' title='bbox 1894 415 2063 486; x_wconf 98' lang='lat' dir='ltr'><strong>possit</strong></span> 
     </span>
    </p>
   </div>
   <div class='ocr_carea' id='block_1_3' title="bbox 2203 407 3787 489">
    <p class='ocr_par' dir='ltr' id='par_1_3' title="bbox 2203 407 3787 489">
     <span class='ocr_line' id='line_1_3' title="bbox 2203 407 3787 489; baseline -0.005 -18"><span class='ocrx_word' id='word_1_15' title='bbox 2203 434 2237 480; x_wconf 80' lang='grc' dir='ltr'>›ς</span> <span class='ocrx_word' id='word_1_16' title='bbox 2262 417 2356 470; x_wconf 76' lang='grc' dir='ltr'><strong>καὶ</strong></span> <span class='ocrx_word' id='word_1_17' title='bbox 2395 416 2559 471; x_wconf 78' lang='grc' dir='ltr'>αὑτὸν</span> <span class='ocrx_word' id='word_1_18' title='bbox 2601 415 2857 489; x_wconf 82' lang='grc' dir='ltr'>ὑποφέρει</span> <span class='ocrx_word' id='word_1_19' title='bbox 2878 414 2941 469; x_wconf 83' lang='grc' dir='ltr'>οὐ</span> <span class='ocrx_word' id='word_1_20' title='bbox 2985 409 3406 488; x_wconf 78' lang='grc' dir='ltr'>παραιτεῖσθαί</span> <span class='ocrx_word' id='word_1_21' title='bbox 3450 426 3513 464; x_wconf 83' lang='grc' dir='ltr'><strong>τι</strong></span> <span class='ocrx_word' id='word_1_22' title='bbox 3550 407 3653 464; x_wconf 74' lang='grc' dir='ltr'>τὸν</span> <span class='ocrx_word' id='word_1_23' title='bbox 3695 409 3787 464; x_wconf 70' lang='grc' dir='ltr'>ἐπὶ</span> 
     </span>
    </p>
   </div>
   <div class='ocr_carea' id='block_1_4' title="bbox 501 501 2085 579">
    <p class='ocr_par' dir='ltr' id='par_1_4' title="bbox 501 505 2066 576">
     <span class='ocr_line' id='line_1_4' title="bbox 501 505 2066 576; baseline 0.003 -17"><span class='ocrx_word' id='word_1_24' title='bbox 501 506 627 560; x_wconf 70' lang='lat' dir='ltr'><strong>vitae</strong></span> <span class='ocrx_word' id='word_1_25' title='bbox 667 505 967 576; x_wconf 85' lang='lat' dir='ltr'><strong>periculum</strong></span> <span class='ocrx_word' id='word_1_26' title='bbox 1020 516 1075 560; x_wconf 94' lang='lat' dir='ltr'><strong>et</strong></span> <span class='ocrx_word' id='word_1_27' title='bbox 1120 514 1345 560; x_wconf 91' lang='lat' dir='ltr'><strong>metum.</strong></span> <span class='ocrx_word' id='word_1_28' title='bbox 1393 505 1668 576; x_wconf 80' lang='lat' dir='ltr'><strong>Accipiter</strong></span> <span class='ocrx_word' id='word_1_29' title='bbox 1715 508 1859 561; x_wconf 90' lang='lat' dir='ltr'><strong>enim</strong></span> <span class='ocrx_word' id='word_1_30' title='bbox 1905 508 2066 563; x_wconf 87' lang='lat' dir='ltr'><strong>irruit</strong></span> 
     </span>
    </p>
   </div>
   <div class='ocr_carea' id='block_1_5' title="bbox 2202 501 3786 579">
    <p class='ocr_par' dir='ltr' id='par_1_5' title="bbox 2202 501 3786 579">
     <span class='ocr_line' id='line_1_5' title="bbox 2202 501 3786 579; baseline -0.003 -18"><span class='ocrx_word' id='word_1_31' title='bbox 2202 511 2274 579; x_wconf 79' lang='grc' dir='ltr'><strong>ωῇ</strong></span> <span class='ocrx_word' id='word_1_32' title='bbox 2303 507 2545 561; x_wconf 87' lang='grc' dir='ltr'>κίνδυνόν</span> <span class='ocrx_word' id='word_1_33' title='bbox 2569 523 2629 560; x_wconf 89' lang='grc' dir='ltr'><strong>τε</strong></span> <span class='ocrx_word' id='word_1_34' title='bbox 2661 507 2754 561; x_wconf 74' lang='grc' dir='ltr'>καὶ</span> <span class='ocrx_word' id='word_1_35' title='bbox 2780 506 2963 577; x_wconf 83' lang='grc' dir='ltr'>φόϐον.</span> <span class='ocrx_word' id='word_1_36' title='bbox 3004 503 3063 561; x_wconf 85' lang='lat'><strong>&#39;0</strong></span> <span class='ocrx_word' id='word_1_37' title='bbox 3101 505 3210 577; x_wconf 84' lang='grc' dir='ltr'>μὲν</span> <span class='ocrx_word' id='word_1_38' title='bbox 3254 504 3380 575; x_wconf 84' lang='grc' dir='ltr'><strong>γὰρ</strong></span> <span class='ocrx_word' id='word_1_39' title='bbox 3418 501 3581 575; x_wconf 83' lang='grc' dir='ltr'><strong>ἱέραξ</strong></span> <span class='ocrx_word' id='word_1_40' title='bbox 3615 519 3786 557; x_wconf 87' lang='grc' dir='ltr'>κατα-</span> 
     </span>
    </p>
   </div>
   <div class='ocr_carea' id='block_1_6' title="bbox 506 591 2090 668">
    <p class='ocr_par' dir='ltr' id='par_1_6' title="bbox 506 596 2068 667">
     <span class='ocr_line' id='line_1_6' title="bbox 506 596 2068 667; baseline 0.001 -14"><span class='ocrx_word' id='word_1_41' title='bbox 506 598 709 667; x_wconf 86' lang='lat' dir='ltr'><strong>impetu</strong></span> <span class='ocrx_word' id='word_1_42' title='bbox 748 599 802 653; x_wconf 86' lang='lat' dir='ltr'><strong>in</strong></span> <span class='ocrx_word' id='word_1_43' title='bbox 832 612 1049 654; x_wconf 89' lang='lat' dir='ltr'><strong>omnem</strong></span> <span class='ocrx_word' id='word_1_44' title='bbox 1075 596 1347 651; x_wconf 78' lang='lat' dir='ltr'><strong>volucrem</strong></span> <span class='ocrx_word' id='word_1_45' title='bbox 1373 596 1746 663; x_wconf 84' lang='lat' dir='ltr'><strong>inﬁrmiorem,</strong></span> <span class='ocrx_word' id='word_1_46' title='bbox 1773 606 1829 653; x_wconf 90' lang='lat' dir='ltr'><strong>et</strong></span> <span class='ocrx_word' id='word_1_47' title='bbox 1855 599 1909 653; x_wconf 93' lang='lat' dir='ltr'><strong>in</strong></span> <span class='ocrx_word' id='word_1_48' title='bbox 1940 614 2068 655; x_wconf 82' lang='lat' dir='ltr'><strong>aves</strong></span> 
     </span>
    </p>
   </div>
   <div class='ocr_carea' id='block_1_7' title="bbox 2188 591 3772 668">
    <p class='ocr_par' dir='ltr' id='par_1_7' title="bbox 2188 591 3772 668">
     <span class='ocr_line' id='line_1_7' title="bbox 2188 591 3772 668; baseline -0.004 -19"><span class='ocrx_word' id='word_1_49' title='bbox 2188 596 2395 668; x_wconf 74' lang='lat' dir='ltr'><strong>tptbcxet</strong></span> <span class='ocrx_word' id='word_1_50' title='bbox 2434 613 2494 648; x_wconf 88' lang='grc' dir='ltr'><strong>τε</strong></span> <span class='ocrx_word' id='word_1_51' title='bbox 2529 594 2715 659; x_wconf 83' lang='grc' dir='ltr'>δεινῶς</span> <span class='ocrx_word' id='word_1_52' title='bbox 2777 594 2976 658; x_wconf 84' lang='grc' dir='ltr'>παντὸς</span> <span class='ocrx_word' id='word_1_53' title='bbox 3005 591 3430 666; x_wconf 79' lang='grc' dir='ltr'><strong>ἀσθενεστέρου</strong></span> <span class='ocrx_word' id='word_1_54' title='bbox 3490 591 3772 654; x_wconf 82' lang='grc' dir='ltr'>πετεινοῦ,</span> 
     </span>
    </p>
   </div>
   <div class='ocr_carea' id='block_1_8' title="bbox 502 680 2086 761">
    <p class='ocr_par' dir='ltr' id='par_1_8' title="bbox 502 685 2065 756">
     <span class='ocr_line' id='line_1_8' title="bbox 502 685 2065 756; baseline 0.002 -15"><span class='ocrx_word' id='word_1_55' title='bbox 502 685 771 751; x_wconf 76' lang='lat' dir='ltr'><strong>defertur,</strong></span> <span class='ocrx_word' id='word_1_56' title='bbox 830 702 965 755; x_wconf 87' lang='lat' dir='ltr'><strong>quas</strong></span> <span class='ocrx_word' id='word_1_57' title='bbox 1014 699 1136 739; x_wconf 91' lang='lat' dir='ltr'><strong>cum</strong></span> <span class='ocrx_word' id='word_1_58' title='bbox 1196 686 1422 756; x_wconf 84' lang='lat' dir='ltr'><strong>ceperit,</strong></span> <span class='ocrx_word' id='word_1_59' title='bbox 1481 687 1682 756; x_wconf 92' lang='lat' dir='ltr'><strong>perdit.</strong></span> <span class='ocrx_word' id='word_1_60' title='bbox 1748 687 2065 744; x_wconf 87' lang='lat' dir='ltr'><strong>Cataractcs</strong></span> 
     </span>
    </p>
   </div>
   <div class='ocr_carea' id='block_1_9' title="bbox 2198 680 3782 761">
    <p class='ocr_par' dir='ltr' id='par_1_9' title="bbox 2198 680 3782 761">
     <span class='ocr_line' id='line_1_9' title="bbox 2198 680 3782 761; baseline -0.004 -20"><span class='ocrx_word' id='word_1_61' title='bbox 2198 688 2255 741; x_wconf 73' lang='grc' dir='ltr'>αἱ</span> <span class='ocrx_word' id='word_1_62' title='bbox 2288 688 2426 742; x_wconf 84' lang='grc' dir='ltr'>κατὰ</span> <span class='ocrx_word' id='word_1_63' title='bbox 2459 686 2751 761; x_wconf 81' lang='grc' dir='ltr'>στρουθίων</span> <span class='ocrx_word' id='word_1_64' title='bbox 2781 687 2941 751; x_wconf 80' lang='grc' dir='ltr'>ἵεται,</span> <span class='ocrx_word' id='word_1_65' title='bbox 2978 686 3072 740; x_wconf 74' lang='grc' dir='ltr'>καὶ</span> <span class='ocrx_word' id='word_1_66' title='bbox 3100 683 3358 738; x_wconf 73' lang='grc' dir='ltr'>διόλλυσι</span> <span class='ocrx_word' id='word_1_67' title='bbox 3395 680 3616 737; x_wconf 77' lang='grc' dir='ltr'>λασών.</span> <span class='ocrx_word' id='word_1_68' title='bbox 3662 684 3782 735; x_wconf 76' lang='grc' dir='ltr'><strong>Κα-</strong></span> 
     </span>
    </p>
   </div>
   <div class='ocr_carea' id='block_1_10' title="bbox 504 775 2088 853">
    <p class='ocr_par' dir='ltr' id='par_1_10' title="bbox 504 778 2064 849">
     <span class='ocr_line' id='line_1_10' title="bbox 504 778 2064 849; baseline 0.002 -18"><span class='ocrx_word' id='word_1_69' title='bbox 504 788 707 844; x_wconf 85' lang='lat' dir='ltr'><strong>autem,</strong></span> <span class='ocrx_word' id='word_1_70' title='bbox 741 789 794 834; x_wconf 89' lang='lat' dir='ltr'><strong>et</strong></span> <span class='ocrx_word' id='word_1_71' title='bbox 815 778 916 834; x_wconf 88' lang='lat' dir='ltr'><strong>ibis</strong></span> <span class='ocrx_word' id='word_1_72' title='bbox 946 787 999 833; x_wconf 89' lang='lat' dir='ltr'><strong>et</strong></span> <span class='ocrx_word' id='word_1_73' title='bbox 1028 779 1394 849; x_wconf 86' lang='lat' dir='ltr'><strong>porphyrion,</strong></span> <span class='ocrx_word' id='word_1_74' title='bbox 1434 780 1576 833; x_wconf 79' lang='lat' dir='ltr'><strong>addo</strong></span> <span class='ocrx_word' id='word_1_75' title='bbox 1625 789 1680 833; x_wconf 91' lang='lat' dir='ltr'><strong>et</strong></span> <span class='ocrx_word' id='word_1_76' title='bbox 1712 780 2064 849; x_wconf 89' lang='lat' dir='ltr'><strong>pelecanum,</strong></span> 
     </span>
    </p>
   </div>
   <div class='ocr_carea' id='block_1_11' title="bbox 2204 775 3788 853">
    <p class='ocr_par' dir='ltr' id='par_1_11' title="bbox 2204 775 3788 853">
     <span class='ocr_line' id='line_1_11' title="bbox 2204 775 3788 853; baseline -0.004 -18"><span class='ocrx_word' id='word_1_77' title='bbox 2204 782 2433 853; x_wconf 77' lang='grc' dir='ltr'>ιράκτης</span> <span class='ocrx_word' id='word_1_78' title='bbox 2462 799 2525 850; x_wconf 90' lang='grc' dir='ltr'><strong>γε</strong></span> <span class='ocrx_word' id='word_1_79' title='bbox 2559 781 2664 853; x_wconf 85' lang='grc' dir='ltr'>μὴν</span> <span class='ocrx_word' id='word_1_80' title='bbox 2692 780 2786 833; x_wconf 78' lang='grc' dir='ltr'>καὶ</span> <span class='ocrx_word' id='word_1_81' title='bbox 2808 778 2916 843; x_wconf 79' lang='grc' dir='ltr'>ἶϐις</span> <span class='ocrx_word' id='word_1_82' title='bbox 2944 779 3039 833; x_wconf 70' lang='grc' dir='ltr'>καὶ</span> <span class='ocrx_word' id='word_1_83' title='bbox 3066 777 3431 851; x_wconf 85' lang='grc' dir='ltr'>πορφυρίων,</span> <span class='ocrx_word' id='word_1_84' title='bbox 3468 775 3788 849; x_wconf 78' lang='grc' dir='ltr'>προσθείην</span> 
     </span>
    </p>
   </div>
   <div class='ocr_carea' id='block_1_12' title="bbox 502 864 2086 941">
    <p class='ocr_par' dir='ltr' id='par_1_12' title="bbox 502 869 2063 941">
     <span class='ocr_line' id='line_1_12' title="bbox 502 869 2063 941; baseline 0.003 -16"><span class='ocrx_word' id='word_1_85' title='bbox 502 869 561 925; x_wconf 87' lang='lat' dir='ltr'><strong>in</strong></span> <span class='ocrx_word' id='word_1_86' title='bbox 588 872 767 941; x_wconf 86' lang='lat' dir='ltr'><strong>pisces</strong></span> <span class='ocrx_word' id='word_1_87' title='bbox 801 872 1061 936; x_wconf 90' lang='lat' dir='ltr'><strong>insiliunt,</strong></span> <span class='ocrx_word' id='word_1_88' title='bbox 1086 881 1143 928; x_wconf 92' lang='lat' dir='ltr'><strong>et</strong></span> <span class='ocrx_word' id='word_1_89' title='bbox 1164 872 1421 941; x_wconf 68' lang='lat' dir='ltr'><strong>gaudium</strong></span> <span class='ocrx_word' id='word_1_90' title='bbox 1452 887 1610 927; x_wconf 88' lang='lat' dir='ltr'><strong>suum</strong></span> <span class='ocrx_word' id='word_1_91' title='bbox 1636 873 1843 928; x_wconf 80' lang='lat' dir='ltr'><strong>faciunt</strong></span> <span class='ocrx_word' id='word_1_92' title='bbox 1871 876 2063 929; x_wconf 87' lang='lat' dir='ltr'><strong>interi-</strong></span> 
     </span>
    </p>
   </div>
   <div class='ocr_carea' id='block_1_13' title="bbox 2197 864 3781 941">
    <p class='ocr_par' dir='ltr' id='par_1_13' title="bbox 2197 864 3781 935">
     <span class='ocr_line' id='line_1_13' title="bbox 2197 864 3781 935; baseline -0.004 -12"><span class='ocrx_word' id='word_1_93' title='bbox 2197 869 2286 923; x_wconf 85' lang='grc' dir='ltr'><strong>’ἂν</strong></span> <span class='ocrx_word' id='word_1_94' title='bbox 2303 871 2384 924; x_wconf 81' lang='grc' dir='ltr'>ὅτι</span> <span class='ocrx_word' id='word_1_95' title='bbox 2405 870 2499 923; x_wconf 72' lang='grc' dir='ltr'>καὶ</span> <span class='ocrx_word' id='word_1_96' title='bbox 2523 869 2833 934; x_wconf 78' lang='grc' dir='ltr'>πελεκᾶνον,</span> <span class='ocrx_word' id='word_1_97' title='bbox 2862 869 3230 923; x_wconf 69' lang='grc' dir='ltr'>ἐπιϐαίνοντας</span> <span class='ocrx_word' id='word_1_98' title='bbox 3266 870 3397 930; x_wconf 72' lang='grc' dir='ltr'>τοῖς</span> <span class='ocrx_word' id='word_1_99' title='bbox 3423 864 3618 935; x_wconf 69' lang='grc' dir='ltr'>ἰχθύσι</span> <span class='ocrx_word' id='word_1_100' title='bbox 3636 905 3651 928; x_wconf 89' lang='grc'><strong>,</strong></span> <span class='ocrx_word' id='word_1_101' title='bbox 3688 865 3781 918; x_wconf 69' lang='grc' dir='ltr'>καὶ</span> 
     </span>
    </p>
   </div>
   <div class='ocr_carea' id='block_1_14' title="bbox 505 956 2089 1034">
    <p class='ocr_par' dir='ltr' id='par_1_14' title="bbox 505 962 2061 1033">
     <span class='ocr_line' id='line_1_14' title="bbox 505 962 2061 1033; baseline 0.003 -17"><span class='ocrx_word' id='word_1_102' title='bbox 505 970 615 1016; x_wconf 92' lang='lat' dir='ltr'><strong>tum</strong></span> <span class='ocrx_word' id='word_1_103' title='bbox 639 962 869 1019; x_wconf 86' lang='lat' dir='ltr'><strong>illorum.</strong></span> <span class='ocrx_word' id='word_1_104' title='bbox 900 963 1059 1019; x_wconf 83' lang='lat' dir='ltr'><strong>Tales</strong></span> <span class='ocrx_word' id='word_1_105' title='bbox 1085 974 1213 1018; x_wconf 91' lang='lat' dir='ltr'><strong>sunt</strong></span> <span class='ocrx_word' id='word_1_106' title='bbox 1236 978 1446 1030; x_wconf 87' lang='lat' dir='ltr'><strong>omnes,</strong></span> <span class='ocrx_word' id='word_1_107' title='bbox 1473 974 1730 1033; x_wconf 90' lang='lat' dir='ltr'><strong>quantum</strong></span> <span class='ocrx_word' id='word_1_108' title='bbox 1758 969 1824 1019; x_wconf 88' lang='lat' dir='ltr'><strong>ad</strong></span> <span class='ocrx_word' id='word_1_109' title='bbox 1853 982 2061 1021; x_wconf 89' lang='lat' dir='ltr'><strong>morum</strong></span> 
     </span>
    </p>
   </div>
   <div class='ocr_carea' id='block_1_15' title="bbox 2198 956 3782 1034">
    <p class='ocr_par' dir='ltr' id='par_1_15' title="bbox 2198 956 3782 1034">
     <span class='ocr_line' id='line_1_15' title="bbox 2198 956 3782 1034; baseline -0.003 -20"><span class='ocrx_word' id='word_1_110' title='bbox 2198 961 2367 1034; x_wconf 81' lang='grc' dir='ltr'>ρυφὴν</span> <span class='ocrx_word' id='word_1_111' title='bbox 2394 961 2504 1034; x_wconf 87' lang='grc'><strong>(40)</strong></span> <span class='ocrx_word' id='word_1_112' title='bbox 2539 961 2816 1015; x_wconf 88' lang='grc' dir='ltr'>ποιοῦνται</span> <span class='ocrx_word' id='word_1_113' title='bbox 2844 960 2934 1014; x_wconf 84' lang='grc' dir='ltr'>τὸν</span> <span class='ocrx_word' id='word_1_114' title='bbox 2962 961 3181 1015; x_wconf 87' lang='grc' dir='ltr'>ἐκείνων</span> <span class='ocrx_word' id='word_1_115' title='bbox 3211 958 3487 1029; x_wconf 74' lang='grc' dir='ltr'>ὄλεθρον.</span> <span class='ocrx_word' id='word_1_116' title='bbox 3524 956 3782 1010; x_wconf 67' lang='grc' dir='ltr'>Τοιοῦτος.</span> 
     </span>
    </p>
   </div>
   <div class='ocr_carea' id='block_1_16' title="bbox 501 1047 2085 1127">
    <p class='ocr_par' dir='ltr' id='par_1_16' title="bbox 501 1052 2066 1127">
     <span class='ocr_line' id='line_1_16' title="bbox 501 1052 2066 1127; baseline 0.006 -23"><span class='ocrx_word' id='word_1_117' title='bbox 501 1053 735 1122; x_wconf 85' lang='lat' dir='ltr'><strong>pertinet</strong></span> <span class='ocrx_word' id='word_1_118' title='bbox 762 1052 1052 1119; x_wconf 82' lang='lat' dir='ltr'><strong>feritatem,</strong></span> <span class='ocrx_word' id='word_1_119' title='bbox 1071 1056 1162 1123; x_wconf 86' lang='lat' dir='ltr'><strong>qui</strong></span> <span class='ocrx_word' id='word_1_120' title='bbox 1191 1054 1342 1109; x_wconf 90' lang='lat' dir='ltr'><strong>mbili</strong></span> <span class='ocrx_word' id='word_1_121' title='bbox 1371 1056 1578 1110; x_wconf 81' lang='lat' dir='ltr'><strong>faciunt</strong></span> <span class='ocrx_word' id='word_1_122' title='bbox 1608 1056 1651 1110; x_wconf 90' lang='lat' dir='ltr'><strong>si</strong></span> <span class='ocrx_word' id='word_1_123' title='bbox 1683 1072 1818 1125; x_wconf 91' lang='lat' dir='ltr'><strong>quos</strong></span> <span class='ocrx_word' id='word_1_124' title='bbox 1840 1060 2066 1127; x_wconf 85' lang='lat' dir='ltr'><strong>perdant</strong></span> 
     </span>
    </p>
   </div>
   <div class='ocr_carea' id='block_1_17' title="bbox 2197 1047 3781 1127">
    <p class='ocr_par' dir='ltr' id='par_1_17' title="bbox 2197 1047 3781 1124">
     <span class='ocr_line' id='line_1_17' title="bbox 2197 1047 3781 1124; baseline -0.001 -20"><span class='ocrx_word' id='word_1_125' title='bbox 2197 1052 2217 1104; x_wconf 82' lang='grc' dir='ltr'><strong>ἐ</strong></span> <span class='ocrx_word' id='word_1_126' title='bbox 2253 1054 2473 1116; x_wconf 85' lang='grc' dir='ltr'>πάντες,</span> <span class='ocrx_word' id='word_1_127' title='bbox 2514 1053 2636 1105; x_wconf 84' lang='grc' dir='ltr'>ὅσον</span> <span class='ocrx_word' id='word_1_128' title='bbox 2667 1047 2757 1124; x_wconf 83' lang='grc' dir='ltr'><strong>ἦκ’</strong></span> <span class='ocrx_word' id='word_1_129' title='bbox 2786 1055 2843 1116; x_wconf 87' lang='grc' dir='ltr'><strong>ἐς</strong></span> <span class='ocrx_word' id='word_1_130' title='bbox 2878 1053 3111 1124; x_wconf 78' lang='grc' dir='ltr'>τρόπους</span> <span class='ocrx_word' id='word_1_131' title='bbox 3161 1052 3282 1122; x_wconf 80' lang='grc'><strong>(41)</strong></span> <span class='ocrx_word' id='word_1_132' title='bbox 3332 1051 3695 1123; x_wconf 77' lang='grc' dir='ltr'><strong>ἀγριότητα,</strong></span> <span class='ocrx_word' id='word_1_133' title='bbox 3729 1050 3781 1104; x_wconf 78' lang='grc' dir='ltr'>οἱ</span> 
     </span>
    </p>
   </div>
   <div class='ocr_carea' id='block_1_18' title="bbox 503 1140 2087 1215">
    <p class='ocr_par' dir='ltr' id='par_1_18' title="bbox 503 1142 2061 1215">
     <span class='ocr_line' id='line_1_18' title="bbox 503 1142 2061 1215; baseline 0.005 -22"><span class='ocrx_word' id='word_1_134' title='bbox 503 1151 723 1210; x_wconf 90' lang='lat' dir='ltr'><strong>propter</strong></span> <span class='ocrx_word' id='word_1_135' title='bbox 750 1142 1083 1212; x_wconf 90' lang='lat' dir='ltr'><strong>voluptatem</strong></span> <span class='ocrx_word' id='word_1_136' title='bbox 1114 1159 1298 1207; x_wconf 88' lang='lat' dir='ltr'><strong>suam,</strong></span> <span class='ocrx_word' id='word_1_137' title='bbox 1333 1145 1427 1213; x_wconf 91' lang='lat' dir='ltr'><strong>qui</strong></span> <span class='ocrx_word' id='word_1_138' title='bbox 1459 1146 1629 1198; x_wconf 90' lang='lat' dir='ltr'><strong>mutui</strong></span> <span class='ocrx_word' id='word_1_139' title='bbox 1662 1147 1863 1201; x_wconf 88' lang='lat' dir='ltr'><strong>amoris</strong></span> <span class='ocrx_word' id='word_1_140' title='bbox 1893 1150 2061 1215; x_wconf 74' lang='lat' dir='ltr'><strong>legem</strong></span> 
     </span>
    </p>
   </div>
   <div class='ocr_carea' id='block_1_19' title="bbox 2196 1140 3780 1215">
    <p class='ocr_par' dir='ltr' id='par_1_19' title="bbox 2196 1140 3780 1213">
     <span class='ocr_line' id='line_1_19' title="bbox 2196 1140 3780 1213; baseline -0.001 -19"><span class='ocrx_word' id='word_1_141' title='bbox 2196 1142 2287 1213; x_wconf 62' lang='grc' dir='ltr'><strong>αρ’</strong></span> <span class='ocrx_word' id='word_1_142' title='bbox 2331 1142 2478 1195; x_wconf 73' lang='grc' dir='ltr'>οὐδὲν</span> <span class='ocrx_word' id='word_1_143' title='bbox 2536 1141 2823 1212; x_wconf 85' lang='grc' dir='ltr'>ἡγούμενοι</span> <span class='ocrx_word' id='word_1_144' title='bbox 2877 1141 2938 1194; x_wconf 83' lang='grc' dir='ltr'>τὸ</span> <span class='ocrx_word' id='word_1_145' title='bbox 2999 1140 3269 1195; x_wconf 75' lang='grc' dir='ltr'>διολλύναι</span> <span class='ocrx_word' id='word_1_146' title='bbox 3332 1140 3507 1204; x_wconf 73' lang='grc' dir='ltr'>τινας</span> <span class='ocrx_word' id='word_1_147' title='bbox 3564 1140 3660 1194; x_wconf 78' lang='grc' dir='ltr'><strong>διά</strong></span> <span class='ocrx_word' id='word_1_148' title='bbox 3713 1157 3780 1208; x_wconf 84' lang='grc' dir='ltr'><strong>γε</strong></span> 
     </span>
    </p>
   </div>
   <div class='ocr_carea' id='block_1_20' title="bbox 501 1231 2085 1310">
    <p class='ocr_par' dir='ltr' id='par_1_20' title="bbox 501 1233 2064 1310">
     <span class='ocr_line' id='line_1_20' title="bbox 501 1233 2064 1310; baseline 0.005 -24"><span class='ocrx_word' id='word_1_149' title='bbox 501 1233 806 1301; x_wconf 87' lang='lat' dir='ltr'><strong>repudiant,</strong></span> <span class='ocrx_word' id='word_1_150' title='bbox 858 1243 915 1291; x_wconf 91' lang='lat' dir='ltr'><strong>et</strong></span> <span class='ocrx_word' id='word_1_151' title='bbox 952 1236 1092 1305; x_wconf 91' lang='lat' dir='ltr'><strong>apud</strong></span> <span class='ocrx_word' id='word_1_152' title='bbox 1138 1235 1449 1292; x_wconf 88' lang='lat' dir='ltr'><strong>dilectionis</strong></span> <span class='ocrx_word' id='word_1_153' title='bbox 1502 1237 1895 1307; x_wconf 84' lang='lat' dir='ltr'><strong>charitatisque</strong></span> <span class='ocrx_word' id='word_1_154' title='bbox 1940 1239 2064 1310; x_wconf 85' lang='lat' dir='ltr'><strong>jura</strong></span> 
     </span>
    </p>
   </div>
   <div class='ocr_carea' id='block_1_21' title="bbox 2196 1231 3780 1310">
    <p class='ocr_par' dir='ltr' id='par_1_21' title="bbox 2196 1231 3780 1303">
     <span class='ocr_line' id='line_1_21' title="bbox 2196 1231 3780 1303; baseline -0.001 -18"><span class='ocrx_word' id='word_1_155' title='bbox 2196 1233 2268 1285; x_wconf 80' lang='grc' dir='ltr'>ὧν</span> <span class='ocrx_word' id='word_1_156' title='bbox 2307 1232 2415 1301; x_wconf 74' lang='grc'><strong>(42)</strong></span> <span class='ocrx_word' id='word_1_157' title='bbox 2458 1232 2639 1302; x_wconf 84' lang='grc' dir='ltr'>σφίσιν</span> <span class='ocrx_word' id='word_1_158' title='bbox 2671 1233 2851 1295; x_wconf 78' lang='grc' dir='ltr'>αὐτοῖς</span> <span class='ocrx_word' id='word_1_159' title='bbox 2879 1232 2996 1303; x_wconf 81' lang='grc' dir='ltr'>ἡδὺ,</span> <span class='ocrx_word' id='word_1_160' title='bbox 3032 1234 3079 1285; x_wconf 81' lang='grc' dir='ltr'>οἱ</span> <span class='ocrx_word' id='word_1_161' title='bbox 3109 1233 3199 1286; x_wconf 81' lang='grc' dir='ltr'>τὸν</span> <span class='ocrx_word' id='word_1_162' title='bbox 3249 1233 3362 1303; x_wconf 84' lang='grc' dir='ltr'><strong>τῆς</strong></span> <span class='ocrx_word' id='word_1_163' title='bbox 3400 1231 3780 1303; x_wconf 82' lang='grc' dir='ltr'>φιλαλληλίας</span> 
     </span>
    </p>
   </div>
   <div class='ocr_carea' id='block_1_22' title="bbox 500 1322 3778 1399">
    <p class='ocr_par' dir='ltr' id='par_1_22' title="bbox 500 1322 3778 1399">
     <span class='ocr_line' id='line_1_22' title="bbox 500 1322 3778 1399; baseline -0 -20"><span class='ocrx_word' id='word_1_164' title='bbox 500 1322 797 1379; x_wconf 76' lang='lat' dir='ltr'><strong>oﬂ&#39;endunt.</strong></span> <span class='ocrx_word' id='word_1_165' title='bbox 2162 1324 2545 1396; x_wconf 77' lang='grc' dir='ltr'><strong>παρωσάμενοι</strong></span> <span class='ocrx_word' id='word_1_166' title='bbox 2594 1325 2776 1394; x_wconf 87' lang='grc' dir='ltr'>νόμον,</span> <span class='ocrx_word' id='word_1_167' title='bbox 2809 1324 2901 1379; x_wconf 71' lang='grc' dir='ltr'>καὶ</span> <span class='ocrx_word' id='word_1_168' title='bbox 2939 1327 3049 1388; x_wconf 80' lang='grc' dir='ltr'>τοῖς</span> <span class='ocrx_word' id='word_1_169' title='bbox 3087 1325 3183 1396; x_wconf 83' lang='grc' dir='ltr'>τῆς</span> <span class='ocrx_word' id='word_1_170' title='bbox 3227 1324 3483 1396; x_wconf 74' lang='grc' dir='ltr'>ἀγάπης</span> <span class='ocrx_word' id='word_1_171' title='bbox 3530 1340 3778 1399; x_wconf 85' lang='grc' dir='ltr'>προσκε-</span> 
     </span>
    </p>
   </div>
   <div class='ocr_carea' id='block_1_23' title="bbox 1108 1415 2692 1573">
    <p class='ocr_par' dir='ltr' id='par_1_23' title="bbox 1108 1415 2692 1558">
     <span class='ocr_line' id='line_1_23' title="bbox 2163 1415 2692 1488; baseline -0.004 -19"><span class='ocrx_word' id='word_1_172' title='bbox 2163 1417 2453 1488; x_wconf 79' lang='grc' dir='ltr'>κρουκότες</span> <span class='ocrx_word' id='word_1_173' title='bbox 2489 1415 2692 1486; x_wconf 80' lang='grc' dir='ltr'>θεσμοῖς</span> 
     </span>
     <span class='ocr_line' id='line_1_24' title="bbox 1108 1500 1453 1558; baseline 0.003 -1"><span class='ocrx_word' id='word_1_174' title='bbox 1108 1500 1280 1557; x_wconf 79' lang='lat' dir='ltr'><strong>CAP.-</strong></span> <span class='ocrx_word' id='word_1_175' title='bbox 1311 1500 1453 1558; x_wconf 84' lang='lat' dir='ltr'><strong>XVI.</strong></span> 
     </span>
    </p>
   </div>
   <div class='ocr_carea' id='block_1_24' title="bbox 1486 1415 3070 1573">
    <p class='ocr_par' dir='ltr' id='par_1_24' title="bbox 2163 1415 3070 1573">
     <span class='ocr_line' id='line_1_25' title="bbox 2163 1415 2726 1488; baseline -0.005 -19"><span class='ocrx_word' id='word_1_176' title='bbox 2163 1417 2453 1488; x_wconf 79' lang='grc' dir='ltr'>κρουκότες</span> <span class='ocrx_word' id='word_1_177' title='bbox 2489 1415 2726 1486; x_wconf 75' lang='grc' dir='ltr'><strong>θεσμοῖς.</strong></span> 
     </span>
     <span class='ocr_line' id='line_1_26' title="bbox 2790 1506 3070 1573; baseline 0 -14"><span class='ocrx_word' id='word_1_178' title='bbox 2790 1506 2945 1560; x_wconf 80' lang='grc' dir='ltr'>ΚΕΦ.</span> <span class='ocrx_word' id='word_1_179' title='bbox 2977 1507 3070 1573; x_wconf 72' lang='grc' dir='ltr'>ις’</span> 
     </span>
    </p>
   </div>
   <div class='ocr_carea' id='block_1_25' title="bbox 615 1594 2199 1687">
    <p class='ocr_par' dir='ltr' id='par_1_25' title="bbox 615 1612 1951 1687">
     <span class='ocr_line' id='line_1_27' title="bbox 615 1612 1951 1687; baseline 0.003 -20"><span class='ocrx_word' id='word_1_180' title='bbox 615 1613 676 1668; x_wconf 73' lang='grc' dir='ltr'><strong>ν.</strong></span> <span class='ocrx_word' id='word_1_181' title='bbox 730 1612 818 1669; x_wconf 81' lang='grc'>19.</span> <span class='ocrx_word' id='word_1_182' title='bbox 872 1612 937 1668; x_wconf 85' lang='grc' dir='ltr'>Ει</span> <span class='ocrx_word' id='word_1_183' title='bbox 979 1615 1224 1685; x_wconf 78' lang='lat' dir='ltr'><strong>auferunt</strong></span> <span class='ocrx_word' id='word_1_184' title='bbox 1253 1614 1461 1687; x_wconf 85' lang='lat' dir='ltr'><strong>(dona)</strong></span> <span class='ocrx_word' id='word_1_185' title='bbox 1492 1616 1646 1670; x_wconf 87' lang='lat' dir='ltr'><strong>verba</strong></span> <span class='ocrx_word' id='word_1_186' title='bbox 1662 1616 1951 1687; x_wconf 81' lang='lat' dir='ltr'><strong>justorum.</strong></span> 
     </span>
    </p>
   </div>
   <div class='ocr_carea' id='block_1_26' title="bbox 2066 1594 3650 1687">
    <p class='ocr_par' dir='ltr' id='par_1_26' title="bbox 2280 1594 3650 1667">
     <span class='ocr_line' id='line_1_28' title="bbox 2280 1594 3650 1667; baseline -0.002 -16"><span class='ocrx_word' id='word_1_187' title='bbox 2280 1597 2393 1667; x_wconf 75' lang='grc'><strong>(45)</strong></span> <span class='ocrx_word' id='word_1_188' title='bbox 2424 1596 2572 1667; x_wconf 88' lang='grc' dir='ltr'>Στίχ.</span> <span class='ocrx_word' id='word_1_189' title='bbox 2601 1595 2682 1649; x_wconf 84' lang='grc' dir='ltr'>ιθ’.</span> <span class='ocrx_word' id='word_1_190' title='bbox 2715 1595 2822 1649; x_wconf 74' lang='grc' dir='ltr'><strong>Καὶ</strong></span> <span class='ocrx_word' id='word_1_191' title='bbox 2853 1596 3071 1664; x_wconf 82' lang='grc' dir='ltr'>ἐξαίρει</span> <span class='ocrx_word' id='word_1_192' title='bbox 3094 1597 3323 1666; x_wconf 74' lang='grc' dir='ltr'>λόγους</span> <span class='ocrx_word' id='word_1_193' title='bbox 3354 1594 3650 1649; x_wconf 75' lang='grc' dir='ltr'>δικαίων.</span> 
     </span>
    </p>
   </div>
   <div class='ocr_carea' id='block_1_27' title="bbox 679 1685 2263 1777">
    <p class='ocr_par' dir='ltr' id='par_1_27' title="bbox 679 1685 2126 1777">
     <span class='ocr_line' id='line_1_29' title="bbox 679 1685 2126 1777; baseline 0.003 -19"><span class='ocrx_word' id='word_1_194' title='bbox 679 1704 746 1759; x_wconf 76' lang='grc' dir='ltr'><strong>ν.</strong></span> <span class='ocrx_word' id='word_1_195' title='bbox 784 1706 874 1760; x_wconf 72' lang='lat'><strong>20.</strong></span> <span class='ocrx_word' id='word_1_196' title='bbox 915 1706 1067 1761; x_wconf 82' lang='lat' dir='ltr'><strong>Juste</strong></span> <span class='ocrx_word' id='word_1_197' title='bbox 1097 1707 1236 1777; x_wconf 86' lang='lat' dir='ltr'><strong>quod</strong></span> <span class='ocrx_word' id='word_1_198' title='bbox 1260 1685 1467 1776; x_wconf 64' lang='lat' dir='ltr'><strong>justum</strong></span> <span class='ocrx_word' id='word_1_199' title='bbox 1494 1714 1570 1767; x_wconf 75' lang='lat' dir='ltr'><strong>est</strong></span> <span class='ocrx_word' id='word_1_200' title='bbox 1600 1685 1881 1762; x_wconf 71' lang='lat' dir='ltr'><strong>sectabere.</strong></span> <span class='ocrx_word' id='word_1_201' title='bbox 2089 1771 2126 1777; x_wconf 91' lang='lat'><strong><em>_</em></strong></span> 
     </span>
    </p>
   </div>
   <div class='ocr_carea' id='block_1_28' title="bbox 2194 1685 3778 1777">
    <p class='ocr_par' dir='ltr' id='par_1_28' title="bbox 2392 1685 3530 1758">
     <span class='ocr_line' id='line_1_30' title="bbox 2392 1685 3530 1758; baseline -0.001 -18"><span class='ocrx_word' id='word_1_202' title='bbox 2392 1688 2539 1758; x_wconf 82' lang='grc' dir='ltr'>Στίχ.</span> <span class='ocrx_word' id='word_1_203' title='bbox 2565 1694 2635 1744; x_wconf 80' lang='grc' dir='ltr'>κ’.</span> <span class='ocrx_word' id='word_1_204' title='bbox 2660 1688 2903 1753; x_wconf 82' lang='grc' dir='ltr'>Δικαίως</span> <span class='ocrx_word' id='word_1_205' title='bbox 2934 1685 3001 1740; x_wconf 81' lang='grc' dir='ltr'>τὸ</span> <span class='ocrx_word' id='word_1_206' title='bbox 3030 1687 3262 1740; x_wconf 83' lang='grc' dir='ltr'>δίκαιον</span> <span class='ocrx_word' id='word_1_207' title='bbox 3292 1685 3530 1755; x_wconf 79' lang='grc' dir='ltr'>διώξῃ.</span> 
     </span>
    </p>
   </div>
   <div class='ocr_carea' id='block_1_29' title="bbox 571 1771 2155 1872">
    <p class='ocr_par' dir='ltr' id='par_1_29' title="bbox 571 1771 2133 1867">
     <span class='ocr_line' id='line_1_31' title="bbox 571 1771 2133 1867; baseline 0.004 -19"><span class='ocrx_word' id='word_1_208' title='bbox 571 1794 825 1865; x_wconf 86' lang='lat' dir='ltr'><strong>Ejusdem</strong></span> <span class='ocrx_word' id='word_1_209' title='bbox 869 1813 936 1852; x_wconf 80' lang='lat' dir='ltr'><strong>ex</strong></span> <span class='ocrx_word' id='word_1_210' title='bbox 987 1771 1213 1867; x_wconf 78' lang='lat' dir='ltr'><strong>episiola</strong></span> <span class='ocrx_word' id='word_1_211' title='bbox 1260 1771 1331 1852; x_wconf 76' lang='lat' dir='ltr'><strong>ad</strong></span> <span class='ocrx_word' id='word_1_212' title='bbox 1381 1796 1631 1853; x_wconf 89' lang='lat' dir='ltr'><strong>Photium</strong></span> <span class='ocrx_word' id='word_1_213' title='bbox 1684 1807 1739 1853; x_wconf 91' lang='lat' dir='ltr'><strong>et</strong></span> <span class='ocrx_word' id='word_1_214' title='bbox 1790 1800 2058 1855; x_wconf 83' lang='lat' dir='ltr'><strong>Andream</strong></span> <span class='ocrx_word' id='word_1_215' title='bbox 2089 1771 2133 1827; x_wconf 72' lang='grc' dir='ltr'>Β</span> 
     </span>
    </p>
   </div>
   <div class='ocr_carea' id='block_1_30' title="bbox 2193 1771 3777 1872">
    <p class='ocr_par' dir='ltr' id='par_1_30' title="bbox 2229 1775 3776 1849">
     <span class='ocr_line' id='line_1_32' title="bbox 2229 1775 3776 1849; baseline 0.001 -19"><span class='ocrx_word' id='word_1_216' title='bbox 2229 1776 2334 1830; x_wconf 91' lang='grc' dir='ltr'>Τοῦ</span> <span class='ocrx_word' id='word_1_217' title='bbox 2359 1775 2521 1830; x_wconf 83' lang='grc' dir='ltr'>αὑτοῦ</span> <span class='ocrx_word' id='word_1_218' title='bbox 2554 1779 2618 1830; x_wconf 89' lang='grc' dir='ltr'><strong>ἐκ</strong></span> <span class='ocrx_word' id='word_1_219' title='bbox 2642 1777 2741 1848; x_wconf 86' lang='grc' dir='ltr'>τῆς</span> <span class='ocrx_word' id='word_1_220' title='bbox 2768 1777 2903 1849; x_wconf 79' lang='grc' dir='ltr'>πρὸς</span> <span class='ocrx_word' id='word_1_221' title='bbox 2924 1775 3125 1831; x_wconf 75' lang='grc' dir='ltr'>Φὼτιον</span> <span class='ocrx_word' id='word_1_222' title='bbox 3153 1777 3247 1831; x_wconf 80' lang='grc' dir='ltr'>καὶ</span> <span class='ocrx_word' id='word_1_223' title='bbox 3289 1776 3579 1849; x_wconf 83' lang='grc' dir='ltr'>Ἀνδρέαν</span> <span class='ocrx_word' id='word_1_224' title='bbox 3605 1791 3776 1849; x_wconf 72' lang='grc' dir='ltr'>πρεσ-</span> 
     </span>
    </p>
   </div>
   <div class='ocr_carea' id='block_1_31' title="bbox 499 1868 2083 1961">
    <p class='ocr_par' dir='ltr' id='par_1_31' title="bbox 499 1892 867 1961">
     <span class='ocr_line' id='line_1_33' title="bbox 499 1892 867 1961; baseline 0.005 -17"><span class='ocrx_word' id='word_1_225' title='bbox 499 1892 867 1961; x_wconf 83' lang='lat' dir='ltr'><strong>presbyteros.</strong></span> 
     </span>
    </p>
   </div>
   <div class='ocr_carea' id='block_1_32' title="bbox 2191 1868 3775 1961">
    <p class='ocr_par' dir='ltr' id='par_1_32' title="bbox 2191 1868 3775 1941">
     <span class='ocr_line' id='line_1_34' title="bbox 2191 1868 3775 1941; baseline 0.001 -19"><span class='ocrx_word' id='word_1_226' title='bbox 2191 1870 2417 1941; x_wconf 81' lang='grc' dir='ltr'>ῖυτέρους</span> <span class='ocrx_word' id='word_1_227' title='bbox 2451 1868 2756 1939; x_wconf 74' lang='grc' dir='ltr'><strong>ἐπιστολῆς.</strong></span> <span class='ocrx_word' id='word_1_228' title='bbox 3771 1868 3775 1923; x_wconf 76' lang='grc' dir='ltr'><strong><em>ἑ</em></strong></span> 
     </span>
    </p>
   </div>
   <div class='ocr_carea' id='block_1_33' title="bbox 571 1959 2155 2053">
    <p class='ocr_par' dir='ltr' id='par_1_33' title="bbox 571 1959 2063 2053">
     <span class='ocr_line' id='line_1_35' title="bbox 571 1959 2063 2053; baseline 0.004 -19"><span class='ocrx_word' id='word_1_229' title='bbox 571 1980 627 2034; x_wconf 86' lang='lat' dir='ltr'><strong>Id</strong></span> <span class='ocrx_word' id='word_1_230' title='bbox 665 1959 780 2048; x_wconf 74' lang='lat' dir='ltr'><strong>est,</strong></span> <span class='ocrx_word' id='word_1_231' title='bbox 831 1990 1113 2053; x_wconf 84' lang='lat' dir='ltr'><strong>postquam</strong></span> <span class='ocrx_word' id='word_1_232' title='bbox 1158 1982 1475 2053; x_wconf 75' lang='lat' dir='ltr'><strong>cognoveris</strong></span> <span class='ocrx_word' id='word_1_233' title='bbox 1527 1990 1581 2037; x_wconf 92' lang='lat' dir='ltr'><strong>et</strong></span> <span class='ocrx_word' id='word_1_234' title='bbox 1620 1982 1843 2039; x_wconf 87' lang='lat' dir='ltr'><strong>edoctus</strong></span> <span class='ocrx_word' id='word_1_235' title='bbox 1895 1983 2063 2040; x_wconf 79' lang='lat' dir='ltr'><strong>fueris</strong></span> 
     </span>
    </p>
   </div>
   <div class='ocr_carea' id='block_1_34' title="bbox 2183 1959 3767 2053">
    <p class='ocr_par' dir='ltr' id='par_1_34' title="bbox 2229 1959 3767 2032">
     <span class='ocr_line' id='line_1_36' title="bbox 2229 1959 3767 2032; baseline -0.001 -17"><span class='ocrx_word' id='word_1_236' title='bbox 2229 1962 2549 2025; x_wconf 81' lang='grc' dir='ltr'>Τουτέστιν,</span> <span class='ocrx_word' id='word_1_237' title='bbox 2603 1963 2740 2032; x_wconf 87' lang='grc' dir='ltr'><strong>μετά</strong></span> <span class='ocrx_word' id='word_1_238' title='bbox 2774 1963 2836 2016; x_wconf 81' lang='grc' dir='ltr'>τὸ</span> <span class='ocrx_word' id='word_1_239' title='bbox 2887 1959 3170 2031; x_wconf 84' lang='grc' dir='ltr'>γινώσκειν</span> <span class='ocrx_word' id='word_1_240' title='bbox 3198 1962 3295 2015; x_wconf 75' lang='grc' dir='ltr'><strong>καὶ</strong></span> <span class='ocrx_word' id='word_1_241' title='bbox 3343 1959 3767 2015; x_wconf 79' lang='grc' dir='ltr'>πεπαιδεῦσθαι</span> 
     </span>
    </p>
   </div>
   <div class='ocr_carea' id='block_1_35' title="bbox 494 2051 2078 2144">
    <p class='ocr_par' dir='ltr' id='par_1_35' title="bbox 494 2051 2058 2144">
     <span class='ocr_line' id='line_1_37' title="bbox 494 2051 2058 2144; baseline 0.004 -21"><span class='ocrx_word' id='word_1_242' title='bbox 494 2069 718 2140; x_wconf 65' lang='lat' dir='ltr'><strong>iustitia;</strong></span> <span class='ocrx_word' id='word_1_243' title='bbox 745 2051 926 2137; x_wconf 77' lang='lat' dir='ltr'><strong>verba,</strong></span> <span class='ocrx_word' id='word_1_244' title='bbox 963 2051 1418 2144; x_wconf 35' lang='lat' dir='ltr'><strong>sectabere&#39;atque</strong></span> <span class='ocrx_word' id='word_1_245' title='bbox 1438 2074 1678 2143; x_wconf 89' lang='lat' dir='ltr'><strong>requires</strong></span> <span class='ocrx_word' id='word_1_246' title='bbox 1702 2076 1844 2144; x_wconf 90' lang='lat' dir='ltr'><strong>quod</strong></span> <span class='ocrx_word' id='word_1_247' title='bbox 1855 2075 2058 2142; x_wconf 86' lang='lat' dir='ltr'><strong>justum</strong></span> 
     </span>
    </p>
   </div>
   <div class='ocr_carea' id='block_1_36' title="bbox 2184 2051 3768 2144">
    <p class='ocr_par' dir='ltr' id='par_1_36' title="bbox 2184 2051 3768 2125">
     <span class='ocr_line' id='line_1_38' title="bbox 2184 2051 3768 2125; baseline 0 -20"><span class='ocrx_word' id='word_1_248' title='bbox 2184 2053 2281 2115; x_wconf 73' lang='grc' dir='ltr'>τοὺς</span> <span class='ocrx_word' id='word_1_249' title='bbox 2304 2053 2400 2123; x_wconf 84' lang='grc' dir='ltr'>τῆς</span> <span class='ocrx_word' id='word_1_250' title='bbox 2422 2052 2763 2124; x_wconf 81' lang='grc' dir='ltr'>δικαιοσύνης</span> <span class='ocrx_word' id='word_1_251' title='bbox 2792 2053 2998 2123; x_wconf 79' lang='grc' dir='ltr'>λόγους,</span> <span class='ocrx_word' id='word_1_252' title='bbox 3021 2053 3229 2118; x_wconf 77' lang='grc' dir='ltr'>διώξεις</span> <span class='ocrx_word' id='word_1_253' title='bbox 3255 2053 3358 2106; x_wconf 76' lang='grc' dir='ltr'>καὶ</span> <span class='ocrx_word' id='word_1_254' title='bbox 3388 2051 3768 2125; x_wconf 80' lang='grc' dir='ltr'>ἐπιζητήσεις</span> 
     </span>
    </p>
   </div>
   <div class='ocr_carea' id='block_1_37' title="bbox 501 2142 2085 2233">
    <p class='ocr_par' dir='ltr' id='par_1_37' title="bbox 501 2142 2059 2233">
     <span class='ocr_line' id='line_1_39' title="bbox 501 2142 2059 2233; baseline 0.003 -17"><span class='ocrx_word' id='word_1_255' title='bbox 501 2171 610 2226; x_wconf 87' lang='lat' dir='ltr'><strong>est,</strong></span> <span class='ocrx_word' id='word_1_256' title='bbox 639 2164 705 2217; x_wconf 88' lang='lat' dir='ltr'><strong>ab</strong></span> <span class='ocrx_word' id='word_1_257' title='bbox 721 2165 866 2217; x_wconf 90' lang='lat' dir='ltr'><strong>omni</strong></span> <span class='ocrx_word' id='word_1_258' title='bbox 903 2162 1189 2219; x_wconf 77' lang='lat' dir='ltr'><strong>aﬁ‘ectione</strong></span> <span class='ocrx_word' id='word_1_259' title='bbox 1219 2142 1474 2219; x_wconf 87' lang='lat' dir='ltr'><strong>immunis</strong></span> <span class='ocrx_word' id='word_1_260' title='bbox 1510 2142 1529 2218; x_wconf 63' lang='grc' dir='ltr'>ξ</span> <span class='ocrx_word' id='word_1_261' title='bbox 1567 2142 1734 2231; x_wconf 73' lang='lat' dir='ltr'><strong>atque</strong></span> <span class='ocrx_word' id='word_1_262' title='bbox 1775 2167 1853 2220; x_wconf 89' lang='lat' dir='ltr'><strong>sic</strong></span> <span class='ocrx_word' id='word_1_263' title='bbox 1880 2164 2059 2233; x_wconf 89' lang='lat' dir='ltr'><strong>justus</strong></span> 
     </span>
    </p>
   </div>
   <div class='ocr_carea' id='block_1_38' title="bbox 2180 2142 3764 2233">
    <p class='ocr_par' dir='ltr' id='par_1_38' title="bbox 2180 2142 3764 2215">
     <span class='ocr_line' id='line_1_40' title="bbox 2180 2142 3764 2215; baseline 0.002 -20"><span class='ocrx_word' id='word_1_264' title='bbox 2180 2143 2217 2195; x_wconf 67' lang='grc' dir='ltr'><strong>πὸ</strong></span> <span class='ocrx_word' id='word_1_265' title='bbox 2236 2142 2456 2208; x_wconf 90' lang='grc' dir='ltr'>δίκαιον,</span> <span class='ocrx_word' id='word_1_266' title='bbox 2473 2143 2788 2214; x_wconf 83' lang='grc' dir='ltr'>καθαρεύων</span> <span class='ocrx_word' id='word_1_267' title='bbox 2814 2146 2991 2213; x_wconf 83' lang='grc' dir='ltr'>πάσης</span> <span class='ocrx_word' id='word_1_268' title='bbox 3020 2144 3424 2215; x_wconf 86' lang='grc' dir='ltr'>προσπαθείας·</span> <span class='ocrx_word' id='word_1_269' title='bbox 3454 2145 3560 2198; x_wconf 73' lang='grc' dir='ltr'><strong>καὶ</strong></span> <span class='ocrx_word' id='word_1_270' title='bbox 3586 2143 3764 2215; x_wconf 81' lang='grc' dir='ltr'>ταύτῃ</span> 
     </span>
    </p>
   </div>
   <div class='ocr_carea' id='block_1_39' title="bbox 499 2232 2083 2327">
    <p class='ocr_par' dir='ltr' id='par_1_39' title="bbox 499 2232 2058 2327">
     <span class='ocr_line' id='line_1_41' title="bbox 499 2232 2058 2327; baseline 0.003 -19"><span class='ocrx_word' id='word_1_271' title='bbox 499 2254 614 2324; x_wconf 87' lang='lat' dir='ltr'><strong>ipse</strong></span> <span class='ocrx_word' id='word_1_272' title='bbox 642 2257 783 2322; x_wconf 89' lang='lat' dir='ltr'><strong>quod</strong></span> <span class='ocrx_word' id='word_1_273' title='bbox 805 2257 1009 2325; x_wconf 91' lang='lat' dir='ltr'><strong>justum</strong></span> <span class='ocrx_word' id='word_1_274' title='bbox 1036 2267 1119 2313; x_wconf 86' lang='lat' dir='ltr'><strong>est</strong></span> <span class='ocrx_word' id='word_1_275' title='bbox 1148 2273 1381 2327; x_wconf 58' lang='lat' dir='ltr'><strong>quaeres,</strong></span> <span class='ocrx_word' id='word_1_276' title='bbox 1420 2260 1849 2327; x_wconf 85' lang='lat' dir='ltr'><strong>circumquaque</strong></span> <span class='ocrx_word' id='word_1_277' title='bbox 1880 2232 2058 2314; x_wconf 85' lang='lat' dir='ltr'><strong>muni-</strong></span> 
     </span>
    </p>
   </div>
   <div class='ocr_carea' id='block_1_40' title="bbox 2180 2232 3764 2327">
    <p class='ocr_par' dir='ltr' id='par_1_40' title="bbox 2180 2232 3764 2307">
     <span class='ocr_line' id='line_1_42' title="bbox 2180 2232 3764 2307; baseline 0.001 -22"><span class='ocrx_word' id='word_1_278' title='bbox 2180 2236 2218 2288; x_wconf 68' lang='grc' dir='ltr'><strong>τὸ</strong></span> <span class='ocrx_word' id='word_1_279' title='bbox 2266 2235 2472 2289; x_wconf 89' lang='grc' dir='ltr'>δίκαιον</span> <span class='ocrx_word' id='word_1_280' title='bbox 2538 2235 2741 2299; x_wconf 88' lang='grc' dir='ltr'>δίκαιος</span> <span class='ocrx_word' id='word_1_281' title='bbox 2786 2233 2860 2289; x_wconf 85' lang='grc' dir='ltr'>ὢν</span> <span class='ocrx_word' id='word_1_282' title='bbox 2917 2234 3202 2307; x_wconf 77' lang='grc' dir='ltr'>ζητήσεις,</span> <span class='ocrx_word' id='word_1_283' title='bbox 3250 2237 3354 2290; x_wconf 75' lang='grc' dir='ltr'>καὶ</span> <span class='ocrx_word' id='word_1_284' title='bbox 3407 2232 3764 2305; x_wconf 85' lang='grc' dir='ltr'>πανταχόθεν</span> 
     </span>
    </p>
   </div>
   <div class='ocr_carea' id='block_1_41' title="bbox 503 2325 2087 2413">
    <p class='ocr_par' dir='ltr' id='par_1_41' title="bbox 503 2325 2057 2413">
     <span class='ocr_line' id='line_1_43' title="bbox 503 2325 2057 2413; baseline 0.003 -15"><span class='ocrx_word' id='word_1_285' title='bbox 503 2356 608 2410; x_wconf 89' lang='lat' dir='ltr'><strong>tus,</strong></span> <span class='ocrx_word' id='word_1_286' title='bbox 636 2358 689 2400; x_wconf 79' lang='grc' dir='ltr'><strong>ιιι</strong></span> <span class='ocrx_word' id='word_1_287' title='bbox 721 2349 857 2401; x_wconf 89' lang='lat' dir='ltr'><strong>intra</strong></span> <span class='ocrx_word' id='word_1_288' title='bbox 879 2347 1105 2413; x_wconf 71' lang='lat' dir='ltr'><strong>justitize</strong></span> <span class='ocrx_word' id='word_1_289' title='bbox 1138 2325 1339 2403; x_wconf 82' lang='lat' dir='ltr'><strong>limites</strong></span> <span class='ocrx_word' id='word_1_290' title='bbox 1367 2325 1691 2403; x_wconf 85' lang='lat' dir='ltr'><strong>consistens.</strong></span> <span class='ocrx_word' id='word_1_291' title='bbox 1738 2325 1885 2402; x_wconf 70' lang='lat' dir='ltr'><strong>Multi</strong></span> <span class='ocrx_word' id='word_1_292' title='bbox 1914 2351 2057 2403; x_wconf 90' lang='lat' dir='ltr'><strong>enim</strong></span> 
     </span>
    </p>
   </div>
   <div class='ocr_carea' id='block_1_42' title="bbox 2177 2325 3761 2413">
    <p class='ocr_par' dir='ltr' id='par_1_42' title="bbox 2177 2325 3761 2401">
     <span class='ocr_line' id='line_1_44' title="bbox 2177 2325 3761 2401; baseline -0.001 -21"><span class='ocrx_word' id='word_1_293' title='bbox 2177 2328 2687 2398; x_wconf 80' lang='grc' dir='ltr'>τεριπεφραγμένος,</span> <span class='ocrx_word' id='word_1_294' title='bbox 2714 2330 2808 2383; x_wconf 78' lang='grc' dir='ltr'>καὶ</span> <span class='ocrx_word' id='word_1_295' title='bbox 2850 2328 2957 2383; x_wconf 78' lang='grc' dir='ltr'>ἔσω</span> <span class='ocrx_word' id='word_1_296' title='bbox 2996 2328 3102 2382; x_wconf 85' lang='grc' dir='ltr'><strong>τῶν</strong></span> <span class='ocrx_word' id='word_1_297' title='bbox 3138 2330 3280 2401; x_wconf 84' lang='grc' dir='ltr'>ὅρων</span> <span class='ocrx_word' id='word_1_298' title='bbox 3310 2329 3429 2400; x_wconf 80' lang='grc' dir='ltr'>τῆς</span> <span class='ocrx_word' id='word_1_299' title='bbox 3472 2325 3761 2381; x_wconf 85' lang='grc' dir='ltr'>δικαιοσύ-</span> 
     </span>
    </p>
   </div>
   <div class='ocr_carea' id='block_1_43' title="bbox 501 2415 2085 2509">
    <p class='ocr_par' dir='ltr' id='par_1_43' title="bbox 501 2438 2059 2509">
     <span class='ocr_line' id='line_1_45' title="bbox 501 2438 2059 2509; baseline 0.001 -15"><span class='ocrx_word' id='word_1_300' title='bbox 501 2440 605 2495; x_wconf 79' lang='lat' dir='ltr'><strong>hoc</strong></span> <span class='ocrx_word' id='word_1_301' title='bbox 630 2440 744 2508; x_wconf 90' lang='lat' dir='ltr'><strong>ipso</strong></span> <span class='ocrx_word' id='word_1_302' title='bbox 772 2442 913 2506; x_wconf 85' lang='lat' dir='ltr'><strong>quod</strong></span> <span class='ocrx_word' id='word_1_303' title='bbox 943 2440 1128 2493; x_wconf 90' lang='lat' dir='ltr'><strong>volunt</strong></span> <span class='ocrx_word' id='word_1_304' title='bbox 1154 2456 1272 2493; x_wconf 86' lang='lat' dir='ltr'><strong>esse</strong></span> <span class='ocrx_word' id='word_1_305' title='bbox 1294 2438 1428 2507; x_wconf 85' lang='lat' dir='ltr'><strong>justi</strong></span> <span class='ocrx_word' id='word_1_306' title='bbox 1456 2480 1470 2503; x_wconf 87' lang='lat'><strong>,</strong></span> <span class='ocrx_word' id='word_1_307' title='bbox 1502 2440 1751 2494; x_wconf 83' lang='lat' dir='ltr'><strong>inebriati</strong></span> <span class='ocrx_word' id='word_1_308' title='bbox 1802 2441 2059 2509; x_wconf 87' lang='lat' dir='ltr'><strong>quodam-</strong></span> 
     </span>
    </p>
   </div>
   <div class='ocr_carea' id='block_1_44' title="bbox 2178 2415 3762 2509">
    <p class='ocr_par' dir='ltr' id='par_1_44' title="bbox 2178 2415 3762 2490">
     <span class='ocr_line' id='line_1_46' title="bbox 2178 2415 3762 2490; baseline -0.001 -19"><span class='ocrx_word' id='word_1_309' title='bbox 2178 2434 2253 2486; x_wconf 65' lang='grc' dir='ltr'>γης</span> <span class='ocrx_word' id='word_1_310' title='bbox 2289 2418 2589 2488; x_wconf 79' lang='grc' dir='ltr'>ἱστάμενος.</span> <span class='ocrx_word' id='word_1_311' title='bbox 2633 2418 2822 2472; x_wconf 74' lang='grc' dir='ltr'>Πολλοὶ</span> <span class='ocrx_word' id='word_1_312' title='bbox 2858 2420 2964 2490; x_wconf 80' lang='grc' dir='ltr'><strong>γὰρ</strong></span> <span class='ocrx_word' id='word_1_313' title='bbox 2992 2419 3124 2473; x_wconf 80' lang='grc' dir='ltr'>αὐτὸ</span> <span class='ocrx_word' id='word_1_314' title='bbox 3158 2419 3219 2472; x_wconf 85' lang='grc' dir='ltr'>τὸ</span> <span class='ocrx_word' id='word_1_315' title='bbox 3252 2418 3375 2489; x_wconf 71' lang='grc'><strong>(44)</strong></span> <span class='ocrx_word' id='word_1_316' title='bbox 3427 2417 3649 2471; x_wconf 77' lang='grc' dir='ltr'>ἐθέλειν</span> <span class='ocrx_word' id='word_1_317' title='bbox 3687 2415 3762 2470; x_wconf 81' lang='grc' dir='ltr'>δί-</span> 
     </span>
    </p>
   </div>
   <div class='ocr_carea' id='block_1_45' title="bbox 497 2505 2081 2597">
    <p class='ocr_par' dir='ltr' id='par_1_45' title="bbox 497 2505 2056 2597">
     <span class='ocr_line' id='line_1_47' title="bbox 497 2505 2056 2597; baseline 0.002 -16"><span class='ocrx_word' id='word_1_318' title='bbox 497 2505 662 2582; x_wconf 81' lang='lat' dir='ltr'><strong>modo</strong></span> <span class='ocrx_word' id='word_1_319' title='bbox 709 2505 942 2583; x_wconf 88' lang='lat' dir='ltr'><strong>mentem</strong></span> <span class='ocrx_word' id='word_1_320' title='bbox 994 2538 1214 2597; x_wconf 88' lang='lat' dir='ltr'><strong>propter</strong></span> <span class='ocrx_word' id='word_1_321' title='bbox 1278 2505 1503 2594; x_wconf 77' lang='lat' dir='ltr'><strong>rigidam</strong></span> <span class='ocrx_word' id='word_1_322' title='bbox 1550 2505 1833 2596; x_wconf 79' lang='lat' dir='ltr'><strong>justitiam</strong></span> <span class='ocrx_word' id='word_1_323' title='bbox 1865 2544 2056 2597; x_wconf 88' lang='lat' dir='ltr'><strong>suam,</strong></span> 
     </span>
    </p>
   </div>
   <div class='ocr_carea' id='block_1_46' title="bbox 2170 2505 3754 2597">
    <p class='ocr_par' dir='ltr' id='par_1_46' title="bbox 2170 2505 3754 2582">
     <span class='ocr_line' id='line_1_48' title="bbox 2170 2505 3754 2582; baseline -0.001 -20"><span class='ocrx_word' id='word_1_324' title='bbox 2170 2527 2300 2563; x_wconf 68' lang='grc' dir='ltr'>καιοι</span> <span class='ocrx_word' id='word_1_325' title='bbox 2346 2505 2504 2573; x_wconf 75' lang='grc' dir='ltr'>εἶναι,</span> <span class='ocrx_word' id='word_1_326' title='bbox 2549 2510 2899 2581; x_wconf 82' lang='grc' dir='ltr'>μεθυσθέντες</span> <span class='ocrx_word' id='word_1_327' title='bbox 2942 2512 3030 2564; x_wconf 70' lang='grc' dir='ltr'>τὸν</span> <span class='ocrx_word' id='word_1_328' title='bbox 3068 2510 3191 2565; x_wconf 84' lang='grc' dir='ltr'>νοῦν</span> <span class='ocrx_word' id='word_1_329' title='bbox 3240 2509 3329 2564; x_wconf 76' lang='grc' dir='ltr'><strong>διὰ</strong></span> <span class='ocrx_word' id='word_1_330' title='bbox 3385 2510 3496 2582; x_wconf 84' lang='grc' dir='ltr'>τῆς</span> <span class='ocrx_word' id='word_1_331' title='bbox 3543 2510 3754 2563; x_wconf 85' lang='grc' dir='ltr'>δικαιο-</span> 
     </span>
    </p>
   </div>
   <div class='ocr_carea' id='block_1_47' title="bbox 489 2601 2073 2687">
    <p class='ocr_par' dir='ltr' id='par_1_47' title="bbox 489 2614 2055 2687">
     <span class='ocr_line' id='line_1_49' title="bbox 489 2614 2055 2687; baseline 0.001 -15"><span class='ocrx_word' id='word_1_332' title='bbox 489 2617 717 2687; x_wconf 73' lang='lat' dir='ltr'><strong>iustitiae</strong></span> <span class='ocrx_word' id='word_1_333' title='bbox 744 2617 1028 2683; x_wconf 86' lang='lat' dir='ltr'><strong>justitiam</strong></span> <span class='ocrx_word' id='word_1_334' title='bbox 1070 2616 1262 2686; x_wconf 85' lang='lat' dir='ltr'><strong>injuria</strong></span> <span class='ocrx_word' id='word_1_335' title='bbox 1317 2614 1633 2671; x_wconf 75' lang='lat' dir='ltr'><strong>affecerunt.</strong></span> <span class='ocrx_word' id='word_1_336' title='bbox 1686 2616 1861 2685; x_wconf 86' lang='lat' dir='ltr'><strong>Quare</strong></span> <span class='ocrx_word' id='word_1_337' title='bbox 1892 2620 2055 2673; x_wconf 89' lang='lat' dir='ltr'><strong>etiam</strong></span> 
     </span>
    </p>
   </div>
   <div class='ocr_carea' id='block_1_48' title="bbox 2174 2601 3758 2687">
    <p class='ocr_par' dir='ltr' id='par_1_48' title="bbox 2174 2601 3758 2676">
     <span class='ocr_line' id='line_1_50' title="bbox 2174 2601 3758 2676; baseline 0.001 -21"><span class='ocrx_word' id='word_1_338' title='bbox 2174 2602 2322 2673; x_wconf 76' lang='grc' dir='ltr'>ςύνης</span> <span class='ocrx_word' id='word_1_339' title='bbox 2359 2601 2615 2675; x_wconf 77' lang='grc' dir='ltr'>ἀκριϐοῦς</span> <span class='ocrx_word' id='word_1_340' title='bbox 2639 2603 2837 2668; x_wconf 77' lang='grc' dir='ltr'>αὐτῶν,</span> <span class='ocrx_word' id='word_1_341' title='bbox 2873 2604 3211 2675; x_wconf 82' lang='grc' dir='ltr'>δικαιοσύνης</span> <span class='ocrx_word' id='word_1_342' title='bbox 3255 2603 3358 2676; x_wconf 82' lang='grc' dir='ltr'>τὴν</span> <span class='ocrx_word' id='word_1_343' title='bbox 3394 2601 3758 2672; x_wconf 88' lang='grc' dir='ltr'>δικαιοσύνην</span> 
     </span>
    </p>
   </div>
   <div class='ocr_carea' id='block_1_49' title="bbox 498 2692 2082 2778">
    <p class='ocr_par' dir='ltr' id='par_1_49' title="bbox 498 2705 2059 2778">
     <span class='ocr_line' id='line_1_51' title="bbox 498 2705 2059 2778; baseline 0.003 -19"><span class='ocrx_word' id='word_1_344' title='bbox 498 2708 737 2774; x_wconf 92' lang='lat' dir='ltr'><strong>prudens</strong></span> <span class='ocrx_word' id='word_1_345' title='bbox 767 2705 1142 2771; x_wconf 75' lang='lat' dir='ltr'><strong>Ecclesiastes,</strong></span> <span class='ocrx_word' id='word_1_346' title='bbox 1184 2719 1346 2776; x_wconf 83' lang='lat' dir='ltr'><strong>atque</strong></span> <span class='ocrx_word' id='word_1_347' title='bbox 1387 2708 1521 2763; x_wconf 90' lang='lat' dir='ltr'><strong>adeo</strong></span> <span class='ocrx_word' id='word_1_348' title='bbox 1560 2708 1785 2777; x_wconf 88' lang='lat' dir='ltr'><strong>ipsemet</strong></span> <span class='ocrx_word' id='word_1_349' title='bbox 1824 2711 2059 2778; x_wconf 89' lang='lat' dir='ltr'><strong>pruden-</strong></span> 
     </span>
    </p>
   </div>
   <div class='ocr_carea' id='block_1_50' title="bbox 2170 2692 3754 2778">
    <p class='ocr_par' dir='ltr' id='par_1_50' title="bbox 2170 2692 3754 2766">
     <span class='ocr_line' id='line_1_52' title="bbox 2170 2692 3754 2766; baseline -0.001 -19"><span class='ocrx_word' id='word_1_350' title='bbox 2170 2694 2609 2765; x_wconf 65' lang='lat' dir='ltr'><strong>h6ixrjoav.&quot;005v</strong></span> <span class='ocrx_word' id='word_1_351' title='bbox 2641 2697 2734 2749; x_wconf 75' lang='lat' dir='ltr'><strong>xui.</strong></span> <span class='ocrx_word' id='word_1_352' title='bbox 2753 2697 2781 2749; x_wconf 94' lang='lat'><strong>6</strong></span> <span class='ocrx_word' id='word_1_353' title='bbox 2808 2696 3023 2760; x_wconf 82' lang='grc' dir='ltr'>συνετὸς</span> <span class='ocrx_word' id='word_1_354' title='bbox 3049 2695 3515 2766; x_wconf 79' lang='grc' dir='ltr'>Ἐκκλησιαστὴς,</span> <span class='ocrx_word' id='word_1_355' title='bbox 3552 2692 3754 2765; x_wconf 73' lang='grc' dir='ltr'>μᾶλλον</span> 
     </span>
    </p>
   </div>
   <div class='ocr_carea' id='block_1_51' title="bbox 499 2783 2083 2869">
    <p class='ocr_par' dir='ltr' id='par_1_51' title="bbox 499 2797 2056 2869">
     <span class='ocr_line' id='line_1_53' title="bbox 499 2797 2056 2869; baseline 0.003 -18"><span class='ocrx_word' id='word_1_356' title='bbox 499 2799 586 2852; x_wconf 65' lang='lat' dir='ltr'><strong>tim</strong></span> <span class='ocrx_word' id='word_1_357' title='bbox 610 2799 848 2852; x_wconf 89' lang='lat' dir='ltr'><strong>eruditor</strong></span> <span class='ocrx_word' id='word_1_358' title='bbox 905 2797 1177 2869; x_wconf 88' lang='lat' dir='ltr'><strong>(Christus</strong></span> <span class='ocrx_word' id='word_1_359' title='bbox 1206 2808 1287 2854; x_wconf 88' lang='lat' dir='ltr'><strong>est</strong></span> <span class='ocrx_word' id='word_1_360' title='bbox 1315 2799 1457 2853; x_wconf 89' lang='lat' dir='ltr'><strong>enim</strong></span> <span class='ocrx_word' id='word_1_361' title='bbox 1493 2815 1652 2855; x_wconf 82' lang='lat' dir='ltr'><strong>verus</strong></span> <span class='ocrx_word' id='word_1_362' title='bbox 1683 2800 2056 2869; x_wconf 85' lang='lat' dir='ltr'><strong>Ecclesiastes,</strong></span> 
     </span>
    </p>
   </div>
   <div class='ocr_carea' id='block_1_52' title="bbox 2168 2783 3752 2869">
    <p class='ocr_par' dir='ltr' id='par_1_52' title="bbox 2168 2783 3752 2859">
     <span class='ocr_line' id='line_1_54' title="bbox 2168 2783 3752 2859; baseline -0.001 -21"><span class='ocrx_word' id='word_1_363' title='bbox 2168 2784 2211 2838; x_wconf 58' lang='lat' dir='ltr'><strong>se</strong></span> <span class='ocrx_word' id='word_1_364' title='bbox 2253 2785 2282 2836; x_wconf 86' lang='lat'><strong>6</strong></span> <span class='ocrx_word' id='word_1_365' title='bbox 2325 2786 2423 2855; x_wconf 86' lang='grc' dir='ltr'>τῆς</span> <span class='ocrx_word' id='word_1_366' title='bbox 2473 2786 2736 2852; x_wconf 85' lang='grc' dir='ltr'>συνέσεως</span> <span class='ocrx_word' id='word_1_367' title='bbox 2795 2786 3081 2859; x_wconf 78' lang='grc' dir='ltr'>παιδευτὴς</span> <span class='ocrx_word' id='word_1_368' title='bbox 3130 2783 3390 2858; x_wconf 77' lang='grc' dir='ltr'>(Χριστὸς</span> <span class='ocrx_word' id='word_1_369' title='bbox 3438 2784 3556 2856; x_wconf 85' lang='grc' dir='ltr'><strong>γάρ</strong></span> <span class='ocrx_word' id='word_1_370' title='bbox 3605 2786 3752 2837; x_wconf 85' lang='grc' dir='ltr'>ἐστιν</span> 
     </span>
    </p>
   </div>
   <div class='ocr_carea' id='block_1_53' title="bbox 497 2874 2081 2960">
    <p class='ocr_par' dir='ltr' id='par_1_53' title="bbox 497 2888 2060 2960">
     <span class='ocr_line' id='line_1_55' title="bbox 497 2888 2060 2960; baseline 0.003 -16"><span class='ocrx_word' id='word_1_371' title='bbox 497 2888 754 2944; x_wconf 72' lang='lat' dir='ltr'><strong>Ecclesiae</strong></span> <span class='ocrx_word' id='word_1_372' title='bbox 791 2899 973 2959; x_wconf 87' lang='lat' dir='ltr'><strong>caput,</strong></span> <span class='ocrx_word' id='word_1_373' title='bbox 1014 2899 1070 2944; x_wconf 88' lang='lat' dir='ltr'><strong>et</strong></span> <span class='ocrx_word' id='word_1_374' title='bbox 1122 2890 1214 2944; x_wconf 88' lang='lat' dir='ltr'><strong>Dei</strong></span> <span class='ocrx_word' id='word_1_375' title='bbox 1262 2891 1428 2960; x_wconf 85' lang='lat' dir='ltr'><strong>patris</strong></span> <span class='ocrx_word' id='word_1_376' title='bbox 1477 2890 1644 2946; x_wconf 89' lang='lat' dir='ltr'><strong>nostri</strong></span> <span class='ocrx_word' id='word_1_377' title='bbox 1694 2897 1942 2960; x_wconf 71' lang='lat' dir='ltr'><strong>Suprema</strong></span> <span class='ocrx_word' id='word_1_378' title='bbox 1995 2908 2060 2949; x_wconf 89' lang='lat' dir='ltr'><strong>ac</strong></span> 
     </span>
    </p>
   </div>
   <div class='ocr_carea' id='block_1_54' title="bbox 2161 2874 3745 2960">
    <p class='ocr_par' dir='ltr' id='par_1_54' title="bbox 2161 2874 3745 2950">
     <span class='ocr_line' id='line_1_56' title="bbox 2161 2874 3745 2950; baseline 0.006 -21"><span class='ocrx_word' id='word_1_379' title='bbox 2161 2876 2415 2948; x_wconf 78' lang='grc' dir='ltr'>όάληθὴς</span> <span class='ocrx_word' id='word_1_380' title='bbox 2456 2878 2897 2950; x_wconf 83' lang='grc' dir='ltr'>Ἐκκλησιαστὴς,</span> <span class='ocrx_word' id='word_1_381' title='bbox 2937 2878 3034 2948; x_wconf 81' lang='grc' dir='ltr'>τῆς</span> <span class='ocrx_word' id='word_1_382' title='bbox 3073 2877 3404 2947; x_wconf 82' lang='grc' dir='ltr'>Ἐκκλησίας</span> <span class='ocrx_word' id='word_1_383' title='bbox 3438 2879 3473 2948; x_wconf 89' lang='grc' dir='ltr'>ή</span> <span class='ocrx_word' id='word_1_384' title='bbox 3508 2874 3745 2945; x_wconf 68' lang='grc' dir='ltr'>κεφαλὴν</span> 
     </span>
    </p>
   </div>
   <div class='ocr_carea' id='block_1_55' title="bbox 497 2969 2081 3053">
    <p class='ocr_par' dir='ltr' id='par_1_55' title="bbox 497 2980 2060 3053">
     <span class='ocr_line' id='line_1_57' title="bbox 497 2980 2060 3053; baseline 0.003 -19"><span class='ocrx_word' id='word_1_385' title='bbox 497 2980 797 3036; x_wconf 87' lang='lat' dir='ltr'><strong>subsistens</strong></span> <span class='ocrx_word' id='word_1_386' title='bbox 825 2982 1087 3051; x_wconf 87' lang='lat' dir='ltr'><strong>sapientia</strong></span> <span class='ocrx_word' id='word_1_387' title='bbox 1109 2990 1162 3037; x_wconf 92' lang='lat' dir='ltr'><strong>et</strong></span> <span class='ocrx_word' id='word_1_388' title='bbox 1182 2983 1318 3037; x_wconf 87' lang='lat' dir='ltr'><strong>ratio</strong></span> <span class='ocrx_word' id='word_1_389' title='bbox 1339 2992 1379 3049; x_wconf 85' lang='lat'><strong>),</strong></span> <span class='ocrx_word' id='word_1_390' title='bbox 1407 2980 1664 3052; x_wconf 76' lang='lat' dir='ltr'><strong>jugulans</strong></span> <span class='ocrx_word' id='word_1_391' title='bbox 1695 2984 1837 3053; x_wconf 89' lang='lat' dir='ltr'><strong>quod</strong></span> <span class='ocrx_word' id='word_1_392' title='bbox 1869 2984 2060 3038; x_wconf 90' lang='lat' dir='ltr'><strong>immo-</strong></span> 
     </span>
    </p>
   </div>
   <div class='ocr_carea' id='block_1_56' title="bbox 2166 2969 3750 3053">
    <p class='ocr_par' dir='ltr' id='par_1_56' title="bbox 2166 2969 3750 3044">
     <span class='ocr_line' id='line_1_58' title="bbox 2166 2969 3750 3044; baseline -0.001 -22"><span class='ocrx_word' id='word_1_393' title='bbox 2166 2969 2249 3022; x_wconf 76' lang='grc' dir='ltr'>καὶ</span> <span class='ocrx_word' id='word_1_394' title='bbox 2279 2969 2372 3023; x_wconf 90' lang='grc' dir='ltr'><strong>τοῦ</strong></span> <span class='ocrx_word' id='word_1_395' title='bbox 2405 2970 2538 3023; x_wconf 85' lang='grc' dir='ltr'>Θεοῦ</span> <span class='ocrx_word' id='word_1_396' title='bbox 2583 2972 2794 3044; x_wconf 82' lang='grc' dir='ltr'>Πατρὸς</span> <span class='ocrx_word' id='word_1_397' title='bbox 2826 2972 2982 3043; x_wconf 80' lang='grc' dir='ltr'>ἡμῶν</span> <span class='ocrx_word' id='word_1_398' title='bbox 3028 2973 3060 3042; x_wconf 85' lang='grc' dir='ltr'>ή</span> <span class='ocrx_word' id='word_1_399' title='bbox 3110 2971 3370 3023; x_wconf 82' lang='grc' dir='ltr'>ἀνωτάτω</span> <span class='ocrx_word' id='word_1_400' title='bbox 3405 2973 3508 3025; x_wconf 75' lang='grc' dir='ltr'>καὶ</span> <span class='ocrx_word' id='word_1_401' title='bbox 3554 2969 3750 3023; x_wconf 84' lang='grc' dir='ltr'>ὲνυπό-</span> 
     </span>
    </p>
   </div>
   <div class='ocr_carea' id='block_1_57' title="bbox 499 3061 2083 3155">
    <p class='ocr_par' dir='ltr' id='par_1_57' title="bbox 499 3069 2083 3139">
     <span class='ocr_line' id='line_1_59' title="bbox 499 3069 2083 3139; baseline 0.004 -17"><span class='ocrx_word' id='word_1_402' title='bbox 499 3069 673 3122; x_wconf 91' lang='lat' dir='ltr'><strong>dicum</strong></span> <span class='ocrx_word' id='word_1_403' title='bbox 696 3077 798 3135; x_wconf 90' lang='lat' dir='ltr'><strong>est,</strong></span> <span class='ocrx_word' id='word_1_404' title='bbox 830 3072 1081 3139; x_wconf 83' lang='lat' dir='ltr'><strong>quamvis</strong></span> <span class='ocrx_word' id='word_1_405' title='bbox 1119 3074 1186 3128; x_wconf 90' lang='lat' dir='ltr'><strong>ad</strong></span> <span class='ocrx_word' id='word_1_406' title='bbox 1219 3073 1497 3128; x_wconf 80' lang='lat' dir='ltr'><strong>dexteram</strong></span> <span class='ocrx_word' id='word_1_407' title='bbox 1530 3072 1733 3139; x_wconf 83' lang='lat' dir='ltr'><strong>ﬂectat,</strong></span> <span class='ocrx_word' id='word_1_408' title='bbox 1768 3074 2052 3129; x_wconf 86' lang='lat' dir='ltr'><strong>admonet:</strong></span> <span class='ocrx_word' id='word_1_409' title='bbox 2082 3122 2083 3136; x_wconf 28' lang='grc' dir='ltr'>χ</span> 
     </span>
    </p>
   </div>
   <div class='ocr_carea' id='block_1_58' title="bbox 2158 3061 3742 3155">
    <p class='ocr_par' dir='ltr' id='par_1_58' title="bbox 2160 3061 3742 3134">
     <span class='ocr_line' id='line_1_60' title="bbox 2160 3061 3742 3134; baseline -0.001 -22"><span class='ocrx_word' id='word_1_410' title='bbox 2160 3076 2351 3124; x_wconf 88' lang='grc' dir='ltr'>στατος</span> <span class='ocrx_word' id='word_1_411' title='bbox 2400 3062 2560 3131; x_wconf 80' lang='grc' dir='ltr'>σοφία</span> <span class='ocrx_word' id='word_1_412' title='bbox 2602 3064 2693 3116; x_wconf 73' lang='grc' dir='ltr'>καὶ</span> <span class='ocrx_word' id='word_1_413' title='bbox 2727 3062 2939 3132; x_wconf 85' lang='grc' dir='ltr'>λόγος),</span> <span class='ocrx_word' id='word_1_414' title='bbox 2988 3062 3169 3132; x_wconf 80' lang='grc' dir='ltr'>ἄγχων</span> <span class='ocrx_word' id='word_1_415' title='bbox 3204 3061 3265 3114; x_wconf 77' lang='grc' dir='ltr'>τὸ</span> <span class='ocrx_word' id='word_1_416' title='bbox 3310 3061 3463 3134; x_wconf 87' lang='grc' dir='ltr'>πέρα</span> <span class='ocrx_word' id='word_1_417' title='bbox 3519 3062 3742 3132; x_wconf 83' lang='grc' dir='ltr'>μέτρου,</span> 
     </span>
    </p>
   </div>
   <div class='ocr_carea' id='block_1_59' title="bbox 499 3148 2083 3237">
    <p class='ocr_par' dir='ltr' id='par_1_59' title="bbox 499 3158 2058 3237">
     <span class='ocr_line' id='line_1_61' title="bbox 499 3158 2058 3237; baseline 0.004 -24"><span class='ocrx_word' id='word_1_418' title='bbox 499 3158 585 3213; x_wconf 81' lang='lat' dir='ltr'><strong>Ne</strong></span> <span class='ocrx_word' id='word_1_419' title='bbox 617 3160 688 3213; x_wconf 89' lang='lat' dir='ltr'><strong>sis</strong></span> <span class='ocrx_word' id='word_1_420' title='bbox 714 3160 894 3229; x_wconf 82' lang='lat' dir='ltr'><strong>justus</strong></span> <span class='ocrx_word' id='word_1_421' title='bbox 918 3162 1165 3231; x_wconf 84' lang='lat' dir='ltr'><strong>multum,</strong></span> <span class='ocrx_word' id='word_1_422' title='bbox 1194 3179 1358 3235; x_wconf 80' lang='lat' dir='ltr'><strong>neque</strong></span> <span class='ocrx_word' id='word_1_423' title='bbox 1382 3165 1741 3220; x_wconf 79' lang='lat' dir='ltr'><strong>commenteris</strong></span> <span class='ocrx_word' id='word_1_424' title='bbox 1778 3165 2058 3237; x_wconf 76' lang='lat' dir='ltr'><strong>plusquam</strong></span> 
     </span>
    </p>
   </div>
   <div class='ocr_carea' id='block_1_60' title="bbox 2160 3148 3744 3237">
    <p class='ocr_par' dir='ltr' id='par_1_60' title="bbox 2160 3148 3744 3225">
     <span class='ocr_line' id='line_1_62' title="bbox 2160 3148 3744 3225; baseline 0 -22"><span class='ocrx_word' id='word_1_425' title='bbox 2160 3148 2259 3204; x_wconf 82' lang='grc' dir='ltr'>κᾶν</span> <span class='ocrx_word' id='word_1_426' title='bbox 2302 3152 2392 3204; x_wconf 80' lang='grc' dir='ltr'>ἐπὶ</span> <span class='ocrx_word' id='word_1_427' title='bbox 2432 3152 2499 3206; x_wconf 87' lang='grc' dir='ltr'>τὰ</span> <span class='ocrx_word' id='word_1_428' title='bbox 2535 3151 2682 3219; x_wconf 80' lang='grc' dir='ltr'>δεξιὰ</span> <span class='ocrx_word' id='word_1_429' title='bbox 2713 3153 2962 3225; x_wconf 82' lang='grc' dir='ltr'>φέρηται,</span> <span class='ocrx_word' id='word_1_430' title='bbox 2998 3156 3274 3224; x_wconf 82' lang='grc' dir='ltr'>παραινεῖ·</span> <span class='ocrx_word' id='word_1_431' title='bbox 3307 3151 3411 3223; x_wconf 79' lang='grc' dir='ltr'><strong>Μὴ</strong></span> <span class='ocrx_word' id='word_1_432' title='bbox 3447 3155 3627 3223; x_wconf 76' lang='grc' dir='ltr'>γίνου</span> <span class='ocrx_word' id='word_1_433' title='bbox 3658 3150 3744 3204; x_wconf 80' lang='grc' dir='ltr'>δι’-</span> 
     </span>
    </p>
   </div>
   <div class='ocr_carea' id='block_1_61' title="bbox 496 3242 2080 3318">
    <p class='ocr_par' dir='ltr' id='par_1_61' title="bbox 496 3252 1913 3318">
     <span class='ocr_line' id='line_1_63' title="bbox 496 3252 1913 3318; baseline 0.003 -17"><span class='ocrx_word' id='word_1_434' title='bbox 496 3265 595 3318; x_wconf 82' lang='lat' dir='ltr'><strong>par</strong></span> <span class='ocrx_word' id='word_1_435' title='bbox 626 3260 701 3304; x_wconf 86' lang='lat' dir='ltr'><strong>est</strong></span> <span class='ocrx_word' id='word_1_436' title='bbox 737 3252 804 3305; x_wconf 82' lang='lat'><strong>“.</strong></span> <span class='ocrx_word' id='word_1_437' title='bbox 1908 3300 1913 3305; x_wconf 90' lang='lat'><strong>.</strong></span> 
     </span>
    </p>
   </div>
   <div class='ocr_carea' id='block_1_62' title="bbox 1761 3242 3345 3318">
    <p class='ocr_par' dir='ltr' id='par_1_62' title="bbox 1908 3242 3345 3313">
     <span class='ocr_line' id='line_1_64' title="bbox 1908 3242 3345 3313; baseline 0.001 -20"><span class='ocrx_word' id='word_1_438' title='bbox 1908 3300 1913 3305; x_wconf 89' lang='lat'>_</span> <span class='ocrx_word' id='word_1_439' title='bbox 2157 3257 2324 3309; x_wconf 74' lang='grc' dir='ltr'>καιος</span> <span class='ocrx_word' id='word_1_440' title='bbox 2348 3242 2526 3308; x_wconf 74' lang='grc' dir='ltr'>πολὺ,</span> <span class='ocrx_word' id='word_1_441' title='bbox 2555 3244 2649 3298; x_wconf 75' lang='grc' dir='ltr'>καὶ</span> <span class='ocrx_word' id='word_1_442' title='bbox 2676 3243 2762 3313; x_wconf 79' lang='grc' dir='ltr'>μὴ</span> <span class='ocrx_word' id='word_1_443' title='bbox 2792 3242 3049 3313; x_wconf 68' lang='grc' dir='ltr'>σοφίζων</span> <span class='ocrx_word' id='word_1_444' title='bbox 3070 3242 3345 3311; x_wconf 81' lang='grc' dir='ltr'>περισσά.</span> 
     </span>
    </p>
   </div>
   <div class='ocr_carea' id='block_1_63' title="bbox 1103 3336 2687 3402">
    <p class='ocr_par' dir='ltr' id='par_1_63' title="bbox 1103 3343 1440 3402">
     <span class='ocr_line' id='line_1_65' title="bbox 1103 3343 1440 3402; baseline 0 -2"><span class='ocrx_word' id='word_1_445' title='bbox 1103 3343 1257 3402; x_wconf 83' lang='lat' dir='ltr'><strong>CAP.</strong></span> <span class='ocrx_word' id='word_1_446' title='bbox 1299 3344 1440 3400; x_wconf 77' lang='lat' dir='ltr'><strong>XIX.</strong></span> 
     </span>
    </p>
   </div>
   <div class='ocr_carea' id='block_1_64' title="bbox 1500 3336 3084 3402">
    <p class='ocr_par' dir='ltr' id='par_1_64' title="bbox 2797 3336 3084 3392">
     <span class='ocr_line' id='line_1_66' title="bbox 2797 3336 3084 3392; baseline 0.007 -2"><span class='ocrx_word' id='word_1_447' title='bbox 2797 3337 2952 3390; x_wconf 81' lang='grc' dir='ltr'><strong>ΚΕΦ.</strong></span> <span class='ocrx_word' id='word_1_448' title='bbox 2983 3336 3084 3392; x_wconf 87' lang='grc' dir='ltr'><strong>ΙΘ’.</strong></span> 
     </span>
    </p>
   </div>
   <div class='ocr_carea' id='block_1_65' title="bbox 572 3421 2156 3566">
    <p class='ocr_par' dir='ltr' id='par_1_65' title="bbox 572 3431 1989 3507">
     <span class='ocr_line' id='line_1_67' title="bbox 572 3431 1989 3507; baseline 0.004 -20"><span class='ocrx_word' id='word_1_449' title='bbox 572 3431 640 3489; x_wconf 70' lang='grc' dir='ltr'><strong>ν.</strong></span> <span class='ocrx_word' id='word_1_450' title='bbox 666 3433 758 3488; x_wconf 75' lang='grc'><strong>21.</strong></span> <span class='ocrx_word' id='word_1_451' title='bbox 784 3435 1031 3489; x_wconf 78' lang='lat' dir='ltr'><strong>Animam</strong></span> <span class='ocrx_word' id='word_1_452' title='bbox 1071 3451 1165 3504; x_wconf 86' lang='lat' dir='ltr'><strong>pro</strong></span> <span class='ocrx_word' id='word_1_453' title='bbox 1205 3436 1419 3501; x_wconf 85' lang='lat' dir='ltr'><strong>anima,</strong></span> <span class='ocrx_word' id='word_1_454' title='bbox 1449 3434 1659 3490; x_wconf 83' lang='lat' dir='ltr'><strong>oculum</strong></span> <span class='ocrx_word' id='word_1_455' title='bbox 1686 3452 1780 3507; x_wconf 84' lang='lat' dir='ltr'><strong>pro</strong></span> <span class='ocrx_word' id='word_1_456' title='bbox 1814 3436 1989 3492; x_wconf 80' lang='lat' dir='ltr'><strong>oculo.</strong></span> 
     </span>
    </p>
   </div>
   <div class='ocr_carea' id='block_1_66' title="bbox 2152 3421 3736 3566">
    <p class='ocr_par' dir='ltr' id='par_1_66' title="bbox 2160 3421 3736 3566">
     <span class='ocr_line' id='line_1_68' title="bbox 2160 3421 3736 3566; baseline -0.001 -87"><span class='ocrx_word' id='word_1_457' title='bbox 2160 3423 2268 3497; x_wconf 83' lang='grc'><strong>(45)</strong></span> <span class='ocrx_word' id='word_1_458' title='bbox 2295 3425 2440 3498; x_wconf 86' lang='grc' dir='ltr'>Στίχ.</span> <span class='ocrx_word' id='word_1_459' title='bbox 2466 3433 2568 3480; x_wconf 89' lang='grc' dir='ltr'>κα’.</span> <span class='ocrx_word' id='word_1_460' title='bbox 2600 3425 3227 3566; x_wconf 50' lang='grc' dir='ltr'><strong>Ψυχὴέφιένῧμξνὲχῆς,</strong></span> <span class='ocrx_word' id='word_1_461' title='bbox 3258 3427 3580 3497; x_wconf 68' lang='grc' dir='ltr'>ὀφθαλμὸν</span> <span class='ocrx_word' id='word_1_462' title='bbox 3603 3421 3736 3480; x_wconf 71' lang='grc' dir='ltr'>ἀντὶ</span> 
     </span>
    </p>
   </div>
   <div class='ocr_carea' id='block_1_67' title="bbox 568 3587 2152 3662">
    <p class='ocr_par' dir='ltr' id='par_1_67' title="bbox 568 3592 2047 3662">
     <span class='ocr_line' id='line_1_69' title="bbox 568 3592 2047 3662; baseline 0.001 -16"><span class='ocrx_word' id='word_1_463' title='bbox 568 3592 694 3647; x_wconf 69' lang='lat' dir='ltr'><strong>llaec</strong></span> <span class='ocrx_word' id='word_1_464' title='bbox 723 3594 934 3662; x_wconf 79' lang='lat' dir='ltr'><strong>quidem</strong></span> <span class='ocrx_word' id='word_1_465' title='bbox 970 3594 1050 3648; x_wconf 75' lang='lat' dir='ltr'><strong>lex</strong></span> <span class='ocrx_word' id='word_1_466' title='bbox 1084 3594 1151 3648; x_wconf 91' lang='lat' dir='ltr'><strong>ad</strong></span> <span class='ocrx_word' id='word_1_467' title='bbox 1172 3593 1416 3650; x_wconf 78' lang='lat' dir='ltr'><strong>inﬁrmos</strong></span> <span class='ocrx_word' id='word_1_468' title='bbox 1453 3593 1743 3649; x_wconf 82' lang='lat' dir='ltr'><strong>lsraelitas.</strong></span> <span class='ocrx_word' id='word_1_469' title='bbox 1766 3595 1831 3648; x_wconf 78' lang='lat' dir='ltr'><strong>At</strong></span> <span class='ocrx_word' id='word_1_470' title='bbox 1865 3593 2047 3648; x_wconf 88' lang='lat' dir='ltr'><strong>Domi-</strong></span> 
     </span>
    </p>
   </div>
   <div class='ocr_carea' id='block_1_68' title="bbox 2148 3587 3732 3662">
    <p class='ocr_par' dir='ltr' id='par_1_68' title="bbox 2227 3587 3732 3660">
     <span class='ocr_line' id='line_1_70' title="bbox 2227 3587 3732 3660; baseline -0.001 -18"><span class='ocrx_word' id='word_1_471' title='bbox 2227 3589 2410 3642; x_wconf 89' lang='grc' dir='ltr'>Ταῦτα</span> <span class='ocrx_word' id='word_1_472' title='bbox 2442 3590 2539 3660; x_wconf 82' lang='grc' dir='ltr'>μὲν</span> <span class='ocrx_word' id='word_1_473' title='bbox 2571 3591 2599 3643; x_wconf 98' lang='lat'><strong>6</strong></span> <span class='ocrx_word' id='word_1_474' title='bbox 2627 3589 2790 3658; x_wconf 88' lang='grc' dir='ltr'>νόμος</span> <span class='ocrx_word' id='word_1_475' title='bbox 2832 3588 2909 3652; x_wconf 82' lang='grc' dir='ltr'>ὡς</span> <span class='ocrx_word' id='word_1_476' title='bbox 2938 3587 3180 3653; x_wconf 83' lang='grc' dir='ltr'>ἀσθενεῖς</span> <span class='ocrx_word' id='word_1_477' title='bbox 3201 3589 3327 3653; x_wconf 81' lang='grc' dir='ltr'>τοὺς</span> <span class='ocrx_word' id='word_1_478' title='bbox 3358 3587 3732 3660; x_wconf 78' lang='grc' dir='ltr'>Ἰσραηλίτας·</span> 
     </span>
    </p>
   </div>
   <div class='ocr_carea' id='block_1_69' title="bbox 394 3679 1978 3755">
    <p class='ocr_par' dir='ltr' id='par_1_69' title="bbox 394 3684 1978 3755">
     <span class='ocr_line' id='line_1_71' title="bbox 394 3684 1978 3755; baseline -0.001 -16"><span class='ocrx_word' id='word_1_479' title='bbox 394 3700 401 3709; x_wconf 83' lang='grc'>·</span> <span class='ocrx_word' id='word_1_480' title='bbox 496 3701 600 3740; x_wconf 84' lang='lat' dir='ltr'><strong>ntts</strong></span> <span class='ocrx_word' id='word_1_481' title='bbox 638 3684 727 3754; x_wconf 89' lang='lat' dir='ltr'><strong>qui</strong></span> <span class='ocrx_word' id='word_1_482' title='bbox 770 3686 835 3738; x_wconf 91' lang='lat' dir='ltr'><strong>de</strong></span> <span class='ocrx_word' id='word_1_483' title='bbox 871 3686 953 3739; x_wconf 91' lang='lat' dir='ltr'><strong>his</strong></span> <span class='ocrx_word' id='word_1_484' title='bbox 982 3685 1150 3754; x_wconf 83' lang='lat' dir='ltr'><strong>legem</strong></span> <span class='ocrx_word' id='word_1_485' title='bbox 1181 3685 1321 3748; x_wconf 84' lang='lat' dir='ltr'><strong>tulit,</strong></span> <span class='ocrx_word' id='word_1_486' title='bbox 1356 3687 1468 3742; x_wconf 88' lang='lat' dir='ltr'><strong>suis</strong></span> <span class='ocrx_word' id='word_1_487' title='bbox 1495 3685 1775 3755; x_wconf 83' lang='lat' dir='ltr'><strong>disci-polis</strong></span> <span class='ocrx_word' id='word_1_488' title='bbox 1801 3685 1878 3738; x_wconf 89' lang='lat' dir='ltr'><strong>ait</strong></span> <span class='ocrx_word' id='word_1_489' title='bbox 1908 3703 1922 3739; x_wconf 89' lang='lat'><strong>:</strong></span> <span class='ocrx_word' id='word_1_490' title='bbox 1950 3685 1978 3736; x_wconf 75' lang='grc' dir='ltr'><em>Α</em></span> 
     </span>
    </p>
   </div>
   <div class='ocr_carea' id='block_1_70' title="bbox 2151 3679 3735 3755">
    <p class='ocr_par' dir='ltr' id='par_1_70' title="bbox 2157 3679 3735 3753">
     <span class='ocr_line' id='line_1_72' title="bbox 2157 3679 3735 3753; baseline 0 -21"><span class='ocrx_word' id='word_1_491' title='bbox 2157 3680 2186 3733; x_wconf 92' lang='lat'><strong>6</strong></span> <span class='ocrx_word' id='word_1_492' title='bbox 2215 3680 2270 3734; x_wconf 83' lang='grc' dir='ltr'>δὲ</span> <span class='ocrx_word' id='word_1_493' title='bbox 2314 3681 2517 3753; x_wconf 78' lang='grc' dir='ltr'>Κύριος</span> <span class='ocrx_word' id='word_1_494' title='bbox 2550 3683 2579 3735; x_wconf 94' lang='lat'><strong>6</strong></span> <span class='ocrx_word' id='word_1_495' title='bbox 2608 3680 2781 3736; x_wconf 86' lang='grc' dir='ltr'>ταῦτα</span> <span class='ocrx_word' id='word_1_496' title='bbox 2830 3681 3196 3753; x_wconf 83' lang='grc' dir='ltr'>νομοθετήσας</span> <span class='ocrx_word' id='word_1_497' title='bbox 3237 3684 3350 3743; x_wconf 81' lang='grc' dir='ltr'>τοῖς</span> <span class='ocrx_word' id='word_1_498' title='bbox 3385 3679 3591 3734; x_wconf 79' lang='grc' dir='ltr'>ἑαυτοῦ</span> <span class='ocrx_word' id='word_1_499' title='bbox 3631 3694 3735 3750; x_wconf 87' lang='grc' dir='ltr'>μα-</span> 
     </span>
    </p>
   </div>
   <div class='ocr_carea' id='block_1_71' title="bbox 497 3766 2081 3846">
    <p class='ocr_par' dir='ltr' id='par_1_71' title="bbox 497 3772 2058 3846">
     <span class='ocr_line' id='line_1_73' title="bbox 497 3772 2058 3846; baseline 0.001 -19"><span class='ocrx_word' id='word_1_500' title='bbox 497 3774 671 3836; x_wconf 83' lang='lat' dir='ltr'><strong>dislis,</strong></span> <span class='ocrx_word' id='word_1_501' title='bbox 708 3776 846 3841; x_wconf 83' lang='lat' dir='ltr'><strong>quod</strong></span> <span class='ocrx_word' id='word_1_502' title='bbox 876 3776 1075 3827; x_wconf 86' lang='lat' dir='ltr'><strong>dictum</strong></span> <span class='ocrx_word' id='word_1_503' title='bbox 1096 3785 1172 3828; x_wconf 87' lang='lat' dir='ltr'><strong>est</strong></span> <span class='ocrx_word' id='word_1_504' title='bbox 1201 3792 1218 3828; x_wconf 94' lang='lat'><strong><em>:</em></strong></span> <span class='ocrx_word' id='word_1_505' title='bbox 1244 3774 1468 3829; x_wconf 84' lang='lat' dir='ltr'><strong>Oculum</strong></span> <span class='ocrx_word' id='word_1_506' title='bbox 1489 3793 1582 3844; x_wconf 85' lang='lat' dir='ltr'><strong>pro</strong></span> <span class='ocrx_word' id='word_1_507' title='bbox 1603 3776 1777 3845; x_wconf 84' lang='lat' dir='ltr'><strong>oculo,</strong></span> <span class='ocrx_word' id='word_1_508' title='bbox 1803 3784 1911 3831; x_wconf 89' lang='lat' dir='ltr'><strong>elc.</strong></span> <span class='ocrx_word' id='word_1_509' title='bbox 1943 3772 2058 3846; x_wconf 82' lang='lat' dir='ltr'><strong>Ego</strong></span> 
     </span>
    </p>
   </div>
   <div class='ocr_carea' id='block_1_72' title="bbox 2151 3766 3735 3846">
    <p class='ocr_par' dir='ltr' id='par_1_72' title="bbox 2158 3766 3735 3842">
     <span class='ocr_line' id='line_1_74' title="bbox 2158 3766 3735 3842; baseline -0.002 -19"><span class='ocrx_word' id='word_1_510' title='bbox 2158 3770 2347 3842; x_wconf 83' lang='grc' dir='ltr'>θηταῖς</span> <span class='ocrx_word' id='word_1_511' title='bbox 2393 3789 2579 3842; x_wconf 78' lang='grc' dir='ltr'>φησιν’</span> <span class='ocrx_word' id='word_1_512' title='bbox 2618 3773 2955 3834; x_wconf 84' lang='grc' dir='ltr'>Ἠκούσατε,</span> <span class='ocrx_word' id='word_1_513' title='bbox 2996 3771 3083 3825; x_wconf 83' lang='grc' dir='ltr'>ὅτι</span> <span class='ocrx_word' id='word_1_514' title='bbox 3132 3771 3372 3840; x_wconf 77' lang='grc' dir='ltr'><strong>ἐρῤήθη·</strong></span> <span class='ocrx_word' id='word_1_515' title='bbox 3399 3766 3735 3841; x_wconf 64' lang='grc' dir='ltr'><strong>Ὀφθαλμὸν</strong></span> 
     </span>
    </p>
   </div>
   <div class='ocr_carea' id='block_1_73' title="bbox 497 3857 2081 3932">
    <p class='ocr_par' dir='ltr' id='par_1_73' title="bbox 497 3867 1665 3932">
     <span class='ocr_line' id='line_1_75' title="bbox 497 3867 1665 3932; baseline 0.005 -12"><span class='ocrx_word' id='word_1_516' title='bbox 497 3875 671 3920; x_wconf 85' lang='lat' dir='ltr'><strong>autem</strong></span> <span class='ocrx_word' id='word_1_517' title='bbox 693 3867 810 3919; x_wconf 87' lang='lat' dir='ltr'><strong>dico</strong></span> <span class='ocrx_word' id='word_1_518' title='bbox 838 3868 978 3920; x_wconf 86' lang='lat' dir='ltr'><strong>vobis</strong></span> <span class='ocrx_word' id='word_1_519' title='bbox 998 3907 1013 3932; x_wconf 92' lang='lat'><strong>,</strong></span> <span class='ocrx_word' id='word_1_520' title='bbox 1043 3883 1144 3921; x_wconf 83' lang='lat' dir='ltr'><strong>non</strong></span> <span class='ocrx_word' id='word_1_521' title='bbox 1167 3868 1401 3921; x_wconf 79' lang='lat' dir='ltr'><strong>resistere</strong></span> <span class='ocrx_word' id='word_1_522' title='bbox 1430 3870 1568 3923; x_wconf 84' lang='lat' dir='ltr'><strong>malo</strong></span> <span class='ocrx_word' id='word_1_523' title='bbox 1598 3871 1665 3926; x_wconf 81' lang='lat'><strong>“.</strong></span> 
     </span>
    </p>
   </div>
   <div class='ocr_carea' id='block_1_74' title="bbox 2145 3857 3729 3932">
    <p class='ocr_par' dir='ltr' id='par_1_74' title="bbox 2157 3857 3729 3932">
     <span class='ocr_line' id='line_1_76' title="bbox 2157 3857 3729 3932; baseline -0.003 -17"><span class='ocrx_word' id='word_1_524' title='bbox 2157 3861 2291 3915; x_wconf 74' lang='grc' dir='ltr'>ἀντὶ</span> <span class='ocrx_word' id='word_1_525' title='bbox 2322 3862 2650 3930; x_wconf 70' lang='grc' dir='ltr'>ὀφθαλμοῦ,</span> <span class='ocrx_word' id='word_1_526' title='bbox 2679 3863 2772 3915; x_wconf 78' lang='grc' dir='ltr'>καὶ</span> <span class='ocrx_word' id='word_1_527' title='bbox 2792 3862 2863 3916; x_wconf 83' lang='grc' dir='ltr'>τὰ</span> <span class='ocrx_word' id='word_1_528' title='bbox 2890 3861 3037 3931; x_wconf 72' lang='grc' dir='ltr'>ἑξῆς.</span> <span class='ocrx_word' id='word_1_529' title='bbox 3096 3860 3237 3931; x_wconf 77' lang='grc' dir='ltr'><strong>Ἐγὼ</strong></span> <span class='ocrx_word' id='word_1_530' title='bbox 3268 3860 3337 3915; x_wconf 82' lang='grc' dir='ltr'>δὲ</span> <span class='ocrx_word' id='word_1_531' title='bbox 3372 3861 3533 3932; x_wconf 74' lang='grc' dir='ltr'>λέγω</span> <span class='ocrx_word' id='word_1_532' title='bbox 3566 3857 3729 3929; x_wconf 84' lang='grc' dir='ltr'>ὑμῖν,</span> 
     </span>
    </p>
   </div>
   <div class='ocr_carea' id='block_1_75' title="bbox 2152 3950 3017 4021">
    <p class='ocr_par' dir='ltr' id='par_1_75' title="bbox 2152 3950 3017 4021">
     <span class='ocr_line' id='line_1_77' title="bbox 2152 3950 3017 4021; baseline 0 -16"><span class='ocrx_word' id='word_1_533' title='bbox 2152 3950 2239 4021; x_wconf 78' lang='grc' dir='ltr'>μὴ</span> <span class='ocrx_word' id='word_1_534' title='bbox 2268 3951 2619 4020; x_wconf 78' lang='grc' dir='ltr'>ἀντιστῆναι</span> <span class='ocrx_word' id='word_1_535' title='bbox 2648 3952 2728 4019; x_wconf 82' lang='grc' dir='ltr'>τῷ</span> <span class='ocrx_word' id='word_1_536' title='bbox 2758 3952 3017 4020; x_wconf 79' lang='grc' dir='ltr'>πονηρῷ.</span> 
     </span>
    </p>
   </div>
   <div class='ocr_carea' id='block_1_76' title="bbox 572 4038 2156 4115">
    <p class='ocr_par' dir='ltr' id='par_1_76' title="bbox 572 4038 2059 4112">
     <span class='ocr_line' id='line_1_78' title="bbox 572 4038 2059 4112; baseline 0.001 -17"><span class='ocrx_word' id='word_1_537' title='bbox 572 4039 825 4112; x_wconf 76' lang='lat' dir='ltr'><strong>Ejusdem</strong></span> <span class='ocrx_word' id='word_1_538' title='bbox 851 4044 905 4095; x_wconf 86' lang='lat' dir='ltr'><strong>in</strong></span> <span class='ocrx_word' id='word_1_539' title='bbox 929 4040 1166 4095; x_wconf 83' lang='lat' dir='ltr'><strong>eumdem</strong></span> <span class='ocrx_word' id='word_1_540' title='bbox 1198 4040 1389 4095; x_wconf 83' lang='lat' dir='ltr'><strong>locum.</strong></span> <span class='ocrx_word' id='word_1_541' title='bbox 1434 4038 1558 4096; x_wconf 64' lang='lat' dir='ltr'><strong>Hinc</strong></span> <span class='ocrx_word' id='word_1_542' title='bbox 1583 4042 1801 4111; x_wconf 76' lang='lat' dir='ltr'><strong>quidem</strong></span> <span class='ocrx_word' id='word_1_543' title='bbox 1841 4044 1895 4096; x_wconf 90' lang='lat' dir='ltr'><strong>in</strong></span> <span class='ocrx_word' id='word_1_544' title='bbox 1931 4058 2059 4098; x_wconf 84' lang='lat' dir='ltr'><strong>sen-</strong></span> 
     </span>
    </p>
   </div>
   <div class='ocr_carea' id='block_1_77' title="bbox 2148 4038 3732 4115">
    <p class='ocr_par' dir='ltr' id='par_1_77' title="bbox 2180 4039 3732 4115">
     <span class='ocr_line' id='line_1_79' title="bbox 2180 4039 3732 4115; baseline -0.003 -17"><span class='ocrx_word' id='word_1_545' title='bbox 2180 4065 2193 4076; x_wconf 70' lang='grc' dir='ltr'><strong>υ</strong></span> <span class='ocrx_word' id='word_1_546' title='bbox 2233 4039 2342 4098; x_wconf 84' lang='grc' dir='ltr'><strong><em>Τοῦ</em></strong></span> <span class='ocrx_word' id='word_1_547' title='bbox 2379 4040 2563 4099; x_wconf 79' lang='grc' dir='ltr'>αὑτοῦ</span> <span class='ocrx_word' id='word_1_548' title='bbox 2611 4048 2697 4111; x_wconf 84' lang='grc' dir='ltr'><strong>είς</strong></span> <span class='ocrx_word' id='word_1_549' title='bbox 2740 4045 2804 4099; x_wconf 86' lang='grc' dir='ltr'><strong>τό</strong></span> <span class='ocrx_word' id='word_1_550' title='bbox 2837 4047 3001 4099; x_wconf 89' lang='grc' dir='ltr'>αὑτό.</span> <span class='ocrx_word' id='word_1_551' title='bbox 3057 4042 3213 4115; x_wconf 77' lang='grc'><strong>([46]</strong></span> <span class='ocrx_word' id='word_1_552' title='bbox 3266 4042 3451 4097; x_wconf 89' lang='grc' dir='ltr'>Ταῦτα</span> <span class='ocrx_word' id='word_1_553' title='bbox 3491 4043 3592 4115; x_wconf 80' lang='grc' dir='ltr'>μὲν</span> <span class='ocrx_word' id='word_1_554' title='bbox 3639 4039 3732 4094; x_wconf 74' lang='grc' dir='ltr'>ἐπὶ</span> 
     </span>
    </p>
   </div>
   <div class='ocr_carea' id='block_1_78' title="bbox 499 4131 2083 4206">
    <p class='ocr_par' dir='ltr' id='par_1_78' title="bbox 499 4131 2059 4203">
     <span class='ocr_line' id='line_1_80' title="bbox 499 4131 2059 4203; baseline 0.001 -14"><span class='ocrx_word' id='word_1_555' title='bbox 499 4133 650 4189; x_wconf 83' lang='lat' dir='ltr'><strong>sibus</strong></span> <span class='ocrx_word' id='word_1_556' title='bbox 683 4131 949 4187; x_wconf 79' lang='lat' dir='ltr'><strong>obnoxios</strong></span> <span class='ocrx_word' id='word_1_557' title='bbox 973 4133 1238 4199; x_wconf 85' lang='lat' dir='ltr'><strong>rebusque</strong></span> <span class='ocrx_word' id='word_1_558' title='bbox 1272 4133 1580 4191; x_wconf 85' lang='lat' dir='ltr'><strong>mundanis.</strong></span> <span class='ocrx_word' id='word_1_559' title='bbox 1629 4133 1698 4189; x_wconf 76' lang='grc' dir='ltr'>Αι</span> <span class='ocrx_word' id='word_1_560' title='bbox 1734 4134 1786 4187; x_wconf 90' lang='lat' dir='ltr'><strong>in</strong></span> <span class='ocrx_word' id='word_1_561' title='bbox 1826 4136 2059 4203; x_wconf 83' lang='lat' dir='ltr'><strong>peccatis</strong></span> 
     </span>
    </p>
   </div>
   <div class='ocr_carea' id='block_1_79' title="bbox 2144 4131 3728 4206">
    <p class='ocr_par' dir='ltr' id='par_1_79' title="bbox 2161 4132 3728 4206">
     <span class='ocr_line' id='line_1_81' title="bbox 2161 4132 3728 4206; baseline 0.001 -19"><span class='ocrx_word' id='word_1_562' title='bbox 2161 4132 2413 4203; x_wconf 81' lang='grc' dir='ltr'>αἰσθητοῦ</span> <span class='ocrx_word' id='word_1_563' title='bbox 2454 4134 2681 4188; x_wconf 74' lang='grc' dir='ltr'>καὶτῶν</span> <span class='ocrx_word' id='word_1_564' title='bbox 2724 4134 2863 4189; x_wconf 86' lang='grc' dir='ltr'><strong>κατά</strong></span> <span class='ocrx_word' id='word_1_565' title='bbox 2902 4134 3129 4206; x_wconf 60' lang='grc' dir='ltr'>κόσμον</span> <span class='ocrx_word' id='word_1_566' title='bbox 3168 4134 3259 4186; x_wconf 75' lang='grc' dir='ltr'>ἐπὶ</span> <span class='ocrx_word' id='word_1_567' title='bbox 3294 4133 3350 4187; x_wconf 86' lang='grc' dir='ltr'>δὲ</span> <span class='ocrx_word' id='word_1_568' title='bbox 3387 4133 3498 4189; x_wconf 82' lang='grc' dir='ltr'><strong>τῶν</strong></span> <span class='ocrx_word' id='word_1_569' title='bbox 3544 4136 3728 4205; x_wconf 85' lang='grc' dir='ltr'>ἡμαρ-</span> 
     </span>
    </p>
   </div>
   <div class='ocr_carea' id='block_1_80' title="bbox 500 4222 2084 4298">
    <p class='ocr_par' dir='ltr' id='par_1_80' title="bbox 500 4223 2062 4294">
     <span class='ocr_line' id='line_1_82' title="bbox 500 4223 2062 4294; baseline 0 -15"><span class='ocrx_word' id='word_1_570' title='bbox 500 4225 724 4289; x_wconf 86' lang='lat' dir='ltr'><strong>nostris,</strong></span> <span class='ocrx_word' id='word_1_571' title='bbox 785 4223 927 4279; x_wconf 86' lang='lat' dir='ltr'><strong>Deus</strong></span> <span class='ocrx_word' id='word_1_572' title='bbox 968 4224 1141 4279; x_wconf 87' lang='lat' dir='ltr'><strong>nihilo</strong></span> <span class='ocrx_word' id='word_1_573' title='bbox 1182 4239 1318 4293; x_wconf 91' lang='lat' dir='ltr'><strong>opus</strong></span> <span class='ocrx_word' id='word_1_574' title='bbox 1346 4224 1526 4279; x_wconf 84' lang='lat' dir='ltr'><strong>habet.</strong></span> <span class='ocrx_word' id='word_1_575' title='bbox 1562 4223 1678 4293; x_wconf 89' lang='lat' dir='ltr'><strong>Ipse</strong></span> <span class='ocrx_word' id='word_1_576' title='bbox 1701 4225 1845 4278; x_wconf 87' lang='lat' dir='ltr'><strong>enim</strong></span> <span class='ocrx_word' id='word_1_577' title='bbox 1883 4226 2062 4294; x_wconf 85' lang='lat' dir='ltr'><strong>inspe-</strong></span> 
     </span>
    </p>
   </div>
   <div class='ocr_carea' id='block_1_81' title="bbox 2145 4222 3729 4298">
    <p class='ocr_par' dir='ltr' id='par_1_81' title="bbox 2158 4222 3729 4298">
     <span class='ocr_line' id='line_1_83' title="bbox 2158 4222 3729 4298; baseline -0.001 -21"><span class='ocrx_word' id='word_1_578' title='bbox 2158 4225 2403 4296; x_wconf 84' lang='grc' dir='ltr'>τημένων</span> <span class='ocrx_word' id='word_1_579' title='bbox 2429 4227 2559 4296; x_wconf 78' lang='grc' dir='ltr'>ἡμῖν</span> <span class='ocrx_word' id='word_1_580' title='bbox 2590 4226 2799 4290; x_wconf 81' lang='grc' dir='ltr'>οὐδενὸς</span> <span class='ocrx_word' id='word_1_581' title='bbox 2827 4226 2995 4279; x_wconf 83' lang='grc' dir='ltr'>δεῖται</span> <span class='ocrx_word' id='word_1_582' title='bbox 3027 4228 3054 4279; x_wconf 91' lang='lat'><strong>6</strong></span> <span class='ocrx_word' id='word_1_583' title='bbox 3085 4225 3236 4289; x_wconf 84' lang='grc' dir='ltr'>Θεός.</span> <span class='ocrx_word' id='word_1_584' title='bbox 3266 4225 3438 4288; x_wconf 75' lang='grc' dir='ltr'>Αὐτὸς</span> <span class='ocrx_word' id='word_1_585' title='bbox 3463 4226 3575 4298; x_wconf 79' lang='grc' dir='ltr'><strong>γὰρ</strong></span> <span class='ocrx_word' id='word_1_586' title='bbox 3608 4222 3729 4278; x_wconf 84' lang='grc' dir='ltr'>ἐπό-</span> 
     </span>
    </p>
   </div>
   <div class='ocr_carea' id='block_1_82' title="bbox 499 4310 2083 4389">
    <p class='ocr_par' dir='ltr' id='par_1_82' title="bbox 499 4310 2058 4382">
     <span class='ocr_line' id='line_1_84' title="bbox 499 4310 2058 4382; baseline 0 -14"><span class='ocrx_word' id='word_1_587' title='bbox 499 4321 618 4368; x_wconf 90' lang='lat' dir='ltr'><strong>ctor</strong></span> <span class='ocrx_word' id='word_1_588' title='bbox 644 4322 729 4368; x_wconf 89' lang='lat' dir='ltr'><strong>est</strong></span> <span class='ocrx_word' id='word_1_589' title='bbox 750 4314 987 4368; x_wconf 86' lang='lat' dir='ltr'><strong>omnium</strong></span> <span class='ocrx_word' id='word_1_590' title='bbox 1011 4322 1064 4367; x_wconf 93' lang='lat' dir='ltr'><strong>et</strong></span> <span class='ocrx_word' id='word_1_591' title='bbox 1086 4310 1272 4380; x_wconf 78' lang='lat' dir='ltr'><strong>judes.</strong></span> <span class='ocrx_word' id='word_1_592' title='bbox 1300 4311 1624 4379; x_wconf 87' lang='lat' dir='ltr'><strong>Notandum,</strong></span> <span class='ocrx_word' id='word_1_593' title='bbox 1648 4313 2058 4382; x_wconf 87' lang='lat' dir='ltr'><strong>reprobatorum</strong></span> 
     </span>
    </p>
   </div>
   <div class='ocr_carea' id='block_1_83' title="bbox 2145 4310 3729 4389">
    <p class='ocr_par' dir='ltr' id='par_1_83' title="bbox 2160 4315 3729 4389">
     <span class='ocr_line' id='line_1_85' title="bbox 2160 4315 3729 4389; baseline -0.003 -19"><span class='ocrx_word' id='word_1_594' title='bbox 2160 4335 2299 4387; x_wconf 87' lang='grc' dir='ltr'>πτης</span> <span class='ocrx_word' id='word_1_595' title='bbox 2325 4316 2572 4372; x_wconf 82' lang='grc' dir='ltr'>ἁπάντων</span> <span class='ocrx_word' id='word_1_596' title='bbox 2600 4319 2693 4371; x_wconf 84' lang='grc' dir='ltr'>καὶ</span> <span class='ocrx_word' id='word_1_597' title='bbox 2725 4317 2960 4389; x_wconf 74' lang='grc' dir='ltr'>κριτής.)</span> <span class='ocrx_word' id='word_1_598' title='bbox 2984 4317 3339 4389; x_wconf 87' lang='grc' dir='ltr'>Σημειωτέον,</span> <span class='ocrx_word' id='word_1_599' title='bbox 3370 4317 3452 4370; x_wconf 86' lang='grc' dir='ltr'>ὅτι</span> <span class='ocrx_word' id='word_1_600' title='bbox 3486 4318 3582 4372; x_wconf 73' lang='grc' dir='ltr'><strong>καὶ</strong></span> <span class='ocrx_word' id='word_1_601' title='bbox 3617 4315 3729 4369; x_wconf 85' lang='grc' dir='ltr'>τῶν</span> 
     </span>
    </p>
   </div>
   <div class='ocr_carea' id='block_1_84' title="bbox 495 4402 2079 4487">
    <p class='ocr_par' dir='ltr' id='par_1_84' title="bbox 495 4402 2057 4475">
     <span class='ocr_line' id='line_1_86' title="bbox 495 4402 2057 4475; baseline -0.001 -15"><span class='ocrx_word' id='word_1_602' title='bbox 495 4421 565 4461; x_wconf 87' lang='lat' dir='ltr'><strong>ne</strong></span> <span class='ocrx_word' id='word_1_603' title='bbox 585 4405 650 4458; x_wconf 90' lang='lat' dir='ltr'><strong>ad</strong></span> <span class='ocrx_word' id='word_1_604' title='bbox 673 4403 885 4471; x_wconf 88' lang='lat' dir='ltr'><strong>nuptias</strong></span> <span class='ocrx_word' id='word_1_605' title='bbox 915 4404 1459 4458; x_wconf 76' lang='lat' dir='ltr'><strong>venirentexcusatio</strong></span> <span class='ocrx_word' id='word_1_606' title='bbox 1483 4402 1683 4469; x_wconf 84' lang='lat' dir='ltr'><strong>fuerat,</strong></span> <span class='ocrx_word' id='word_1_607' title='bbox 1714 4406 1911 4475; x_wconf 84' lang='lat' dir='ltr'><strong>Agrum</strong></span> <span class='ocrx_word' id='word_1_608' title='bbox 1936 4407 2057 4471; x_wconf 86' lang='lat' dir='ltr'><strong>emi,</strong></span> 
     </span>
    </p>
   </div>
   <div class='ocr_carea' id='block_1_85' title="bbox 2141 4402 3725 4487">
    <p class='ocr_par' dir='ltr' id='par_1_85' title="bbox 2162 4404 3725 4482">
     <span class='ocr_line' id='line_1_87' title="bbox 2162 4404 3725 4482; baseline -0.003 -19"><span class='ocrx_word' id='word_1_609' title='bbox 2162 4409 2321 4482; x_wconf 77' lang='grc' dir='ltr'>βεϐλη</span> <span class='ocrx_word' id='word_1_610' title='bbox 2331 4410 2505 4481; x_wconf 83' lang='grc' dir='ltr'>μένων</span> <span class='ocrx_word' id='word_1_611' title='bbox 2535 4413 2613 4474; x_wconf 86' lang='grc' dir='ltr'><strong>είς</strong></span> <span class='ocrx_word' id='word_1_612' title='bbox 2642 4410 2733 4464; x_wconf 80' lang='grc' dir='ltr'>τὸν</span> <span class='ocrx_word' id='word_1_613' title='bbox 2761 4409 2938 4481; x_wconf 86' lang='grc' dir='ltr'>γάμον</span> <span class='ocrx_word' id='word_1_614' title='bbox 2963 4409 3288 4481; x_wconf 80' lang='grc' dir='ltr'>παραίτησις</span> <span class='ocrx_word' id='word_1_615' title='bbox 3310 4404 3378 4480; x_wconf 81' lang='grc' dir='ltr'>ἦν</span> <span class='ocrx_word' id='word_1_616' title='bbox 3405 4410 3488 4463; x_wconf 89' lang='grc' dir='ltr'>τό·</span> <span class='ocrx_word' id='word_1_617' title='bbox 3527 4406 3725 4478; x_wconf 75' lang='grc' dir='ltr'>Ἀγρὸν</span> 
     </span>
    </p>
   </div>
   <div class='ocr_carea' id='block_1_86' title="bbox 494 4496 2078 4569">
    <p class='ocr_par' dir='ltr' id='par_1_86' title="bbox 494 4496 1029 4552">
     <span class='ocr_line' id='line_1_88' title="bbox 494 4496 1029 4552; baseline -0.007 0"><span class='ocrx_word' id='word_1_618' title='bbox 494 4505 551 4552; x_wconf 85' lang='lat' dir='ltr'><strong>et</strong></span> <span class='ocrx_word' id='word_1_619' title='bbox 573 4513 762 4552; x_wconf 73' lang='lat' dir='ltr'><strong>uxores</strong></span> <span class='ocrx_word' id='word_1_620' title='bbox 793 4496 923 4550; x_wconf 72' lang='lat' dir='ltr'><strong>duxi</strong></span> <span class='ocrx_word' id='word_1_621' title='bbox 962 4496 1029 4548; x_wconf 82' lang='lat'><strong>“.</strong></span> 
     </span>
    </p>
   </div>
   <div class='ocr_carea' id='block_1_87' title="bbox 1541 4496 3125 4569">
    <p class='ocr_par' dir='ltr' id='par_1_87' title="bbox 2161 4498 3125 4569">
     <span class='ocr_line' id='line_1_89' title="bbox 2161 4498 3125 4569; baseline 0.001 -18"><span class='ocrx_word' id='word_1_622' title='bbox 2161 4499 2451 4569; x_wconf 80' lang='grc' dir='ltr'>ἠγόρασα,</span> <span class='ocrx_word' id='word_1_623' title='bbox 2479 4498 2574 4552; x_wconf 71' lang='grc' dir='ltr'>καὶ</span> <span class='ocrx_word' id='word_1_624' title='bbox 2602 4499 2888 4569; x_wconf 73' lang='grc' dir='ltr'>γυναῖκας</span> <span class='ocrx_word' id='word_1_625' title='bbox 2919 4500 3125 4569; x_wconf 68' lang='grc' dir='ltr'>ἔγημα.</span> 
     </span>
    </p>
   </div>
   <div class='ocr_carea' id='block_1_88' title="bbox 1124 4584 2708 4646">
    <p class='ocr_par' dir='ltr' id='par_1_88' title="bbox 1124 4584 1427 4642">
     <span class='ocr_line' id='line_1_90' title="bbox 1124 4584 1427 4642; baseline -0.003 0"><span class='ocrx_word' id='word_1_626' title='bbox 1124 4585 1278 4642; x_wconf 83' lang='lat' dir='ltr'><strong>CAP.</strong></span> <span class='ocrx_word' id='word_1_627' title='bbox 1309 4584 1427 4641; x_wconf 87' lang='lat' dir='ltr'><strong>XX.</strong></span> 
     </span>
    </p>
   </div>
   <div class='ocr_carea' id='block_1_89' title="bbox 1490 4584 3074 4646">
    <p class='ocr_par' dir='ltr' id='par_1_89' title="bbox 2806 4592 3074 4646">
     <span class='ocr_line' id='line_1_91' title="bbox 2806 4592 3074 4646; baseline -0.004 -1"><span class='ocrx_word' id='word_1_628' title='bbox 2806 4592 2960 4646; x_wconf 80' lang='grc' dir='ltr'><strong>ΚΕΦ.</strong></span> <span class='ocrx_word' id='word_1_629' title='bbox 2993 4592 3074 4644; x_wconf 85' lang='grc' dir='ltr'><strong>Κ’.</strong></span> 
     </span>
    </p>
   </div>
   <div class='ocr_carea' id='block_1_90' title="bbox 495 4675 2079 4805">
    <p class='ocr_par' dir='ltr' id='par_1_90' title="bbox 495 4675 2055 4802">
     <span class='ocr_line' id='line_1_92' title="bbox 495 4675 2055 4744; baseline -0.003 -9"><span class='ocrx_word' id='word_1_630' title='bbox 495 4678 561 4735; x_wconf 71' lang='grc' dir='ltr'><strong>ν.</strong></span> <span class='ocrx_word' id='word_1_631' title='bbox 596 4676 647 4733; x_wconf 83' lang='lat'><strong>5.</strong></span> <span class='ocrx_word' id='word_1_632' title='bbox 684 4678 814 4744; x_wconf 82' lang='lat' dir='ltr'><strong>Quis</strong></span> <span class='ocrx_word' id='word_1_633' title='bbox 853 4688 928 4732; x_wconf 87' lang='lat' dir='ltr'><strong>est</strong></span> <span class='ocrx_word' id='word_1_634' title='bbox 963 4677 1136 4739; x_wconf 81' lang='lat' dir='ltr'><strong>homo.</strong></span> <span class='ocrx_word' id='word_1_635' title='bbox 1165 4678 1255 4744; x_wconf 85' lang='lat' dir='ltr'><strong>qui</strong></span> <span class='ocrx_word' id='word_1_636' title='bbox 1285 4676 1561 4744; x_wconf 62' lang='lat' dir='ltr'><strong>aediﬁcavit</strong></span> <span class='ocrx_word' id='word_1_637' title='bbox 1598 4675 1811 4729; x_wconf 81' lang='lat' dir='ltr'><strong>domum</strong></span> <span class='ocrx_word' id='word_1_638' title='bbox 1848 4692 2055 4744; x_wconf 84' lang='lat' dir='ltr'><strong>novam,</strong></span> 
     </span>
     <span class='ocr_line' id='line_1_93' title="bbox 973 4748 1593 4802; baseline -0.002 -1"><span class='ocrx_word' id='word_1_639' title='bbox 973 4756 1025 4801; x_wconf 84' lang='lat' dir='ltr'><strong>et</strong></span> <span class='ocrx_word' id='word_1_640' title='bbox 1055 4764 1155 4802; x_wconf 83' lang='lat' dir='ltr'><strong>non</strong></span> <span class='ocrx_word' id='word_1_641' title='bbox 1178 4748 1403 4801; x_wconf 74' lang='lat' dir='ltr'><strong>initiavit</strong></span> <span class='ocrx_word' id='word_1_642' title='bbox 1432 4762 1545 4800; x_wconf 86' lang='lat' dir='ltr'><strong>eam</strong></span> <span class='ocrx_word' id='word_1_643' title='bbox 1564 4748 1593 4800; x_wconf 58' lang='grc' dir='ltr'><strong><em>ἒ</em></strong></span> 
     </span>
    </p>
   </div>
   <div class='ocr_carea' id='block_1_91' title="bbox 2140 4675 3724 4805">
    <p class='ocr_par' dir='ltr' id='par_1_91' title="bbox 2155 4678 3724 4805">
     <span class='ocr_line' id='line_1_94' title="bbox 2155 4678 3724 4805; baseline -0.002 -71"><span class='ocrx_word' id='word_1_644' title='bbox 2155 4679 2265 4752; x_wconf 88' lang='grc'><strong>(47)</strong></span> <span class='ocrx_word' id='word_1_645' title='bbox 2294 4679 2441 4750; x_wconf 88' lang='grc' dir='ltr'>Στίχ.</span> <span class='ocrx_word' id='word_1_646' title='bbox 2471 4687 2532 4734; x_wconf 87' lang='grc' dir='ltr'>ε’.</span> <span class='ocrx_word' id='word_1_647' title='bbox 2555 4681 2650 4748; x_wconf 89' lang='grc' dir='ltr'>Τίς</span> <span class='ocrx_word' id='word_1_648' title='bbox 2671 4684 2703 4735; x_wconf 86' lang='grc' dir='ltr'><strong>ό</strong></span> <span class='ocrx_word' id='word_1_649' title='bbox 2731 4683 3083 4749; x_wconf 77' lang='grc' dir='ltr'>ἅνθρωποςό</span> <span class='ocrx_word' id='word_1_650' title='bbox 3102 4679 3503 4805; x_wconf 47' lang='grc' dir='ltr'>οίκοδᾷιὲιήσας</span> <span class='ocrx_word' id='word_1_651' title='bbox 3526 4678 3724 4735; x_wconf 76' lang='grc' dir='ltr'>οὶκίαν</span> 
     </span>
     <span class='ocr_line' id='line_1_95' title="bbox 2293 4750 3586 4805; baseline 0.001 -1"><span class='ocrx_word' id='word_1_652' title='bbox 2293 4750 2527 4805; x_wconf 77' lang='grc' dir='ltr'>καινὴν.</span> <span class='ocrx_word' id='word_1_653' title='bbox 2568 4752 2666 4805; x_wconf 71' lang='grc' dir='ltr'><strong>καὶ</strong></span> <span class='ocrx_word' id='word_1_654' title='bbox 2697 4754 2807 4805; x_wconf 82' lang='grc' dir='ltr'>οὐκ</span> <span class='ocrx_word' id='word_1_655' title='bbox 2833 4752 3244 4805; x_wconf 78' lang='grc' dir='ltr'>ἐνεκαίνισεν(</span> <span class='ocrx_word' id='word_1_656' title='bbox 3322 4758 3336 4805; x_wconf 86' lang='lat' dir='ltr'><strong>l</strong></span> <span class='ocrx_word' id='word_1_657' title='bbox 3362 4750 3586 4805; x_wconf 72' lang='grc' dir='ltr'>αὑτήνε</span> 
     </span>
    </p>
   </div>
   <div class='ocr_carea' id='block_1_92' title="bbox 973 4748 2557 4822">
    <p class='ocr_par' dir='ltr' id='par_1_92' title="bbox 973 4748 2527 4819">
     <span class='ocr_line' id='line_1_96' title="bbox 973 4748 2527 4819; baseline -0.008 -18"><span class='ocrx_word' id='word_1_658' title='bbox 973 4756 1025 4801; x_wconf 84' lang='lat' dir='ltr'><strong>et</strong></span> <span class='ocrx_word' id='word_1_659' title='bbox 1055 4764 1155 4802; x_wconf 83' lang='lat' dir='ltr'><strong>non</strong></span> <span class='ocrx_word' id='word_1_660' title='bbox 1178 4748 1403 4801; x_wconf 81' lang='lat' dir='ltr'><strong>initiavit</strong></span> <span class='ocrx_word' id='word_1_661' title='bbox 1432 4748 1593 4800; x_wconf 66' lang='lat' dir='ltr'><strong>eam.”</strong></span> <span class='ocrx_word' id='word_1_662' title='bbox 2164 4748 2174 4752; x_wconf 85' lang='lat'><strong><em>‘</em></strong></span> <span class='ocrx_word' id='word_1_663' title='bbox 2246 4748 2254 4752; x_wconf 88' lang='lat'>&#39;</span> <span class='ocrx_word' id='word_1_664' title='bbox 2293 4748 2527 4819; x_wconf 55' lang='grc' dir='ltr'><strong>,ιαιέί-ὴν-9</strong></span> 
     </span>
    </p>
   </div>
   <div class='ocr_carea' id='block_1_93' title="bbox 2001 4748 3585 4822">
    <p class='ocr_par' dir='ltr' id='par_1_93' title="bbox 2164 4748 3585 4822">
     <span class='ocr_line' id='line_1_97' title="bbox 2164 4748 3585 4822; baseline 0.002 -20"><span class='ocrx_word' id='word_1_665' title='bbox 2164 4748 2174 4752; x_wconf 77' lang='grc'>’</span> <span class='ocrx_word' id='word_1_666' title='bbox 2246 4748 2254 4752; x_wconf 67' lang='grc'>⁷</span> <span class='ocrx_word' id='word_1_667' title='bbox 2293 4748 2527 4819; x_wconf 67' lang='grc' dir='ltr'>καινὴν,</span> <span class='ocrx_word' id='word_1_668' title='bbox 2568 4752 2666 4805; x_wconf 71' lang='grc' dir='ltr'><strong>καὶ</strong></span> <span class='ocrx_word' id='word_1_669' title='bbox 2697 4754 2807 4806; x_wconf 82' lang='grc' dir='ltr'>οὐκ</span> <span class='ocrx_word' id='word_1_670' title='bbox 2833 4748 3206 4806; x_wconf 78' lang='grc' dir='ltr'>ἐνεκαίνισεν</span> <span class='ocrx_word' id='word_1_671' title='bbox 3228 4748 3336 4822; x_wconf 81' lang='grc'><strong>(48)</strong></span> <span class='ocrx_word' id='word_1_672' title='bbox 3362 4750 3585 4817; x_wconf 80' lang='grc' dir='ltr'>αὑτήν;</span> 
     </span>
    </p>
   </div>
   <div class='ocr_carea' id='block_1_94' title="bbox 564 4837 2148 4915">
    <p class='ocr_par' dir='ltr' id='par_1_94' title="bbox 564 4837 2059 4908">
     <span class='ocr_line' id='line_1_98' title="bbox 564 4837 2059 4908; baseline -0.001 -14"><span class='ocrx_word' id='word_1_673' title='bbox 564 4842 633 4894; x_wconf 81' lang='lat' dir='ltr'><strong>In</strong></span> <span class='ocrx_word' id='word_1_674' title='bbox 667 4840 905 4894; x_wconf 85' lang='lat' dir='ltr'><strong>eumdem</strong></span> <span class='ocrx_word' id='word_1_675' title='bbox 940 4839 1132 4893; x_wconf 87' lang='lat' dir='ltr'><strong>locum.</strong></span> <span class='ocrx_word' id='word_1_676' title='bbox 1178 4837 1371 4908; x_wconf 77' lang='lat' dir='ltr'><strong>Figura</strong></span> <span class='ocrx_word' id='word_1_677' title='bbox 1416 4847 1501 4892; x_wconf 90' lang='lat' dir='ltr'><strong>est</strong></span> <span class='ocrx_word' id='word_1_678' title='bbox 1536 4838 1699 4907; x_wconf 78' lang='lat' dir='ltr'><strong>igitur</strong></span> <span class='ocrx_word' id='word_1_679' title='bbox 1742 4853 1846 4892; x_wconf 93' lang='lat' dir='ltr'><strong>non</strong></span> <span class='ocrx_word' id='word_1_680' title='bbox 1895 4838 2059 4893; x_wconf 65' lang='lat' dir='ltr'><strong>sustio</strong></span> 
     </span>
    </p>
   </div>
   <div class='ocr_carea' id='block_1_95' title="bbox 2135 4837 3719 4915">
    <p class='ocr_par' dir='ltr' id='par_1_95' title="bbox 2226 4839 3719 4915">
     <span class='ocr_line' id='line_1_99' title="bbox 2226 4839 3719 4915; baseline -0.001 -18"><span class='ocrx_word' id='word_1_681' title='bbox 2226 4844 2328 4909; x_wconf 81' lang='grc' dir='ltr'>Εὶς</span> <span class='ocrx_word' id='word_1_682' title='bbox 2358 4841 2424 4895; x_wconf 78' lang='grc' dir='ltr'>τὸ</span> <span class='ocrx_word' id='word_1_683' title='bbox 2446 4843 2611 4896; x_wconf 78' lang='grc' dir='ltr'>αὐτό.</span> <span class='ocrx_word' id='word_1_684' title='bbox 2645 4843 2825 4906; x_wconf 88' lang='grc' dir='ltr'>Τύπος</span> <span class='ocrx_word' id='word_1_685' title='bbox 2852 4839 2943 4896; x_wconf 82' lang='grc' dir='ltr'><strong>οῦν</strong></span> <span class='ocrx_word' id='word_1_686' title='bbox 2972 4842 3080 4914; x_wconf 77' lang='grc' dir='ltr'>ἄρα</span> <span class='ocrx_word' id='word_1_687' title='bbox 3148 4843 3242 4896; x_wconf 89' lang='grc' dir='ltr'><strong>τοῦ</strong></span> <span class='ocrx_word' id='word_1_688' title='bbox 3302 4843 3591 4915; x_wconf 84' lang='grc' dir='ltr'>παροικίαν</span> <span class='ocrx_word' id='word_1_689' title='bbox 3654 4840 3719 4909; x_wconf 83' lang='grc' dir='ltr'><strong>ή-</strong></span> 
     </span>
    </p>
   </div>
   <div class='ocr_carea' id='block_1_96' title="bbox 496 4924 2080 5004">
    <p class='ocr_par' dir='ltr' id='par_1_96' title="bbox 496 4929 2056 4999">
     <span class='ocr_line' id='line_1_100' title="bbox 496 4929 2056 4999; baseline -0.001 -14"><span class='ocrx_word' id='word_1_690' title='bbox 496 4931 674 4985; x_wconf 86' lang='lat' dir='ltr'><strong>nentis</strong></span> <span class='ocrx_word' id='word_1_691' title='bbox 703 4940 956 4999; x_wconf 88' lang='lat' dir='ltr'><strong>reputare</strong></span> <span class='ocrx_word' id='word_1_692' title='bbox 982 4929 1272 4984; x_wconf 87' lang='lat' dir='ltr'><strong>inculatum</strong></span> <span class='ocrx_word' id='word_1_693' title='bbox 1307 4939 1624 4997; x_wconf 66' lang='lat' dir='ltr'><strong>praesentem</strong></span> <span class='ocrx_word' id='word_1_694' title='bbox 1643 4929 1821 4982; x_wconf 57' lang='lat' dir='ltr'><strong>vitam</strong></span> <span class='ocrx_word' id='word_1_695' title='bbox 1850 4929 1895 4983; x_wconf 90' lang='lat' dir='ltr'><strong>is</strong></span> <span class='ocrx_word' id='word_1_696' title='bbox 1919 4969 1935 4994; x_wconf 90' lang='lat'><strong>,</strong></span> <span class='ocrx_word' id='word_1_697' title='bbox 1965 4929 2056 4998; x_wconf 87' lang='lat' dir='ltr'><strong>qui</strong></span> 
     </span>
    </p>
   </div>
   <div class='ocr_carea' id='block_1_97' title="bbox 2190 4924 3774 5004">
    <p class='ocr_par' dir='ltr' id='par_1_97' title="bbox 2190 4924 3774 5003">
     <span class='ocr_line' id='line_1_101' title="bbox 2190 4924 3774 5003; baseline -0.006 -18"><span class='ocrx_word' id='word_1_698' title='bbox 2190 4931 2366 4986; x_wconf 46' lang='grc' dir='ltr'>κεῖσθαι</span> <span class='ocrx_word' id='word_1_699' title='bbox 2402 4930 2474 5003; x_wconf 82' lang='grc' dir='ltr'>μὴ</span> <span class='ocrx_word' id='word_1_700' title='bbox 2504 4930 2829 5002; x_wconf 81' lang='grc' dir='ltr'>ἀνεχομένου</span> <span class='ocrx_word' id='word_1_701' title='bbox 2853 4930 2952 5001; x_wconf 84' lang='grc' dir='ltr'>τὴν</span> <span class='ocrx_word' id='word_1_702' title='bbox 2978 4928 3257 5001; x_wconf 90' lang='grc' dir='ltr'>παροῦσαν</span> <span class='ocrx_word' id='word_1_703' title='bbox 3293 4928 3456 5000; x_wconf 80' lang='grc' dir='ltr'>ζωὴν,</span> <span class='ocrx_word' id='word_1_704' title='bbox 3487 4931 3515 4981; x_wconf 95' lang='lat'><strong>6</strong></span> <span class='ocrx_word' id='word_1_705' title='bbox 3544 4924 3717 4981; x_wconf 74' lang='grc' dir='ltr'>οἰκίαν</span> <span class='ocrx_word' id='word_1_706' title='bbox 3770 4964 3774 4971; x_wconf 89' lang='grc'><strong>.</strong></span> 
     </span>
    </p>
   </div>
   <div class='ocr_carea' id='block_1_98' title="bbox 496 5018 2080 5092">
    <p class='ocr_par' dir='ltr' id='par_1_98' title="bbox 496 5020 2054 5087">
     <span class='ocr_line' id='line_1_102' title="bbox 496 5020 2054 5087; baseline -0.001 -12"><span class='ocrx_word' id='word_1_707' title='bbox 496 5036 686 5075; x_wconf 86' lang='lat' dir='ltr'><strong>novam</strong></span> <span class='ocrx_word' id='word_1_708' title='bbox 719 5023 934 5076; x_wconf 91' lang='lat' dir='ltr'><strong>domum</strong></span> <span class='ocrx_word' id='word_1_709' title='bbox 969 5020 1238 5084; x_wconf 62' lang='lat' dir='ltr'><strong>miliﬂcat,</strong></span> <span class='ocrx_word' id='word_1_710' title='bbox 1285 5030 1340 5074; x_wconf 92' lang='lat' dir='ltr'><strong>et</strong></span> <span class='ocrx_word' id='word_1_711' title='bbox 1384 5020 1645 5074; x_wconf 82' lang='lat' dir='ltr'><strong>sollicitus</strong></span> <span class='ocrx_word' id='word_1_712' title='bbox 1685 5034 1905 5087; x_wconf 89' lang='lat' dir='ltr'><strong>operum</strong></span> <span class='ocrx_word' id='word_1_713' title='bbox 1953 5022 2054 5074; x_wconf 86' lang='lat' dir='ltr'><strong>hu-</strong></span> 
     </span>
    </p>
   </div>
   <div class='ocr_carea' id='block_1_99' title="bbox 2132 5018 3716 5092">
    <p class='ocr_par' dir='ltr' id='par_1_99' title="bbox 2157 5018 3716 5092">
     <span class='ocr_line' id='line_1_103' title="bbox 2157 5018 3716 5092; baseline -0.006 -15"><span class='ocrx_word' id='word_1_714' title='bbox 2157 5021 2472 5092; x_wconf 78' lang='grc' dir='ltr'>οἰκοδομῶν,</span> <span class='ocrx_word' id='word_1_715' title='bbox 2499 5022 2591 5076; x_wconf 78' lang='grc' dir='ltr'>καὶ</span> <span class='ocrx_word' id='word_1_716' title='bbox 2627 5025 2747 5085; x_wconf 80' lang='grc' dir='ltr'>ταῖς</span> <span class='ocrx_word' id='word_1_717' title='bbox 2771 5022 2898 5092; x_wconf 78' lang='grc' dir='ltr'>περὶ</span> <span class='ocrx_word' id='word_1_718' title='bbox 2929 5021 3102 5076; x_wconf 87' lang='grc' dir='ltr'>ταῦτα</span> <span class='ocrx_word' id='word_1_719' title='bbox 3146 5018 3518 5092; x_wconf 88' lang='grc' dir='ltr'>φιλεργασίαις</span> <span class='ocrx_word' id='word_1_720' title='bbox 3551 5032 3716 5071; x_wconf 83' lang='grc' dir='ltr'>σπου-</span> 
     </span>
    </p>
   </div>
   <div class='ocr_carea' id='block_1_100' title="bbox 493 5098 2077 5183">
    <p class='ocr_par' dir='ltr' id='par_1_100' title="bbox 493 5110 2059 5183">
     <span class='ocr_line' id='line_1_104' title="bbox 493 5110 2059 5183; baseline 0.001 -19"><span class='ocrx_word' id='word_1_721' title='bbox 493 5112 726 5183; x_wconf 83' lang='lat' dir='ltr'><strong>jusmodi</strong></span> <span class='ocrx_word' id='word_1_722' title='bbox 774 5114 966 5169; x_wconf 88' lang='lat' dir='ltr'><strong>studiis</strong></span> <span class='ocrx_word' id='word_1_723' title='bbox 1011 5110 1271 5168; x_wconf 86' lang='lat' dir='ltr'><strong>incumbit</strong></span> <span class='ocrx_word' id='word_1_724' title='bbox 1308 5129 1320 5164; x_wconf 90' lang='lat'><strong>:</strong></span> <span class='ocrx_word' id='word_1_725' title='bbox 1358 5111 1505 5164; x_wconf 84' lang='lat' dir='ltr'><strong>avari</strong></span> <span class='ocrx_word' id='word_1_726' title='bbox 1554 5112 1679 5165; x_wconf 80' lang='lat' dir='ltr'><strong>item</strong></span> <span class='ocrx_word' id='word_1_727' title='bbox 1732 5110 1963 5164; x_wconf 85' lang='lat' dir='ltr'><strong>hominis</strong></span> <span class='ocrx_word' id='word_1_728' title='bbox 2002 5118 2059 5166; x_wconf 82' lang='lat' dir='ltr'><strong>et</strong></span> 
     </span>
    </p>
   </div>
   <div class='ocr_carea' id='block_1_101' title="bbox 2130 5098 3714 5183">
    <p class='ocr_par' dir='ltr' id='par_1_101' title="bbox 2135 5098 3714 5182">
     <span class='ocr_line' id='line_1_105' title="bbox 2135 5098 3714 5182; baseline -0.006 -15"><span class='ocrx_word' id='word_1_729' title='bbox 2135 5098 2320 5175; x_wconf 69' lang='grc' dir='ltr'>’δαίως</span> <span class='ocrx_word' id='word_1_730' title='bbox 2350 5110 2665 5182; x_wconf 79' lang='grc' dir='ltr'>ἐγκείμενος</span> <span class='ocrx_word' id='word_1_731' title='bbox 2684 5126 2698 5140; x_wconf 73' lang='grc'><strong><em>⁸</em></strong></span> <span class='ocrx_word' id='word_1_732' title='bbox 2720 5109 2815 5163; x_wconf 90' lang='grc' dir='ltr'><strong>τοῦ</strong></span> <span class='ocrx_word' id='word_1_733' title='bbox 2842 5109 2900 5163; x_wconf 78' lang='grc' dir='ltr'>δὲ</span> <span class='ocrx_word' id='word_1_734' title='bbox 2930 5109 3322 5181; x_wconf 79' lang='grc' dir='ltr'>φιλοκτήμονος</span> <span class='ocrx_word' id='word_1_735' title='bbox 3342 5108 3433 5161; x_wconf 77' lang='grc' dir='ltr'>καὶ</span> <span class='ocrx_word' id='word_1_736' title='bbox 3468 5106 3714 5175; x_wconf 70' lang='grc' dir='ltr'>φιλοκερσ</span> 
     </span>
    </p>
   </div>
   <div class='ocr_carea' id='block_1_102' title="bbox 498 5191 2082 5275">
    <p class='ocr_par' dir='ltr' id='par_1_102' title="bbox 498 5202 2053 5275">
     <span class='ocr_line' id='line_1_106' title="bbox 498 5202 2053 5275; baseline -0.001 -15"><span class='ocrx_word' id='word_1_737' title='bbox 498 5204 665 5261; x_wconf 82' lang='lat' dir='ltr'><strong>lucris</strong></span> <span class='ocrx_word' id='word_1_738' title='bbox 697 5205 885 5261; x_wconf 91' lang='lat' dir='ltr'><strong>intenti</strong></span> <span class='ocrx_word' id='word_1_739' title='bbox 919 5208 985 5272; x_wconf 88' lang='lat' dir='ltr'><strong>is,</strong></span> <span class='ocrx_word' id='word_1_740' title='bbox 1013 5207 1103 5275; x_wconf 91' lang='lat' dir='ltr'><strong>qui</strong></span> <span class='ocrx_word' id='word_1_741' title='bbox 1134 5205 1346 5259; x_wconf 88' lang='lat' dir='ltr'><strong>vincam</strong></span> <span class='ocrx_word' id='word_1_742' title='bbox 1374 5203 1599 5275; x_wconf 86' lang='lat' dir='ltr'><strong>plantat.</strong></span> <span class='ocrx_word' id='word_1_743' title='bbox 1637 5202 1769 5257; x_wconf 85' lang='lat' dir='ltr'><strong>Eum</strong></span> <span class='ocrx_word' id='word_1_744' title='bbox 1805 5217 1933 5258; x_wconf 89' lang='lat' dir='ltr'><strong>vero</strong></span> <span class='ocrx_word' id='word_1_745' title='bbox 1961 5204 2053 5272; x_wconf 92' lang='lat' dir='ltr'><strong>qui</strong></span> 
     </span>
    </p>
   </div>
   <div class='ocr_carea' id='block_1_103' title="bbox 2132 5191 3716 5275">
    <p class='ocr_par' dir='ltr' id='par_1_103' title="bbox 2156 5191 3716 5269">
     <span class='ocr_line' id='line_1_107' title="bbox 2156 5191 3716 5269; baseline -0.006 -12"><span class='ocrx_word' id='word_1_746' title='bbox 2156 5200 2299 5266; x_wconf 87' lang='grc' dir='ltr'>δοῦς,</span> <span class='ocrx_word' id='word_1_747' title='bbox 2324 5202 2353 5254; x_wconf 88' lang='lat'><strong>6</strong></span> <span class='ocrx_word' id='word_1_748' title='bbox 2373 5198 2667 5269; x_wconf 85' lang='grc' dir='ltr'>ἀμπελῶνα</span> <span class='ocrx_word' id='word_1_749' title='bbox 2696 5198 2960 5269; x_wconf 84' lang='grc' dir='ltr'>φυτεύων.</span> <span class='ocrx_word' id='word_1_750' title='bbox 2994 5199 3097 5253; x_wconf 84' lang='grc' dir='ltr'><strong>Τὸν</strong></span> <span class='ocrx_word' id='word_1_751' title='bbox 3119 5199 3177 5254; x_wconf 83' lang='grc' dir='ltr'>δὲ</span> <span class='ocrx_word' id='word_1_752' title='bbox 3216 5196 3583 5268; x_wconf 83' lang='grc' dir='ltr'>γυναικομανῆ</span> <span class='ocrx_word' id='word_1_753' title='bbox 3624 5191 3716 5248; x_wconf 79' lang='grc' dir='ltr'>καὶ</span> 
     </span>
    </p>
   </div>
   <div class='ocr_carea' id='block_1_104' title="bbox 566 5340 2311 5413">
    <p class='ocr_par' dir='ltr' id='par_1_104' title="bbox 566 5340 2311 5413">
     <span class='ocr_line' id='line_1_108' title="bbox 566 5340 2311 5413; baseline 0.003 -16"><span class='ocrx_word' id='word_1_754' title='bbox 566 5342 613 5375; x_wconf 76' lang='grc'><strong>’⁸</strong></span> <span class='ocrx_word' id='word_1_755' title='bbox 640 5340 786 5397; x_wconf 88' lang='lat' dir='ltr'><strong>Eccl.</strong></span> <span class='ocrx_word' id='word_1_756' title='bbox 819 5358 915 5409; x_wconf 83' lang='lat' dir='ltr'><strong>vn,</strong></span> <span class='ocrx_word' id='word_1_757' title='bbox 947 5343 1083 5398; x_wconf 67' lang='lat' dir='ltr'><strong>i7.“</strong></span> <span class='ocrx_word' id='word_1_758' title='bbox 1114 5343 1307 5399; x_wconf 79' lang='lat' dir='ltr'><strong>Matth.</strong></span> <span class='ocrx_word' id='word_1_759' title='bbox 1347 5358 1399 5408; x_wconf 76' lang='grc' dir='ltr'><strong>ν,</strong></span> <span class='ocrx_word' id='word_1_760' title='bbox 1430 5341 1520 5410; x_wconf 76' lang='lat'><strong>58,</strong></span> <span class='ocrx_word' id='word_1_761' title='bbox 1552 5342 1639 5399; x_wconf 75' lang='lat'><strong>39.</strong></span> <span class='ocrx_word' id='word_1_762' title='bbox 1725 5344 1770 5375; x_wconf 84' lang='grc'>¹²</span> <span class='ocrx_word' id='word_1_763' title='bbox 1793 5341 1928 5401; x_wconf 82' lang='lat' dir='ltr'><strong>Luc.</strong></span> <span class='ocrx_word' id='word_1_764' title='bbox 1961 5360 2074 5413; x_wconf 74' lang='lat' dir='ltr'><strong>XIV,</strong></span> <span class='ocrx_word' id='word_1_765' title='bbox 2104 5347 2189 5413; x_wconf 71' lang='grc'><strong>48,</strong></span> <span class='ocrx_word' id='word_1_766' title='bbox 2220 5348 2311 5405; x_wconf 74' lang='grc'><strong>20.</strong></span> 
     </span>
    </p>
   </div>
   <div class='ocr_carea' id='block_1_105' title="bbox 592 5456 2176 5597">
    <p class='ocr_par' dir='ltr' id='par_1_105' title="bbox 592 5459 1327 5597">
     <span class='ocr_line' id='line_1_109' title="bbox 592 5459 1052 5531; baseline -0.004 -16"><span class='ocrx_word' id='word_1_767' title='bbox 592 5460 682 5531; x_wconf 81' lang='grc'><strong>40)</strong></span> <span class='ocrx_word' id='word_1_768' title='bbox 708 5459 785 5513; x_wconf 78' lang='lat' dir='ltr'><strong>An</strong></span> <span class='ocrx_word' id='word_1_769' title='bbox 812 5459 1052 5530; x_wconf 74' lang='grc' dir='ltr'>τροφήντ</span> 
     </span>
     <span class='ocr_line' id='line_1_110' title="bbox 592 5527 1327 5597; baseline -0.004 -11"><span class='ocrx_word' id='word_1_770' title='bbox 592 5531 680 5596; x_wconf 80' lang='grc'><strong>41)</strong></span> <span class='ocrx_word' id='word_1_771' title='bbox 708 5527 942 5597; x_wconf 85' lang='grc' dir='ltr'>Τρόπου,</span> <span class='ocrx_word' id='word_1_772' title='bbox 980 5529 1060 5584; x_wconf 88' lang='lat' dir='ltr'><strong>vel</strong></span> <span class='ocrx_word' id='word_1_773' title='bbox 1088 5528 1327 5597; x_wconf 89' lang='grc' dir='ltr'>τρόπων.</span> 
     </span>
    </p>
   </div>
   <div class='ocr_carea' id='block_1_106' title="bbox 1014 5456 2598 5597">
    <p class='ocr_par' dir='ltr' id='par_1_106' title="bbox 1014 5456 2598 5597">
     <span class='ocr_line' id='line_1_111' title="bbox 1014 5456 2598 5597; baseline 0.009 -13"><span class='ocrx_word' id='word_1_774' title='bbox 1014 5460 1060 5584; x_wconf 57' lang='grc' dir='ltr'><strong>ἐι</strong></span> <span class='ocrx_word' id='word_1_775' title='bbox 1088 5528 1327 5597; x_wconf 88' lang='grc' dir='ltr'>τρόπων.</span> <span class='ocrx_word' id='word_1_776' title='bbox 2372 5458 2598 5597; x_wconf 47' lang='grc' dir='ltr'><strong>ξιξειέιῇ</strong></span> 
     </span>
    </p>
   </div>
   <div class='ocr_carea' id='block_1_107' title="bbox 588 5519 3710 5667">
    <p class='ocr_par' dir='ltr' id='par_1_107' title="bbox 588 5519 3710 5667">
     <span class='ocr_line' id='line_1_112' title="bbox 588 5519 3710 5667; baseline -0.004 -73"><span class='ocrx_word' id='word_1_777' title='bbox 708 5519 942 5653; x_wconf 51' lang='grc' dir='ltr'>ξὲότέουξ</span> <span class='ocrx_word' id='word_1_778' title='bbox 972 5519 1060 5584; x_wconf 69' lang='grc' dir='ltr'><strong>’νει</strong></span> <span class='ocrx_word' id='word_1_779' title='bbox 1088 5528 1327 5597; x_wconf 84' lang='grc' dir='ltr'>τρόπων.</span> <span class='ocrx_word' id='word_1_780' title='bbox 2163 5519 2343 5652; x_wconf 49' lang='grc' dir='ltr'><strong>ν.</strong></span> <span class='ocrx_word' id='word_1_781' title='bbox 2372 5529 2501 5597; x_wconf 77' lang='lat' dir='ltr'><strong>Qua:</strong></span> <span class='ocrx_word' id='word_1_782' title='bbox 2540 5528 2594 5601; x_wconf 94' lang='lat'><strong>()</strong></span> <span class='ocrx_word' id='word_1_783' title='bbox 2645 5527 2994 5585; x_wconf 79' lang='lat' dir='ltr'><strong>includuntur</strong></span> <span class='ocrx_word' id='word_1_784' title='bbox 3039 5525 3094 5581; x_wconf 90' lang='lat' dir='ltr'><strong>in</strong></span> <span class='ocrx_word' id='word_1_785' title='bbox 3134 5522 3301 5579; x_wconf 72' lang='lat' dir='ltr'><strong>Buteo</strong></span> <span class='ocrx_word' id='word_1_786' title='bbox 3320 5526 3593 5595; x_wconf 76' lang='lat' dir='ltr'><strong>pertinent</strong></span> <span class='ocrx_word' id='word_1_787' title='bbox 3644 5519 3710 5574; x_wconf 78' lang='lat' dir='ltr'><strong>ad</strong></span> 
     </span>
    </p>
   </div>
   <div class='ocr_carea' id='block_1_108' title="bbox 577 5634 2161 5745">
    <p class='ocr_par' dir='ltr' id='par_1_108' title="bbox 577 5634 1400 5745">
     <span class='ocr_line' id='line_1_113' title="bbox 577 5634 1400 5745; baseline -0.017 -8"><span class='ocrx_word' id='word_1_788' title='bbox 577 5634 921 5745; x_wconf 51' lang='lat'><strong>22331;“...</strong></span> <span class='ocrx_word' id='word_1_789' title='bbox 942 5669 1088 5745; x_wconf 54' lang='grc' dir='ltr'>εει,</span> <span class='ocrx_word' id='word_1_790' title='bbox 1112 5683 1244 5745; x_wconf 59' lang='grc' dir='ltr'><strong>με.</strong></span> <span class='ocrx_word' id='word_1_791' title='bbox 1275 5667 1400 5724; x_wconf 76' lang='grc' dir='ltr'>εει.</span> 
     </span>
    </p>
   </div>
   <div class='ocr_carea' id='block_1_109' title="bbox 1013 5634 2597 5745">
    <p class='ocr_par' dir='ltr' id='par_1_109' title="bbox 1013 5634 2597 5745">
     <span class='ocr_line' id='line_1_114' title="bbox 1013 5634 2597 5745; baseline -0.001 -22"><span class='ocrx_word' id='word_1_792' title='bbox 1013 5670 1088 5745; x_wconf 68' lang='grc' dir='ltr'>ξι,</span> <span class='ocrx_word' id='word_1_793' title='bbox 1112 5683 1244 5745; x_wconf 70' lang='lat' dir='ltr'><strong>pag.</strong></span> <span class='ocrx_word' id='word_1_794' title='bbox 1275 5667 1400 5724; x_wconf 73' lang='lat' dir='ltr'><strong>22L</strong></span> <span class='ocrx_word' id='word_1_795' title='bbox 2172 5634 2217 5652; x_wconf 46' lang='lat' dir='ltr'>n</span> <span class='ocrx_word' id='word_1_796' title='bbox 2376 5663 2597 5745; x_wconf 54' lang='lat' dir='ltr'><strong>Ibidem.</strong></span> 
     </span>
    </p>
   </div>
   <div class='ocr_carea' id='block_1_110' title="bbox 569 5733 2153 5812">
    <p class='ocr_par' dir='ltr' id='par_1_110' title="bbox 569 5733 1223 5812">
     <span class='ocr_line' id='line_1_115' title="bbox 569 5733 1223 5812; baseline -0.003 -15"><span class='ocrx_word' id='word_1_797' title='bbox 569 5733 680 5805; x_wconf 63' lang='grc'><strong>(44)</strong></span> <span class='ocrx_word' id='word_1_798' title='bbox 706 5738 864 5796; x_wconf 79' lang='lat' dir='ltr'><strong>Forte</strong></span> <span class='ocrx_word' id='word_1_799' title='bbox 895 5739 1038 5812; x_wconf 74' lang='grc' dir='ltr'><strong>αὑτῷ</strong></span> <span class='ocrx_word' id='word_1_800' title='bbox 1072 5740 1168 5810; x_wconf 80' lang='grc' dir='ltr'><strong>τῷ.</strong></span> <span class='ocrx_word' id='word_1_801' title='bbox 1196 5733 1223 5741; x_wconf 66' lang='grc'>⁷</span> 
     </span>
    </p>
   </div>
   <div class='ocr_carea' id='block_1_111' title="bbox 2085 5733 3669 5812">
    <p class='ocr_par' dir='ltr' id='par_1_111' title="bbox 2240 5733 3669 5811">
     <span class='ocr_line' id='line_1_116' title="bbox 2240 5733 3669 5811; baseline 0.001 -21"><span class='ocrx_word' id='word_1_802' title='bbox 2240 5735 2351 5807; x_wconf 75' lang='grc'><strong>(48)</strong></span> <span class='ocrx_word' id='word_1_803' title='bbox 2382 5734 2492 5801; x_wconf 90' lang='lat' dir='ltr'><strong>Sic,</strong></span> <span class='ocrx_word' id='word_1_804' title='bbox 2517 5734 2975 5811; x_wconf 62' lang='lat' dir='ltr'><strong>proévsxévnesv,</strong></span> <span class='ocrx_word' id='word_1_805' title='bbox 2996 5734 3351 5792; x_wconf 77' lang='lat' dir='ltr'><strong>correximus.</strong></span> <span class='ocrx_word' id='word_1_806' title='bbox 3387 5733 3483 5791; x_wconf 80' lang='lat' dir='ltr'><strong>Eo.</strong></span> <span class='ocrx_word' id='word_1_807' title='bbox 3504 5733 3669 5791; x_wconf 73' lang='lat' dir='ltr'><strong>Pul-</strong></span> 
     </span>
    </p>
   </div>
  </div>
