4012 6340
366 342 433 398 39
1622 348 1878 407 ADNOT.
1911 346 1978 402 IN
2018 348 2411 407 DEUTERON.
3555 345 3623 399 50

374 461 803 534 τεθραυσμένον,
834 466 930 520 καὶ
960 469 1081 532 ταῖς
1111 468 1213 538 τῆς
1266 468 1466 541 σαρκὸς
1493 471 1811 542 ἐπιθυμίαις
1840 473 1955 524 ἐπι-

2065 473 2388 527 mulierosus
2429 481 2512 526 est
2554 479 2608 526 et
2653 470 2854 525 fractus
2883 468 3105 524 libidine
3130 512 3147 535 ,
3177 476 3232 523 et
3260 466 3622 535 voluptatibus

380 555 528 610 δόντα
541 554 639 608 τὸν
653 556 804 621 νοῦν,
823 560 1279 630 κατασημαίνειεν
1298 562 1363 616 ἂν
1376 563 1635 631 γυναικὸς
1652 581 1755 635 μνη
1763 565 1952 618 στεῖαι.

384 643 666 717 Προσιόντι
712 645 825 717 (49)
872 648 982 720 γὰρ
1020 652 1089 720 τῇ
1134 650 1229 703 τοῦ
1279 652 1719 722 στρατοκήρυκος
1770 656 1953 724 φωνῇ,

381 737 476 805 τῆς
508 737 663 808 ἱερᾶς
697 737 793 791 καὶ
830 741 1220 811 μαχιμωτάτης
1253 741 1600 812 ἀποχωροῦσι
1624 742 1960 812 πληθύος.¹“Α

389 828 445 882 δὲ
474 824 536 899 ἦν
562 829 715 892 εἰκὸς
746 832 875 894 τοὺς
906 832 1146 886 τοιούσδε
1180 833 1636 905 συνειλημμένους
1669 836 1867 888 ἐννοεῖν
1898 852 1957 887 τε

394 922 479 974 καὶ
508 920 711 989 λέγειν,
739 922 914 977 ταῦτα
948 924 1020 995 δὴ.
1040 923 1251 993 φθάσας
1277 927 1306 979 ὁ
1335 926 1508 998 κῆρυξ
1562 928 1852 995 ἀναφωνεῖ.
1888 930 1958 981 Ἢ

390 1016 478 1067 οὐκ
494 1012 698 1083 ἀληθὲς
729 1014 937 1079 τούτοις
964 1016 1073 1088 (50)
1103 1017 1171 1071 τά
1192 1017 1413 1071 τοιαῦτα
1444 1016 1680 1089 νομίζειν
1705 1036 1719 1085 ;
1749 1018 1957 1073 Εἱώθα-

386 1120 431 1156 σι
462 1103 750 1171 φιλοῦντες
775 1107 835 1159 ὲν
866 1107 1124 1177 διωγμοῖς
1154 1109 1214 1161 τὸ
1246 1109 1575 1179 ἀφερέπονον
1600 1112 1836 1181 ἀγαπᾷν,
1868 1112 1959 1164 καὶ

380 1198 498 1258 ταῖς
525 1196 675 1267 ὑπὲρ
703 1197 804 1266 τῆς
836 1199 917 1261 είς
940 1198 1071 1251 Θεὸν
1092 1200 1313 1271 ἀγάπης
1345 1200 1760 1254 κατακολουθεῖν
1795 1219 1959 1254 σπου-

375 1284 515 1347 δαῖς,
539 1285 881 1353 ἐννοοῦντες,
909 1288 1011 1352 ὅτι,
1054 1288 1192 1342 εἴτι
1247 1289 1455 1358 γένοιτο
1514 1291 1701 1345 παθεῖν
1756 1292 1956 1359 ἀγωνι-

375 1374 668 1445 ζομένους,
699 1376 863 1430 οἴκων
884 1394 945 1430 τε
976 1380 1071 1432 καὶ
1096 1381 1362 1450 κτήσεων,
1400 1382 1493 1434 καὶ
1521 1381 1625 1434 τῶν
1651 1383 1801 1454 παρά
1832 1382 1955 1451 σφί-

377 1483 463 1520 σιν
496 1469 878 1539 τετιμημένων
896 1471 1251 1526 ἐκπίπτουσιν
1283 1472 1603 1543 ἐπιθυμιῶν.

377 1634 493 1706 (51)
524 1635 676 1706 Στίχ.
700 1642 770 1706 η’.
826 1637 921 1709 Τίς
956 1641 988 1691 ὀ
1026 1639 1357 1709 ἅνθρωπος
1379 1642 1412 1692 ό
1446 1639 1811 1709 φοϐούμενος
1856 1640 1953 1692 καὶ

879 1706 1079 1775 δειλός
1112 1707 1187 1775 τῇ
1217 1706 1465 1776 καρδίας

2057 564 2236 618 carnis
2283 562 2517 616 intendit
2550 562 2824 622 animum,
2868 560 3107 615 mulieris
3150 560 3416 628 sponsalia
3465 558 3622 612 facile

2059 655 2303 709 iunuant.
2340 654 2519 708 Muras
2547 653 2692 707 enim
2723 654 2994 708 trahentes
3024 655 3088 707 ad
3119 668 3302 707 vocem
3334 653 3620 720 praeconis,

2059 764 2089 801 a
2138 762 2290 802 sacra
2337 746 2842 817 pugnacissimaque
2897 743 3237 797 multitudine
3287 741 3617 796 desciscunt.

2059 840 2188 906 Quae
2221 855 2380 908 porro
2412 838 2687 906 probabile
2746 840 2864 890 erat
2921 846 2981 887 ut
3025 834 3327 901 huiusmodi
3374 833 3620 887 homines

2058 932 2365 1001 congregati
2408 930 2587 983 animo
2618 935 2903 981 versarent
2934 935 2987 979 et
3016 925 3288 988 dicerent,
3328 939 3390 978 ea
3433 924 3484 975 in
3516 938 3617 974 an-

2060 1034 2322 1078 tecessum
2370 1036 2544 1088 praeco
2579 1019 2843 1073 enuntiat.
2890 1018 2971 1071 An
3022 1031 3126 1070 non
3174 1030 3357 1068 verum
3402 1025 3481 1068 est
3526 1028 3627 1067 eos

2061 1116 2183 1168 talia
2223 1112 2512 1181 reputare?
2544 1111 2955 1165 Consuevcrunt
2982 1107 3171 1161 antasii
3206 1106 3258 1159 in
3294 1106 3619 1172 persecutio-

2060 1206 2213 1258 nibus
2242 1218 2362 1272 qua:
2393 1200 2615 1255 minime
2637 1198 2857 1253 molesta
2884 1208 3009 1251 sunt
3037 1196 3282 1266 diligere,
3306 1204 3359 1248 et
3383 1195 3623 1248 charita-

2058 1296 2124 1347 tis
2148 1294 2196 1345 in
2228 1292 2393 1344 Deum
2423 1289 2597 1343 studia
2621 1288 2878 1342 remotius
2900 1288 3053 1354 sequi
3083 1302 3098 1348 ;
3127 1286 3457 1355 cogitantes,
3479 1283 3619 1351 quod

2056 1384 2099 1435 si
2144 1382 2269 1451 quid
2316 1379 2591 1447 contingat
2628 1376 2679 1430 in
2711 1376 3095 1431 certaminibus
3130 1374 3277 1444 pati,
3313 1390 3340 1426 a
3375 1372 3619 1427 domibus

2056 1484 2109 1527 et
2145 1470 2612 1540 possessionibus,
2653 1476 2707 1521 et
2759 1483 2789 1520 a
2835 1466 3122 1522 desideriis
3167 1466 3455 1532 excident,
3503 1477 3624 1536 qua

2060 1562 2197 1623 apud
2225 1574 2281 1611 se
2319 1556 2533 1624 plurimi
2571 1554 2726 1608 ﬁunt.

2058 1650 2125 1704 ν.
2152 1651 2207 1704 8.
2256 1649 2385 1714 Quis
2431 1657 2506 1702 est
2552 1647 2705 1701 homo
2734 1688 2760 1769 ,ε
2805 1649 2921 1768 quid
2944 1656 3147 1751 vgretur
3195 1658 3242 1702 et
3288 1646 3623 1701 meticulosu

2686 1735 2737 1769 88
2796 1734 2885 1769 εον
2924 1735 2986 1769 ε.

2686 1734 2760 1771 εει
2796 1734 2950 1771 carae
2975 1734 2986 1769 2

453 1792 570 1845 Τοῦ
601 1793 807 1847 αὐτοῦ.
854 1795 913 1847 Ὀ
936 1799 1046 1857 τοῖς
1075 1798 1283 1866 γηῖνοις
1328 1798 1642 1867 ἐγκείμενος
1665 1839 1679 1863 ,
1732 1800 1824 1851 καὶ
1881 1802 1955 1852 οξ-

2134 1811 2405 1881 Ejusdem.
2448 1810 2547 1877 Qui
2597 1810 2827 1864 terrenis
2863 1809 3020 1863 rebus
3056 1809 3315 1872 inhmret,
3353 1817 3408 1861 et
3434 1807 3622 1863 domos

376 1880 507 1944 κίας
557 1883 886 1953 οἰκοδομῶν,
920 1886 1013 1937 καὶ
1043 1886 1286 1953 φυτεύων
1319 1886 1665 1957 ἀμπελῶνας,
1694 1892 1811 1951 ταῖς
1858 1890 1956 1959 τῆς

372 1971 742 2042 φιλοσαρκίας
771 1974 985 2044 ἡδοναῖς
1018 1976 1326 2047 ἡττώμενος
1349 2019 1363 2043 ,
1396 1978 1547 2031 ἔσται
1598 1996 1699 2031 που
1747 1980 1958 2042 πάντως

371 2062 559 2123 δειλός
582 2062 690 2131 (52)
723 2080 781 2116 τε
815 2065 908 2116 καὶ
942 2066 1185 2129 ἄναλκις.

377 2150 538 2220 Στίχ.
572 2157 621 2203 ι’.
672 2153 802 2206 Ἐὰν
825 2152 893 2205 δὲ
929 2155 1270 2233 προσέλθῃ-ς
1300 2155 1449 2233 πρὸς
1496 2158 1676 2210 πόλιν
1716 2156 1963 2211 ἐκπολε-

953 2225 1152 2293 μῆσαι
1176 2225 1386 2291 αὑτήν.

458 2311 685 2381 Ὅμοιον
715 2312 809 2367 τοῦ
829 2330 845 2345 ο
875 2318 981 2382 Εἰς
1010 2314 1090 2383 ἢν
1108 2314 1177 2368 δὲ
1194 2318 1378 2370 πόλιν
1401 2316 1733 2385 εἰσέλθητε,
1764 2317 1959 2382 ἐξετά-

370 2401 502 2463 ζετε
530 2404 663 2475 (55),
706 2407 796 2473 τίς
821 2407 890 2473 ἐξ
931 2406 1131 2461 αὐτῶν
1170 2406 1337 2473 ἄξιός
1371 2409 1559 2462 ἐστιν.
1606 2407 1678 2461 Τὸ
1729 2409 1805 2475 δὲ,
1828 2411 1952 2480 μετ’

376 2493 650 2562 είρήνης,
687 2497 867 2567 ὅμοιον
893 2496 970 2567 τῷ
1002 2498 1343 2569 ἀποστολικῷ
1366 2516 1380 2529 ·
1420 2499 1500 2552 ὅτι
1555 2500 1786 2554 Δοῦλον
1843 2504 1956 2555 Κυ-

362 2584 509 2653 ρίου
537 2588 608 2640 οὐ
637 2586 731 2640 δεῖ
753 2586 1071 2657 μάχεσθαι.

370 2676 529 2747 Στίχ.
560 2685 647 2747 ιγ’.
682 2680 793 2733 Καὶ
836 2680 1121 2745 πατάξεις
1149 2679 1273 2734 πᾶν
1310 2681 1635 2748 ἀρσενικόν
1663 2681 1851 2751 αὐτῆς
1886 2682 1957 2735 ἐν

904 2751 1067 2818 φόνῳ
1088 2751 1406 2820 μαχαίρας.

459 2840 571 2895 Τοῦ
603 2840 809 2895 αὐτοῦ.
844 2843 1104 2913 Μάχαιρα
1132 2842 1188 2895 δὲ
1215 2842 1311 2896 τοῦ
1337 2845 1646 2916 πνεύματος
1680 2845 1764 2915 εἴη
1818 2838 1891 2897 ἀν’
1926 2844 1956 2897 ό

372 2931 537 3000 λόγος
563 2934 658 2986 τοῦ
684 2932 838 2986 Θεοῦ.
869 2934 977 2986 Καὶ
997 2934 1094 3005 τὴν
1136 2934 1409 3008 μάχαιραν
1441 2936 1497 2990 δὲ
1526 2936 1617 2989 τοῦ
1650 2936 1956 3007 πνεύματος

376 3024 516 3095 (54),
550 3025 580 3077 ὅ
606 3026 721 3078 ἐστι
747 3026 896 3098 ῥῆμα
929 3028 1088 3096 Θεοῦ,
1128 3023 1278 3097 ᾧτινι
1307 3032 1356 3082 οἱ
1405 3030 1681 3083 θεσπέσιοι
1718 3029 1957 3100 μαθηταὶ

372 3118 698 3172 ἀπέκτεινον
736 3118 882 3174 ἅπαν
926 3122 1209 3192 ἀρσενικὸν
1248 3123 1346 3192 τῆς
1393 3124 1772 3194 ἀντικειμένης
1798 3123 1956 3178 δυνά-

381 3227 549 3281 μεως,
582 3210 658 3274 ὡς
682 3210 900 3281 Σίμωνα
932 3214 1025 3266 καὶ
1062 3213 1296 3285 Ἐλύμαν
1332 3215 1456 3278 τοὺς
1492 3215 1717 3285 μάγους,
1754 3216 1847 3269 καὶ
1887 3215 1955 3268 τὰ

380 3300 581 3373 ἰσχυρά
605 3302 663 3355 δὲ
694 3302 872 3357 αὐτῶν
908 3305 1163 3359 κατέλυον
1206 3306 1450 3377 δόγματα
1473 3324 1486 3337 ⁸
1550 3308 1956 3378 περιεποιοῦντο

376 3392 437 3446 δὲ
468 3394 572 3458 τάς
601 3399 884 3463 γυναῖκας,
921 3398 1013 3452 καὶ
1038 3397 1340 3469 δυναμένας
1374 3401 1550 3452 εἰπεῖν
1602 3400 1775 3470 ψυχάς
1798 3416 1810 3429 ·
1854 3399 1956 3454 Διὰ

380 3487 493 3541 τὸν
516 3490 708 3556 φόϐον
733 3506 868 3552 σου,
900 3494 1095 3560 Κύριε,
1126 3491 1198 3545 ἐν
1248 3493 1459 3562 γαστρὶ
1497 3492 1798 3561 ἐλάϐομεν
1842 3493 1954 3560 ἕως

382 3579 479 3632 ἐπὶ
509 3577 614 3646 τῆς
642 3578 790 3649 γῆς’
832 3583 1019 3637 καὶτὰ
1063 3585 1233 3655 νήπια
1280 3584 1338 3638 δὲ
1381 3584 1662 3647 ὡσαύτως,
1730 3581 1810 3649 οἷς
1865 3588 1957 3639 καὶ

382 3671 595 3735 Παῦλος
627 3674 854 3743 γράφει·
934 3677 1162 3740 Τεκνία,
1197 3677 1283 3746 μὴ
1322 3678 1453 3743 ταῖς
1496 3678 1710 3746 φρεσὶν
1756 3679 1959 3747 νήπιοι

379 3759 640 3832 γίνεσθε,
672 3765 833 3819 ἀλλὰ
860 3766 935 3834 τῇ
964 3767 1146 3835 κακίᾳ
1170 3766 1496 3835 νηπιάζετε.
1537 3770 1647 3822 Καὶ
1668 3770 1857 3838 κτήνη
1879 3771 1954 3837 δὲ,

382 3856 543 3927 φησὶ,
572 3857 1015 3925 περιποιήσατε.
1044 3859 1279 3925 Δίκαιος
1316 3860 1424 3931 γὰρ
1448 3861 1716 3929 οὶκτείρει
1756 3864 1958 3931 ’ψυχὰς

380 3947 620 4015 κτηνῶν
638 3950 854 4004 αὐτοῦ’
884 3953 1009 4015 τοὺς
1052 3952 1420 4024 ἀλογωτέρους
1480 3953 1566 4007 διὰ
1597 3953 1704 4006 τῶν
1747 3953 1956 4024 κτηνῶν

382 4042 770 4113 αἰνιττόμενος.
806 4046 1014 4116 Κτῆνος
1036 4042 1105 4118 ἦν
1134 4048 1228 4100 καὶ
1268 4048 1296 4099 ὁ
1339 4048 1654 4119 Κορνήλιος,
1687 4047 1828 4101 κατά
1859 4048 1956 4119 τὴν

383 4129 649 4188 ὀπτασίαν
705 4134 804 4206 τὴν
851 4137 980 4209 περὶ
1024 4137 1133 4191 τῶν
1180 4139 1520 4208 τετραπόδων
1583 4143 1840 4209 φανεῖσαν
1880 4138 1956 4209 τῷ

387 4222 601 4296 Πέτρῳ.

1002 4322 1159 4375 ΚΕΦ.
1201 4323 1328 4374 ΚΒ’.

455 4406 567 4479 (55)
600 4408 746 4479 Στίχ.
782 4417 855 4475 ς’.
892 4414 972 4465 Οὐ
993 4413 1307 4536 λτέἒίέιῃνιὶὶέν
1335 4415 1558 4484 μητέρα
1576 4418 1725 4486 μετὰ
1754 4417 1873 4473 τῶν

467 4572 684 4643 Ἐπειδὴ
726 4572 799 4645 μὴ
841 4573 1059 4627 δύναται
1102 4576 1268 4630 ἑαυτά
1319 4576 1559 4648 τρέφειν,
1586 4578 1686 4648 τῆς
1746 4579 1950 4650 μητρὸς

387 4663 704 4737 ληφθείσης.

1006 4760 1161 4811 ΚΕΦ.
1204 4760 1331 4812 Kl".

488 4846 598 4918 (56)
630 4848 775 4919 Στίχ.
813 4855 880 4917 γ’.
912 4852 1032 4903 Οὐκ
1064 4851 1474 4904 εἰσελεύσεται
1512 4851 1837 4919 Ἀμανίτης.

454 4938 521 4991 Τί
583 4939 780 5011 δήποτε
848 4941 943 5011 τὴν
988 4942 1122 5011 πρὸς
1179 4942 1471 5005 Μωαϐίτας
1525 4943 1615 4995 καὶ
1663 4944 1953 5012 Ἀμανίτας

391 5031 663 5102 ἐπιμιξίαν
693 5031 887 5087 κωλύει
921 5034 981 5085 ού
1028 5034 1169 5088 κατά
1203 5034 1365 5106 ῥητόν
1416 5052 1535 5086 τινα
1587 5035 1794 5105 χρόνον,
1836 5035 1949 5088 ἀλλ’

388 5125 464 5187 εἰς
493 5124 579 5177 τὸν
608 5124 811 5190 αἰῶνα;
844 5125 1064 5195 Πρῶτον
1097 5126 1183 5179 διὰ
1224 5126 1333 5198 ,τὴν
1398 5127 1712 5198 παράνομον
1769 5125 1949 5180 αὐτῶν

390 5214 567 5285 ῥίζαν·
625 5218 688 5269 ἐκ
752 5217 1064 5287 παρανόμου
1121 5220 1226 5291 γὰρ
1280 5219 1601 5289 γεγένηνται
1634 5220 1946 5283 συνουσίας·

388 5305 574 5361 ἔπειτα
606 5308 694 5362 διὰ
742 5309 839 5380 τὴν
895 5310 1164 5375 ἀσέϐειαν,
1200 5307 1267 5383 ἦς
1314 5312 1409 5365 καὶ
1457 5311 1582 5375 τοὺς
1619 5310 1951 5383 Ἰσραηλίτας

457 5420 504 5452 ³³
537 5420 721 5474 Matth.
760 5439 815 5487 χ,
848 5423 938 5475 II.
1020 5426 1065 5459 ἰ
1104 5425 1143 5478 ll
1171 5426 1312 5482 Tim.
1345 5442 1405 5492 tt,
1439 5426 1531 5480 24.

417 5506 515 5554 xu,
546 5491 631 5544 10.

485 5605 572 5677 49)
603 5606 767 5677 Forte
790 5605 1121 5677 προσιόντες.

483 5676 573 5739 50)
605 5676 769 5731 Forte
794 5676 1031 5739 τούτους.

453 5746 569 5824 (ξε)
602 5747 916 5824 [ιῂἀεῃιηυι
952 5756 1005 5801 et
1027 5748 1231 5821 reliqua
1266 5747 1423 5819 hujus
1453 5746 1668 5820 capitis.

458 5814 571 5891 (52)
600 5815 697 5873 Ms.
724 5814 876 5884 δῆλός
894 5832 971 5872 τε.
1141 5814 1160 5821 ’
1281 5842 1295 5845 η

1972 4499 2024 4556 D

1627 5427 1672 5458 ’⁵
1705 5426 1803 5481 Isa.
1839 5439 1989 5494 11m,
2029 5423 2120 5480 18.

2059 1905 2309 1969 aidificat,
2337 1914 2390 1957 et
2418 1904 2625 1971 plantat
2655 1906 2862 1968 vineas,
2899 1904 3074 1957 victus
3109 1902 3467 1971 voluptatibus
3499 1916 3623 1956 car-

2060 1995 2289 2059 nalibus,
2318 1996 2425 2049 erit
2454 2010 2675 2064 prorsus
2704 1995 3055 2049 meticulosus
3084 2005 3137 2049 et
3163 1995 3412 2049 imbellis.

2098 2170 2166 2226 ν.
2194 2168 2280 2223 10.
2314 2169 2413 2224 Sin
2449 2186 2568 2224 vero
2595 2168 2873 2222 accesseris
2898 2169 2967 2221 ad
3000 2167 3357 2221 debellandum
3386 2167 3586 2222 urbem.

2130 2326 2320 2381 Simile
2351 2334 2433 2380 est
2471 2323 2548 2378 illi
2580 2341 2594 2377 :
2630 2321 2699 2375 In
2743 2336 3103 2391 quamcunque
3150 2329 3321 2372 autem
3361 2319 3622 2372 civitatem

2054 2420 2364 2473 introieritis
2387 2458 2401 2479 ,
2432 2416 2691 2485 exquirite
2719 2414 2840 2484 quis
2877 2429 2941 2466 ex
2977 2414 3107 2481 ipsis
3135 2412 3325 2480 dignus
3355 2412 3418 2463 sit
3446 2412 3512 2462 ”.
3554 2409 3627 2462 Il-

2055 2512 2146 2564 Iud
2170 2526 2318 2574 vero,
2348 2525 2463 2561 cum
2486 2524 2642 2574 pace,
2676 2488 2854 2560 simile
2876 2516 2957 2558 est
2983 2503 3289 2570 apostolicae
3309 2500 3623 2555 sententiae:

2059 2604 2277 2657 Seruum
2308 2602 2512 2654 Domini
2549 2616 2652 2651 non
2680 2608 2881 2666 oportet
2906 2610 3192 2664 pugnacem
3222 2609 3329 2645 esse
3354 2591 3419 2646 ³⁸.

2055 2692 2119 2746 ν.
2155 2695 2242 2748 15.
2294 2691 2361 2744 Et
2383 2691 2643 2759 percutiet:
2688 2704 2837 2739 omne
2874 2684 3226 2806 masculinum
3252 2684 3367 2753 ejus
3398 2685 3453 2735 in
3486 2682 3630 2736 occi-

2670 2774 2814 2806 stone
2850 2774 2878 2806 α
2905 2774 2933 2806 α
2979 2772 3038 2806 ιι.

2670 2774 2814 2809 stone
2849 2772 3038 2824 gtaatt.

2126 2847 2402 2920 Ejusdem.
2446 2846 2671 2901 Gladius
2705 2846 2932 2911 spiritus
2956 2859 3076 2897 esse
3106 2843 3274 2912 possit
3298 2856 3478 2896 sermo
3502 2839 3624 2897 Dei.

2054 2939 2300 2996 Gladium
2323 2954 2463 2993 vero
2507 2938 2767 3006 spiritus,
2805 2937 2856 2989 id
2902 2944 3018 2997 est,
3055 2933 3280 2988 verbum
3322 2933 3414 2986 Dei
3459 2932 3623 2987 etiam

2054 3035 2224 3087 dicere
2262 3048 2537 3101 possumus
2584 3044 2603 3083 :
2647 3043 2754 3098 quo
2796 3028 2961 3081 divini
3014 3026 3259 3095 discipuli
3302 3026 3624 3079 occidebant

1984 3120 2036 3213 ε’
2057 3141 2217 3180 omne
2241 3124 2597 3179 masculinum
2624 3121 2910 3177 contrariae
2935 3120 3240 3189 potestatis,
3269 3130 3326 3171 ut
3349 3118 3622 3171 Simonem

2058 3226 2112 3272 et
2154 3217 2394 3286 Elymum
2446 3231 2661 3285 magos,
2709 3224 2765 3269 et
2812 3214 2973 3267 fortia
3019 3230 3209 3267 eorum
3255 3213 3624 3267 dissolvebant

2060 3310 2309 3377 dogmata
2350 3325 2363 3360 :
2398 3309 2714 3377 superstites
2750 3322 2877 3361 vero
2916 3307 3168 3363 sinebant
3200 3307 3475 3370 mulieres,
3506 3306 3625 3358 aui-

2057 3414 2173 3453 mas
2216 3413 2410 3466 nempe
2449 3413 2568 3466 quae
2606 3398 2786 3452 dicere
2813 3407 3104 3466 poterant:
3150 3396 3433 3465 Propterea
3462 3397 3623 3448 timo-

2059 3508 2167 3546 rem
2196 3501 2364 3554 tuum,
2395 3488 2637 3552 Domine,
2680 3489 2733 3541 in
2768 3499 2914 3541 utero
2953 3489 3302 3556 concepimus,
3342 3502 3503 3554 usque
3535 3500 3629 3537 su-

2055 3598 2147 3651 per
2210 3592 2348 3634 terra
2374 3582 2419 3625 ’5.
2456 3598 2469 3633 :
2506 3578 2802 3633 infantulos
2852 3578 2979 3632 item
3007 3618 3022 3642 ,
3075 3577 3274 3645 quibus
3326 3584 3381 3629 et
3421 3573 3628 3631 Paulus

2061 3673 2292 3726 scribit:
2327 3669 2547 3731 Filioli,
2587 3684 2693 3720 non
2737 3679 2903 3720 mente
2946 3667 3091 3735 pueri
3135 3674 3325 3731 estote,
3357 3667 3447 3718 sed
3485 3664 3626 3718 malo

2057 3762 2348 3832 puerascite
2370 3760 2438 3815 ".
2484 3760 2614 3813 Item
2656 3759 2787 3812 dicit
2828 3755 3109 3812 :Jumenta
3138 3756 3405 3811 servabitis
3436 3756 3479 3786 ⁸⁷
3502 3770 3517 3819 ;
3543 3764 3626 3811 et-

2058 3858 2201 3909 enim
2244 3854 2452 3921 justum
2501 3852 2710 3904 miseret
2749 3851 3051 3903 animarum
3091 3850 3450 3918 jumentorum
3497 3862 3624 3900 suo-

2058 3966 2174 4002 rum
2203 3947 2248 3979 ”
2289 3967 2301 4001 :
2327 3959 2419 4001 eos
2449 3947 2538 4016 qui
2577 3945 2756 3999 minus
2790 3945 3002 3999 ratione
3030 3943 3232 4014 pollent
3259 3957 3356 4012 per
3377 3941 3623 4010 jumettta

2059 4042 2308 4095 iuuuens.
2345 4037 2655 4093 Iumentum
2687 4047 2809 4090 erat
2838 4045 2892 4089 et
2928 4034 3247 4097 Cornelius,
3278 4034 3431 4102 juxta
3459 4031 3624 4087 visio-

2057 4146 2176 4186 nem
2214 4129 2618 4200 quadrupedum
2640 4167 2654 4192 ,
2686 4141 2806 4195 qua
2833 4125 3081 4195 apparuit
3110 4123 3294 4179 Petro.

2540 4266 2556 4281 ’
2665 4306 3019 4363 CAP.XXH.

2283 4426 2348 4482 V.
2377 4424 2429 4480 6.
2474 4423 2597 4478 Νοη
2627 4426 2800 4493 capies
2837 4438 3059 4477 matrem
3097 4437 3215 4475 cum
3247 4420 3393 4490 ﬁliis.

2131 4563 2311 4634 Neque
2339 4563 2483 4618 enim
2505 4602 2520 4628 ,
2562 4569 2718 4629 capta
2750 4570 2922 4615 matre
2946 4600 2961 4628 ,
3003 4560 3212 4629 seipsos
3258 4565 3486 4628 possunt
3524 4569 3627 4610 nu-

2058 4654 2205 4709 trire.
2934 4696 2935 4699 η

2650 4742 2805 4798 CAP.
2832 4741 3020 4796 XXIII.

2358 4839 2422 4894 Υ.
2452 4840 2505 4893 3.
2545 4835 2667 4889 Non
2696 4835 3018 4903 ingredietur
3041 4833 3326 4885 Amanites.
3386 4858 3389 4861 -

2120 4932 2228 4986 Cur
2276 4928 2723 4985 consuetudinem
2774 4942 2895 4980 cum
2949 4925 3198 4979 Moabitis
3255 4931 3308 4976 et
3357 4918 3625 4973 Amanitis

2060 5024 2369 5085 interdicit,
2413 5037 2519 5075 non
2559 5020 2624 5074 ad
2670 5028 2869 5073 statum
2903 5016 3115 5086 aliquod
3160 5025 3398 5082 tempus,
3443 5013 3536 5064 sed
3569 5011 3621 5065 in

2058 5114 2313 5170 sazculum
2338 5113 2361 5167 ?
2388 5111 2570 5166 Primo
2608 5117 2829 5180 propter
2861 5107 3195 5177 illegitimam
3237 5120 3419 5159 eorum
3451 5104 3620 5173 origi-

2058 5224 2178 5263 nem
2205 5224 2219 5260 :
2246 5221 2310 5261 ex
2339 5204 2616 5273 illegitimo
2638 5203 2780 5257 enim
2807 5200 2912 5256 orti
2940 5212 3067 5254 sunt
3087 5214 3394 5268 congressu.
3421 5197 3623 5252 Deinde

2056 5307 2277 5376 propter
2324 5296 2685 5364 impietatem,
2722 5293 2874 5365 cujus
2900 5292 3061 5347 etiam
3089 5289 3298 5345 Iudaeos
3329 5288 3620 5359 participes

2232 5417 2280 5448 ³⁸
2307 5417 2324 5471 l
2354 5416 2478 5471 Cor.
2504 5428 2619 5479 xw,
2648 5412 2739 5466 20.
2831 5412 2875 5445 ³⁷
2898 5410 3059 5466 Josue
3081 5424 3196 5477 vttt,
3224 5414 3279 5463 '2.
3381 5406 3428 5437 ”
3457 5404 3617 5459 Prov-

2133 5602 2246 5738 (55)
2276 5598 2551 5667 Scriptum
2580 5604 2697 5651 erat
2720 5594 3050 5666 ἐξετάζεται,
3082 5590 3333 5652 absurde.
3362 5588 3462 5645 Et).
3483 5583 3615 5644 Par.

2158 5671 2242 5738 54)
2277 5670 2434 5723 Deest
2470 5678 2732 5738 verbum.

2158 5671 2242 5725 54)
2277 5670 2434 5723 Deest
2470 5678 2711 5721 verbum.

2135 5734 2247 5807 {'35)
2276 5740 2433 5803 Ibid.,
2466 5753 2588 5807 pag.
2631 5734 2755 5789 226.

2131 5805 2244 5883 (56)
2275 5810 2405 5868 Cod.
2434 5805 2560 5879 531;
2593 5821 2713 5877 pag.
2743 5805 2865 5863 518.
