4012 6340
421 373 483 427 3|
1272 371 1826 432 SUPPLEMENTUM
1860 370 1953 427 AD
1987 370 2312 431 ORIGENIS
2339 368 2754 430 EXEGETICA.
3639 354 3717 422 δὲ

426 493 608 547 facere
631 493 807 548 conati
834 503 963 548 sunt
981 533 998 561 ,
1038 493 1280 549 ornando
1305 492 1587 559 mulieres,
1614 500 1670 546 et
1696 505 1792 561 per
1818 505 1910 545 eas
1937 491 1988 544 in

2100 480 2418 562 μεταλαχεῖν
2444 488 2861 563 παρεσκεύασαν
2887 486 3229 561 ὡραῑσαντες
3260 482 3375 547 τὰς
3405 485 3723 553 γυναῖκας,

424 577 693 634 idolorum
712 579 913 635 cultum
945 581 1262 637 allicientes.
1286 581 1354 635 At
1386 581 1673 635 ldumaaum
1693 581 1909 649 quidem
1935 588 1988 635 et

2100 586 2186 639 καὶ
2207 583 2294 638 διά
2314 583 2520 639 τούτων
2547 583 2744 646 αὐτοὺς
2776 583 2858 646 είς
2881 580 2982 653 τὴν
3006 577 3114 633 τῶν
3147 574 3421 632 εἰδώλων
3447 576 3731 648 λατρείαν

427 667 738 740 Egyptium
755 681 874 739 post
894 672 1104 726 tertiam
1122 669 1272 739 jubet
1303 672 1712 740 generationem
1737 670 1947 724 admitti
1972 689 1986 725 :

2100 676 2472 748 ὶγρεύσαντες.
2527 675 2631 729 Τὸν
2670 674 2850 747 μέντοι
2885 672 3195 743 Ἱδουμαῖον
3245 668 3354 724 καὶ
3394 668 3499 726 τὸν
3553 670 3724 739 Αίγύ-

425 758 578 813 illum
609 760 804 831 quippe
830 759 1074 828 fratrem,
1096 761 1241 816 hunc
1271 776 1403 817 vero
1439 761 1637 832 quippe
1691 770 1988 832 opportune

2100 788 2243 825 πτιον
2273 770 2408 843 μετά
2427 768 2615 842 τρίτην
2635 766 2843 822 κελεύει
2868 764 3163 838 προσίεσθα
3177 783 3196 818 ι
3219 763 3459 835 γενεὰν,
3486 762 3589 818 τὸν
3613 763 3725 834 μὲν

427 851 699 918 quondam
726 852 1148 908 benefactorem.
1166 852 1332 907 Fame
1348 854 1493 908 enim
1512 853 1816 924 ingruente,
1833 852 1988 925 Egy-

2100 866 2165 931 ὥς
2197 866 2441 936 ἀδελφὸν,
2470 863 2561 918 τὸν
2580 863 2637 917 δέ
2657 862 2734 927 ὡς
2766 861 3059 935 εὐεργέτην
3087 864 3144 915 ἐν
3170 857 3376 932 καιρῷ
3396 857 3720 930 γεγενημέ-

425 950 577 1011 ptum
596 953 840 1011 petentes
860 946 1229 1015 progenitores
1246 960 1434 1000 eorum
1457 945 1678 1001 enutriti
1702 955 1847 1002 sunt.
1883 947 1959 1003 Do

2100 974 2197 1015 νον,
2215 956 2388 1029 Λιμοῦ
2402 955 2507 1028 γὰρ
2526 954 2942 1028 προσπεσόντος,
2959 955 3039 1018 είς
3050 953 3342 1022 Αἴγυπτον
3359 947 3725 1013 εἰσελθόντες

427 1039 514 1087 cet
556 1035 718 1104 igitur
760 1034 842 1089 lex
882 1050 1013 1100 nos,
1061 1047 1120 1091 ut
1163 1051 1232 1091 ne
1259 1036 1459 1093 veteris
1489 1034 1706 1107 quidem
1741 1035 1988 1092 beneficii

2100 1050 2142 1103 οἱ
2184 1049 2420 1121 πατέρες
2462 1047 2642 1104 αὐτῶν
2695 1048 3080 1120 διετράφησαν.
3136 1045 3418 1099 Διδάσκει
3461 1041 3656 1096 τοίνυν
3687 1042 3727 1093 δ’

422 1123 822 1181 σδιίνίεεθῐηυτο
2094 1140 2255 1211 νόμος
2298 1141 2466 1212 ἡμᾶς,
2514 1139 2648 1212 μηδὲ
2684 1140 2921 1203 παλαιᾶς
2957 1136 3287 1210 εὐεργεσίας
3323 1135 3715 1207 ἀμνημονεῖν.

424 1215 489 1272 V.
519 1212 605 1296 ﬂ.
635 1214 774 1281 Quid
801 1226 905 1283 est,
933 1216 1073 1299 Quia
1105 1215 1358 1304 Dominus
1384 1216 1521 1304 Deus
1553 1227 1673 1273 tuus
1703 1218 1988 1273 inambulat

2100 1231 2241 1304 Στίχ.
2285 1231 2364 1287 ιδ’.
2392 1232 2458 1286 Τί
2485 1231 2809 1304 ἐστψίὈτι
2832 1229 3296 1304 Κύριοςίόῥεόζ·
3334 1243 3468 1282 σου
3526 1225 3715 1295 ἐμπε-

978 1290 1033 1342 in
1065 1288 1252 1342 castris
1280 1289 1384 1342 tuis
1402 1288 1429 1341 ?

492 1397 663 1455 Norat
714 1415 1086 1472 saepenumero
1115 1403 1294 1475 gravis
1318 1404 1501 1459 odoris
1523 1417 1700 1459 aerem
1726 1402 1987 1471 repletum

420 1501 627 1561 pestem
663 1493 1003 1562 produxisse.
1040 1493 1257 1549 Mandat
1284 1509 1417 1565 ergo
1445 1495 1551 1551 illis
1580 1496 1632 1550 in
1669 1495 1865 1551 castris
1895 1496 1987 1552 de-

421 1586 696 1657 gentibus,
730 1602 888 1656 quem
921 1598 1269 1643 secreverant
1301 1586 1555 1643 defodere
1583 1588 1787 1642 fimum.
1823 1586 1893 1642 Ut
1922 1603 1989 1643 ne

423 1692 559 1732 vero
598 1677 971 1734 inobedientes
1008 1694 1203 1734 noxam
1233 1680 1540 1750 quampiam
1584 1679 1984 1746 contraherent,

2361 1302 2603 1371 ριπατεῖ
2633 1302 2704 1357 ἐν
2736 1300 2810 1369 τῇ
2842 1298 3186 1370 παρεμϐολῇ
3216 1313 3391 1362 σου;

2161 1389 2282 1446 Οίδε
2314 1391 2572 1455 πολλάκις
2591 1389 2887 1461 δυσοσμίας
2908 1389 2937 1441 ὁ
2961 1389 3071 1460 ἀὴρ
3103 1386 3564 1459 ἐμπιπλάμενος
3603 1385 3716 1439 λοι-

2094 1484 2192 1556 μὸν
2226 1487 2493 1557 ἐμποιεῖν.
2556 1482 2838 1537 Ἐκέλευσε
2897 1481 3077 1536 τοίνυν
3129 1480 3331 1542 αὐτοῖς
3393 1494 3721 1550 στρατοπε-

2089 1578 2400 1651 δευομένοις
2417 1578 2520 1651 τὴν
2548 1575 2941 1648 ἐκκρινομένην
2985 1571 3423 1644 καταχωννύναι
3472 1570 3717 1642 κόπρον.

2094 1670 2211 1725 Ἵνα
2233 1670 2290 1724 δέ
2322 1670 2397 1742 μὴ
2418 1668 2813 1743 ἀπειθήσαντες
2845 1667 3048 1738 βλάϐην
3082 1664 3477 1731 εἰσδέξωνται,
3538 1663 3722 1730 ἀναγ-

421 1770 732 1825 necessario
764 1769 1011 1840 adjunxit
1041 1792 1052 1825 :
1085 1769 1225 1837 Quia
1252 1769 1505 1823 Dominus
1530 1769 1670 1823 Deus
1697 1769 1987 1822 inambulat

2100 1763 2263 1827 καίως
2289 1764 2567 1834 ἐπήγαγεν
2586 1778 2602 1792 ο
2631 1762 2752 1814 Ὅτι
2779 1760 2996 1828 Κύριος
3021 1761 3055 1813 ὁ
3094 1756 3240 1822 Θεὸς
3295 1752 3723 1825 ἐμπεριπατεῖ

420 1861 478 1914 in
506 1861 693 1914 castris
727 1862 851 1915 tuis.
880 1859 946 1915 Et
967 1876 1186 1916 causam
1218 1862 1404 1917 docet:
1448 1859 1515 1915 Ut
1547 1861 1730 1926 eripiat
1763 1869 1811 1914 te
1834 1900 1848 1924 ,
1877 1868 1987 1913 tra-

423 1954 618 2022 datque
638 1953 903 2008 ininticum
935 1964 1081 2008 tuum
1105 1965 1223 2008 ante
1253 1952 1442 2022 [aciem
1470 1963 1616 2007 tuam
1643 1954 1709 2007 ²⁹.
1734 1952 1987 2023 Propter-

423 2059 486 2098 ea
515 2044 788 2113 admonet,
831 2054 891 2100 ut
934 2045 1005 2099 nil
1055 2055 1250 2101 contra
1279 2046 1448 2115 legem
1478 2055 1663 2115 agant.
1705 2045 1987 2099 Subinfert

422 2136 568 2190 enim
603 2153 618 2190 :
651 2136 717 2190 Et
752 2147 903 2191 erunt
937 2147 1112 2193 castra
1137 2146 1229 2191 tua
1252 2145 1469 2204 sancta,
1500 2153 1592 2192 nec
1619 2137 1906 2192 invenietur
1931 2138 1988 2191 in

424 2239 474 2282 te
500 2229 843 2298 turpitudinis
873 2245 975 2285 res.

419 2404 600 2462 v.12.
644 2406 713 2462 Et
740 2408 887 2464 locus
914 2419 1020 2463 esto
1050 2408 1166 2530 ﬁgi.
1203 2408 1300 2489 ait,
1331 2415 1479 2460 extra
1519 2412 1717 2471 castra,
1755 2414 1803 2459 et
1837 2420 1987 2475 egre-

1134 2495 1247 2530 ‘erts
1276 2494 1356 2530 eo.

1134 2495 1247 2531 ens
1276 2494 1356 2530 80.

418 2566 484 2624 ν.
517 2569 602 2623 15.
651 2569 716 2623 Et
746 2570 924 2624 clavus
952 2572 1048 2623 erit
1078 2571 1172 2622 tibi
1212 2570 1265 2621 in
1303 2585 1434 2622 zona
1472 2578 1583 2622 tua.
1619 2566 1836 2637 Eritque
1869 2582 1985 2618 enm

485 2639 681 2694 sederis
713 2641 862 2706 foris.
907 2651 952 2693 et
986 2640 1157 2708 fodies
1188 2642 1239 2692 in
1266 2656 1345 2705 eo,
1386 2648 1433 2693 et
1488 2638 1735 2691 reducens
1787 2637 1985 2707 operias

486 2711 868 2777 turpitudinem
908 2720 1051 2763 tuant
1097 2711 1282 2776 ipsius.
1661 2713 1670 2723 '

416 2863 484 2919 ν.
520 2863 604 2917 14.
644 2862 785 2927 Quia
811 2862 1062 2918 Dominus
1089 2864 1227 2918 Deus
1253 2873 1372 2917 tuus
1402 2861 1695 2916 inambulat
1718 2861 1770 2913 in
1798 2861 1985 2914 castris

487 2936 683 3003 eripere
716 2944 796 2990 te.
832 2946 878 2986 et
916 2937 1127 2987 tradere
1162 2936 1255 2987 tibi
1287 2935 1557 2987 inimicum
1587 2942 1733 2984 tuum
1772 2933 1825 2984 in
1868 2948 1985 2984 mit-

488 3022 586 3059 nus
610 3015 750 3058 tuas.
789 3003 857 3058 Et
893 3014 1043 3058 erunt
1067 3019 1240 3058 castra
1280 3012 1372 3057 tua
1400 3013 1602 3070 sancta,
1640 3010 1814 3056 etnon
1842 3004 1984 3056 vide-

488 3075 630 3128 bitur
663 3075 718 3128 in
756 3087 803 3128 te
839 3076 1112 3143 turpitudo
1148 3076 1242 3145 rei.

490 3230 706 3285 Evitare
742 3229 993 3299 equidem
1021 3228 1179 3284 decet
1220 3243 1437 3283 omnem
1475 3227 1835 3283 immunditiei
1864 3243 1990 3298 spe-

417 3321 557 3376 ciem
600 3335 728 3389 eos,
766 3321 855 3390 qui
896 3319 1122 3390 cupiunt
1158 3319 1418 3374 adversus
1455 3331 1643 3374 omnes
1677 3314 1987 3388 spirituales

418 3414 600 3469 hostes
631 3414 917 3469 victoriam
951 3412 1175 3469 referre.
1207 3412 1343 3479 Quia
1369 3421 1550 3466 tamen
1581 3424 1722 3480 sape
1749 3410 1989 3466 cadimus

417 3520 628 3571 omnes,
658 3506 1001 3575 obnoxiaque
1043 3514 1126 3560 est
1157 3504 1389 3559 humana
1423 3511 1615 3558 natura
1649 3503 1889 3557 facilitati
1935 3504 1987 3557 in

416 3598 659 3654 defectus
686 3598 941 3662 labendi,
982 3606 1037 3653 et
1084 3611 1245 3651 nemo
1282 3596 1479 3649 delicta
1507 3593 1760 3665 intelliget
1789 3595 1855 3659 ³ο,
1903 3609 1990 3650 se-

415 3691 650 3746 cundum
683 3689 971 3745 Psallentis
1001 3703 1184 3745 vocem
1205 3728 1221 3751 ,
1252 3687 1578 3757 Contingat,
1615 3686 1722 3752 ait,
1759 3685 1841 3741 vel
1867 3686 1989 3740 uni-

415 3796 537 3837 cam
576 3780 882 3835 innatarum
915 3781 971 3834 in
1012 3781 1163 3835 vobis
1194 3780 1564 3848 impuritatum
1602 3775 1809 3849 effringi
1854 3793 1991 3848 quo-

417 3872 727 3936 dammodo,
756 3886 820 3926 ac
846 3871 1044 3935 evinci,
1073 3871 1446 3926 laborantibus
1469 3870 1645 3939 aliqua
1674 3884 1732 3926 re
1764 3879 1988 3925 externa

419 3966 486 4018 ad
530 3964 702 4034 legem
740 3964 1043 4033 pertinente
1071 3971 1129 4017 et
1155 3967 1221 4016 ad
1255 3963 1417 4016 vitam
1439 4002 1454 4028 ,
1494 3977 1616 4032 quae
1649 3973 1867 4019 sanctos
1898 3963 1991 4016 de-

419 4059 562 4106 ceat.
605 4050 879 4105 luhahitat
911 4067 1146 4120 namque
1177 4051 1231 4105 in
1279 4051 1536 4106 membris
1564 4053 1745 4107 carnis
1787 4052 1990 4121 peccati

419 4145 528 4199 lex.
581 4142 762 4198 Primo
792 4143 955 4215 igitur
1000 4158 1106 4199 non
1151 4143 1437 4198 manifeste
1465 4159 1530 4197 ac
1567 4141 1746 4212 palam
1769 4184 1784 4207 ,
1817 4157 1991 4212 neque

420 4239 473 4293 in
525 4236 671 4306 vulgi
710 4247 1004 4307 conspectu
1050 4235 1230 4306 lapsus
1273 4235 1608 4292 infirmitatis
1659 4235 1792 4290 [iant
1832 4253 1846 4289 :
1897 4235 1991 4291 sed

419 4329 818 4398 quodammodo
847 4328 981 4383 foris
1027 4328 1289 4394 latentes,
1341 4337 1396 4384 et
1438 4327 1804 4383 remotissime
1839 4342 1870 4381 a
1902 4341 1994 4380 ca-

417 4429 567 4474 stris.
605 4419 803 4474 Deinde
828 4418 1296 4474 emendationibus
1320 4417 1680 4480 occultentur,
1719 4419 1795 4471 ait
1835 4435 1847 4470 :
1893 4415 1992 4471 Sa-

2013 3148 2058 3206 C
2163 3161 2258 3198 ται
2283 3147 2353 3199 ἐν
2375 3147 2474 3200 σοὶ
2509 3146 2911 3217 ἀσχημοσύνη
2941 3145 3061 3213 πρά

2088 1857 2159 1911 ἐν
2190 1855 2267 1925 τῇ
2289 1853 2635 1925 παρεμϐολῇ
2667 1868 2807 1908 σου.
2864 1852 2975 1907 Καὶ
3018 1849 3118 1923 τὴν
3161 1848 3356 1904 αἰτίαν
3409 1847 3673 1902 διδάσκει
3695 1862 3710 1877 °

2101 1947 2439 2012 Ἐξελέσθαι
2467 1961 2563 2012 σε,
2598 1945 2695 2000 καὶ
2729 1944 3101 2014 παραδοῦναι
3146 1942 3256 1997 τὸν
3301 1942 3550 2013 ἐχθρόν
3589 1958 3720 1997 σου·

2087 2037 2201 2107 πρὸ
2239 2036 2568 2107 προσώπου
2592 2050 2727 2090 σου.
2764 2034 2864 2089 Διά
2895 2034 2952 2088 δὲ
2982 2033 3170 2088 τούτου
3212 2030 3490 2086 παιδεύει
3535 2030 3717 2103 μηδὲν

2087 2128 2345 2199 πράττειν
2375 2128 2709 2200 παράνομον.
2733 2126 2903 2180 Τοῦτο
2930 2124 3040 2196 γάρ
3060 2125 3256 2194 ἐπάγει
3278 2140 3295 2153 ·
3347 2122 3475 2177 Καὶ
3527 2122 3711 2176 ἔσται

2087 2222 2126 2290 ἡ
2152 2220 2490 2290 παρεμϐολή
2533 2234 2650 2275 σου
2682 2220 2842 2290 ἁγία,
2879 2218 2980 2273 καί
3005 2221 3118 2289 οὐχ
3164 2214 3585 2286 εὑρεθήσεται
3636 2214 3717 2269 ἐν

2087 2311 2188 2365 σοί
2224 2310 2663 2382 ἀσχημοσύνης
2706 2308 2965 2379 πρᾶγμα.

2088 2397 2236 2468 Στίχ.
2263 2397 2349 2452 ιϐ’.
2378 2396 2488 2453 Καὶ
2523 2400 2557 2451 ὀ
2600 2399 2785 2468 τόπος
2827 2398 2985 2468 ἔστω
3016 2413 3137 2459 σοι,
3172 2398 3385 2468 φησὶν,
3427 2396 3556 2463 ἐξω
3588 2395 3708 2466 τῆς

2370 2467 2772 2537 παρεμϐολῆς,
2799 2467 2897 2522 καὶ
2917 2467 3212 2537 ἐξελεύσῃ
3233 2467 3393 2523 ἐκεῖ.

2088 2558 2236 2629 Στίχ.
2271 2565 2359 2628 ιγ’.
2390 2559 2498 2614 Καὶ
2533 2558 2859 2629 πάσσαλος
2887 2560 3060 2614 ἔσται
3086 2577 3185 2614 σοι
3214 2559 3321 2613 ἐπὶ
3358 2558 3481 2628 τῆς
3506 2557 3705 2625 ζώνης

2156 2628 2291 2699 σου.
2322 2631 2431 2684 Καὶ
2462 2630 2632 2684 ἔσται
2662 2628 2813 2699 ὅταν
2852 2629 3165 2699 καθιζάνῃς
3187 2629 3332 2696 ἔξω,
3385 2630 3497 2683 καί
3555 2629 3699 2696 ὀρύ-

2156 2698 2269 2771 ξῃς
2299 2700 2409 2771 (57)
2453 2700 2524 2754 ὲν
2551 2698 2731 2766 αὐτῷ,
2778 2701 2879 2754 καί
2922 2698 3323 2771 ἐπαναγαγὼν
3380 2701 3703 2769 καλύψεις

2155 2769 2273 2839 τὴν
2308 2769 2752 2840 ἀσχημοσύνην
2792 2787 2909 2827 σου
2942 2771 3160 2826 ἑαυτοῦ
3189 2769 3329 2840 (58).

2085 2862 2233 2945 Στίχί
2260 2865 2341 2918 ιδ’.
2367 2865 2496 2945 Ὅτι
2527 2865 2810 2945 ῌύριος
2844 2865 2988 2945 ῥεός
3018 2878 3134 2918 σου
3174 2863 3592 2945 ἐμπεριπαξεῖ
3625 2862 3702 2945 ἐν

2153 2933 2229 3028 τῇ
2260 2933 2607 3028 παρεμϐολῇ
2635 2934 2951 3028 ἐξελέσθαι
2978 2950 3085 3028 cf,
3141 2934 3238 3016 καὶ
3268 2933 3705 3028 ’παραδοῦεαξ

2154 3021 2255 3059 σοι
2292 3002 2634 3074 τὸν-ἐχθρόν
2672 3022 2788 3059 σου
2833 3008 2920 3073 εις
2969 3004 3077 3070 τὰς
3115 3002 3324 3074 χεῖράς
3360 3002 3512 3060 σου.
3579 3002 3695 3060 Καὶ

2157 3073 2330 3129 ἔσται
2350 3078 2388 3143 ἡ
2421 3073 2763 3145 παρεμϐολή
2795 3091 2913 3131 σου
2942 3076 3098 3144 ἁγία,
3134 3074 3233 3128 καὶ
3257 3077 3379 3130 οὐκ
3413 3074 3690 3145 ὀφθήσε-

3062 3160 3303 3215 γματοςο

2157 3234 2545 3307 Παραιτεῖσθαι
2576 3235 2675 3306 μὲν
2702 3235 2812 3305 γὰρ
2840 3235 2949 3288 πᾶν
2983 3230 3122 3297 εἶδος
3157 3231 3518 3306 ἀκαθαρσίας
3553 3230 3697 3303 πρέ-

2087 3340 2177 3378 πει
2216 3322 2341 3388 τοὺς
2386 3322 2833 3394 κατανδρίζεσθαι
2867 3322 2974 3376 τῶν
3016 3320 3224 3393 νοητῶν
3267 3320 3690 3393 ἐπιθυμοῦντας

2086 3413 2315 3485 ἐχθρῶν.
2365 3412 2580 3485 Ἐπειδὴ
2628 3413 2684 3467 δὲ
2736 3413 2906 3467 πολλὰ
2958 3412 3223 3484 πταίομεν
3270 3412 3549 3478 ἅπαντες,
3593 3411 3690 3466 καὶ

2087 3506 2234 3558 νοσεῖ
2273 3504 2369 3574 μὲν
2398 3505 2433 3575 ἡ
2489 3503 2777 3576 ἀνθρώπου
2840 3503 3002 3575 φύσις
3052 3503 3114 3558 τὸ
3169 3503 3455 3559 εὐόλισθον
3492 3506 3579 3568 είς
3625 3501 3691 3556 τὸ

2088 3592 2431 3665 πλημμελές*
2464 3593 2726 3664 συνήσει
2757 3594 2816 3648 δὲ
2842 3594 3016 3658 οὐδεὶς
3046 3594 3521 3665 παραπτώματα,
3540 3592 3689 3648 κατά

2087 3687 2187 3759 τὴν
2213 3686 2308 3740 τοῦ
2348 3686 2656 3752 Ψάλλοντος
2689 3688 2903 3759 φωνήν·
2938 3686 3172 3751 Γένοιτο,
3197 3687 3351 3760 φησὶ,
3407 3689 3513 3759 μιᾷ
3574 3684 3689 3739 τῶν

2088 3779 2343 3850 ἐμφύτων
2385 3781 2481 3834 καὶ
2542 3781 2599 3833 ἐν
2653 3780 2781 3851 ὑμῖν
2829 3777 3179 3851 ἀκαθαρσιῶν
3235 3776 3682 3851 περιθραύεσθαι

2093 3869 2391 3940 μονονουχὶ,
2422 3871 2515 3922 καὶ⁵
2554 3868 2870 3924 ἀλίσκεσθαί
2906 3886 2958 3923 τι
2989 3870 3349 3940 νενοσηκότας
3404 3869 3519 3925 τῶν
3575 3867 3689 3935 ἔξω

2088 3962 2254 4032 νόμου
2284 3961 2378 4015 καὶ
2404 3961 2546 4032 ζωῆς
2570 3961 2963 4034 ἀγιοπρεποῦς.
3011 3962 3241 4015 Ἐνοικεῖ
3269 3961 3379 4032 γὰρ
3427 3964 3548 4026 τοῖς
3582 3960 3681 4032 μὲ-

2089 4049 2206 4103 λεσι
2234 4050 2335 4120 τῆς
2368 4051 2569 4120 σαρκὸς
2590 4051 2689 4122 τῆς
2720 4051 2992 4123 ἁμαρτίας
3013 4050 3041 4101 ό
3076 4050 3256 4121 νόμος.
3295 4051 3526 4124 Πρῶτον
3580 4040 3710 4123 μὲν’

2094 4142 2170 4214 μὴ
2199 4141 2447 4214 ἐναργῶς
2480 4143 2573 4197 καὶ
2595 4142 2913 4214 ἀκρύπτως,
2949 4144 3083 4215 μήτε
3114 4143 3220 4215 μὴν
3259 4145 3318 4197 ἐν
3370 4145 3497 4215 ὄψει
3541 4143 3677 4198 πολ-

2090 4232 2219 4299 λῶν,
2244 4234 2312 4287 τὰ
2346 4236 2410 4287 ἐκ
2442 4234 2538 4306 τῆς
2589 4234 2902 4307 ἀρρωστίας
2951 4235 3272 4307 πραττέσθω
3319 4236 3672 4309 πταίσματα⁶

2092 4325 2206 4378 ἀλλ’
2228 4319 2338 4379 οἷον
2380 4324 2484 4390 ἔξω
2512 4326 2796 4398 λεληθότες
2816 4366 2832 4391 ,
2868 4328 2961 4381 καὶ
2989 4327 3064 4391 ὡς
3090 4328 3362 4382 ἀπωτάτω
3391 4330 3496 4400 τῆς
3527 4344 3673 4400 παρ-

2095 4416 2363 4488 εμϐολῆς·
2400 4414 2520 4473 εἶτα
2566 4421 2686 4481 ταῖς
2716 4417 3120 4490 ἐπανορθώσεσι
3142 4419 3670 4483 κατακαλυπτέσθω,

415 4512 617 4581 pientes
634 4511 865 4580 obtegent
885 4526 1009 4563 suas
1028 4511 1259 4578 ipsorunt
1279 4508 1654 4579 turpitudines,
1674 4507 1825 4576 juxta
1846 4508 1986 4575 quod

2100 4510 2250 4580 φησί·
2278 4511 2461 4581 Σοφοὶ
2494 4510 2604 4584 γὰρ
2635 4513 2985 4582 καλύψουσι
3029 4512 3137 4579 τὰς
3178 4510 3409 4567 ἑαυτῶν
3456 4511 3675 4581 αίσχύ-

417 4605 681 4673 scriptum
717 4612 822 4658 est.
869 4602 1146 4659 Cessanth
1185 4602 1334 4660 enim
1371 4603 1439 4657 ab
1478 4601 1822 4657 inconcinnis
1857 4600 1990 4655 acti-

418 4698 559 4761 bus,
608 4705 663 4752 et
708 4697 761 4751 in
811 4696 1033 4752 meliora
1074 4696 1436 4767 propensione
1475 4693 1823 4750 reformando
1857 4706 1993 4763 quo-

418 4789 709 4847 dammodo
740 4799 973 4845 mentem
999 4790 1100 4855 sic,
1127 4801 1186 4845 ut
1208 4801 1510 4844 statuamus
1540 4788 1844 4860 eligendum
1867 4801 1990 4843 esse

417 4881 560 4950 quod
591 4881 850 4950 prodesse
885 4891 1085 4950 queat,
1129 4896 1287 4937 casus
1320 4893 1535 4937 nostros
1569 4896 1601 4936 e
1640 4879 1818 4935 medio
1848 4876 1990 4934 tolli-

420 4985 543 5025 mus
576 4993 587 5026 :
619 4988 683 5027 ac
718 4974 1031 5029 indecorum
1073 4984 1353 5041 peccatum
1378 5015 1395 5040 ,
1444 4981 1631 5043 postea
1678 4969 1989 5042 fragrantiis

415 5059 723 5126 vincentes,
755 5062 1090 5133 ingredimur
1122 5062 1320 5117 iterum
1355 5063 1408 5115 in
1440 5073 1751 5116 sanctorum
1786 5065 1984 5123 castra,

418 5147 472 5205 id
505 5160 587 5204 est
613 5152 664 5204 in
690 5155 916 5209 ecclesia
949 5154 1450 5224 priutogenitorum.
1484 5152 1540 5206 in
1564 5152 1779 5207 Christo
1804 5160 1986 5205 autem

419 5241 560 5297 istuc
586 5241 870 5309 perficitur
892 5284 908 5309 ,
939 5246 984 5299 si
1019 5244 1353 5314 accipiamus
1378 5257 1593 5298 crucem
1618 5243 1790 5306 illius,
1826 5251 1984 5296 uten-

421 5337 506 5385 tes
537 5330 652 5386 acri
693 5334 1022 5399 cogitatione
1069 5342 1124 5388 et
1167 5333 1233 5387 ad
1264 5331 1624 5387 resiStendum
1655 5342 1897 5387 strenua.
1930 5330 1987 5385 Id

426 5422 565 5478 enim
613 5423 832 5494 oblique
876 5426 1148 5491 inanitur,
1176 5440 1241 5482 eo
1266 5426 1410 5496 quod
1426 5425 1729 5498 habeamus
1762 5425 1815 5481 in
1851 5441 1987 5480 zona

424 5515 676 5583 zlavum,
727 5516 777 5572 id
822 5528 908 5573 est
944 5517 1173 5589 lignum.
1224 5517 1394 5589 Igitur
1437 5517 1790 5590 spiritualiter
1833 5519 1991 5575 intel-

450 5631 495 5662 ¹⁹
520 5631 674 5686 Deut.
707 5648 862 5697 χχιιι,
890 5633 979 5688 Η.
1051 5634 1096 5668 ’θ
1128 5635 1271 5692 Psal.
1299 5652 1454 5702 svnt,
1482 5636 1570 5693 15.

494 5767 604 5847 (ἓῖ)
637 5771 907 5847 ,ἶθρύξειε

496 5840 606 5913 (⁸58)
636 5840 795 5900 Forte
827 5847 883 5898 ἐν
920 5844 1087 5917 αὐτῷ.

2093 4620 2226 4672 νας,
2248 4604 2390 4659 κατά
2414 4604 2476 4658 τὸ
2507 4604 2906 4677 γεγραμμένον.
2938 4604 3351 4676 Καταλήγοντες
3394 4605 3505 4677 γὰρ
3562 4603 3674 4657 τῶν

2095 4695 2597 4768 πλημμελημάτων,
2631 4696 2725 4750 καὶ
2751 4699 2870 4762 ταῖς
2895 4699 2973 4761 είς
3003 4695 3073 4750 τὰ
3097 4697 3305 4768 ἀμείνω
3322 4699 3517 4768 ῥοπαῖς
3540 4698 3673 4752 ἀνα-

2097 4785 2483 4856 στοιχειοῦντες
2506 4786 2708 4859 τρόπον
2732 4787 2856 4842 τινὰ
2898 4787 2991 4841 τὸν
3018 4786 3164 4853 νοῦν,
3196 4789 3276 4851 εἰς
3299 4787 3360 4840 τὸ
3384 4786 3495 4841 δεῖν
3554 4785 3670 4839 ἐλέ-

2098 4879 2219 4935 σθαι
2267 4879 2330 4933 τὸ
2359 4878 2622 4950 ὠφελοῦν,
2683 4882 2747 4934 ἐκ
2802 4879 2967 4951 μέσου
3019 4878 3323 4951 ποιούμεθα
3368 4879 3438 4933 τὰ
3495 4894 3666 4951 προσ-

2095 4973 2441 5044 πταίσματα·
2488 4974 2583 5027 καὶ
2628 4973 2727 5046 τὴν
2774 4974 3015 5044 ἄκοσμον
3062 4972 3337 5045 ἁμαρτίαν
3389 4974 3511 5036 ταῖς
3556 4969 3667 5023 τῶν

2095 5064 2291 5135 ἐφεξῆς
2338 5064 2588 5130 εὐωδίαις
2651 5054 2974 5136 νικήσαντες
3008 5104 3024 5130 ,
3088 5065 3507 5137 είσελευσόμεθα
3561 5062 3667 5117 πά-

2092 5155 2176 5209 λιν
2197 5157 2277 5220 είς
2305 5156 2413 5210 τῶν
2468 5158 2637 5228 ἁγίων
2684 5156 3056 5230 παρεμϐολὴν,
3111 5159 3387 5213 τουτέστιν
3438 5159 3520 5221 είς
3565 5155 3666 5219 τὴν

2093 5247 2202 5301 τῶν
2234 5250 2589 5320 πρωτοτόκων
2615 5249 2927 5321 ἐκκλησίαν.
2993 5252 3081 5307 Ἐν
3106 5252 3340 5324 ,Χριστῷ
3392 5250 3448 5304 δὲ
3507 5247 3669 5302 τοῦτο

2092 5335 2414 5410 πληροῦται,
2448 5338 2773 5411 είλάὅοιμεν
2822 5340 2916 5396 τὸν
2967 5341 3130 5396 αὐτοῦ
3183 5340 3445 5412 σταυρὸν,
3480 5334 3663 5410 γοργῷ

2095 5427 2205 5501 (⁵9)
2239 5431 2332 5485 καὶ
2354 5430 2702 5503 εὐζωνοτάτφ
2728 5433 3032 5505 φρονήματι
3068 5431 3413 5505 κεχρημένοι.
3449 5429 3521 5483 Τὸ
3553 5427 3662 5498 γὰρ

2096 5518 2240 5591 ἔχειν
2270 5523 2419 5593 ἡμᾶς
2464 5524 2557 5576 ἐπὶ
2583 5521 2675 5576 τοῦ
2705 5524 2981 5599 ζωστῆρος
3039 5520 3334 5593 πάσσαλον,
3376 5523 3543 5596 {now
3601 5515 3665 5571 ὼ

2174 5776 2284 5851 (59)
2308 5779 2465 5848 Cod.,
2490 5796 2648 5853 γοργ.
