4012 6340
565 311 636 368 35
1441 311 1997 370 SUPPLEMENTUM
2031 311 2126 367 AD
2165 307 2488 369 ORIGENIS
2526 306 2935 366 EXEGETICA.
3737 317 3803 372 36

562 434 683 486 dem
713 439 838 488 sunt
861 445 986 488 eum
1013 471 1030 497 ,
1056 433 1147 502 qui
1193 433 1245 488 in
1279 433 1412 503 ipsis
1453 436 1759 489 seminabat
1797 435 2146 505 perditionis.

2224 435 2332 496 τοῖς
2361 432 2430 486 τὰ
2452 433 2550 503 τῆς
2575 431 2852 496 ἀπωλείας
2886 431 3174 504 σπέρματα
3198 450 3210 463 ·
3253 432 3419 488 οὔπω
3468 434 3529 487 δὲ
3570 433 3648 505 τῷ
3684 436 3808 506 Χριο

565 523 772 577 seniina
795 561 813 586 ,
847 524 1074 578 necdum
1103 533 1282 576 autem
1312 523 1527 577 Christo
1549 523 1782 592 copulati
1809 561 1826 586 ,
1867 534 2120 588 tanquam

2229 526 2337 598 στῷ
2361 525 2744 598 ἀρμοσθέντες,
2763 525 2839 589 ὡς
2859 525 2997 597 ἁγνὴ
3031 525 3322 598 παρθένος,
3354 527 3507 581 κατά
3535 527 3627 581 τδν
3677 529 3813 583 θεῖον

559 626 710 671 casta
760 615 914 686 virgo
939 655 954 678 ,
997 613 1148 682 juxta
1183 615 1422 667 divinum
1455 613 1799 682 Apostolum.
1829 612 1930 679 Qui
1962 614 2123 682 igitur

2237 617 2571 672 Ἀπόστολον.
2599 618 2663 669 Οἱ
2680 613 2770 672 οὖν
2786 617 3121 682 ἐκκλίνοντες
3133 618 3228 690 τὴν
3259 618 3455 690 κρίσιν
3475 619 3705 684 τούτων,
3731 622 3821 675 καί

561 709 838 763 declinant
861 708 1122 775 judicium
1151 708 1399 772 istorum,
1423 721 1526 762 nec
1552 707 1774 761 tradunt
1802 706 1905 760 illis
1935 707 2118 760 since-

2277 708 2301 780 ὴ
2331 692 2714 782 παραδιδόντες
2745 709 2928 772 αὐτοῖς
2963 708 3246 762 ἀνόθευτον
3291 709 3357 762 τὺ
3390 711 3496 780 τῆς
3540 711 3818 774 εὐσεϐείας
3850 775 3861 784 ,ς

561 815 680 854 rum
713 815 779 854 ac
816 799 1110 870 genuinum
1144 797 1418 868 religionis
1448 799 1788 869 mysterium,
1820 799 1922 852 sub
1949 798 2119 854 male-

2286 803 2538 874 ιστήριον,
2563 801 2668 854 ὐπὸ
2687 802 2932 870 κατάραν
2949 801 3106 854 είσίν.
3139 802 3248 854 Καὶ
3276 801 3350 854 τὰ
3376 803 3517 856 ἄλλα
3540 803 3598 857 δέ
3620 822 3704 868 τις
3729 823 3810 874 φι-

560 897 706 952 dicto
737 903 880 950 sunt.
910 893 1026 946 Alia
1054 906 1269 960 quoque
1307 892 1554 946 studiose
1599 892 1722 960 quis
1751 905 2075 958 percurrens
2099 929 2116 955 ,

2222 892 2459 956 λοιπόνως
2491 891 2741 959 ἐπεξιὼν,
2789 892 3076 961 δυνήσεται
3111 895 3512 965 πνευματικῶς
3564 896 3806 968 θεωρεῖν,

559 988 758 1056 poterit
791 984 1149 1055 spiritualiter
1196 983 1449 1038 meditari
1476 1024 1492 1049 ,
1538 993 1753 1038 servata
1790 985 2114 1051 interpreta-

1413 983 1449 1036 ri
1476 1024 1492 1049 ,
1538 993 1753 1038 servata
1790 985 2114 1051 interpreta-
2221 985 2538 1058 σωζομένης
2558 986 2659 1057 τῆς
2685 984 2997 1058 ἑρμηνείας.

557 1080 702 1133 tione
728 1079 852 1132 bac.

572 1171 656 1227 κν.
684 1170 773 1224 26.
807 1167 1147 1245 Μαίεάὶειυξ.
1169 1167 1334 1218 omnis
1368 1167 1540 1245 homo,
1567 1165 1656 1245 qui
1683 1182 1782 1245 rion
1809 1174 2077 1234 permanet

2221 1169 2503 1245 (67)}zix.
2529 1175 2642 1245 iis”.
2683 1165 3291 1245 ‘Extxqrdpafocstdc
3326 1166 3658 1245 ἆνθρωπρς
3680 1205 3697 1229 ,
3739 1165 3805 1234 ὃς

901 1241 956 1291 in
984 1236 1222 1290 omnibus
1255 1237 1576 1290 sermonibus
1609 1237 1757 1304 legis.
2227 1236 2235 1245 ’
2285 1236 2396 1294 οὐκ
2425 1236 2485 1309 ej;

2227 1236 2235 1245 ’
2285 1236 2396 1294 οὐκ
2425 1236 2660 1309 ἐλιὶμένει
2696 1239 2767 1292 ἐν
2802 1238 2952 1293 πᾶσι
2980 1237 3105 1303 τοῖς
3135 1239 3352 1306 λόγοις
3385 1236 3501 1290 τοῦ
3527 1237 3737 1306 νόμου.

619 1332 772 1395 Iilud,
810 1335 866 1386 in
892 1335 1150 1396 omnibus.
1178 1332 1321 1402 quod
1354 1331 1754 1399 occurritapud
1792 1328 2116 1400 Septuagin-

2285 1331 2380 1394 Τὸ,
2411 1332 2482 1384 ἐν
2522 1329 2694 1391 πᾶσι,
2739 1330 2988 1400 κείμενον
3021 1328 3171 1398 παρὰ
3210 1331 3326 1391 τοῖς
3371 1327 3807 1398 Ἐὄδομὴκοντι

552 1432 606 1478 ta
631 1465 647 1490 ,
674 1425 1030 1478 conﬁrmatur
1056 1439 1123 1479 ex
1159 1423 1502 1479 Samaritano
1533 1421 1874 1492 antigrspbo,
1914 1421 1968 1475 in
2005 1435 2113 1488 quo

2225 1421 2475 1494 κυροῦται
2497 1420 2604 1475 ἀπὺ
2630 1420 2724 1474 τοῦ
2765 1419 3162 1492 Σαμαρειτικοῦ
3193 1420 3572 1492 ἀντιγράφου,
3596 1422 3656 1473 ἐν
3681 1413 3726 1487 ᾧ
3747 1419 3809 1472 τὸ

545 1515 700 1579 Chal,
733 1516 786 1570 id
813 1526 914 1580 est,
939 1517 1174 1570 omnibus
1210 1514 1293 1568 vel
1321 1517 1520 1581 omnia,
1553 1513 1742 1568 haberi
1772 1512 2108 1566 invenimus.

2222 1514 2348 1583 χόλ,
2376 1515 2511 1584 ὅπερ
2561 1514 2675 1566 ἐστὶ
2718 1511 2906 1567 πᾶσιν
2954 1512 2986 1582 ἢ
3027 1511 3240 1576 πάντα,
3290 1513 3608 1584 φερόμενον
3655 1510 3806 1584 εὐρο-

547 1607 755 1677 Quibus
803 1608 1042 1662 concinit
1091 1617 1145 1661 et
1197 1608 1479 1676 Apostolus
1525 1608 1757 1661 dicens:
1793 1604 2109 1673 Quicunque

2219 1621 2335 1674 μεν.
2373 1601 2468 1668 Οἷς
2503 1603 2717 1676 συνᾴδει
2767 1603 2863 1656 καὶ
2910 1602 2938 1654 ὁ
2987 1602 3302 1665 Ἀπόστολος
3355 1603 3542 1672 λέγων
3567 1620 3581 1633 ⁸
3645 1605 3803 1658 Ὅσοι

546 1700 686 1753 enim
721 1714 785 1752 ea:
809 1698 1049 1767 operibus
1083 1697 1212 1767 legis
1241 1707 1360 1750 sunt
1381 1736 1397 1760 ,
1427 1697 1522 1750 sub
1568 1695 1847 1748 maledicto
1885 1704 2006 1747 sunt
2039 1692 2106 1748 ³³.

2215 1693 2322 1761 τὰρ
2349 1691 2417 1758 ἐξ
2453 1693 2642 1764 ἔργων
2681 1695 2867 1762 νόμου
2897 1693 3074 1757 εἰσίν,
3129 1693 3248 1748 ὑπὸ
3303 1693 3587 1762 κατάραν
3621 1695 3799 1747 εὶσίν.

546 1788 909 1856 Quamobrem
953 1789 1044 1858 qui
1084 1802 1211 1842 sunt
1239 1804 1302 1842 ex
1333 1786 1743 1843 circumcisione
1777 1784 2111 1840 convincun-

2213 1783 2372 1838 Ὅθεν
2403 1786 2450 1838 οἱ
2479 1786 2542 1838 ἐκ
2567 1785 2865 1857 περιτομῆς
2887 1784 3194 1856 ἐλέγχονται
3213 1785 3320 1838 ὑπὸ
3343 1788 3602 1858 κατάραν
3631 1787 3797 1850 ὄντες,

545 1890 635 1936 tur
661 1882 761 1936 sub
795 1880 1081 1936 maledicto
1108 1895 1252 1946 esse,
1287 1889 1574 1948 propterea
1609 1877 1752 1947 quod
1785 1877 1966 1931 omnia
1998 1893 2104 1932 non

1362 1889 1574 1948 aptet-ea
1609 1877 1752 1947 quod
1785 1877 1966 1931 omnia
1998 1893 2104 1932 non
2212 1872 2273 1926 τὸ
2299 1872 2408 1945 (68)
2445 1871 2520 1944 μὴ
2554 1874 2730 1928 πάντα
2756 1878 2946 1927 ποιεῖν.

545 1971 781 2028 faciunt.

1123 2061 1274 2118 CAP.
1319 2057 1556 2116 XXXIII.

2832 2057 2987 2109 ΚΕΦ.
3030 2056 3149 2110 AF'.

793 2154 860 2210 V.
886 2153 941 2210 6.
981 2154 1129 2209 Vivat
1174 2153 1382 2215 Rubim,
1405 2163 1453 2206 et
1478 2169 1577 2206 non
1609 2153 1851 2206 moritor.
2283 2148 2370 2201 ’Στ

2283 2146 2446 2219 ’Στίχ.
2479 2156 2552 2214 ς’.
2578 2147 2743 2216 Ζήτω
2781 2149 3030 2220 Ῥουϐὶμ,
3078 2149 3175 2203 καὶ
3197 2149 3285 2219 μὴ
3311 2149 3695 2205 ἀποθανὲτω.

613 2244 754 2313 Quia
785 2245 957 2301 Jacob
997 2246 1236 2299 moriens
1259 2248 1399 2300 mala
1438 2244 1766 2310 imprecatus
1792 2242 1969 2296 fuerat
1992 2239 2105 2294 Bu-

2291 2239 2509 2311 Ἐπειδὴ
2585 2239 2779 2294 Ἰακὼό
2837 2240 3194 2312 ἀποθνήσκων
3273 2241 3638 2313 κατηράσατο
3717 2237 3789 2310 τῷ

539 2335 691 2392 bimo
711 2335 896 2390 dicens
923 2354 938 2389 :
981 2334 1129 2388 Velut
1154 2351 1292 2402 aqua
1319 2349 1422 2389 non
1445 2333 1750 2402 επεν-δεεσσε
1781 2331 1860 2396 ³⁸ς
1892 2330 2104 2401 Moyses

2217 2331 2444 2402 Ῥουόὶμ
2471 2333 2642 2400 λέγων
2662 2349 2673 2362 ·
2715 2333 2807 2398 Ὡς
2839 2333 2993 2400 ὕδωρ
3016 2333 3102 2402 μὴ
3132 2333 3406 2402 ἐκζέσῃς.
3455 2335 3515 2387 '0
3548 2335 3785 2405 Μωῡσῆς

537 2427 862 2482 benedicens
909 2426 1079 2480 dicit:
1116 2424 1269 2479 Vivat
1324 2423 1552 2488 Rubim,
1605 2431 1655 2476 et
1701 2439 1805 2476 non
1862 2423 2100 2478 moritor.

2203 2422 2442 2490 εὐλογῶν
2474 2439 2636 2494 φησι·
2669 2422 2835 2490 Ζήτω
2865 2424 3127 2494 Ῥουὸὶμ,
3155 2425 3252 2478 καὶ
3287 2425 3380 2495 μὴ
3411 2423 3777 2480 ἀποθανέτω.

537 2517 840 2587 Utrumque
860 2517 1020 2572 belle.
1046 2517 1257 2571 Etenim
1286 2525 1438 2584 pater
1456 2515 1728 2570 maledicit
1757 2514 1808 2568 ei
1843 2524 2100 2583 tanquam

2219 2514 2527 2587 Ἀμφότερα
2550 2515 2747 2579 καλῶς.
2779 2517 2846 2569 Ὅ
2872 2533 2931 2569 τε
2955 2517 3063 2588 γὰρ
3085 2518 3264 2588 πατὴρ
3290 2519 3610 2590 κατήραται
3640 2513 3781 2584 αὐτῷ

536 2627 657 2666 cum
682 2609 985 2665 concubina
1038 2611 1275 2670 coeunti,
1321 2609 1388 2663 de
1431 2609 1803 2664 consecuturis
1825 2608 2100 2670 erudiens,

2198 2607 2279 2673 ὡς
2309 2611 2374 2679 τῇ
2409 2608 2656 2680 παλλακῇ
2698 2607 3029 2672 συνελθόντι,
3070 2608 3138 2662 τὰ
3185 2607 3312 2680 ἑξῆς
3356 2607 3636 2663 παιδεύων
3692 2607 3781 2659 καὶ

533 2712 592 2757 et
621 2711 766 2758 metu
809 2701 1132 2772 percelleus.
1161 2703 1232 2754 At
1262 2699 1476 2770 Moyses
1497 2703 1620 2770 jure
1659 2700 1932 2755 benedicit
1958 2710 2104 2768 post-

2205 2699 2386 2769 φοὸὦν
2407 2717 2422 2730 ο
2461 2700 2557 2754 καὶ
2576 2701 2814 2771 Μωῦσῆς
2837 2699 3060 2764 δικαίως
3089 2699 3302 2769 εὐλογεί
3361 2700 3507 2771 μετά
3567 2698 3740 2752 ταῦτα
3761 2711 3775 2726 ’

537 2795 692 2862 INPC;
728 2795 856 2865 quia
882 2793 1028 2849 solus
1055 2793 1292 2863 Josepho
1317 2802 1652 2864 pepercerat,
1684 2793 1899 2864 quando
1925 2809 2046 2848 eum
2072 2807 2102 2846 e

2204 2791 2388 2861 ἐπειδὴ
2427 2791 2585 2862 μόνος
2613 2792 2862 2861 ἐφείσατο
2899 2791 2992 2846 τοῦ
3030 2790 3242 2863 Ἰωσὴφ,
3296 2791 3388 2844 ὅτε
3415 2791 3628 2846 ἀνελεῖν
3679 2788 3775 2842 αὐ-

533 2888 718 2942 medio
765 2887 957 2942 tollere
1004 2887 1202 2941 fratres
1245 2885 1361 2954 ejus
1411 2885 1688 2940 volebant.
1733 2883 1920 2954 Neque
1955 2884 2100 2938 enim

2203 2883 2294 2937 τὸν
2327 2883 2611 2938 ἐϐούλοντο
2641 2887 2690 2939 οἱ
2721 2883 2938 2953 ἀδελφοὶ
2959 2883 3142 2937 αὐτοῦ.
3171 2885 3408 2938 Ἀτοπον
3437 2879 3586 2954 δὲῆν
3621 2879 3773 2934 κατά·

533 2994 636 3050 par
673 2988 794 3034 erat
881 2987 940 3033 ut
972 2977 1280 3032 maledictio
1326 2977 1544 3047 quidem
1592 2977 1868 3031 obtineret
1911 2985 2100 3031 contra

2205 2994 2306 3048 ραν
2337 2978 2433 3048 μὲν
2462 2977 2814 3050 προχωρῆσαι
2837 2975 2976 3030 κατὰ
3001 2976 3403 3049 ἡμαρτηκότος,
3437 2975 3688 3044 εὐλογίαν
3718 2969 3771 3024 δέ

533 3079 871 3140 peccantem,
901 3069 1213 3123 benediCtio
1249 3083 1376 3122 vero
1413 3083 1520 3122 non
1547 3067 1768 3122 daretur
1791 3068 2097 3122 emendanti

1413 3083 1520 3122 non
1547 3067 1768 3122 daretur
1791 3068 2097 3122 emendanti
2209 3069 2285 3141 μὴ
2309 3069 2530 3140 δοθῆναι
2557 3069 2979 3142 κατορθώσαντι.

531 3162 682 3232 quod
713 3162 940 3219 fecerat.

540 3287 3759 3317 MM

1590 3451 2198 3537 ΩΡΙΓΕΝΟΥΣ
2230 3449 2713 3536 ΕΚΛΟΓΑΙ

1737 3631 1843 3684 ΕΙΣ
1875 3629 2130 3683 ΙΗΣΟΥΝ
2163 3629 2299 3682 TON
2332 3629 2545 3698 ΝΑΥΗ.

525 3916 1106 4010 ORIGENIS
1187 3917 2128 4011 ADNO'I‘ATIONES
2205 3922 2328 4007 IN
2417 3922 2796 4011 JESUM
2879 3923 3304 4010 FILIUM
3382 3922 3750 4018 NAVE.

1745 4107 1834 4171 (Ex
1860 4109 2159 4159 Bibliotheca
2189 4109 2543 4174 Gallandiana.)

1148 4369 1309 4429 CAP.
1349 4371 1438 4427 III.
2113 4377 2154 4434 C

2113 4377 2154 4434 C
2833 4374 2986 4427 ΚΕΦ.
3031 4375 3101 4426 I".

656 4458 722 4517 ν.
752 4460 840 4518 14.
880 4461 948 4515 Et
991 4461 1252 4536 profect-us
1294 4473 1368 4536 est
1413 4463 1582 4536 omnis
1619 4462 1841 4533 populus
1877 4465 1940 4518 de
2181 4467 2240 4518 2-.

2181 4465 2329 4536 Στίχ.
2371 4463 2448 4516 ιδ’.
2482 4463 2591 4517 Καὶ
2629 4463 2825 4536 ἀπῆρε
2849 4463 2966 4530 πᾶς
2993 4469 3026 4519 ό
3057 4465 3206 4536 λαὸς
3259 4466 3326 4519 ἐκ
3361 4467 3480 4520 τῶν
3517 4484 3743 4536 σκηνω-

1037 4534 1392 4587 tabernaculis
1430 4535 1562 4588 suis.
2280 4533 2309 4536 ﬂ

2280 4533 2309 4536 ’“
2728 4533 2930 4603 μάτων
2959 4535 3173 4589 αὐτῶν.

591 4623 645 4681 Id
672 4633 776 4689 est,
810 4633 1063 4694 tanquam
1097 4640 1236 4680 areae
1279 4625 1580 4696 plenitudo.
1618 4623 1731 4680 Non
1775 4624 1915 4679 enim
1945 4639 2072 4680 con-

2248 4625 2555 4688 Τουτέστιν,
2578 4624 2652 4689 ὡς
2679 4623 2792 4680 ἆλω
2824 4627 3100 4700 πλήρωσις
3134 4625 3264 4698 (69).
3317 4628 3389 4681 Οὐ
3424 4627 3533 4701 γὰρ
3587 4628 3741 4700 μόνον

514 4727 679 4774 creta:
735 4728 861 4772 sunt
916 4734 1121 4784 aqum;
1174 4719 1266 4772 sed
1331 4727 1584 4788 tanquam
1649 4732 1903 4773 acervum
1963 4716 2077 4770 fru-

2177 4717 2469 4787 ἐπήγνυτο,
2508 4715 2582 4779 ὡς
2608 4719 2664 4770 ἐν
2693 4720 2759 4790 τῇ
2803 4719 3058 4790 Ἐρυθρᾷ,
3097 4719 3211 4773 ἀλλ’
3239 4719 3314 4784 ὡς
3348 4720 3538 4791 θημὼν
3569 4717 3738 4794 πυροῦ

514 4811 682 4865 :uenti
713 4821 1047 4865 coacervata:
1079 4819 1230 4865 sunt.
1266 4808 1319 4863 In
1365 4820 1546 4880 typqu
1579 4824 1773 4880 nempe
1804 4807 2076 4878 apostolo-

1984 4807 2076 4861 iIO-
2176 4807 2489 4880 ἐσωρεύετο.
2526 4809 2619 4872 Είς
2645 4809 2814 4863 τύπον
2845 4811 2953 4864 τῶν
2981 4811 3289 4866 ἀποστόλων
3312 4812 3568 4883 δηλονότι.

515 4916 577 4954 τυ
585 4917 654 4956 ω.

1152 4992 1302 5050 CAP.
1335 4991 1423 5046 \‘I.

2818 4989 2974 5044 ΚΕΦ.
3019 4992 3106 5050 Ci".

1244 4992 1302 5046 Ρ.
1335 4992 1372 5044 \'
1408 5033 1423 5046 .

618 5084 732 5140 VV.
757 5085 844 5151 15,
865 5086 950 5142 16.
964 4992 1342 5154 Vocifercatiini
1413 5085 1631 5138 tradidit
1651 5085 1789 5139 enim
1816 5082 1959 5136 vobis
2178 5084 2202 5135 Σ

2818 4992 2974 5044 ΚΕΦ.
3073 4997 3107 5043 ’.

2178 5083 2324 5153 Στίχ.
2359 5089 2439 5145 ιε’,
2478 5086 2574 5148 ις’.
2618 5081 2982 5154 Κεκρᾷξατεο
3019 4992 3338 5150 ζΞιίαρέδωπιε
3379 5083 3486 5153 γὰρ
3520 5084 3725 5150 Κύριος

1005 5152 1260 5209 Doiuinus
1303 5156 1581 5208 civitatem.
2277 5152 2302 5153 '7

2277 5152 2302 5153 ⁷⁷
2713 5152 2855 5220 ὑμῖν
2877 5153 2991 5220 τὴν
3015 5153 3211 5206 πόλιν.

585 5240 784 5313 thuid
833 5245 1206 5301 Jericliuutem
1243 5245 1580 5298 anathemati
1611 5244 1802 5310 subjici
1838 5241 2065 5297 manda-

2245 5241 2356 5312 (70)
2386 5244 2534 5297 Διατί
2562 5243 2660 5314 τὴν
2699 5241 2905 5314 Ἰεριχὼ
2938 5243 3432 5316 ἀναθεματισθῆναι
3465 5243 3725 5316 προσέτα-

511 5333 636 5388 vit?
683 5333 915 5389 Primam
967 5339 1107 5392 hanc
1157 5346 1418 5406 ceperunt
1465 5336 1742 5391 civitatein
1783 5344 2070 5404 postquam

2176 5334 2264 5402 Es;
2295 5335 2524 5407 Πρώτην
2547 5335 2750 5408 ταύτην
2792 5331 2935 5389 εἶλον
2971 5337 3125 5391 πόλιν
3188 5338 3322 5408 μετά
3378 5340 3438 5390 τὸ
3483 5336 3725 5404 διαϐῆναι

509 5424 706 5482 ﬂumen
762 5430 1195 5483 transmiserunt.
1225 5428 1694 5496 Quemadmodum
1750 5427 1912 5497 igitur
1939 5440 2072 5496 pra-

2175 5426 2266 5502 τὸν
2294 5426 2553 5497 ποταμόν.
2589 5427 2798 5498 Ὠσπερ
2823 5429 2999 5482 τοίνυν
3032 5428 3359 5502 προσέταξεν
3385 5429 3580 5490 αὐτοὺς
3621 5423 3724 5477 τῶν

581 5519 626 5550 ⁸³
653 5517 774 5575 Gal.
809 5535 889 5580 ιιι.
921 5519 1008 5574 10.
1087 5523 1133 5554 ³⁸
1168 5522 1306 5577 Gen.
1333 5537 1476 5583 xm.
1502 5520 1566 5577 4.

577 5603 689 5680 (67)
719 5613 918 5668 Confer
944 5615 1358 5672 Theodoretum.

2167 5592 2387 5682 ΙιίΙίᾲλω
2408 5609 2552 5682 πλήρ
2568 5610 2642 5682 σῖ,
2669 5610 2824 5669 Eutr.
2855 5614 3094 5672 ΡΑτκοι..

578 5675 689 5756 (58)
725 5684 836 5754 Τῷο
1012 5753 1022 5756 _
1285 5754 1295 5756 _
1879 5755 1886 5756 ,
2014 5752 2025 5756 _

2242 5675 2360 5756 (70)
2403 5675 2712 5756 ι’νὲξέζςύὶιηι
2744 5684 2840 5755 τὴν
2876 5687 3145 5756 μέντοι....
3194 5685 3519 5756 γέμουσαν,
3549 5688 3607 5734 ιιι
3665 5676 3717 5732 in

578 5751 688 5823 (69)
725 5751 884 5808 ’Ᾰλω
902 5753 1223 5824 πλήρωσις.
1273 5754 1360 5809 Sic
1403 5757 1734 5810 correximus
1779 5755 1941 5810 verba
1975 5752 2058 5806 ni-

1935 5774 1941 5807 ι
1975 5752 2058 5806 ni-
2170 5754 2298 5806 edit.
2327 5766 2445 5819 pag.
2473 5751 2600 5807 595.
2798 5751 2808 5755 ⁷
2876 5751 2887 5756 “
3208 5751 3216 5754 ⁷
3265 5751 3276 5756 “
3509 5755 3519 5762 “
