4012 6340
269 371 333 425 57
1545 357 1797 414 ADNOT.
1837 354 1903 411 IN
1939 353 2135 411 JUDIC
2145 351 2253 407 ES.
3462 347 3531 400 38

267 484 499 559 καρπῶν
529 482 864 557 προσφέρειν
883 482 983 546 τὰς
1006 479 1279 553 ἀπαρχὰς,
1304 478 1478 543 οὕτως
1505 479 1758 532 ἐκέλευσε
1784 476 1851 529 τὰ

1956 480 2223 542 ceperat,
2261 479 2319 525 ut
2348 470 2448 541 ipsi
2500 469 2773 525 fructuum
2816 468 3077 525 oderrent
3107 465 3373 536 primitias
3396 506 3413 531 ,
3456 466 3528 519 ita

262 558 375 630 εἷῶν
406 573 622 629 σκύλων
658 576 1038 646 προσενεγκεῖν
1061 572 1365 645 ἀκροθίνια.
1393 570 1538 643 Πρὸς
1560 570 1617 623 δὲ
1649 568 1846 633 τούτοις

1958 566 2121 635 jussit
2170 576 2231 622 ut
2265 562 2566 633 spoliorum
2595 562 2849 618 oilerrent
2869 561 3160 631 principia.
3208 558 3478 613 Praeterea
3514 599 3527 620 ,

267 669 365 721 καὶ
393 665 673 736 γυμνάζει
705 666 899 729 αὐτοὺς
953 665 1039 719 διὰ
1071 665 1278 719 τούτων
1330 662 1438 717 τῶν
1481 663 1681 733 νόμων,
1720 661 1851 715 ὥστε

1963 656 2125 712 etiam
2153 662 2374 710 exercet
2396 668 2489 707 eos
2525 666 2618 721 per
2649 652 2748 705 has
2780 651 2921 721 leges
2950 694 2965 717 ,
3002 660 3062 706 ut
3100 653 3246 721 leges
3276 664 3523 704 necessa-

264 764 399 825 τοὺς
425 758 754 827 ἀναγκαίους
782 760 981 830 νόμους
1008 762 1214 831 τηρεῖν.
1266 758 1376 829 Τὴν
1413 757 1617 811 οἰκείαν
1664 756 1721 809 δὲ
1760 758 1848 811 αύε

1965 750 2074 801 rias
2104 748 2409 802 observent.
2456 745 2623 799 Suam
2667 754 2843 798 autem
2884 744 2990 797 illis
3030 744 3323 798 ostendens
3349 742 3525 793 virtu-

267 859 395 919 τοῖς
437 854 741 916 ἐπιδεικνὺς
788 852 1057 923 δύναμιν,
1116 851 1214 923 τὴν
1260 849 1483 923 πρώτην
1545 850 1697 903 πόλιν
1743 849 1851 919 δίχα

1966 848 2096 902 tem,
2138 839 2368 907 primum
2401 837 2657 906 oppidum
2708 836 2828 888 sine
2857 835 3022 886 armis
3058 844 3113 887 et
3158 833 3429 887 machinis
3474 838 3531 884 ut

278 949 463 1003 ὃπλων
495 948 587 1000 καὶ
639 945 1045 1017 μηχανημάτων
1100 945 1240 998 ἑλεῖν
1294 943 1708 1015 παρεσκεύασε,
1770 943 1862 995 καὶ

1965 937 2218 995 caperent
2260 926 2443 980 eII'ecit
2469 965 2484 989 ,
2516 926 2741 993 soloque
2772 924 3017 977 dissolvit
3054 925 3298 976 tubarum
3330 924 3528 977 sonitu.

291 1041 423 1110 μόνῃ
451 1015 727 1091 κατέλυσε
743 1015 818 1107 τῇ
842 1015 956 1088 τῶν
985 1036 1297 1104 σαλπίγγων
1324 1037 1430 1105 ἠχῇ
1456 1052 1469 1064 ·
1504 1035 1569 1086 ἵν’
1607 1035 1731 1087 ὅταν
1764 1036 1862 1104 ἡτ-

1965 1017 2035 1074 Ut
2063 1020 2107 1073 si
2142 1018 2356 1087 quando
2396 1018 2447 1071 in
2483 1018 2599 1071 acie
2626 1015 2787 1085 positi
2833 1015 3205 1074 vincerentur,
3242 1015 3443 1067 scirent
3474 1027 3532 1066 se

287 1131 482 1201 τηθῶσι
518 1132 1014 1202 παραταττόμενοι,
1041 1129 1265 1199 γνῶσιν,
1288 1129 1364 1191 ὡς
1394 1129 1547 1181 αὐτοὶ
1592 1128 1863 1198 παρέσχον

1965 1110 2263 1182 praebuisse
2292 1109 2464 1163 cladis
2500 1123 2610 1162 sua:
2642 1121 2859 1171 causas,
2888 1105 3097 1159 divinas
3126 1104 3275 1174 leges
3298 1113 3533 1158 contem-

282 1222 377 1291 τῆς
403 1224 580 1293 ἥττης
608 1222 709 1286 τὰς
736 1221 1008 1296 ἀφορμὰς,
1035 1221 1143 1275 τῶν
1182 1222 1339 1275 θείων
1371 1221 1549 1292 νόμων
1592 1236 1865 1292 καταφρο-
1965 1202 2170 1258 "endo-

277 1317 569 1386 νήσαντες.

931 1407 1087 1460 ΚΕΦ.
1125 1407 1205 1459 H'.

2587 1399 2737 1454 CAP.
2773 1398 2902 1453 VIII.

281 1500 399 1571 (71)
431 1500 584 1571 Στίχ.
624 1499 686 1570 β’.
709 1500 816 1553 Καὶ
840 1498 955 1567 τὴν
974 1498 1423 1571 προνομὴνᾲτῶν
1472 1497 1711 1566 κτηνῶν
1733 1512 1865 1565 προ-

1767 1512 1867 1565 ζρο-
2126 1492 2189 1546 ν.
2213 1493 2266 1546 2.
2300 1492 2366 1545 Et
2393 1493 2623 1561 prwdum
2639 1481 2997 1571 jiinientorum
3033 1488 3351 1558 prwdaberis

744 1563 1028 1639 νομεύσεὶ
1031 1592 1062 1637 ς
1082 1563 1335 1635 σεὶῑυτῷ.
1575 1563 1581 1566 ’
1772 1563 1784 1565 ⁷

1196 1563 1335 1635 ύτῷ,
1575 1563 1581 1566 τ
1772 1563 1784 1565 ⁷
2672 1563 2780 1615 (ibi.

363 1661 591 1733 Ἐπειδὴ
615 1662 714 1716 οὐκ
746 1662 851 1714 ἔδει
884 1663 959 1727 ὡς
992 1664 1050 1715 ὲν
1081 1665 1147 1733 τῇ
1184 1663 1396 1735 Ἱεριχὼ
1420 1662 1488 1714 τὰ
1524 1662 1698 1715 πάντα
1739 1664 1868 1716 ἀνα-

2040 1652 2175 1718 Quia
2212 1669 2315 1704 non
2348 1653 2631 1720 oportebat
2652 1692 2666 1713 ,
2697 1655 2838 1706 sicut
2877 1652 2927 1705 in
2960 1650 3184 1707 Jericho
3210 1691 3225 1715 ,
3271 1657 3329 1703 ut
3358 1650 3538 1704 omnia

279 1753 530 1825 τεθῆναι.

1972 1746 2309 1797 anathemati
2348 1743 2768 1811 sulijicerentur.

284 1844 396 1916 (72)
418 1846 573 1917 Στίχ.
592 1854 707 1912 κς’.
736 1846 847 1901 Καὶ
862 1843 1155 1917 ἐξέτεινεν
1174 1848 1206 1899 ὁ
1241 1844 1469 1917 Ἰησοῦς
1494 1844 1601 1899 τὸν
1628 1846 1864 1914 rumor,

1826 1864 1864 1911 ρ,
1899 1830 1945 1888 Β
2076 1834 2137 1888 γ.
2163 1834 2231 1887 ‘26
2288 1834 2353 1885 Et
2381 1836 2611 1887 extendit
2652 1835 2803 1887 Iesus
2843 1845 3083 1898 contum,
3114 1843 3160 1885 et
3200 1849 3410 1885 manum

751 1916 848 1969 καὶ
879 1914 993 1983 τὴν
1026 1916 1193 1983 χεῖρα
1224 1916 1430 1969 αὑτοῦ.

1226 1916 1430 1969 αὑτοῦ.
2643 1922 2810 1957 suam.

362 2008 569 2078 Ἔμενε
600 2008 711 2079 γὰρ
758 2009 962 2077 Ἰησοῦς
992 2008 1357 2079 ὲκτεταμένην
1389 2008 1526 2077 ἔχων
1553 2008 1650 2077 τὴν
1697 2010 1870 2078 χεῖρα·

2047 2012 2203 2066 Jesns
2248 2013 2393 2067 enim
2447 2023 2727 2067 extensam
2776 2014 3007 2067 habebat
3035 2029 3290 2078 manum,
3347 2021 3404 2065 ut
3453 2014 3535 2066 in-

282 2098 400 2163 ῐνα,
458 2098 790 2166 θεασάμενοι
844 2100 892 2151 οἱ
946 2098 1043 2167 τῆς
1083 2097 1324 2168 ἐνέδρας,
1361 2096 1866 2167 προκαταλάϐωνται

1979 2107 2190 2154 tuentes
2235 2101 2325 2169 qui
2360 2102 2414 2153 in
2454 2102 2667 2155 insidiis
2696 2103 2976 2169 latebant,
3023 2104 3373 2171 praeciperent
3406 2104 3541 2156 civi-

274 2189 392 2262 τὴν
429 2189 605 2244 πόλιν.

591 2230 605 2243 .
1982 2199 2170 2245 tatem.

1391 2474 1999 2562 ΩΡΙΓΕΝΟΥΣ
2036 2472 2527 2562 ΕΚΛΟΓΑΙ

1607 2657 1715 2709 ΕΙΣ
1743 2654 1921 2710 ΤΟΥΣ
1954 2655 2232 2711 ΚΡΙΤΑΣ.

716 2940 1302 3034 ORIGENIS
1368 2938 2311 3033 ADNOTATIONES
2387 2943 2512 3032 IN
2585 2944 3117 3034 JUDICES.

1524 3135 1615 3193 (Ex
1645 3134 1951 3185 Bibliotheca
1976 3136 2333 3201 Gallandiana.)

944 3391 1102 3444 ΚΕΦ.
1145 3392 1243 3444 IE'.
1909 3400 1951 3458 Ο

1909 3400 1951 3458 C
2580 3395 2733 3449 CAP.
2770 3394 2885 3451 XV.

316 3480 428 3551 (τε)
446 3480 589 3550 Στίχ.
630 3479 715 3555 ιβ’.
748 3479 869 3555 Καὶ⁸
889 3479 1141 3555 sema”
1170 3485 1202 3535 ὀ
1224 3484 1369 3555 θεὸς
1391 3480 1709 3555 fama”.
1728 3483 1791 3536 τι
1815 3484 1885 3535 ἐν

1989 3485 2051 3537 V.
2085 3485 2169 3539 I9.
2201 3484 2266 3539 Et
2298 3486 2497 3555 effregit
2543 3485 2682 3539 Deus
2707 3488 2893 3539 vulnus
2922 3487 3059 3555 quod
3082 3497 3193 3538 erat
3226 3488 3277 3539 in
3303 3462 3544 3551 maxilla,

486 3552 744 3620 σιαγόνι,
776 3550 876 3604 καὶ
915 3550 1172 3618 ἐξῆλθεν
1207 3553 1275 3615 ἐξ
1302 3552 1490 3606 αὑτοῦ
1514 3550 1703 3622 ὕδωρ.

1514 3550 1703 3622 ὕδωρ.
2327 3550 2352 3555 ⁷⁷
2428 3550 2502 3609 vet
2546 3558 2699 3609 exivit
2730 3572 2794 3608 ea:
2833 3573 2892 3609 eo
2933 3550 3093 3622 aqua.

399 3646 535 3699 Ἀντὶ
560 3645 679 3699 τοῦθ
706 3645 942 3717 Ἔρρηξε
969 3649 1035 3717 τῇ
1067 3646 1248 3717 πληγῇ
1263 3648 1361 3718 τῆς
1378 3647 1625 3715 σιαγόνος
1643 3649 1738 3719 τὴν
1762 3649 1886 3718 γῆν,

2059 3648 2162 3701 Pro
2212 3663 2275 3702 eo
2328 3658 2385 3700 ut
2424 3650 2611 3710 dicat,
2654 3646 2878 3716 Eﬂ‘regit
2926 3647 3276 3715 percussione
3328 3647 3555 3701 maxillae

312 3740 408 3793 καὶ
436 3739 658 3810 ἐξῆλθεν
693 3739 881 3798 ὕδατα.

1995 3749 2217 3806 terram,
2253 3748 2304 3792 et
2334 3742 2585 3793 exierunt
2615 3752 2786 3807 aqum.

965 3832 1123 3885 ΚΕΦ.
1153 3831 1239 3887 κ’.

2626 3833 2776 3887 CAP.
2810 3831 2925 3885 XX.

441 3922 556 3993 (74)
584 3922 730 3992 Στίχ.
759 3928 865 3976 κα’.
890 3923 1002 3976 Καὶ
1025 3921 1289 3991 ἐξῆλθον
1317 3924 1431 3978 υἱοὶ
1461 3927 1762 3995 Βενιαμίν.

1757 3967 1762 3979 .
2203 3927 2268 3981 ν.
2305 3925 2390 3979 2|.
2426 3923 2493 3977 Et
2531 3928 2722 3995 egressi
2749 3935 2871 3978 sunt
2902 3925 3002 3993 ﬁlii
3043 3922 3341 3994 Benjamin.

381 4015 539 4078 Τίνος
590 4015 776 4069 ἕνεκεν
815 4015 1080 4086 ἡττῶνται
1112 4015 1333 4080 δικαίως
1373 4016 1781 4083 ὲπεξελθόντες;
1820 4017 1891 4069 'H

2060 4017 2174 4084 Qua
2205 4019 2270 4072 de
2299 4034 2459 4073 causa
2492 4018 2801 4080 vincuntur,
2836 4034 2956 4072 cum
2998 4019 3119 4087 jure
3153 4019 3354 4088 egressi
3400 4019 3504 4071 sint
3533 4018 3557 4072 ι

310 4104 553 4178 δηλονότι
575 4106 661 4159 διὰ
682 4106 1054 4178 προλαϐούσας
1071 4107 1265 4170 αἰτίας.
1294 4108 1403 4160 Καὶ
1425 4110 1453 4161 ὸ
1472 4108 1682 4180 ψαλμός
1706 4126 1887 4178 φησιν’

1993 4106 2221 4163 Omnino
2267 4119 2484 4178 propter
2520 4111 2887 4178 prmcedentes
2937 4110 3143 4178 culpas.
3191 4109 3255 4163 Et
3307 4108 3554 4164 Psalmus

315 4198 495 4252 Ὅταν
543 4197 705 4252 λάϐω
746 4199 972 4266 καιρὸν,
1013 4199 1127 4269 ἐγὼ
1168 4201 1496 4267 εὐθύτητας
1532 4199 1727 4269 κρινῶ.
1758 4196 1892 4254 Εἶτα

1993 4201 2123 4254 dicit
2156 4220 2169 4255 :
2200 4201 2331 4255 Cum
2372 4217 2620 4266 accepero
2673 4203 3037 4264 occasionem,
3078 4217 3170 4270 ego
3217 4202 3555 4254 rectitudine:

318 4289 458 4360 μετὰ
487 4289 550 4342 τὸ
579 4289 879 4362 ἡττηθῆναι
904 4293 997 4344 καὶ
1031 4291 1158 4362 μίαν
1188 4292 1282 4344 καὶ
1320 4293 1595 4362 δευτέραν,
1633 4290 1891 4363 μετῆλθεν

1983 4291 2238 4360 judicabo
2271 4293 2337 4349 ³⁵.
2375 4295 2574 4347 Deinde
2610 4304 2732 4362 post
2764 4292 2973 4346 cladem
3007 4306 3193 4345 eorum
3240 4302 3292 4345 et
3323 4293 3552 4361 primum

316 4384 349 4454 ἡ
370 4384 508 4455 ὀργὴ
526 4383 618 4435 ἐπὶ
645 4384 771 4445 τοὺς
787 4382 1131 4453 ἠδικηκότας,
1150 4382 1342 4436 νικῶσι
1358 4382 1569 4436 δικαίαν
1584 4383 1737 4454 δίκην
1755 4382 1887 4449 (75).

1992 4393 2047 4438 et
2075 4385 2394 4446 secundam,
2430 4385 2642 4439 transiit
2672 4388 2748 4438 ira
2777 4386 2829 4438 in
2875 4399 2969 4439 eos
2998 4384 3090 4453 qui
3129 4384 3400 4445 laeserant,
3434 4388 3554 4434 vin-

318 4474 607 4545 Θαυμάσαι
634 4474 690 4527 δὲ
721 4473 868 4538 ἄξιον
899 4473 958 4526 τὸ
1002 4472 1204 4545 πλῆθος
1249 4472 1354 4527 τῶν
1399 4473 1761 4545 Ἰσραηλιτῶν,
1790 4474 1889 4535 ὅτι,

1994 4486 2227 4542 euntque
2273 4475 2472 4542 justam
2525 4477 2832 4529 victoriam.
2886 4475 3071 4528 Mirari
3119 4484 3296 4527 autem
3347 4490 3441 4542 par
3475 4486 3556 4527 est

321 4567 541 4630 δικαίως
569 4569 681 4629 τοῖς
695 4566 1040 4636 Βενιαμίταις
1073 4565 1406 4629 ἐπελθόντες,
1432 4566 1526 4618 καὶ
1551 4566 1889 4637 ἡττηθέντες,

1993 4567 2361 4621 Israelitarum
2389 4568 2807 4629 multitudinem,
2827 4568 2954 4635 quia
2978 4566 3119 4634 juste
3146 4568 3407 4619 adversus
3428 4567 3560 4617 Βριιι-

324 4656 418 4709 οὐκ
454 4656 742 4720 ὲνενόησάν
773 4673 825 4708 τι
859 4656 1091 4728 πονηρὸν
1117 4656 1257 4709 κατὰ
1288 4656 1379 4708 τοῦ
1407 4656 1563 4718 Θεοῦ,
1592 4656 1725 4707 am
1762 4656 1894 4726 μᾶλ-

1992 4657 2274 4725 jaminitas
2303 4658 2499 4712 bellum
2548 4659 2905 4726 suscipientes
2947 4667 3003 4711 et
3043 4658 3166 4712 victi
3199 4699 3213 4723 ,
3244 4658 3371 4710 nihil
3401 4660 3558 4725 quid-

329 4744 412 4799 λον
439 4747 561 4800 οὐδὲ
599 4745 902 4799 ἐπαύσαντο
934 4744 1334 4816 προκλαίοντες,
1362 4744 1465 4807 ἕως
1488 4744 1574 4795 ὅτε
1595 4742 1749 4813 δίκην
1770 4742 1891 4794 ἔλα-

1997 4763 2161 4817 quam
2205 4748 2329 4801 mali
2364 4748 2623 4802 adversus
2662 4746 2831 4801 Deum
2860 4747 3269 4815 cogitaverunt,
3302 4747 3429 4815 quin
3465 4762 3558 4811 pn-

332 4836 418 4893 60v
443 4838 587 4892 κατὰ
613 4837 720 4890 τῶν
746 4836 1102 4908 ἠδικηκότων.

2000 4840 2105 4894 tius
2134 4838 2265 4893 ﬂere
2295 4854 2402 4893 non
2433 4845 2743 4902 cessarunt,
2774 4836 2948 4891 donec
2973 4853 3161 4907 poenas
3188 4839 3253 4890 de
3277 4836 3561 4889 olfensori-

1998 4927 2100 4983 hus
2130 4934 2506 4996 sumpserunt.

399 5023 473 5075 υῦ
492 5018 1095 5093 καταμεμφόμενοι“τοῦ
1127 5016 1259 5071 Θεοῦ
1278 5012 1448 5070 εἶπονθ
1494 5014 1652 5068 Ἀλλὰ
1684 5014 1896 5084 ἀπόχρη

2072 5018 2420 5087 Nequaquam
2449 5017 2514 5071 de
2541 5016 2650 5070 Deo
2669 5024 2983 5085 querentes,
3011 5015 3198 5069 dixere
3229 5028 3244 5065 :
3271 5014 3337 5067 At
3369 5012 3558 5067 snﬂicit

338 5113 503 5168 τοῦτο.
540 5113 749 5184 Τρόπον
778 5114 965 5184 μαθεῖν
995 5112 1251 5166 ἱκέτευον.
1279 5109 1371 5161 Τό·
1407 5107 1685 5176 Βενιαμὶν
1711 5108 1900 5171 λύκος

2002 5110 2125 5164 hoc.
2178 5108 2388 5163 Modum
2424 5110 2632 5163 discere
2676 5106 2944 5176 supplices
2973 5106 3334 5176 postulabant.
3385 5105 3554 5158 Illud:

341 5203 547 5272 ἅρπαξ·
579 5205 730 5272 πρωῒ
751 5203 965 5267 ἔδεται,
1002 5204 1097 5257 καὶ
1125 5202 1189 5255 τὸ
1215 5200 1265 5254 ἐ.
1318 5198 1429 5270 (76)
1471 5194 1744 5250 διαδώσει
1780 5212 1905 5263 τρο-

2001 5193 2283 5264 Benjamin
2324 5195 2478 5265 lupus
2522 5210 2689 5263 rapax
2719 5211 2738 5250 :
2767 5212 2918 5249 mane
2950 5194 3217 5259 comedet,
3266 5205 3311 5247 et
3358 5211 3559 5263 vespere

343 5295 477 5365 φὴν,
509 5296 739 5349 ἐνταῦθα
765 5294 1081 5368 πληροῦται.
1115 5296 1225 5348 Καὶ
1243 5292 1348 5363 γὰρ
1372 5291 1630 5364 πρότερον
1648 5288 1895 5358 νικήσας,

2003 5288 2278 5344 άὶειτὶὸιιει
2328 5306 2503 5344 escam
2545 5288 2609 5354 ³⁸,
2645 5290 2732 5345 hic
2779 5289 3052 5357 impletur.
3081 5287 3239 5344 Prius
3263 5288 3405 5343 enim
3441 5288 3560 5339 viu-

346 5387 558 5460 ἔσχατον
588 5389 779 5461 βρῶμα
802 5388 898 5442 τοῦ
927 5386 1055 5441 λαοῦ
1085 5388 1294 5457 γέγονε.

2003 5395 2152 5448 cens,
2186 5394 2461 5452 postremo
2490 5398 2613 5439 esca
2642 5383 2823 5454 populi
2856 5383 2975 5438 fuit.

409 5504 454 5536 "
476 5504 615 5558 Psal.
649 5518 831 5569 anv,
863 5502 918 5558 5.
997 5499 1044 5532 ³⁸
1077 5497 1212 5557 Gen.
1240 5515 1387 5567 xux,
1422 5497 1512 5552 27.

413 5618 521 5690 (Ἡ)
544 5618 679 5673 Cod.
722 5617 843 5684 554,
866 5633 989 5690 pag.
1020 5615 1149 5674 249.
1912 5652 1915 5661 -

2069 5606 2190 5690 με)
2224 5603 2496 5660 “amentis
2520 5600 2654 5682 eti!)
2683 5598 2815 5690 edit.
2865 5598 2994 5667 Quae
3043 5604 3342 5665 sequuntur
3397 5589 3564 5645 etiam

414 5678 525 5748 i723
568 5690 699 5743 Cod.
743 5678 841 5741 xv;
866 5678 885 5690 ’
938 5678 967 5690 “’
2005 5679 2255 5748 reliquos
2282 5688 2470 5748 versus
2509 5678 2818 5748 respiciunt.

416 5741 524 5828 ἐπ’Ξὶ
554 5741 686 5813 ϐόα.
727 5757 847 5813 554.

2080 5741 2192 5820 (7⁷6)
2216 5745 2378 5803 Forte
2408 5741 2660 5817 ἑσπέρας.

417 5830 525 5901 (74)
566 5830 696 5885 Cod.
728 5844 813 5883 xv.
