  <div class='ocr_page' id='page_1' title='image "/cluster/home/n/w/nwhite01/storage/ocr_20150623/17/mdp.39015031604831/026.png"; bbox 0 0 4012 6340; ppageno 0'>
   <div class='ocr_carea' id='block_1_1' title="bbox 297 324 3549 387">
    <p class='ocr_par' dir='ltr' id='par_1_1' title="bbox 297 324 3549 387">
     <span class='ocr_line' id='line_1_1' title="bbox 297 324 3549 387; baseline -0 -9"><span class='ocrx_word' id='word_1_1' title='bbox 297 333 356 387; x_wconf 81' lang='grc' dir='ltr'><strong>,Η</strong></span> <span class='ocrx_word' id='word_1_2' title='bbox 1503 328 1752 384; x_wconf 80' lang='lat' dir='ltr'><strong>ADNOT.</strong></span> <span class='ocrx_word' id='word_1_3' title='bbox 1794 326 1860 380; x_wconf 84' lang='lat' dir='ltr'><strong>IN</strong></span> <span class='ocrx_word' id='word_1_4' title='bbox 1900 326 2025 381; x_wconf 86' lang='lat' dir='ltr'><strong>LIB.</strong></span> <span class='ocrx_word' id='word_1_5' title='bbox 2055 324 2075 379; x_wconf 94' lang='grc'><strong>1</strong></span> <span class='ocrx_word' id='word_1_6' title='bbox 2103 325 2366 381; x_wconf 77' lang='lat' dir='ltr'><strong>REGUM.</strong></span> <span class='ocrx_word' id='word_1_7' title='bbox 3481 331 3549 386; x_wconf 68' lang='lat'><strong>42</strong></span> 
     </span>
    </p>
   </div>
   <div class='ocr_carea' id='block_1_2' title="bbox 296 449 1877 524">
    <p class='ocr_par' dir='ltr' id='par_1_2' title="bbox 296 452 1877 524">
     <span class='ocr_line' id='line_1_2' title="bbox 296 452 1877 524; baseline -0.001 -17"><span class='ocrx_word' id='word_1_8' title='bbox 296 457 344 508; x_wconf 81' lang='lat' dir='ltr'><strong>oi</strong></span> <span class='ocrx_word' id='word_1_9' title='bbox 396 453 548 521; x_wconf 81' lang='grc' dir='ltr'>λὸγοι</span> <span class='ocrx_word' id='word_1_10' title='bbox 595 453 669 516; x_wconf 84' lang='grc' dir='ltr'><strong>ὡς</strong></span> <span class='ocrx_word' id='word_1_11' title='bbox 702 453 1008 524; x_wconf 73' lang='grc' dir='ltr'>ἀκουόμενά</span> <span class='ocrx_word' id='word_1_12' title='bbox 1063 455 1168 508; x_wconf 76' lang='grc' dir='ltr'>εἱσι</span> <span class='ocrx_word' id='word_1_13' title='bbox 1209 455 1510 524; x_wconf 77' lang='grc' dir='ltr'>πράγματα</span> <span class='ocrx_word' id='word_1_14' title='bbox 1568 454 1656 507; x_wconf 79' lang='grc' dir='ltr'>διὰ</span> <span class='ocrx_word' id='word_1_15' title='bbox 1691 453 1753 506; x_wconf 75' lang='grc' dir='ltr'>τὸ</span> <span class='ocrx_word' id='word_1_16' title='bbox 1794 452 1877 522; x_wconf 77' lang='grc' dir='ltr'><strong>γί-</strong></span> 
     </span>
    </p>
   </div>
   <div class='ocr_carea' id='block_1_3' title="bbox 1984 449 3548 524">
    <p class='ocr_par' dir='ltr' id='par_1_3' title="bbox 1986 449 3548 519">
     <span class='ocr_line' id='line_1_3' title="bbox 1986 449 3548 519; baseline 0.003 -15"><span class='ocrx_word' id='word_1_17' title='bbox 1986 451 2147 504; x_wconf 85' lang='lat' dir='ltr'><strong>mttel.</strong></span> <span class='ocrx_word' id='word_1_18' title='bbox 2185 449 2330 504; x_wconf 87' lang='lat' dir='ltr'><strong>Sane</strong></span> <span class='ocrx_word' id='word_1_19' title='bbox 2361 450 2484 518; x_wconf 82' lang='lat' dir='ltr'><strong>quia</strong></span> <span class='ocrx_word' id='word_1_20' title='bbox 2536 462 2818 508; x_wconf 85' lang='lat' dir='ltr'><strong>sermones</strong></span> <span class='ocrx_word' id='word_1_21' title='bbox 2847 461 2974 507; x_wconf 89' lang='lat' dir='ltr'><strong>sunt</strong></span> <span class='ocrx_word' id='word_1_22' title='bbox 3014 453 3164 509; x_wconf 82' lang='lat' dir='ltr'><strong>velut</strong></span> <span class='ocrx_word' id='word_1_23' title='bbox 3213 466 3300 508; x_wconf 85' lang='lat' dir='ltr'><strong>res</strong></span> <span class='ocrx_word' id='word_1_24' title='bbox 3328 453 3548 519; x_wconf 72' lang='lat' dir='ltr'><strong>auditae,</strong></span> 
     </span>
    </p>
   </div>
   <div class='ocr_carea' id='block_1_4' title="bbox 295 546 510 598">
    <p class='ocr_par' dir='ltr' id='par_1_4' title="bbox 295 546 510 598">
     <span class='ocr_line' id='line_1_4' title="bbox 295 546 510 598; baseline -0.005 -1"><span class='ocrx_word' id='word_1_25' title='bbox 295 546 510 598; x_wconf 81' lang='grc' dir='ltr'>νεσθαι.</span> 
     </span>
    </p>
   </div>
   <div class='ocr_carea' id='block_1_5' title="bbox 292 629 1884 708">
    <p class='ocr_par' dir='ltr' id='par_1_5' title="bbox 292 629 1884 708">
     <span class='ocr_line' id='line_1_5' title="bbox 292 629 1884 708; baseline -0.001 -18"><span class='ocrx_word' id='word_1_26' title='bbox 292 638 445 708; x_wconf 82' lang='grc' dir='ltr'>Στίχ.</span> <span class='ocrx_word' id='word_1_27' title='bbox 483 634 570 701; x_wconf 77' lang='grc' dir='ltr'>ιζ’.</span> <span class='ocrx_word' id='word_1_28' title='bbox 611 637 702 703; x_wconf 76' lang='grc' dir='ltr'><strong>Μὴ</strong></span> <span class='ocrx_word' id='word_1_29' title='bbox 729 629 802 693; x_wconf 76' lang='grc' dir='ltr'><strong>δὴ</strong></span> <span class='ocrx_word' id='word_1_30' title='bbox 820 638 1058 705; x_wconf 71' lang='grc' dir='ltr'>κρύψῃς</span> <span class='ocrx_word' id='word_1_31' title='bbox 1072 638 1173 691; x_wconf 78' lang='grc' dir='ltr'><strong>ἀπ’</strong></span> <span class='ocrx_word' id='word_1_32' title='bbox 1189 638 1354 707; x_wconf 77' lang='grc' dir='ltr'>ἐμοῦ.</span> <span class='ocrx_word' id='word_1_33' title='bbox 1379 637 1522 691; x_wconf 83' lang='grc' dir='ltr'><strong>Τάδε</strong></span> <span class='ocrx_word' id='word_1_34' title='bbox 1539 635 1763 706; x_wconf 81' lang='grc' dir='ltr'>ποήσαι</span> <span class='ocrx_word' id='word_1_35' title='bbox 1785 654 1884 690; x_wconf 89' lang='grc' dir='ltr'><strong>σοι</strong></span> 
     </span>
    </p>
   </div>
   <div class='ocr_carea' id='block_1_6' title="bbox 651 707 1520 776">
    <p class='ocr_par' dir='ltr' id='par_1_6' title="bbox 651 707 1520 776">
     <span class='ocr_line' id='line_1_6' title="bbox 651 707 1520 776; baseline 0.001 -16"><span class='ocrx_word' id='word_1_36' title='bbox 651 711 683 760; x_wconf 83' lang='grc' dir='ltr'><em>ὀ</em></span> <span class='ocrx_word' id='word_1_37' title='bbox 710 707 878 772; x_wconf 84' lang='grc' dir='ltr'><strong>Θεὸς,</strong></span> <span class='ocrx_word' id='word_1_38' title='bbox 907 709 1002 760; x_wconf 83' lang='grc' dir='ltr'>καὶ</span> <span class='ocrx_word' id='word_1_39' title='bbox 1031 708 1172 760; x_wconf 80' lang='grc' dir='ltr'>τάδε</span> <span class='ocrx_word' id='word_1_40' title='bbox 1209 711 1520 776; x_wconf 77' lang='grc' dir='ltr'><strong>προσθείη.</strong></span> 
     </span>
    </p>
   </div>
   <div class='ocr_carea' id='block_1_7' title="bbox 379 798 1884 873">
    <p class='ocr_par' dir='ltr' id='par_1_7' title="bbox 379 798 1884 873">
     <span class='ocr_line' id='line_1_7' title="bbox 379 798 1884 873; baseline 0.003 -24"><span class='ocrx_word' id='word_1_41' title='bbox 379 799 546 869; x_wconf 81' lang='grc' dir='ltr'>Ὁρᾷς</span> <span class='ocrx_word' id='word_1_42' title='bbox 575 798 670 851; x_wconf 88' lang='grc' dir='ltr'><strong>τοῦ</strong></span> <span class='ocrx_word' id='word_1_43' title='bbox 688 798 822 851; x_wconf 89' lang='grc' dir='ltr'>Θεοῦ</span> <span class='ocrx_word' id='word_1_44' title='bbox 852 799 952 870; x_wconf 84' lang='grc' dir='ltr'><strong>τήν</strong></span> <span class='ocrx_word' id='word_1_45' title='bbox 980 800 1320 871; x_wconf 80' lang='grc' dir='ltr'>οἱκονομίαν;</span> <span class='ocrx_word' id='word_1_46' title='bbox 1352 801 1410 853; x_wconf 85' lang='grc' dir='ltr'><strong>Ὀ</strong></span> <span class='ocrx_word' id='word_1_47' title='bbox 1433 800 1708 873; x_wconf 73' lang='grc' dir='ltr'>Σαμουὴλ,</span> <span class='ocrx_word' id='word_1_48' title='bbox 1740 803 1884 854; x_wconf 85' lang='grc' dir='ltr'>ἐπει-</span> 
     </span>
    </p>
   </div>
   <div class='ocr_carea' id='block_1_8' title="bbox 301 889 1886 964">
    <p class='ocr_par' dir='ltr' id='par_1_8' title="bbox 301 889 1886 964">
     <span class='ocr_line' id='line_1_8' title="bbox 301 889 1886 964; baseline 0.003 -21"><span class='ocrx_word' id='word_1_49' title='bbox 301 891 374 961; x_wconf 65' lang='grc' dir='ltr'><strong>δὴ</strong></span> <span class='ocrx_word' id='word_1_50' title='bbox 399 889 604 960; x_wconf 71' lang='grc' dir='ltr'>χαλεπὰ</span> <span class='ocrx_word' id='word_1_51' title='bbox 633 890 920 962; x_wconf 75' lang='grc' dir='ltr'><strong>προλέγειν</strong></span> <span class='ocrx_word' id='word_1_52' title='bbox 966 893 1150 956; x_wconf 81' lang='grc' dir='ltr'>αὐτοῖς</span> <span class='ocrx_word' id='word_1_53' title='bbox 1182 892 1426 962; x_wconf 80' lang='grc' dir='ltr'>ἔμελλεν,</span> <span class='ocrx_word' id='word_1_54' title='bbox 1472 893 1674 947; x_wconf 78' lang='grc' dir='ltr'>ἔδεισεν</span> <span class='ocrx_word' id='word_1_55' title='bbox 1705 895 1886 964; x_wconf 88' lang='grc' dir='ltr'>ἀπαγ-</span> 
     </span>
    </p>
   </div>
   <div class='ocr_carea' id='block_1_9' title="bbox 308 980 1885 1055">
    <p class='ocr_par' dir='ltr' id='par_1_9' title="bbox 308 980 1885 1055">
     <span class='ocr_line' id='line_1_9' title="bbox 308 980 1885 1055; baseline 0.004 -22"><span class='ocrx_word' id='word_1_56' title='bbox 308 984 472 1049; x_wconf 70' lang='grc' dir='ltr'>γεῖλαι</span> <span class='ocrx_word' id='word_1_57' title='bbox 499 980 570 1034; x_wconf 83' lang='grc' dir='ltr'><strong>τὰ</strong></span> <span class='ocrx_word' id='word_1_58' title='bbox 605 981 834 1052; x_wconf 81' lang='grc' dir='ltr'>ρηθέντα</span> <span class='ocrx_word' id='word_1_59' title='bbox 861 983 998 1052; x_wconf 83' lang='grc' dir='ltr'>πρὸς</span> <span class='ocrx_word' id='word_1_60' title='bbox 1029 983 1211 1037; x_wconf 82' lang='grc' dir='ltr'>αὐτόν.</span> <span class='ocrx_word' id='word_1_61' title='bbox 1242 985 1298 1037; x_wconf 88' lang='lat'><strong>&#39;0</strong></span> <span class='ocrx_word' id='word_1_62' title='bbox 1331 985 1388 1037; x_wconf 86' lang='grc' dir='ltr'><strong>δὲ</strong></span> <span class='ocrx_word' id='word_1_63' title='bbox 1431 985 1550 1038; x_wconf 81' lang='grc' dir='ltr'><strong>Ἥλὶ</strong></span> <span class='ocrx_word' id='word_1_64' title='bbox 1575 987 1758 1055; x_wconf 85' lang='grc' dir='ltr'><strong>ὅρκοις</strong></span> <span class='ocrx_word' id='word_1_65' title='bbox 1786 987 1885 1038; x_wconf 86' lang='grc' dir='ltr'><strong>αὑ-</strong></span> 
     </span>
    </p>
   </div>
   <div class='ocr_carea' id='block_1_10' title="bbox 308 1073 1883 1148">
    <p class='ocr_par' dir='ltr' id='par_1_10' title="bbox 308 1073 1883 1148">
     <span class='ocr_line' id='line_1_10' title="bbox 308 1073 1883 1148; baseline 0.001 -20"><span class='ocrx_word' id='word_1_66' title='bbox 308 1075 394 1128; x_wconf 71' lang='grc' dir='ltr'>τὸν</span> <span class='ocrx_word' id='word_1_67' title='bbox 445 1073 622 1141; x_wconf 78' lang='grc' dir='ltr'>φοϐεῖ·</span> <span class='ocrx_word' id='word_1_68' title='bbox 656 1073 748 1138; x_wconf 79' lang='grc' dir='ltr'>οὓς</span> <span class='ocrx_word' id='word_1_69' title='bbox 795 1074 1074 1146; x_wconf 76' lang='grc' dir='ltr'>φοϐηθεὶς,</span> <span class='ocrx_word' id='word_1_70' title='bbox 1121 1074 1422 1146; x_wconf 85' lang='grc' dir='ltr'>ἀπήγγειλε</span> <span class='ocrx_word' id='word_1_71' title='bbox 1466 1076 1560 1129; x_wconf 88' lang='grc' dir='ltr'><strong>τοῦ</strong></span> <span class='ocrx_word' id='word_1_72' title='bbox 1618 1077 1753 1130; x_wconf 89' lang='grc' dir='ltr'>Θεοῦ</span> <span class='ocrx_word' id='word_1_73' title='bbox 1782 1078 1883 1148; x_wconf 87' lang='grc' dir='ltr'>τὴν</span> 
     </span>
    </p>
   </div>
   <div class='ocr_carea' id='block_1_11' title="bbox 303 1163 1882 1234">
    <p class='ocr_par' dir='ltr' id='par_1_11' title="bbox 303 1163 1882 1234">
     <span class='ocr_line' id='line_1_11' title="bbox 303 1163 1882 1234; baseline 0.004 -18"><span class='ocrx_word' id='word_1_74' title='bbox 303 1163 643 1232; x_wconf 75' lang='grc' dir='ltr'>ἀποκάλυψιν</span> <span class='ocrx_word' id='word_1_75' title='bbox 669 1165 748 1234; x_wconf 85' lang='grc' dir='ltr'>τῷ</span> <span class='ocrx_word' id='word_1_76' title='bbox 790 1166 930 1220; x_wconf 83' lang='grc' dir='ltr'>Ἦλί.</span> <span class='ocrx_word' id='word_1_77' title='bbox 966 1167 1026 1219; x_wconf 85' lang='lat'><strong>&#39;0</strong></span> <span class='ocrx_word' id='word_1_78' title='bbox 1063 1167 1119 1220; x_wconf 87' lang='grc' dir='ltr'><strong>δὲ</strong></span> <span class='ocrx_word' id='word_1_79' title='bbox 1166 1168 1422 1231; x_wconf 86' lang='grc' dir='ltr'>ἀκούσας,</span> <span class='ocrx_word' id='word_1_80' title='bbox 1465 1169 1586 1222; x_wconf 81' lang='grc' dir='ltr'>δέον</span> <span class='ocrx_word' id='word_1_81' title='bbox 1613 1170 1882 1224; x_wconf 76' lang='grc' dir='ltr'>νουθετεῖν</span> 
     </span>
    </p>
   </div>
   <div class='ocr_carea' id='block_1_12' title="bbox 295 1252 1882 1329">
    <p class='ocr_par' dir='ltr' id='par_1_12' title="bbox 295 1252 1882 1329">
     <span class='ocr_line' id='line_1_12' title="bbox 295 1252 1882 1329; baseline 0.005 -24"><span class='ocrx_word' id='word_1_82' title='bbox 295 1252 362 1305; x_wconf 75' lang='grc' dir='ltr'>τὰ</span> <span class='ocrx_word' id='word_1_83' title='bbox 406 1253 577 1308; x_wconf 81' lang='grc' dir='ltr'>τέκνα</span> <span class='ocrx_word' id='word_1_84' title='bbox 609 1255 704 1308; x_wconf 68' lang='grc' dir='ltr'>καὶ</span> <span class='ocrx_word' id='word_1_85' title='bbox 739 1256 1119 1327; x_wconf 87' lang='grc' dir='ltr'>τιμωρεῖσθαι,</span> <span class='ocrx_word' id='word_1_86' title='bbox 1153 1257 1238 1312; x_wconf 84' lang='grc' dir='ltr'>ἵνα</span> <span class='ocrx_word' id='word_1_87' title='bbox 1269 1260 1303 1327; x_wconf 88' lang='grc' dir='ltr'><strong>ή</strong></span> <span class='ocrx_word' id='word_1_88' title='bbox 1351 1258 1438 1312; x_wconf 84' lang='grc' dir='ltr'>διὰ</span> <span class='ocrx_word' id='word_1_89' title='bbox 1463 1259 1563 1329; x_wconf 84' lang='grc' dir='ltr'>τῆς</span> <span class='ocrx_word' id='word_1_90' title='bbox 1605 1260 1882 1324; x_wconf 83' lang='grc' dir='ltr'><strong>κολάσεως</strong></span> 
     </span>
    </p>
   </div>
   <div class='ocr_carea' id='block_1_13' title="bbox 293 1344 1881 1421">
    <p class='ocr_par' dir='ltr' id='par_1_13' title="bbox 293 1344 1881 1421">
     <span class='ocr_line' id='line_1_13' title="bbox 293 1344 1881 1421; baseline 0.007 -25"><span class='ocrx_word' id='word_1_91' title='bbox 293 1344 476 1398; x_wconf 78' lang='grc' dir='ltr'>αὐτῶν</span> <span class='ocrx_word' id='word_1_92' title='bbox 529 1347 832 1418; x_wconf 83' lang='grc' dir='ltr'>ἐπιστροφὴ</span> <span class='ocrx_word' id='word_1_93' title='bbox 873 1349 966 1403; x_wconf 90' lang='grc' dir='ltr'>τὸν</span> <span class='ocrx_word' id='word_1_94' title='bbox 1012 1349 1144 1404; x_wconf 85' lang='grc' dir='ltr'>Θεὸν</span> <span class='ocrx_word' id='word_1_95' title='bbox 1175 1349 1544 1421; x_wconf 79' lang='grc' dir='ltr'>ἐξιλεὼσηται,</span> <span class='ocrx_word' id='word_1_96' title='bbox 1592 1352 1714 1405; x_wconf 82' lang='grc' dir='ltr'><strong>οὐδὲ</strong></span> <span class='ocrx_word' id='word_1_97' title='bbox 1753 1354 1881 1407; x_wconf 82' lang='grc' dir='ltr'>ἐπέ-</span> 
     </span>
    </p>
   </div>
   <div class='ocr_carea' id='block_1_14' title="bbox 295 1435 522 1506">
    <p class='ocr_par' dir='ltr' id='par_1_14' title="bbox 295 1435 522 1506">
     <span class='ocr_line' id='line_1_14' title="bbox 295 1435 522 1506; baseline 0.013 -18"><span class='ocrx_word' id='word_1_98' title='bbox 295 1435 522 1506; x_wconf 77' lang='grc' dir='ltr'>πληξεν.</span> 
     </span>
    </p>
   </div>
   <div class='ocr_carea' id='block_1_15' title="bbox 950 1532 1221 1584">
    <p class='ocr_par' dir='ltr' id='par_1_15' title="bbox 950 1532 1221 1584">
     <span class='ocr_line' id='line_1_15' title="bbox 950 1532 1221 1584; baseline 0.004 -1"><span class='ocrx_word' id='word_1_99' title='bbox 950 1532 1106 1584; x_wconf 84' lang='grc' dir='ltr'>ΚΕΦ.</span> <span class='ocrx_word' id='word_1_100' title='bbox 1148 1534 1221 1584; x_wconf 86' lang='grc' dir='ltr'><strong>Δ’.</strong></span> 
     </span>
    </p>
   </div>
   <div class='ocr_carea' id='block_1_16' title="bbox 295 1617 1879 1695">
    <p class='ocr_par' dir='ltr' id='par_1_16' title="bbox 295 1617 1879 1695">
     <span class='ocr_line' id='line_1_16' title="bbox 295 1617 1879 1695; baseline 0.006 -25"><span class='ocrx_word' id='word_1_101' title='bbox 295 1617 529 1695; x_wconf 72' lang='grc' dir='ltr'>Στίχ.γ’,</span> <span class='ocrx_word' id='word_1_102' title='bbox 547 1619 610 1692; x_wconf 87' lang='grc' dir='ltr'><strong>β’.</strong></span> <span class='ocrx_word' id='word_1_103' title='bbox 621 1619 778 1695; x_wconf 67' lang='grc' dir='ltr'>κατὰ</span> <span class='ocrx_word' id='word_1_104' title='bbox 804 1619 860 1673; x_wconf 83' lang='grc' dir='ltr'>τί</span> <span class='ocrx_word' id='word_1_105' title='bbox 874 1621 1176 1695; x_wconf 20' lang='grc' dir='ltr'>’ἔπταισεν</span> <span class='ocrx_word' id='word_1_106' title='bbox 1191 1622 1348 1691; x_wconf 80' lang='grc' dir='ltr'>ἡμᾶς</span> <span class='ocrx_word' id='word_1_107' title='bbox 1367 1626 1583 1692; x_wconf 80' lang='grc' dir='ltr'>Κύριος</span> <span class='ocrx_word' id='word_1_108' title='bbox 1611 1625 1879 1695; x_wconf 79' lang='grc' dir='ltr'>σήμερον</span> 
     </span>
    </p>
   </div>
   <div class='ocr_carea' id='block_1_17' title="bbox 369 1689 1802 1764">
    <p class='ocr_par' dir='ltr' id='par_1_17' title="bbox 369 1689 1802 1764">
     <span class='ocr_line' id='line_1_17' title="bbox 369 1689 1802 1764; baseline 0.008 -24"><span class='ocrx_word' id='word_1_109' title='bbox 369 1689 634 1743; x_wconf 68' lang='grc' dir='ltr'>ἐνώπιον</span> <span class='ocrx_word' id='word_1_110' title='bbox 649 1691 1014 1759; x_wconf 67' lang='grc' dir='ltr'><strong>ἀλλοφύλων</strong></span> <span class='ocrx_word' id='word_1_111' title='bbox 1036 1708 1055 1754; x_wconf 88' lang='grc'><strong><em>;</em></strong></span> <span class='ocrx_word' id='word_1_112' title='bbox 1080 1689 1363 1762; x_wconf 78' lang='grc' dir='ltr'>Λάϐὠμεν</span> <span class='ocrx_word' id='word_1_113' title='bbox 1387 1689 1502 1764; x_wconf 71' lang='grc' dir='ltr'><strong>τῆν</strong></span> <span class='ocrx_word' id='word_1_114' title='bbox 1534 1689 1802 1752; x_wconf 61' lang='grc' dir='ltr'>κιϐωξόνῖ.</span> 
     </span>
    </p>
   </div>
   <div class='ocr_carea' id='block_1_18' title="bbox 1986 543 2430 596">
    <p class='ocr_par' dir='ltr' id='par_1_18' title="bbox 1986 543 2430 596">
     <span class='ocr_line' id='line_1_18' title="bbox 1986 543 2430 596; baseline 0.002 -1"><span class='ocrx_word' id='word_1_115' title='bbox 1986 547 2113 595; x_wconf 85' lang='lat' dir='ltr'><strong>dum</strong></span> <span class='ocrx_word' id='word_1_116' title='bbox 2142 543 2430 596; x_wconf 87' lang='lat' dir='ltr'><strong>habentur.</strong></span> 
     </span>
    </p>
   </div>
   <div class='ocr_carea' id='block_1_19' title="bbox 1989 633 3551 707">
    <p class='ocr_par' dir='ltr' id='par_1_19' title="bbox 1989 633 3551 707">
     <span class='ocr_line' id='line_1_19' title="bbox 1989 633 3551 707; baseline 0.001 -17"><span class='ocrx_word' id='word_1_117' title='bbox 1989 636 2052 690; x_wconf 86' lang='lat' dir='ltr'><strong>V.</strong></span> <span class='ocrx_word' id='word_1_118' title='bbox 2085 636 2168 690; x_wconf 79' lang='grc' dir='ltr'>Π.</span> <span class='ocrx_word' id='word_1_119' title='bbox 2213 635 2296 690; x_wconf 87' lang='lat' dir='ltr'><strong>Ne</strong></span> <span class='ocrx_word' id='word_1_120' title='bbox 2337 634 2575 707; x_wconf 83' lang='lat' dir='ltr'><strong>equidem</strong></span> <span class='ocrx_word' id='word_1_121' title='bbox 2603 633 2866 707; x_wconf 79' lang='lat' dir='ltr'><strong>&#39;celaverts</strong></span> <span class='ocrx_word' id='word_1_122' title='bbox 2896 653 2927 689; x_wconf 90' lang='lat' dir='ltr'><strong>a</strong></span> <span class='ocrx_word' id='word_1_123' title='bbox 2956 653 3058 705; x_wconf 66' lang='lat' dir='ltr'><strong>me,</strong></span> <span class='ocrx_word' id='word_1_124' title='bbox 3096 636 3222 692; x_wconf 68' lang='lat' dir='ltr'><strong>Haec</strong></span> <span class='ocrx_word' id='word_1_125' title='bbox 3254 637 3421 707; x_wconf 82' lang='lat' dir='ltr'><strong>faciat</strong></span> <span class='ocrx_word' id='word_1_126' title='bbox 3457 638 3551 691; x_wconf 86' lang='lat' dir='ltr'><strong>tibi</strong></span> 
     </span>
    </p>
   </div>
   <div class='ocr_carea' id='block_1_20' title="bbox 2405 705 3008 771">
    <p class='ocr_par' dir='ltr' id='par_1_20' title="bbox 2405 705 3008 771">
     <span class='ocr_line' id='line_1_20' title="bbox 2405 705 3008 771; baseline 0.003 -13"><span class='ocrx_word' id='word_1_127' title='bbox 2405 706 2567 771; x_wconf 77' lang='lat' dir='ltr'><strong>Deus,</strong></span> <span class='ocrx_word' id='word_1_128' title='bbox 2591 718 2639 758; x_wconf 81' lang='lat' dir='ltr'><strong>et</strong></span> <span class='ocrx_word' id='word_1_129' title='bbox 2676 705 2786 758; x_wconf 69' lang='grc' dir='ltr'><strong>ἠως</strong></span> <span class='ocrx_word' id='word_1_130' title='bbox 2825 707 3008 760; x_wconf 83' lang='lat' dir='ltr'><strong>addat.</strong></span> 
     </span>
    </p>
   </div>
   <div class='ocr_carea' id='block_1_21' title="bbox 2058 796 3548 869">
    <p class='ocr_par' dir='ltr' id='par_1_21' title="bbox 2058 796 3548 869">
     <span class='ocr_line' id='line_1_21' title="bbox 2058 796 3548 869; baseline 0.001 -18"><span class='ocrx_word' id='word_1_131' title='bbox 2058 796 2252 852; x_wconf 80' lang='lat' dir='ltr'><strong>Viden’</strong></span> <span class='ocrx_word' id='word_1_132' title='bbox 2288 797 2382 851; x_wconf 86' lang='lat' dir='ltr'><strong>Dei</strong></span> <span class='ocrx_word' id='word_1_133' title='bbox 2431 797 2937 866; x_wconf 83' lang='lat' dir='ltr'><strong>dispensationem?</strong></span> <span class='ocrx_word' id='word_1_134' title='bbox 2964 799 3177 855; x_wconf 80' lang='lat' dir='ltr'><strong>Samuel</strong></span> <span class='ocrx_word' id='word_1_135' title='bbox 3213 800 3339 869; x_wconf 87' lang='lat' dir='ltr'><strong>quia</strong></span> <span class='ocrx_word' id='word_1_136' title='bbox 3374 800 3548 853; x_wconf 86' lang='lat' dir='ltr'><strong>tristia</strong></span> 
     </span>
    </p>
   </div>
   <div class='ocr_carea' id='block_1_22' title="bbox 1984 881 3547 961">
    <p class='ocr_par' dir='ltr' id='par_1_22' title="bbox 1984 881 3547 961">
     <span class='ocr_line' id='line_1_22' title="bbox 1984 881 3547 961; baseline 0.002 -18"><span class='ocrx_word' id='word_1_137' title='bbox 1984 881 2340 961; x_wconf 74' lang='lat' dir='ltr'><strong>prtedicturus</strong></span> <span class='ocrx_word' id='word_1_138' title='bbox 2373 901 2498 946; x_wconf 88' lang='lat' dir='ltr'><strong>erat</strong></span> <span class='ocrx_word' id='word_1_139' title='bbox 2538 891 2644 944; x_wconf 84' lang='lat' dir='ltr'><strong>illis</strong></span> <span class='ocrx_word' id='word_1_140' title='bbox 2671 933 2684 954; x_wconf 86' lang='lat'><strong>,</strong></span> <span class='ocrx_word' id='word_1_141' title='bbox 2719 891 2928 945; x_wconf 89' lang='lat' dir='ltr'><strong>veritus</strong></span> <span class='ocrx_word' id='word_1_142' title='bbox 2957 903 3044 945; x_wconf 89' lang='lat' dir='ltr'><strong>est</strong></span> <span class='ocrx_word' id='word_1_143' title='bbox 3077 895 3401 947; x_wconf 83' lang='lat' dir='ltr'><strong>annuntiare</strong></span> <span class='ocrx_word' id='word_1_144' title='bbox 3426 908 3547 961; x_wconf 59' lang='lat' dir='ltr'><strong>quas</strong></span> 
     </span>
    </p>
   </div>
   <div class='ocr_carea' id='block_1_23' title="bbox 1983 981 3522 1052">
    <p class='ocr_par' dir='ltr' id='par_1_23' title="bbox 1983 981 3522 1052">
     <span class='ocr_line' id='line_1_23' title="bbox 1983 981 3522 1052; baseline 0.001 -15"><span class='ocrx_word' id='word_1_145' title='bbox 1983 985 2088 1037; x_wconf 82' lang='lat' dir='ltr'><strong>sibi</strong></span> <span class='ocrx_word' id='word_1_146' title='bbox 2124 983 2265 1037; x_wconf 86' lang='lat' dir='ltr'><strong>dicta</strong></span> <span class='ocrx_word' id='word_1_147' title='bbox 2307 982 2544 1036; x_wconf 76' lang='lat' dir='ltr'><strong>inerant.</strong></span> <span class='ocrx_word' id='word_1_148' title='bbox 2572 984 2641 1037; x_wconf 87' lang='lat' dir='ltr'><strong>At</strong></span> <span class='ocrx_word' id='word_1_149' title='bbox 2664 981 2778 1036; x_wconf 84' lang='lat' dir='ltr'><strong>Heli</strong></span> <span class='ocrx_word' id='word_1_150' title='bbox 2817 982 3248 1050; x_wconf 87' lang='lat' dir='ltr'><strong>adjurationibus</strong></span> <span class='ocrx_word' id='word_1_151' title='bbox 3279 998 3400 1036; x_wconf 90' lang='lat' dir='ltr'><strong>eum</strong></span> <span class='ocrx_word' id='word_1_152' title='bbox 3427 1000 3522 1052; x_wconf 88' lang='lat' dir='ltr'><strong>per</strong></span> 
     </span>
    </p>
   </div>
   <div class='ocr_carea' id='block_1_24' title="bbox 1986 1073 3555 1142">
    <p class='ocr_par' dir='ltr' id='par_1_24' title="bbox 1986 1073 3555 1142">
     <span class='ocr_line' id='line_1_24' title="bbox 1986 1073 3555 1142; baseline 0.001 -14"><span class='ocrx_word' id='word_1_153' title='bbox 1986 1083 2152 1129; x_wconf 90' lang='lat' dir='ltr'><strong>terret</strong></span> <span class='ocrx_word' id='word_1_154' title='bbox 2185 1093 2198 1128; x_wconf 91' lang='lat'><strong>:</strong></span> <span class='ocrx_word' id='word_1_155' title='bbox 2233 1089 2368 1142; x_wconf 84' lang='lat' dir='ltr'><strong>quas</strong></span> <span class='ocrx_word' id='word_1_156' title='bbox 2424 1074 2689 1128; x_wconf 76' lang='lat' dir='ltr'><strong>reveritus</strong></span> <span class='ocrx_word' id='word_1_157' title='bbox 2717 1113 2732 1140; x_wconf 91' lang='lat'><strong>,</strong></span> <span class='ocrx_word' id='word_1_158' title='bbox 2778 1075 3113 1129; x_wconf 87' lang='lat' dir='ltr'><strong>renuntiavit</strong></span> <span class='ocrx_word' id='word_1_159' title='bbox 3166 1073 3280 1128; x_wconf 80' lang='lat' dir='ltr'><strong>l-leli</strong></span> <span class='ocrx_word' id='word_1_160' title='bbox 3340 1076 3430 1129; x_wconf 88' lang='lat' dir='ltr'><strong>Dei</strong></span> <span class='ocrx_word' id='word_1_161' title='bbox 3467 1092 3555 1129; x_wconf 61' lang='lat' dir='ltr'><strong>ro-</strong></span> 
     </span>
    </p>
   </div>
   <div class='ocr_carea' id='block_1_25' title="bbox 1983 1164 3551 1233">
    <p class='ocr_par' dir='ltr' id='par_1_25' title="bbox 1983 1164 3551 1233">
     <span class='ocr_line' id='line_1_25' title="bbox 1983 1164 3551 1233; baseline 0.001 -14"><span class='ocrx_word' id='word_1_162' title='bbox 1983 1167 2328 1221; x_wconf 71' lang='lat' dir='ltr'><strong>veletionem.</strong></span> <span class='ocrx_word' id='word_1_163' title='bbox 2362 1164 2413 1219; x_wconf 88' lang='lat' dir='ltr'><strong>ls</strong></span> <span class='ocrx_word' id='word_1_164' title='bbox 2442 1167 2528 1218; x_wconf 89' lang='lat' dir='ltr'><strong>ubi</strong></span> <span class='ocrx_word' id='word_1_165' title='bbox 2557 1167 2792 1220; x_wconf 89' lang='lat' dir='ltr'><strong>audisset</strong></span> <span class='ocrx_word' id='word_1_166' title='bbox 2818 1205 2832 1230; x_wconf 96' lang='lat'><strong>,</strong></span> <span class='ocrx_word' id='word_1_167' title='bbox 2856 1181 2981 1221; x_wconf 88' lang='lat' dir='ltr'><strong>cum</strong></span> <span class='ocrx_word' id='word_1_168' title='bbox 3013 1175 3290 1233; x_wconf 86' lang='lat' dir='ltr'><strong>oporteret</strong></span> <span class='ocrx_word' id='word_1_169' title='bbox 3316 1180 3551 1221; x_wconf 90' lang='lat' dir='ltr'><strong>commo-</strong></span> 
     </span>
    </p>
   </div>
   <div class='ocr_carea' id='block_1_26' title="bbox 1983 1242 3550 1327">
    <p class='ocr_par' dir='ltr' id='par_1_26' title="bbox 1983 1242 3550 1327">
     <span class='ocr_line' id='line_1_26' title="bbox 1983 1242 3550 1327; baseline -0.001 -16"><span class='ocrx_word' id='word_1_170' title='bbox 1983 1275 2110 1314; x_wconf 90' lang='lat' dir='ltr'><strong>uere</strong></span> <span class='ocrx_word' id='word_1_171' title='bbox 2134 1271 2187 1313; x_wconf 91' lang='lat' dir='ltr'><strong>et</strong></span> <span class='ocrx_word' id='word_1_172' title='bbox 2211 1259 2484 1327; x_wconf 87' lang='lat' dir='ltr'><strong>castigare</strong></span> <span class='ocrx_word' id='word_1_173' title='bbox 2521 1257 2741 1323; x_wconf 88' lang='lat' dir='ltr'><strong>liberos,</strong></span> <span class='ocrx_word' id='word_1_174' title='bbox 2774 1266 2833 1310; x_wconf 90' lang='lat' dir='ltr'><strong>nt</strong></span> <span class='ocrx_word' id='word_1_175' title='bbox 2869 1257 3156 1311; x_wconf 85' lang='lat' dir='ltr'><strong>conversio</strong></span> <span class='ocrx_word' id='word_1_176' title='bbox 3187 1242 3374 1310; x_wconf 87' lang='lat' dir='ltr'><strong>eorum</strong></span> <span class='ocrx_word' id='word_1_177' title='bbox 3406 1270 3434 1308; x_wconf 88' lang='lat' dir='ltr'><strong>a</strong></span> <span class='ocrx_word' id='word_1_178' title='bbox 3463 1271 3550 1310; x_wconf 76' lang='lat' dir='ltr'><strong>ea-</strong></span> 
     </span>
    </p>
   </div>
   <div class='ocr_carea' id='block_1_27' title="bbox 1981 1347 3555 1419">
    <p class='ocr_par' dir='ltr' id='par_1_27' title="bbox 1981 1347 3555 1419">
     <span class='ocr_line' id='line_1_27' title="bbox 1981 1347 3555 1419; baseline -0.003 -17"><span class='ocrx_word' id='word_1_179' title='bbox 1981 1351 2272 1419; x_wconf 87' lang='lat' dir='ltr'><strong>stigatione</strong></span> <span class='ocrx_word' id='word_1_180' title='bbox 2289 1357 2408 1403; x_wconf 88' lang='lat' dir='ltr'><strong>orta</strong></span> <span class='ocrx_word' id='word_1_181' title='bbox 2443 1347 2607 1404; x_wconf 86' lang='lat' dir='ltr'><strong>Deum</strong></span> <span class='ocrx_word' id='word_1_182' title='bbox 2631 1349 2924 1418; x_wconf 90' lang='lat' dir='ltr'><strong>propitium</strong></span> <span class='ocrx_word' id='word_1_183' title='bbox 2948 1347 3223 1413; x_wconf 85' lang='lat' dir='ltr'><strong>redderet,</strong></span> <span class='ocrx_word' id='word_1_184' title='bbox 3245 1347 3555 1401; x_wconf 79' lang='lat' dir='ltr'><strong>nullatenus</strong></span> 
     </span>
    </p>
   </div>
   <div class='ocr_carea' id='block_1_28' title="bbox 1979 1439 2228 1507">
    <p class='ocr_par' dir='ltr' id='par_1_28' title="bbox 1979 1439 2228 1507">
     <span class='ocr_line' id='line_1_28' title="bbox 1979 1439 2228 1507; baseline 0.004 -17"><span class='ocrx_word' id='word_1_185' title='bbox 1979 1439 2228 1507; x_wconf 87' lang='lat' dir='ltr'><strong>perculit.</strong></span> 
     </span>
    </p>
   </div>
   <div class='ocr_carea' id='block_1_29' title="bbox 2622 1527 2904 1585">
    <p class='ocr_par' dir='ltr' id='par_1_29' title="bbox 2622 1527 2904 1585">
     <span class='ocr_line' id='line_1_29' title="bbox 2622 1527 2904 1585; baseline -0.004 0"><span class='ocrx_word' id='word_1_186' title='bbox 2622 1530 2774 1585; x_wconf 80' lang='lat' dir='ltr'><strong>CAP.</strong></span> <span class='ocrx_word' id='word_1_187' title='bbox 2816 1527 2904 1584; x_wconf 77' lang='lat' dir='ltr'><strong>IV.</strong></span> 
     </span>
    </p>
   </div>
   <div class='ocr_carea' id='block_1_30' title="bbox 1983 1617 3551 1689">
    <p class='ocr_par' dir='ltr' id='par_1_30' title="bbox 1983 1617 3551 1689">
     <span class='ocr_line' id='line_1_30' title="bbox 1983 1617 3551 1689; baseline 0.002 -18"><span class='ocrx_word' id='word_1_188' title='bbox 1983 1617 2093 1672; x_wconf 65' lang='grc' dir='ltr'>νγ.</span> <span class='ocrx_word' id='word_1_189' title='bbox 2125 1619 2179 1684; x_wconf 77' lang='grc'>5,</span> <span class='ocrx_word' id='word_1_190' title='bbox 2210 1618 2262 1672; x_wconf 75' lang='grc'>2.</span> <span class='ocrx_word' id='word_1_191' title='bbox 2294 1619 2492 1689; x_wconf 83' lang='lat' dir='ltr'><strong>thuid</strong></span> <span class='ocrx_word' id='word_1_192' title='bbox 2515 1620 2852 1688; x_wconf 77' lang='lat' dir='ltr'><strong>labefactavit</strong></span> <span class='ocrx_word' id='word_1_193' title='bbox 2881 1637 2972 1673; x_wconf 81' lang='lat' dir='ltr'><strong>nos</strong></span> <span class='ocrx_word' id='word_1_194' title='bbox 2996 1619 3254 1673; x_wconf 75' lang='lat' dir='ltr'><strong>Dominus</strong></span> <span class='ocrx_word' id='word_1_195' title='bbox 3283 1618 3437 1674; x_wconf 66' lang='lat' dir='ltr'><strong>hodie</strong></span> <span class='ocrx_word' id='word_1_196' title='bbox 3459 1636 3551 1674; x_wconf 83' lang='lat' dir='ltr'><strong>co-</strong></span> 
     </span>
    </p>
   </div>
   <div class='ocr_carea' id='block_1_31' title="bbox 2217 1693 3301 1760">
    <p class='ocr_par' dir='ltr' id='par_1_31' title="bbox 2217 1693 3301 1760">
     <span class='ocr_line' id='line_1_31' title="bbox 2217 1693 3301 1760; baseline 0.004 -19"><span class='ocrx_word' id='word_1_197' title='bbox 2217 1707 2331 1743; x_wconf 84' lang='lat' dir='ltr'><strong>ram</strong></span> <span class='ocrx_word' id='word_1_198' title='bbox 2368 1693 2673 1760; x_wconf 75' lang='lat' dir='ltr'><strong>alienigenis</strong></span> <span class='ocrx_word' id='word_1_199' title='bbox 2696 1694 2721 1745; x_wconf 79' lang='grc'><em>7</em></span> <span class='ocrx_word' id='word_1_200' title='bbox 2749 1694 3077 1758; x_wconf 75' lang='lat' dir='ltr'><strong>Accipiamus</strong></span> <span class='ocrx_word' id='word_1_201' title='bbox 3101 1708 3301 1745; x_wconf 83' lang='lat' dir='ltr'><strong>arcam.</strong></span> 
     </span>
    </p>
   </div>
   <div class='ocr_carea' id='block_1_32' title="bbox 367 1780 1877 1858">
    <p class='ocr_par' dir='ltr' id='par_1_32' title="bbox 367 1782 1877 1858">
     <span class='ocr_line' id='line_1_32' title="bbox 367 1782 1877 1858; baseline 0.003 -23"><span class='ocrx_word' id='word_1_202' title='bbox 367 1782 590 1854; x_wconf 78' lang='grc' dir='ltr'>Ἐπειδὴ</span> <span class='ocrx_word' id='word_1_203' title='bbox 624 1783 844 1854; x_wconf 75' lang='grc' dir='ltr'>ἔμελλεν</span> <span class='ocrx_word' id='word_1_204' title='bbox 872 1786 905 1854; x_wconf 90' lang='grc' dir='ltr'><strong>ή</strong></span> <span class='ocrx_word' id='word_1_205' title='bbox 937 1783 1054 1836; x_wconf 84' lang='grc' dir='ltr'>θεία</span> <span class='ocrx_word' id='word_1_206' title='bbox 1088 1785 1278 1857; x_wconf 82' lang='grc' dir='ltr'>Γραφὴ</span> <span class='ocrx_word' id='word_1_207' title='bbox 1315 1787 1413 1858; x_wconf 84' lang='grc' dir='ltr'>τὴν</span> <span class='ocrx_word' id='word_1_208' title='bbox 1450 1787 1723 1842; x_wconf 51' lang='grc' dir='ltr'>ἀπώλειαι.)</span> <span class='ocrx_word' id='word_1_209' title='bbox 1766 1787 1877 1841; x_wconf 88' lang='grc' dir='ltr'><strong>τῶν</strong></span> 
     </span>
    </p>
   </div>
   <div class='ocr_carea' id='block_1_33' title="bbox 1984 1780 3547 1858">
    <p class='ocr_par' dir='ltr' id='par_1_33' title="bbox 2049 1780 3547 1854">
     <span class='ocr_line' id='line_1_33' title="bbox 2049 1780 3547 1854; baseline 0.005 -24"><span class='ocrx_word' id='word_1_210' title='bbox 2049 1780 2312 1846; x_wconf 83' lang='lat' dir='ltr'><strong>Quoniam</strong></span> <span class='ocrx_word' id='word_1_211' title='bbox 2340 1785 2664 1852; x_wconf 69' lang='lat' dir='ltr'><strong>praedictum</strong></span> <span class='ocrx_word' id='word_1_212' title='bbox 2699 1792 2816 1847; x_wconf 82' lang='lat' dir='ltr'><strong>erat</strong></span> <span class='ocrx_word' id='word_1_213' title='bbox 2850 1783 3031 1838; x_wconf 88' lang='lat' dir='ltr'><strong>divina</strong></span> <span class='ocrx_word' id='word_1_214' title='bbox 3062 1783 3350 1854; x_wconf 81' lang='lat' dir='ltr'><strong>Scriptura</strong></span> <span class='ocrx_word' id='word_1_215' title='bbox 3377 1784 3547 1839; x_wconf 88' lang='lat' dir='ltr'><strong>inter-</strong></span> 
     </span>
    </p>
   </div>
   <div class='ocr_carea' id='block_1_34' title="bbox 294 1871 1878 1946">
    <p class='ocr_par' dir='ltr' id='par_1_34' title="bbox 294 1871 1878 1946">
     <span class='ocr_line' id='line_1_34' title="bbox 294 1871 1878 1946; baseline 0.003 -22"><span class='ocrx_word' id='word_1_216' title='bbox 294 1871 426 1926; x_wconf 83' lang='grc' dir='ltr'><strong>υἱῶν</strong></span> <span class='ocrx_word' id='word_1_217' title='bbox 483 1874 604 1927; x_wconf 74' lang='grc' dir='ltr'><strong>Ἠλὶ</strong></span> <span class='ocrx_word' id='word_1_218' title='bbox 654 1873 961 1944; x_wconf 84' lang='grc' dir='ltr'>προλέγειν,</span> <span class='ocrx_word' id='word_1_219' title='bbox 999 1874 1081 1926; x_wconf 77' lang='grc' dir='ltr'>ὅτι</span> <span class='ocrx_word' id='word_1_220' title='bbox 1128 1891 1188 1927; x_wconf 88' lang='grc' dir='ltr'><strong>τε</strong></span> <span class='ocrx_word' id='word_1_221' title='bbox 1237 1878 1270 1946; x_wconf 81' lang='grc' dir='ltr'>ἡ</span> <span class='ocrx_word' id='word_1_222' title='bbox 1325 1878 1554 1941; x_wconf 77' lang='grc' dir='ltr'>κιϐωτὸς</span> <span class='ocrx_word' id='word_1_223' title='bbox 1604 1877 1698 1930; x_wconf 86' lang='grc' dir='ltr'><strong>τοῦ</strong></span> <span class='ocrx_word' id='word_1_224' title='bbox 1744 1877 1878 1930; x_wconf 87' lang='grc' dir='ltr'>Θεοῦ</span> 
     </span>
    </p>
   </div>
   <div class='ocr_carea' id='block_1_35' title="bbox 293 1961 1883 2039">
    <p class='ocr_par' dir='ltr' id='par_1_35' title="bbox 293 1961 1883 2039">
     <span class='ocr_line' id='line_1_35' title="bbox 293 1961 1883 2039; baseline 0.003 -24"><span class='ocrx_word' id='word_1_225' title='bbox 293 1961 635 2036; x_wconf 80' lang='grc' dir='ltr'>ληφθήσεται</span> <span class='ocrx_word' id='word_1_226' title='bbox 670 1965 778 2017; x_wconf 80' lang='grc' dir='ltr'><strong>ὑπὸ</strong></span> <span class='ocrx_word' id='word_1_227' title='bbox 807 1965 914 2017; x_wconf 88' lang='grc' dir='ltr'><strong>τῶν</strong></span> <span class='ocrx_word' id='word_1_228' title='bbox 949 1966 1263 2035; x_wconf 83' lang='grc' dir='ltr'>ἀλλοφύλων</span> <span class='ocrx_word' id='word_1_229' title='bbox 1287 1983 1300 1996; x_wconf 88' lang='grc'><strong>·</strong></span> <span class='ocrx_word' id='word_1_230' title='bbox 1338 1968 1685 2037; x_wconf 85' lang='grc' dir='ltr'>προλαϐοῦσα</span> <span class='ocrx_word' id='word_1_231' title='bbox 1722 1967 1883 2039; x_wconf 83' lang='grc' dir='ltr'>θερα-</span> 
     </span>
    </p>
   </div>
   <div class='ocr_carea' id='block_1_36' title="bbox 291 2056 1884 2130">
    <p class='ocr_par' dir='ltr' id='par_1_36' title="bbox 291 2056 1884 2130">
     <span class='ocr_line' id='line_1_36' title="bbox 291 2056 1884 2130; baseline 0.004 -23"><span class='ocrx_word' id='word_1_232' title='bbox 291 2056 459 2108; x_wconf 83' lang='grc' dir='ltr'>πεύει</span> <span class='ocrx_word' id='word_1_233' title='bbox 490 2057 591 2126; x_wconf 82' lang='grc' dir='ltr'>τὴν</span> <span class='ocrx_word' id='word_1_234' title='bbox 625 2056 814 2126; x_wconf 85' lang='grc' dir='ltr'>ἀκοὴν,</span> <span class='ocrx_word' id='word_1_235' title='bbox 848 2059 1057 2127; x_wconf 88' lang='grc' dir='ltr'>μήποτέ</span> <span class='ocrx_word' id='word_1_236' title='bbox 1086 2076 1170 2122; x_wconf 88' lang='grc' dir='ltr'><strong>τις</strong></span> <span class='ocrx_word' id='word_1_237' title='bbox 1197 2058 1350 2128; x_wconf 81' lang='grc' dir='ltr'>οἰηθῇ</span> <span class='ocrx_word' id='word_1_238' title='bbox 1389 2060 1619 2130; x_wconf 86' lang='grc' dir='ltr'>σκληρὸν</span> <span class='ocrx_word' id='word_1_239' title='bbox 1636 2057 1773 2113; x_wconf 78' lang='grc' dir='ltr'>εἶναι</span> <span class='ocrx_word' id='word_1_240' title='bbox 1794 2060 1884 2113; x_wconf 81' lang='grc' dir='ltr'>τὸν</span> 
     </span>
    </p>
   </div>
   <div class='ocr_carea' id='block_1_37' title="bbox 286 2145 1882 2222">
    <p class='ocr_par' dir='ltr' id='par_1_37' title="bbox 286 2145 1882 2222">
     <span class='ocr_line' id='line_1_37' title="bbox 286 2145 1882 2222; baseline 0.004 -26"><span class='ocrx_word' id='word_1_241' title='bbox 286 2145 457 2198; x_wconf 86' lang='grc' dir='ltr'>Θεόν.</span> <span class='ocrx_word' id='word_1_242' title='bbox 482 2145 583 2198; x_wconf 88' lang='grc' dir='ltr'>Διά</span> <span class='ocrx_word' id='word_1_243' title='bbox 604 2145 782 2208; x_wconf 90' lang='grc' dir='ltr'>τοῦτο,</span> <span class='ocrx_word' id='word_1_244' title='bbox 811 2147 886 2210; x_wconf 87' lang='grc' dir='ltr'><strong>ὼς</strong></span> <span class='ocrx_word' id='word_1_245' title='bbox 927 2147 1087 2220; x_wconf 76' lang='grc' dir='ltr'>ἔφην,</span> <span class='ocrx_word' id='word_1_246' title='bbox 1122 2149 1323 2221; x_wconf 82' lang='grc' dir='ltr'>ἱστορεῖ</span> <span class='ocrx_word' id='word_1_247' title='bbox 1353 2150 1429 2214; x_wconf 86' lang='grc' dir='ltr'><strong>ὼς</strong></span> <span class='ocrx_word' id='word_1_248' title='bbox 1461 2151 1560 2202; x_wconf 80' lang='grc' dir='ltr'>οὐκ</span> <span class='ocrx_word' id='word_1_249' title='bbox 1595 2149 1882 2222; x_wconf 75' lang='grc' dir='ltr'><strong>ἠλαττώθη</strong></span> 
     </span>
    </p>
   </div>
   <div class='ocr_carea' id='block_1_38' title="bbox 285 2236 1882 2312">
    <p class='ocr_par' dir='ltr' id='par_1_38' title="bbox 285 2236 1882 2312">
     <span class='ocr_line' id='line_1_38' title="bbox 285 2236 1882 2312; baseline 0.005 -24"><span class='ocrx_word' id='word_1_250' title='bbox 285 2236 411 2290; x_wconf 85' lang='grc' dir='ltr'><strong>τῶν</strong></span> <span class='ocrx_word' id='word_1_251' title='bbox 446 2238 577 2290; x_wconf 82' lang='grc' dir='ltr'>υἱῶν</span> <span class='ocrx_word' id='word_1_252' title='bbox 626 2238 838 2309; x_wconf 82' lang='grc' dir='ltr'>Ἰσραήλ</span> <span class='ocrx_word' id='word_1_253' title='bbox 870 2241 901 2308; x_wconf 90' lang='grc' dir='ltr'><strong>ή</strong></span> <span class='ocrx_word' id='word_1_254' title='bbox 938 2241 1105 2292; x_wconf 86' lang='grc' dir='ltr'>κακία</span> <span class='ocrx_word' id='word_1_255' title='bbox 1139 2243 1233 2294; x_wconf 79' lang='grc' dir='ltr'>καὶ</span> <span class='ocrx_word' id='word_1_256' title='bbox 1275 2244 1306 2312; x_wconf 88' lang='grc' dir='ltr'><strong>ή</strong></span> <span class='ocrx_word' id='word_1_257' title='bbox 1349 2242 1593 2312; x_wconf 80' lang='grc' dir='ltr'>ἁμαρτία</span> <span class='ocrx_word' id='word_1_258' title='bbox 1643 2241 1731 2295; x_wconf 81' lang='grc' dir='ltr'><strong>διὰ</strong></span> <span class='ocrx_word' id='word_1_259' title='bbox 1780 2243 1882 2312; x_wconf 85' lang='grc' dir='ltr'>τῆς</span> 
     </span>
    </p>
   </div>
   <div class='ocr_carea' id='block_1_39' title="bbox 291 2326 1877 2404">
    <p class='ocr_par' dir='ltr' id='par_1_39' title="bbox 291 2326 1877 2404">
     <span class='ocr_line' id='line_1_39' title="bbox 291 2326 1877 2404; baseline 0.006 -27"><span class='ocrx_word' id='word_1_260' title='bbox 291 2326 532 2398; x_wconf 84' lang='grc' dir='ltr'><strong>ἀπειλῆς</strong></span> <span class='ocrx_word' id='word_1_261' title='bbox 552 2327 759 2398; x_wconf 78' lang='grc' dir='ltr'>καὶτῆς</span> <span class='ocrx_word' id='word_1_262' title='bbox 787 2329 906 2382; x_wconf 85' lang='grc' dir='ltr'>κατ’</span> <span class='ocrx_word' id='word_1_263' title='bbox 927 2330 1105 2382; x_wconf 80' lang='grc' dir='ltr'>αὐτῶν</span> <span class='ocrx_word' id='word_1_264' title='bbox 1127 2333 1504 2403; x_wconf 71' lang='grc' dir='ltr'>προρρήσεως,</span> <span class='ocrx_word' id='word_1_265' title='bbox 1532 2331 1646 2384; x_wconf 87' lang='grc' dir='ltr'>ἀλλ’</span> <span class='ocrx_word' id='word_1_266' title='bbox 1669 2332 1877 2404; x_wconf 82' lang='grc' dir='ltr'>ηὐξήθη</span> 
     </span>
    </p>
   </div>
   <div class='ocr_carea' id='block_1_40' title="bbox 297 2416 522 2486">
    <p class='ocr_par' dir='ltr' id='par_1_40' title="bbox 297 2416 522 2486">
     <span class='ocr_line' id='line_1_40' title="bbox 297 2416 522 2486; baseline 0.004 -18"><span class='ocrx_word' id='word_1_267' title='bbox 297 2416 522 2486; x_wconf 83' lang='grc' dir='ltr'>μᾶλλον.</span> 
     </span>
    </p>
   </div>
   <div class='ocr_carea' id='block_1_41' title="bbox 296 2507 1877 2582">
    <p class='ocr_par' dir='ltr' id='par_1_41' title="bbox 296 2507 1877 2582">
     <span class='ocr_line' id='line_1_41' title="bbox 296 2507 1877 2582; baseline 0.004 -22"><span class='ocrx_word' id='word_1_268' title='bbox 296 2507 447 2582; x_wconf 63' lang='grc' dir='ltr'>Στέχ.</span> <span class='ocrx_word' id='word_1_269' title='bbox 483 2507 547 2578; x_wconf 86' lang='grc' dir='ltr'><strong>β’.</strong></span> <span class='ocrx_word' id='word_1_270' title='bbox 566 2510 885 2582; x_wconf 15' lang='grc' dir='ltr'>ᾲἝκλινεν,</span> <span class='ocrx_word' id='word_1_271' title='bbox 915 2511 1097 2582; x_wconf 79' lang='grc' dir='ltr'>φησὶν,</span> <span class='ocrx_word' id='word_1_272' title='bbox 1123 2515 1156 2566; x_wconf 84' lang='grc' dir='ltr'><em>ὁ</em></span> <span class='ocrx_word' id='word_1_273' title='bbox 1180 2513 1458 2582; x_wconf 76' lang='grc' dir='ltr'>πόλεμοςο</span> <span class='ocrx_word' id='word_1_274' title='bbox 1483 2512 1602 2566; x_wconf 75' lang='grc' dir='ltr'>ἀντὶ</span> <span class='ocrx_word' id='word_1_275' title='bbox 1631 2511 1746 2576; x_wconf 89' lang='grc' dir='ltr'>τοῦ,</span> <span class='ocrx_word' id='word_1_276' title='bbox 1765 2513 1877 2567; x_wconf 85' lang='grc' dir='ltr'><strong>Οὐκ</strong></span> 
     </span>
    </p>
   </div>
   <div class='ocr_carea' id='block_1_42' title="bbox 361 2575 1875 2654">
    <p class='ocr_par' dir='ltr' id='par_1_42' title="bbox 361 2575 1875 2654">
     <span class='ocr_line' id='line_1_42' title="bbox 361 2575 1875 2654; baseline 0.005 -25"><span class='ocrx_word' id='word_1_277' title='bbox 361 2575 507 2654; x_wconf 62' lang='grc' dir='ltr'>ἦσαν</span> <span class='ocrx_word' id='word_1_278' title='bbox 564 2580 850 2654; x_wconf 70' lang='grc' dir='ltr'>ἰσόρροποι</span> <span class='ocrx_word' id='word_1_279' title='bbox 889 2575 1015 2652; x_wconf 75' lang='grc' dir='ltr'>περὶ</span> <span class='ocrx_word' id='word_1_280' title='bbox 1064 2583 1163 2654; x_wconf 81' lang='grc' dir='ltr'>τὴν</span> <span class='ocrx_word' id='word_1_281' title='bbox 1221 2575 1428 2654; x_wconf 59' lang='grc' dir='ltr'>μάχην.</span> <span class='ocrx_word' id='word_1_282' title='bbox 1493 2575 1762 2654; x_wconf 49' lang='lat' dir='ltr'><strong>flauere</strong></span> <span class='ocrx_word' id='word_1_283' title='bbox 1819 2584 1875 2636; x_wconf 82' lang='grc' dir='ltr'>ἓν</span> 
     </span>
    </p>
   </div>
   <div class='ocr_carea' id='block_1_43' title="bbox 369 2649 1876 2787">
    <p class='ocr_par' dir='ltr' id='par_1_43' title="bbox 369 2649 1876 2787">
     <span class='ocr_line' id='line_1_43' title="bbox 369 2649 1876 2771; baseline 0.005 -71"><span class='ocrx_word' id='word_1_284' title='bbox 369 2649 564 2771; x_wconf 50' lang='grc' dir='ltr'>μέρος,</span> <span class='ocrx_word' id='word_1_285' title='bbox 603 2649 697 2714; x_wconf 74' lang='grc' dir='ltr'>εἰς</span> <span class='ocrx_word' id='word_1_286' title='bbox 721 2651 899 2722; x_wconf 79' lang='grc' dir='ltr'>φυγὴν</span> <span class='ocrx_word' id='word_1_287' title='bbox 931 2649 1161 2724; x_wconf 80' lang='grc' dir='ltr'>τραπὲν,</span> <span class='ocrx_word' id='word_1_288' title='bbox 1197 2649 1439 2726; x_wconf 75' lang='grc' dir='ltr'>ἐϐαρήθη</span> <span class='ocrx_word' id='word_1_289' title='bbox 1473 2653 1548 2716; x_wconf 87' lang='grc' dir='ltr'>ὡς</span> <span class='ocrx_word' id='word_1_290' title='bbox 1602 2653 1695 2706; x_wconf 76' lang='grc' dir='ltr'>ἐπὶ</span> <span class='ocrx_word' id='word_1_291' title='bbox 1739 2654 1876 2708; x_wconf 86' lang='grc' dir='ltr'>πλά-</span> 
     </span>
     <span class='ocr_line' id='line_1_44' title="bbox 441 2735 612 2787; baseline 0.018 -16"><span class='ocrx_word' id='word_1_292' title='bbox 441 2735 612 2787; x_wconf 86' lang='grc' dir='ltr'>ιγγος.</span> 
     </span>
    </p>
   </div>
   <div class='ocr_carea' id='block_1_44' title="bbox 367 2811 1878 2889">
    <p class='ocr_par' dir='ltr' id='par_1_44' title="bbox 367 2811 1878 2889">
     <span class='ocr_line' id='line_1_45' title="bbox 367 2811 1878 2889; baseline 0.005 -27"><span class='ocrx_word' id='word_1_293' title='bbox 367 2811 484 2881; x_wconf 90' lang='lat'><strong>(79)</strong></span> <span class='ocrx_word' id='word_1_294' title='bbox 507 2812 867 2881; x_wconf 79' lang='grc' dir='ltr'>Σημειωτέον,</span> <span class='ocrx_word' id='word_1_295' title='bbox 889 2815 970 2868; x_wconf 76' lang='grc' dir='ltr'>ὅτι</span> <span class='ocrx_word' id='word_1_296' title='bbox 987 2813 1115 2868; x_wconf 78' lang='grc' dir='ltr'>ἄνευ</span> <span class='ocrx_word' id='word_1_297' title='bbox 1139 2815 1318 2878; x_wconf 80' lang='grc' dir='ltr'><strong>αἰτίας</strong></span> <span class='ocrx_word' id='word_1_298' title='bbox 1343 2815 1598 2870; x_wconf 72' lang='grc' dir='ltr'>οὐδέποτε</span> <span class='ocrx_word' id='word_1_299' title='bbox 1621 2818 1819 2889; x_wconf 79' lang='grc' dir='ltr'><strong>ἡττᾶτο</strong></span> <span class='ocrx_word' id='word_1_300' title='bbox 1847 2819 1878 2871; x_wconf 81' lang='grc' dir='ltr'><strong>ὁ</strong></span> 
     </span>
    </p>
   </div>
   <div class='ocr_carea' id='block_1_45' title="bbox 313 2903 1460 2979">
    <p class='ocr_par' dir='ltr' id='par_1_45' title="bbox 313 2903 1460 2979">
     <span class='ocr_line' id='line_1_46' title="bbox 313 2903 1460 2979; baseline 0.004 -23"><span class='ocrx_word' id='word_1_301' title='bbox 313 2903 551 2975; x_wconf 84' lang='grc' dir='ltr'>Ἰσραήλ’</span> <span class='ocrx_word' id='word_1_302' title='bbox 582 2905 662 2958; x_wconf 85' lang='grc' dir='ltr'><strong>διὸ</strong></span> <span class='ocrx_word' id='word_1_303' title='bbox 695 2908 788 2959; x_wconf 68' lang='grc' dir='ltr'><strong>κα)⁸</strong></span> <span class='ocrx_word' id='word_1_304' title='bbox 820 2907 1114 2979; x_wconf 81' lang='grc' dir='ltr'>ἀνεζήτουν</span> <span class='ocrx_word' id='word_1_305' title='bbox 1139 2908 1239 2979; x_wconf 79' lang='grc' dir='ltr'>τὴν</span> <span class='ocrx_word' id='word_1_306' title='bbox 1262 2908 1460 2962; x_wconf 81' lang='grc' dir='ltr'>αἰτίαν.</span> 
     </span>
    </p>
   </div>
   <div class='ocr_carea' id='block_1_46' title="bbox 300 2995 1875 3071">
    <p class='ocr_par' dir='ltr' id='par_1_46' title="bbox 300 2995 1875 3071">
     <span class='ocr_line' id='line_1_47' title="bbox 300 2995 1875 3071; baseline 0.006 -24"><span class='ocrx_word' id='word_1_307' title='bbox 300 2995 454 3066; x_wconf 84' lang='grc' dir='ltr'>Στίχ.</span> <span class='ocrx_word' id='word_1_308' title='bbox 491 3003 564 3068; x_wconf 86' lang='grc' dir='ltr'>η’.</span> <span class='ocrx_word' id='word_1_309' title='bbox 606 3000 671 3050; x_wconf 82' lang='lat' dir='ltr'><strong>Ol</strong></span> <span class='ocrx_word' id='word_1_310' title='bbox 715 2997 1092 3071; x_wconf 65' lang='grc' dir='ltr'>πατάξαντες</span> <span class='ocrx_word' id='word_1_311' title='bbox 1128 2998 1570 3071; x_wconf 41' lang='grc' dir='ltr'><strong>τὴν-Αἴγυπτον</strong></span> <span class='ocrx_word' id='word_1_312' title='bbox 1600 3001 1672 3055; x_wconf 80' lang='grc' dir='ltr'>ἐν</span> <span class='ocrx_word' id='word_1_313' title='bbox 1707 3001 1875 3071; x_wconf 67' lang='grc' dir='ltr'>πάσῃ</span> 
     </span>
    </p>
   </div>
   <div class='ocr_carea' id='block_1_47' title="bbox 591 3067 1521 3138">
    <p class='ocr_par' dir='ltr' id='par_1_47' title="bbox 591 3067 1521 3138">
     <span class='ocr_line' id='line_1_48' title="bbox 591 3067 1521 3138; baseline 0.008 -19"><span class='ocrx_word' id='word_1_314' title='bbox 591 3067 814 3137; x_wconf 77' lang='grc' dir='ltr'>πληγῇ,</span> <span class='ocrx_word' id='word_1_315' title='bbox 841 3072 955 3138; x_wconf 76' lang='lat'><strong>(80)</strong></span> <span class='ocrx_word' id='word_1_316' title='bbox 984 3070 1084 3123; x_wconf 79' lang='grc' dir='ltr'>καὶ</span> <span class='ocrx_word' id='word_1_317' title='bbox 1111 3070 1182 3123; x_wconf 71' lang='grc' dir='ltr'>ἐν</span> <span class='ocrx_word' id='word_1_318' title='bbox 1204 3069 1276 3137; x_wconf 77' lang='grc' dir='ltr'>τῇ</span> <span class='ocrx_word' id='word_1_319' title='bbox 1305 3067 1521 3138; x_wconf 72' lang='grc' dir='ltr'>ἐρήμῳ.</span> 
     </span>
    </p>
   </div>
   <div class='ocr_carea' id='block_1_48' title="bbox 1982 1867 3552 1942">
    <p class='ocr_par' dir='ltr' id='par_1_48' title="bbox 1982 1867 3552 1942">
     <span class='ocr_line' id='line_1_49' title="bbox 1982 1867 3552 1942; baseline 0.004 -20"><span class='ocrx_word' id='word_1_320' title='bbox 1982 1869 2114 1922; x_wconf 88' lang='lat' dir='ltr'><strong>itttttt</strong></span> <span class='ocrx_word' id='word_1_321' title='bbox 2157 1869 2388 1924; x_wconf 91' lang='lat' dir='ltr'><strong>ﬁliorum</strong></span> <span class='ocrx_word' id='word_1_322' title='bbox 2428 1871 2562 1938; x_wconf 87' lang='lat' dir='ltr'><strong>lleli,</strong></span> <span class='ocrx_word' id='word_1_323' title='bbox 2595 1886 2890 1940; x_wconf 85' lang='lat' dir='ltr'><strong>areamque</strong></span> <span class='ocrx_word' id='word_1_324' title='bbox 2941 1867 3032 1926; x_wconf 88' lang='lat' dir='ltr'><strong>Dei</strong></span> <span class='ocrx_word' id='word_1_325' title='bbox 3069 1875 3388 1942; x_wconf 77' lang='lat' dir='ltr'><strong>capiendam</strong></span> <span class='ocrx_word' id='word_1_326' title='bbox 3431 1890 3552 1929; x_wconf 59' lang='lat' dir='ltr'><strong>esse</strong></span> 
     </span>
    </p>
   </div>
   <div class='ocr_carea' id='block_1_49' title="bbox 1981 1958 3550 2032">
    <p class='ocr_par' dir='ltr' id='par_1_49' title="bbox 1981 1958 3550 2032">
     <span class='ocr_line' id='line_1_50' title="bbox 1981 1958 3550 2032; baseline 0.006 -21"><span class='ocrx_word' id='word_1_327' title='bbox 1981 1960 2050 2012; x_wconf 88' lang='lat' dir='ltr'><strong>ab</strong></span> <span class='ocrx_word' id='word_1_328' title='bbox 2097 1958 2459 2029; x_wconf 83' lang='lat' dir='ltr'><strong>alienigenis:</strong></span> <span class='ocrx_word' id='word_1_329' title='bbox 2511 1972 2855 2031; x_wconf 70' lang='lat' dir='ltr'><strong>prmoccupat</strong></span> <span class='ocrx_word' id='word_1_330' title='bbox 2908 1965 3146 2018; x_wconf 86' lang='lat' dir='ltr'><strong>mulcere</strong></span> <span class='ocrx_word' id='word_1_331' title='bbox 3185 1965 3448 2032; x_wconf 86' lang='lat' dir='ltr'><strong>auditum,</strong></span> <span class='ocrx_word' id='word_1_332' title='bbox 3483 1983 3550 2020; x_wconf 83' lang='lat' dir='ltr'><strong>ne</strong></span> 
     </span>
    </p>
   </div>
   <div class='ocr_carea' id='block_1_50' title="bbox 1983 2048 3546 2125">
    <p class='ocr_par' dir='ltr' id='par_1_50' title="bbox 1983 2048 3546 2125">
     <span class='ocr_line' id='line_1_51' title="bbox 1983 2048 3546 2125; baseline 0.008 -28"><span class='ocrx_word' id='word_1_333' title='bbox 1983 2049 2103 2116; x_wconf 85' lang='lat' dir='ltr'><strong>quis</strong></span> <span class='ocrx_word' id='word_1_334' title='bbox 2136 2048 2278 2105; x_wconf 82' lang='lat' dir='ltr'><strong>forte</strong></span> <span class='ocrx_word' id='word_1_335' title='bbox 2300 2060 2575 2118; x_wconf 84' lang='lat' dir='ltr'><strong>reputaret</strong></span> <span class='ocrx_word' id='word_1_336' title='bbox 2603 2051 2798 2105; x_wconf 89' lang='lat' dir='ltr'><strong>durum</strong></span> <span class='ocrx_word' id='word_1_337' title='bbox 2842 2068 2962 2108; x_wconf 85' lang='lat' dir='ltr'><strong>esse</strong></span> <span class='ocrx_word' id='word_1_338' title='bbox 2999 2056 3183 2109; x_wconf 88' lang='lat' dir='ltr'><strong>Deum.</strong></span> <span class='ocrx_word' id='word_1_339' title='bbox 3233 2057 3546 2125; x_wconf 81' lang='lat' dir='ltr'><strong>Propterea,</strong></span> 
     </span>
    </p>
   </div>
   <div class='ocr_carea' id='block_1_51' title="bbox 1982 2141 3546 2210">
    <p class='ocr_par' dir='ltr' id='par_1_51' title="bbox 1982 2141 3546 2210">
     <span class='ocr_line' id='line_1_52' title="bbox 1982 2141 3546 2210; baseline 0.007 -18"><span class='ocrx_word' id='word_1_340' title='bbox 1982 2149 2041 2193; x_wconf 89' lang='lat' dir='ltr'><strong>ut</strong></span> <span class='ocrx_word' id='word_1_341' title='bbox 2067 2141 2312 2210; x_wconf 84' lang='lat' dir='ltr'><strong>inquam,</strong></span> <span class='ocrx_word' id='word_1_342' title='bbox 2341 2152 2524 2195; x_wconf 86' lang='lat' dir='ltr'><strong>narrat</strong></span> <span class='ocrx_word' id='word_1_343' title='bbox 2549 2145 2691 2210; x_wconf 88' lang='lat' dir='ltr'><strong>quod</strong></span> <span class='ocrx_word' id='word_1_344' title='bbox 2727 2159 2834 2197; x_wconf 90' lang='lat' dir='ltr'><strong>non</strong></span> <span class='ocrx_word' id='word_1_345' title='bbox 2873 2145 3034 2198; x_wconf 81' lang='lat' dir='ltr'><strong>fuerit</strong></span> <span class='ocrx_word' id='word_1_346' title='bbox 3064 2147 3406 2202; x_wconf 89' lang='lat' dir='ltr'><strong>imminutum</strong></span> <span class='ocrx_word' id='word_1_347' title='bbox 3431 2165 3546 2203; x_wconf 90' lang='lat' dir='ltr'><strong>sce-</strong></span> 
     </span>
    </p>
   </div>
   <div class='ocr_carea' id='block_1_52' title="bbox 1981 2233 3551 2307">
    <p class='ocr_par' dir='ltr' id='par_1_52' title="bbox 1981 2233 3551 2307">
     <span class='ocr_line' id='line_1_53' title="bbox 1981 2233 3551 2307; baseline 0.007 -22"><span class='ocrx_word' id='word_1_348' title='bbox 1981 2233 2066 2287; x_wconf 92' lang='lat' dir='ltr'><strong>lus</strong></span> <span class='ocrx_word' id='word_1_349' title='bbox 2092 2244 2147 2287; x_wconf 92' lang='lat' dir='ltr'><strong>et</strong></span> <span class='ocrx_word' id='word_1_350' title='bbox 2171 2246 2450 2302; x_wconf 84' lang='lat' dir='ltr'><strong>peceatum</strong></span> <span class='ocrx_word' id='word_1_351' title='bbox 2480 2235 2712 2289; x_wconf 89' lang='lat' dir='ltr'><strong>ﬁliorum</strong></span> <span class='ocrx_word' id='word_1_352' title='bbox 2749 2235 2916 2289; x_wconf 83' lang='lat' dir='ltr'><strong>Israel</strong></span> <span class='ocrx_word' id='word_1_353' title='bbox 2958 2236 3076 2307; x_wconf 73' lang='lat'><strong>(82)</strong></span> <span class='ocrx_word' id='word_1_354' title='bbox 3113 2249 3334 2306; x_wconf 82' lang='lat' dir='ltr'><strong>propter</strong></span> <span class='ocrx_word' id='word_1_355' title='bbox 3379 2243 3551 2296; x_wconf 87' lang='lat' dir='ltr'><strong>minas</strong></span> 
     </span>
    </p>
   </div>
   <div class='ocr_carea' id='block_1_53' title="bbox 1978 2325 3547 2397">
    <p class='ocr_par' dir='ltr' id='par_1_53' title="bbox 1978 2325 3547 2397">
     <span class='ocr_line' id='line_1_54' title="bbox 1978 2325 3547 2397; baseline 0.004 -21"><span class='ocrx_word' id='word_1_356' title='bbox 1978 2334 2031 2376; x_wconf 91' lang='lat' dir='ltr'><strong>et</strong></span> <span class='ocrx_word' id='word_1_357' title='bbox 2059 2325 2457 2393; x_wconf 57' lang='lat' dir='ltr'><strong>praedictionem</strong></span> <span class='ocrx_word' id='word_1_358' title='bbox 2491 2327 2754 2380; x_wconf 83' lang='lat' dir='ltr'><strong>adversus</strong></span> <span class='ocrx_word' id='word_1_359' title='bbox 2794 2326 2935 2391; x_wconf 80' lang='lat' dir='ltr'><strong>illos,</strong></span> <span class='ocrx_word' id='word_1_360' title='bbox 2956 2329 3084 2396; x_wconf 89' lang='lat' dir='ltr'><strong>quin</strong></span> <span class='ocrx_word' id='word_1_361' title='bbox 3124 2330 3302 2397; x_wconf 86' lang='lat' dir='ltr'><strong>potius</strong></span> <span class='ocrx_word' id='word_1_362' title='bbox 3333 2341 3547 2386; x_wconf 88' lang='lat' dir='ltr'><strong>auctum</strong></span> 
     </span>
    </p>
   </div>
   <div class='ocr_carea' id='block_1_54' title="bbox 1978 2413 2161 2468">
    <p class='ocr_par' dir='ltr' id='par_1_54' title="bbox 1978 2413 2161 2468">
     <span class='ocr_line' id='line_1_55' title="bbox 1978 2413 2161 2468; baseline 0.011 -2"><span class='ocrx_word' id='word_1_363' title='bbox 1978 2413 2161 2468; x_wconf 83' lang='lat' dir='ltr'><strong>fuerit.</strong></span> 
     </span>
    </p>
   </div>
   <div class='ocr_carea' id='block_1_55' title="bbox 1980 2506 3553 2582">
    <p class='ocr_par' dir='ltr' id='par_1_55' title="bbox 1980 2506 3553 2582">
     <span class='ocr_line' id='line_1_56' title="bbox 1980 2506 3553 2582; baseline 0.004 -22"><span class='ocrx_word' id='word_1_364' title='bbox 1980 2507 2043 2560; x_wconf 90' lang='lat' dir='ltr'><strong>V.</strong></span> <span class='ocrx_word' id='word_1_365' title='bbox 2075 2507 2132 2562; x_wconf 75' lang='grc'>2.</span> <span class='ocrx_word' id='word_1_366' title='bbox 2191 2506 2501 2570; x_wconf 85' lang='lat' dir='ltr'><strong>Declinavit,</strong></span> <span class='ocrx_word' id='word_1_367' title='bbox 2567 2509 2761 2579; x_wconf 85' lang='lat' dir='ltr'><strong>inquit,</strong></span> <span class='ocrx_word' id='word_1_368' title='bbox 2815 2511 3027 2582; x_wconf 76' lang='lat' dir='ltr'><strong>bellum.</strong></span> <span class='ocrx_word' id='word_1_369' title='bbox 3064 2510 3192 2575; x_wconf 88' lang='lat' dir='ltr'><strong>Pro,</strong></span> <span class='ocrx_word' id='word_1_370' title='bbox 3243 2529 3349 2566; x_wconf 90' lang='lat' dir='ltr'><strong>non</strong></span> <span class='ocrx_word' id='word_1_371' title='bbox 3401 2529 3553 2582; x_wconf 62' lang='lat' dir='ltr'><strong>mque</strong></span> 
     </span>
    </p>
   </div>
   <div class='ocr_carea' id='block_1_56' title="bbox 2052 2580 3549 2653">
    <p class='ocr_par' dir='ltr' id='par_1_56' title="bbox 2052 2580 3549 2653">
     <span class='ocr_line' id='line_1_57' title="bbox 2052 2580 3549 2653; baseline 0.005 -24"><span class='ocrx_word' id='word_1_372' title='bbox 2052 2588 2226 2630; x_wconf 89' lang='lat' dir='ltr'><strong>marte</strong></span> <span class='ocrx_word' id='word_1_373' title='bbox 2253 2589 2804 2653; x_wconf 70' lang='lat' dir='ltr'><strong>pttgnarepoterant.</strong></span> <span class='ocrx_word' id='word_1_374' title='bbox 2836 2580 2941 2653; x_wconf 82' lang='lat' dir='ltr'><strong>Sed</strong></span> <span class='ocrx_word' id='word_1_375' title='bbox 2983 2598 3088 2653; x_wconf 80' lang='lat' dir='ltr'><strong>una</strong></span> <span class='ocrx_word' id='word_1_376' title='bbox 3125 2598 3250 2651; x_wconf 79' lang='lat' dir='ltr'><strong>pars</strong></span> <span class='ocrx_word' id='word_1_377' title='bbox 3284 2585 3336 2636; x_wconf 88' lang='lat' dir='ltr'><strong>itt</strong></span> <span class='ocrx_word' id='word_1_378' title='bbox 3368 2580 3549 2653; x_wconf 75' lang='lat' dir='ltr'><strong>fugant</strong></span> 
     </span>
    </p>
   </div>
   <div class='ocr_carea' id='block_1_57' title="bbox 2050 2650 3155 2717">
    <p class='ocr_par' dir='ltr' id='par_1_57' title="bbox 2050 2650 3155 2717">
     <span class='ocr_line' id='line_1_58' title="bbox 2050 2650 3155 2717; baseline 0.008 -19"><span class='ocrx_word' id='word_1_379' title='bbox 2050 2662 2228 2712; x_wconf 75' lang='lat' dir='ltr'><strong>versa,</strong></span> <span class='ocrx_word' id='word_1_380' title='bbox 2263 2650 2692 2717; x_wconf 69' lang='lat' dir='ltr'><strong>praeponderavit</strong></span> <span class='ocrx_word' id='word_1_381' title='bbox 2724 2651 2869 2704; x_wconf 86' lang='lat' dir='ltr'><strong>velut</strong></span> <span class='ocrx_word' id='word_1_382' title='bbox 2899 2652 2950 2705; x_wconf 89' lang='lat' dir='ltr'><strong>itt</strong></span> <span class='ocrx_word' id='word_1_383' title='bbox 2981 2650 3155 2706; x_wconf 84' lang='lat' dir='ltr'><strong>lance.</strong></span> 
     </span>
    </p>
   </div>
   <div class='ocr_carea' id='block_1_58' title="bbox 2048 2821 3548 2897">
    <p class='ocr_par' dir='ltr' id='par_1_58' title="bbox 2048 2821 3548 2897">
     <span class='ocr_line' id='line_1_59' title="bbox 2048 2821 3548 2897; baseline 0.007 -22"><span class='ocrx_word' id='word_1_384' title='bbox 2048 2821 2375 2890; x_wconf 86' lang='lat' dir='ltr'><strong>Notandum,</strong></span> <span class='ocrx_word' id='word_1_385' title='bbox 2428 2839 2547 2879; x_wconf 81' lang='lat' dir='ltr'><strong>sine</strong></span> <span class='ocrx_word' id='word_1_386' title='bbox 2597 2839 2759 2880; x_wconf 91' lang='lat' dir='ltr'><strong>causa</strong></span> <span class='ocrx_word' id='word_1_387' title='bbox 2811 2843 3086 2897; x_wconf 87' lang='lat' dir='ltr'><strong>nunquam</strong></span> <span class='ocrx_word' id='word_1_388' title='bbox 3132 2829 3336 2884; x_wconf 84' lang='lat' dir='ltr'><strong>vietum</strong></span> <span class='ocrx_word' id='word_1_389' title='bbox 3379 2829 3548 2885; x_wconf 77' lang='lat' dir='ltr'><strong>Fuisse</strong></span> 
     </span>
    </p>
   </div>
   <div class='ocr_carea' id='block_1_59' title="bbox 1976 2913 3369 2988">
    <p class='ocr_par' dir='ltr' id='par_1_59' title="bbox 1976 2913 3369 2988">
     <span class='ocr_line' id='line_1_60' title="bbox 1976 2913 3369 2988; baseline 0.006 -24"><span class='ocrx_word' id='word_1_390' title='bbox 1976 2913 2140 2966; x_wconf 85' lang='lat' dir='ltr'><strong>Israel</strong></span> <span class='ocrx_word' id='word_1_391' title='bbox 2167 2928 2180 2963; x_wconf 87' lang='lat'><strong>:</strong></span> <span class='ocrx_word' id='word_1_392' title='bbox 2214 2925 2501 2984; x_wconf 85' lang='lat' dir='ltr'><strong>prepterea</strong></span> <span class='ocrx_word' id='word_1_393' title='bbox 2533 2918 2700 2970; x_wconf 88' lang='lat' dir='ltr'><strong>etiam</strong></span> <span class='ocrx_word' id='word_1_394' title='bbox 2727 2933 2944 2971; x_wconf 84' lang='lat' dir='ltr'><strong>causam</strong></span> <span class='ocrx_word' id='word_1_395' title='bbox 2997 2919 3369 2988; x_wconf 87' lang='lat' dir='ltr'><strong>requirebant.</strong></span> 
     </span>
    </p>
   </div>
   <div class='ocr_carea' id='block_1_60' title="bbox 1977 3006 3544 3130">
    <p class='ocr_par' dir='ltr' id='par_1_60' title="bbox 1977 3006 3544 3130">
     <span class='ocr_line' id='line_1_61' title="bbox 1977 3006 3544 3130; baseline 0.002 -70"><span class='ocrx_word' id='word_1_396' title='bbox 1977 3006 2041 3060; x_wconf 83' lang='lat' dir='ltr'><strong>V.</strong></span> <span class='ocrx_word' id='word_1_397' title='bbox 2067 3006 2123 3061; x_wconf 91' lang='lat'><strong>8.</strong></span> <span class='ocrx_word' id='word_1_398' title='bbox 2165 3006 2269 3072; x_wconf 84' lang='lat' dir='ltr'><strong>Qui</strong></span> <span class='ocrx_word' id='word_1_399' title='bbox 2296 3019 2658 3089; x_wconf 72' lang='lat' dir='ltr'><strong>percusserunt</strong></span> <span class='ocrx_word' id='word_1_400' title='bbox 2688 3007 2980 3130; x_wconf 82' lang='lat' dir='ltr'><strong>gyptum</strong></span> <span class='ocrx_word' id='word_1_401' title='bbox 3020 3011 3076 3062; x_wconf 86' lang='lat' dir='ltr'><strong>in</strong></span> <span class='ocrx_word' id='word_1_402' title='bbox 3107 3011 3248 3062; x_wconf 82' lang='lat' dir='ltr'><strong>omni</strong></span> <span class='ocrx_word' id='word_1_403' title='bbox 3284 3012 3464 3080; x_wconf 77' lang='lat' dir='ltr'><strong>plaga,</strong></span> <span class='ocrx_word' id='word_1_404' title='bbox 3493 3020 3544 3064; x_wconf 78' lang='lat' dir='ltr'><strong>et</strong></span> 
     </span>
     <span class='ocr_line' id='line_1_62' title="bbox 2610 3090 2914 3130; baseline 0 0"><span class='ocrx_word' id='word_1_405' title='bbox 2610 3095 2664 3130; x_wconf 83' lang='grc' dir='ltr'><strong>ιιι</strong></span> <span class='ocrx_word' id='word_1_406' title='bbox 2731 3090 2914 3130; x_wconf 67' lang='lat' dir='ltr'><strong>exerto.</strong></span> 
     </span>
    </p>
   </div>
   <div class='ocr_carea' id='block_1_61' title="bbox 2610 3090 2914 3132">
    <p class='ocr_par' dir='ltr' id='par_1_61' title="bbox 2610 3090 2914 3132">
     <span class='ocr_line' id='line_1_63' title="bbox 2610 3090 2914 3132; baseline -0.003 -1"><span class='ocrx_word' id='word_1_407' title='bbox 2610 3095 2664 3132; x_wconf 80' lang='grc' dir='ltr'><strong>ιιι</strong></span> <span class='ocrx_word' id='word_1_408' title='bbox 2695 3090 2914 3132; x_wconf 64' lang='grc' dir='ltr'>αδδενιο.</span> 
     </span>
    </p>
   </div>
   <div class='ocr_carea' id='block_1_62' title="bbox 384 3145 1877 3238">
    <p class='ocr_par' dir='ltr' id='par_1_62' title="bbox 384 3157 1877 3236">
     <span class='ocr_line' id='line_1_64' title="bbox 384 3157 1877 3236; baseline 0.005 -26"><span class='ocrx_word' id='word_1_409' title='bbox 384 3157 476 3210; x_wconf 86' lang='grc' dir='ltr'>Ἐν</span> <span class='ocrx_word' id='word_1_410' title='bbox 522 3158 629 3230; x_wconf 82' lang='grc' dir='ltr'><strong>γὰρ</strong></span> <span class='ocrx_word' id='word_1_411' title='bbox 677 3163 744 3231; x_wconf 80' lang='grc' dir='ltr'>τῇ</span> <span class='ocrx_word' id='word_1_412' title='bbox 781 3163 970 3232; x_wconf 83' lang='grc' dir='ltr'>ἐρήμῳ</span> <span class='ocrx_word' id='word_1_413' title='bbox 1001 3161 1196 3224; x_wconf 81' lang='grc' dir='ltr'>αὐτοὺς</span> <span class='ocrx_word' id='word_1_414' title='bbox 1242 3164 1370 3225; x_wconf 84' lang='grc' dir='ltr'>τοὺς</span> <span class='ocrx_word' id='word_1_415' title='bbox 1414 3165 1563 3228; x_wconf 83' lang='grc' dir='ltr'>υἱοὺς</span> <span class='ocrx_word' id='word_1_416' title='bbox 1605 3163 1818 3236; x_wconf 80' lang='grc' dir='ltr'>Ἰσραὴλ</span> <span class='ocrx_word' id='word_1_417' title='bbox 1849 3165 1877 3217; x_wconf 83' lang='grc' dir='ltr'>ὁ</span> 
     </span>
    </p>
   </div>
   <div class='ocr_carea' id='block_1_63' title="bbox 1984 3145 3550 3238">
    <p class='ocr_par' dir='ltr' id='par_1_63' title="bbox 2053 3166 3550 3238">
     <span class='ocr_line' id='line_1_65' title="bbox 2053 3166 3550 3238; baseline 0.004 -18"><span class='ocrx_word' id='word_1_418' title='bbox 2053 3167 2107 3221; x_wconf 92' lang='lat' dir='ltr'><strong>In</strong></span> <span class='ocrx_word' id='word_1_419' title='bbox 2155 3166 2370 3224; x_wconf 87' lang='lat' dir='ltr'><strong>deserto</strong></span> <span class='ocrx_word' id='word_1_420' title='bbox 2419 3170 2564 3222; x_wconf 91' lang='lat' dir='ltr'><strong>enim</strong></span> <span class='ocrx_word' id='word_1_421' title='bbox 2616 3169 2875 3238; x_wconf 89' lang='lat' dir='ltr'><strong>ipsostnet</strong></span> <span class='ocrx_word' id='word_1_422' title='bbox 2909 3171 3046 3224; x_wconf 90' lang='lat' dir='ltr'><strong>ﬁlios</strong></span> <span class='ocrx_word' id='word_1_423' title='bbox 3075 3169 3241 3226; x_wconf 82' lang='lat' dir='ltr'><strong>Israel</strong></span> <span class='ocrx_word' id='word_1_424' title='bbox 3274 3173 3414 3227; x_wconf 89' lang='lat' dir='ltr'><strong>Deus</strong></span> <span class='ocrx_word' id='word_1_425' title='bbox 3453 3188 3550 3226; x_wconf 79' lang='lat' dir='ltr'><strong>va-</strong></span> 
     </span>
    </p>
   </div>
   <div class='ocr_carea' id='block_1_64' title="bbox 300 3247 1878 3328">
    <p class='ocr_par' dir='ltr' id='par_1_64' title="bbox 300 3247 1878 3328">
     <span class='ocr_line' id='line_1_66' title="bbox 300 3247 1878 3328; baseline 0.004 -26"><span class='ocrx_word' id='word_1_426' title='bbox 300 3247 439 3314; x_wconf 76' lang='grc' dir='ltr'>Θεδς</span> <span class='ocrx_word' id='word_1_427' title='bbox 484 3250 760 3323; x_wconf 84' lang='grc' dir='ltr'>διαφόροις</span> <span class='ocrx_word' id='word_1_428' title='bbox 788 3253 1023 3323; x_wconf 79' lang='grc' dir='ltr'><strong>ἐδάμασε</strong></span> <span class='ocrx_word' id='word_1_429' title='bbox 1052 3253 1306 3324; x_wconf 79' lang='grc' dir='ltr'>πληγαῖς,</span> <span class='ocrx_word' id='word_1_430' title='bbox 1341 3253 1528 3328; x_wconf 85' lang='grc' dir='ltr'>ὥσπερ</span> <span class='ocrx_word' id='word_1_431' title='bbox 1556 3257 1681 3320; x_wconf 83' lang='grc' dir='ltr'>τοὺς</span> <span class='ocrx_word' id='word_1_432' title='bbox 1713 3258 1878 3324; x_wconf 85' lang='grc' dir='ltr'>Αἰγυ-</span> 
     </span>
    </p>
   </div>
   <div class='ocr_carea' id='block_1_65' title="bbox 299 3343 984 3417">
    <p class='ocr_par' dir='ltr' id='par_1_65' title="bbox 299 3343 984 3417">
     <span class='ocr_line' id='line_1_67' title="bbox 299 3343 984 3417; baseline 0.01 -22"><span class='ocrx_word' id='word_1_433' title='bbox 299 3343 497 3408; x_wconf 78' lang='grc' dir='ltr'>πτιους</span> <span class='ocrx_word' id='word_1_434' title='bbox 520 3347 578 3397; x_wconf 84' lang='grc' dir='ltr'><strong>ἐν</strong></span> <span class='ocrx_word' id='word_1_435' title='bbox 607 3349 672 3417; x_wconf 84' lang='grc' dir='ltr'>τῇ</span> <span class='ocrx_word' id='word_1_436' title='bbox 702 3347 984 3417; x_wconf 84' lang='grc' dir='ltr'>Αἰγύπτῳ.</span> 
     </span>
    </p>
   </div>
   <div class='ocr_carea' id='block_1_66' title="bbox 299 3434 1877 3519">
    <p class='ocr_par' dir='ltr' id='par_1_66' title="bbox 299 3434 1877 3519">
     <span class='ocr_line' id='line_1_68' title="bbox 299 3434 1877 3519; baseline 0.004 -30"><span class='ocrx_word' id='word_1_437' title='bbox 299 3437 453 3507; x_wconf 81' lang='grc' dir='ltr'>Στίχ.</span> <span class='ocrx_word' id='word_1_438' title='bbox 489 3444 577 3507; x_wconf 82' lang='grc' dir='ltr'>ιγ’.</span> <span class='ocrx_word' id='word_1_439' title='bbox 602 3434 729 3491; x_wconf 81' lang='grc' dir='ltr'>Ὅτι</span> <span class='ocrx_word' id='word_1_440' title='bbox 745 3435 825 3509; x_wconf 81' lang='grc' dir='ltr'><strong>ἦν</strong></span> <span class='ocrx_word' id='word_1_441' title='bbox 844 3441 882 3508; x_wconf 75' lang='grc' dir='ltr'><strong><em>ἡ</em></strong></span> <span class='ocrx_word' id='word_1_442' title='bbox 911 3439 1122 3519; x_wconf 46' lang='grc' dir='ltr'>καρδία</span> <span class='ocrx_word' id='word_1_443' title='bbox 1141 3440 1326 3519; x_wconf 44' lang='grc' dir='ltr'>αὑποῦ</span> <span class='ocrx_word' id='word_1_444' title='bbox 1349 3440 1714 3510; x_wconf 82' lang='grc' dir='ltr'>ἐξεστηκυῖα</span> <span class='ocrx_word' id='word_1_445' title='bbox 1744 3442 1877 3510; x_wconf 77' lang='grc' dir='ltr'>περὶ</span> 
     </span>
    </p>
   </div>
   <div class='ocr_carea' id='block_1_67' title="bbox 884 3512 1291 3578">
    <p class='ocr_par' dir='ltr' id='par_1_67' title="bbox 884 3512 1291 3578">
     <span class='ocr_line' id='line_1_69' title="bbox 884 3512 1291 3578; baseline 0.01 -15"><span class='ocrx_word' id='word_1_446' title='bbox 884 3512 992 3578; x_wconf 82' lang='grc' dir='ltr'>τῆς</span> <span class='ocrx_word' id='word_1_447' title='bbox 1025 3512 1291 3567; x_wconf 80' lang='grc' dir='ltr'>κιϐωτοῦ.</span> 
     </span>
    </p>
   </div>
   <div class='ocr_carea' id='block_1_68' title="bbox 376 3599 1881 3675">
    <p class='ocr_par' dir='ltr' id='par_1_68' title="bbox 376 3599 1881 3675">
     <span class='ocr_line' id='line_1_70' title="bbox 376 3599 1881 3675; baseline 0.003 -24"><span class='ocrx_word' id='word_1_448' title='bbox 376 3599 622 3671; x_wconf 76' lang='grc' dir='ltr'>Εὐσεϐὴς</span> <span class='ocrx_word' id='word_1_449' title='bbox 664 3603 692 3653; x_wconf 84' lang='grc' dir='ltr'>ὁ</span> <span class='ocrx_word' id='word_1_450' title='bbox 734 3600 852 3653; x_wconf 76' lang='grc' dir='ltr'><strong>Ἠλὶ</strong></span> <span class='ocrx_word' id='word_1_451' title='bbox 903 3600 1024 3652; x_wconf 80' lang='grc' dir='ltr'>καθ’</span> <span class='ocrx_word' id='word_1_452' title='bbox 1074 3601 1284 3654; x_wconf 78' lang='grc' dir='ltr'>ἑαυτόν.</span> <span class='ocrx_word' id='word_1_453' title='bbox 1327 3603 1402 3655; x_wconf 84' lang='grc' dir='ltr'><strong>Οὐ</strong></span> <span class='ocrx_word' id='word_1_454' title='bbox 1446 3602 1555 3674; x_wconf 76' lang='grc' dir='ltr'><strong>γὰρ</strong></span> <span class='ocrx_word' id='word_1_455' title='bbox 1601 3604 1728 3675; x_wconf 70' lang='grc' dir='ltr'>περὶ</span> <span class='ocrx_word' id='word_1_456' title='bbox 1782 3604 1881 3674; x_wconf 83' lang='grc' dir='ltr'>τῆς</span> 
     </span>
    </p>
   </div>
   <div class='ocr_carea' id='block_1_69' title="bbox 301 3694 1878 3766">
    <p class='ocr_par' dir='ltr' id='par_1_69' title="bbox 301 3694 1878 3766">
     <span class='ocr_line' id='line_1_71' title="bbox 301 3694 1878 3766; baseline 0.002 -21"><span class='ocrx_word' id='word_1_457' title='bbox 301 3694 582 3766; x_wconf 82' lang='grc' dir='ltr'>σωτηρίας</span> <span class='ocrx_word' id='word_1_458' title='bbox 621 3695 728 3748; x_wconf 87' lang='grc' dir='ltr'><strong>τῶν</strong></span> <span class='ocrx_word' id='word_1_459' title='bbox 767 3694 972 3747; x_wconf 78' lang='grc' dir='ltr'>τέκνων</span> <span class='ocrx_word' id='word_1_460' title='bbox 1017 3694 1223 3763; x_wconf 76' lang='grc' dir='ltr'>ἠγωνία</span> <span class='ocrx_word' id='word_1_461' title='bbox 1257 3697 1683 3766; x_wconf 63' lang='grc' dir='ltr'>προηγουμένως</span> <span class='ocrx_word' id='word_1_462' title='bbox 1708 3736 1722 3759; x_wconf 94' lang='grc'><strong>,</strong></span> <span class='ocrx_word' id='word_1_463' title='bbox 1767 3695 1878 3748; x_wconf 85' lang='grc' dir='ltr'>ἀλλ’</span> 
     </span>
    </p>
   </div>
   <div class='ocr_carea' id='block_1_70' title="bbox 301 3785 1881 3858">
    <p class='ocr_par' dir='ltr' id='par_1_70' title="bbox 301 3785 1881 3858">
     <span class='ocr_line' id='line_1_72' title="bbox 301 3785 1881 3858; baseline 0.001 -21"><span class='ocrx_word' id='word_1_464' title='bbox 301 3785 446 3857; x_wconf 80' lang='grc' dir='ltr'>ὑπὲρ</span> <span class='ocrx_word' id='word_1_465' title='bbox 478 3789 578 3858; x_wconf 82' lang='grc' dir='ltr'>τῆς</span> <span class='ocrx_word' id='word_1_466' title='bbox 607 3785 860 3849; x_wconf 86' lang='grc' dir='ltr'>κιϐωτοῦ,</span> <span class='ocrx_word' id='word_1_467' title='bbox 899 3786 1106 3857; x_wconf 81' lang='grc' dir='ltr'>μήποτε</span> <span class='ocrx_word' id='word_1_468' title='bbox 1126 3785 1335 3854; x_wconf 85' lang='grc' dir='ltr'>γένοιτο</span> <span class='ocrx_word' id='word_1_469' title='bbox 1376 3786 1481 3839; x_wconf 82' lang='grc' dir='ltr'><strong>ὑπὸ</strong></span> <span class='ocrx_word' id='word_1_470' title='bbox 1508 3789 1619 3850; x_wconf 75' lang='grc' dir='ltr'>τοῖς</span> <span class='ocrx_word' id='word_1_471' title='bbox 1652 3786 1881 3856; x_wconf 71' lang='grc' dir='ltr'>ἀλλοφύ-</span> 
     </span>
    </p>
   </div>
   <div class='ocr_carea' id='block_1_71' title="bbox 301 3876 944 3950">
    <p class='ocr_par' dir='ltr' id='par_1_71' title="bbox 301 3876 944 3950">
     <span class='ocr_line' id='line_1_73' title="bbox 301 3876 944 3950; baseline 0.002 -21"><span class='ocrx_word' id='word_1_472' title='bbox 301 3876 434 3941; x_wconf 77' lang='grc' dir='ltr'>λοις⁶</span> <span class='ocrx_word' id='word_1_473' title='bbox 461 3878 490 3929; x_wconf 87' lang='grc' dir='ltr'>ὃ</span> <span class='ocrx_word' id='word_1_474' title='bbox 517 3879 580 3950; x_wconf 81' lang='grc' dir='ltr'>δὴ</span> <span class='ocrx_word' id='word_1_475' title='bbox 605 3879 698 3931; x_wconf 78' lang='grc' dir='ltr'>καὶ</span> <span class='ocrx_word' id='word_1_476' title='bbox 724 3879 944 3948; x_wconf 79' lang='grc' dir='ltr'>συνέϐη.</span> 
     </span>
    </p>
   </div>
   <div class='ocr_carea' id='block_1_72' title="bbox 400 3966 1878 4042">
    <p class='ocr_par' dir='ltr' id='par_1_72' title="bbox 400 3966 1878 4042">
     <span class='ocr_line' id='line_1_74' title="bbox 400 3966 1878 4042; baseline -0.001 -19"><span class='ocrx_word' id='word_1_477' title='bbox 400 3990 452 4042; x_wconf 84' lang='grc' dir='ltr'>χ.</span> <span class='ocrx_word' id='word_1_478' title='bbox 494 3971 723 4042; x_wconf 76' lang='grc' dir='ltr'>ιη’.1(ιιὶ</span> <span class='ocrx_word' id='word_1_479' title='bbox 774 3972 1010 4040; x_wconf 75' lang='grc' dir='ltr'>ἐγένετο</span> <span class='ocrx_word' id='word_1_480' title='bbox 1037 3967 1424 4042; x_wconf 32' lang='grc' dir='ltr'>ὡς-ὲμνζήοζθη</span> <span class='ocrx_word' id='word_1_481' title='bbox 1468 3966 1581 4042; x_wconf 82' lang='grc' dir='ltr'>τῆς</span> <span class='ocrx_word' id='word_1_482' title='bbox 1628 3970 1878 4042; x_wconf 78' lang='grc' dir='ltr'>κιϐωτοῦ</span> 
     </span>
    </p>
   </div>
   <div class='ocr_carea' id='block_1_73' title="bbox 336 4037 1840 4106">
    <p class='ocr_par' dir='ltr' id='par_1_73' title="bbox 336 4037 1840 4106">
     <span class='ocr_line' id='line_1_75' title="bbox 336 4037 1840 4106; baseline -0.002 -11"><span class='ocrx_word' id='word_1_483' title='bbox 336 4037 446 4096; x_wconf 73' lang='grc' dir='ltr'><strong>τοῦ</strong></span> <span class='ocrx_word' id='word_1_484' title='bbox 489 4037 658 4105; x_wconf 73' lang='grc' dir='ltr'>Θεοῦ,</span> <span class='ocrx_word' id='word_1_485' title='bbox 682 4044 778 4095; x_wconf 81' lang='grc' dir='ltr'>καὶ</span> <span class='ocrx_word' id='word_1_486' title='bbox 799 4037 1020 4095; x_wconf 77' lang='grc' dir='ltr'>ἔπεσεν</span> <span class='ocrx_word' id='word_1_487' title='bbox 1040 4039 1158 4094; x_wconf 83' lang='grc' dir='ltr'>ἀπὸ</span> <span class='ocrx_word' id='word_1_488' title='bbox 1177 4038 1282 4092; x_wconf 83' lang='grc' dir='ltr'><strong>τοῦ</strong></span> <span class='ocrx_word' id='word_1_489' title='bbox 1295 4037 1505 4106; x_wconf 65' lang='grc' dir='ltr'>δίφρου</span> <span class='ocrx_word' id='word_1_490' title='bbox 1534 4040 1840 4104; x_wconf 79' lang='grc' dir='ltr'>όπισθίως.</span> 
     </span>
    </p>
   </div>
   <div class='ocr_carea' id='block_1_74' title="bbox 302 3971 397 4024">
    <p class='ocr_par' dir='ltr' id='par_1_74' title="bbox 302 3971 397 4024">
     <span class='ocr_line' id='line_1_76' title="bbox 302 3971 397 4024; baseline -0.021 0"><span class='ocrx_word' id='word_1_491' title='bbox 302 3971 397 4024; x_wconf 86' lang='grc' dir='ltr'><strong>Στί</strong></span> 
     </span>
    </p>
   </div>
   <div class='ocr_carea' id='block_1_75' title="bbox 371 4131 1880 4204">
    <p class='ocr_par' dir='ltr' id='par_1_75' title="bbox 371 4131 1880 4204">
     <span class='ocr_line' id='line_1_77' title="bbox 371 4131 1880 4204; baseline -0.003 -18"><span class='ocrx_word' id='word_1_492' title='bbox 371 4135 496 4187; x_wconf 86' lang='grc' dir='ltr'>Τῶν</span> <span class='ocrx_word' id='word_1_493' title='bbox 541 4133 673 4186; x_wconf 87' lang='grc' dir='ltr'>υἱῶν</span> <span class='ocrx_word' id='word_1_494' title='bbox 698 4135 796 4204; x_wconf 82' lang='grc' dir='ltr'>τὴν</span> <span class='ocrx_word' id='word_1_495' title='bbox 827 4133 1040 4201; x_wconf 82' lang='grc' dir='ltr'>σφαγὴν</span> <span class='ocrx_word' id='word_1_496' title='bbox 1084 4131 1357 4200; x_wconf 82' lang='grc' dir='ltr'>ἐγνωκὼς,</span> <span class='ocrx_word' id='word_1_497' title='bbox 1392 4131 1492 4183; x_wconf 86' lang='grc' dir='ltr'>οὐκ</span> <span class='ocrx_word' id='word_1_498' title='bbox 1539 4131 1776 4200; x_wconf 86' lang='grc' dir='ltr'>ἀγεννῶς</span> <span class='ocrx_word' id='word_1_499' title='bbox 1816 4133 1880 4202; x_wconf 77' lang='grc' dir='ltr'>ή-</span> 
     </span>
    </p>
   </div>
   <div class='ocr_carea' id='block_1_76' title="bbox 301 4221 1877 4296">
    <p class='ocr_par' dir='ltr' id='par_1_76' title="bbox 301 4221 1877 4296">
     <span class='ocr_line' id='line_1_78' title="bbox 301 4221 1877 4296; baseline -0.004 -16"><span class='ocrx_word' id='word_1_500' title='bbox 301 4244 465 4295; x_wconf 81' lang='grc' dir='ltr'>νεγκε</span> <span class='ocrx_word' id='word_1_501' title='bbox 522 4225 706 4296; x_wconf 81' lang='grc' dir='ltr'>πατὴρ</span> <span class='ocrx_word' id='word_1_502' title='bbox 743 4227 836 4278; x_wconf 76' lang='grc' dir='ltr'>καὶ</span> <span class='ocrx_word' id='word_1_503' title='bbox 874 4224 1184 4296; x_wconf 84' lang='grc' dir='ltr'>πρεσϐύτης</span> <span class='ocrx_word' id='word_1_504' title='bbox 1216 4222 1310 4275; x_wconf 81' lang='grc' dir='ltr'>ὢν.</span> <span class='ocrx_word' id='word_1_505' title='bbox 1349 4221 1458 4293; x_wconf 74' lang='grc' dir='ltr'><strong>Τὴν</strong></span> <span class='ocrx_word' id='word_1_506' title='bbox 1503 4223 1680 4293; x_wconf 86' lang='grc' dir='ltr'>μέντοι</span> <span class='ocrx_word' id='word_1_507' title='bbox 1710 4223 1877 4276; x_wconf 83' lang='grc' dir='ltr'>κιϐω-</span> 
     </span>
    </p>
   </div>
   <div class='ocr_carea' id='block_1_77' title="bbox 303 4313 1876 4390">
    <p class='ocr_par' dir='ltr' id='par_1_77' title="bbox 303 4313 1876 4390">
     <span class='ocr_line' id='line_1_79' title="bbox 303 4313 1876 4390; baseline -0.003 -19"><span class='ocrx_word' id='word_1_508' title='bbox 303 4320 393 4371; x_wconf 78' lang='grc' dir='ltr'>τὸν</span> <span class='ocrx_word' id='word_1_509' title='bbox 440 4318 764 4390; x_wconf 83' lang='grc' dir='ltr'>δοριάλωτον</span> <span class='ocrx_word' id='word_1_510' title='bbox 813 4316 1140 4386; x_wconf 86' lang='grc' dir='ltr'>γεγενῆσθαι</span> <span class='ocrx_word' id='word_1_511' title='bbox 1189 4313 1392 4385; x_wconf 87' lang='grc' dir='ltr'>μαθὼν,</span> <span class='ocrx_word' id='word_1_512' title='bbox 1430 4313 1719 4376; x_wconf 84' lang='grc' dir='ltr'>κατέπεσε,</span> <span class='ocrx_word' id='word_1_513' title='bbox 1781 4315 1876 4367; x_wconf 81' lang='grc' dir='ltr'>καὶ</span> 
     </span>
    </p>
   </div>
   <div class='ocr_carea' id='block_1_78' title="bbox 302 4407 1871 4484">
    <p class='ocr_par' dir='ltr' id='par_1_78' title="bbox 302 4407 1871 4484">
     <span class='ocr_line' id='line_1_80' title="bbox 302 4407 1871 4484; baseline -0.001 -22"><span class='ocrx_word' id='word_1_514' title='bbox 302 4415 368 4483; x_wconf 76' lang='grc' dir='ltr'>τῇ</span> <span class='ocrx_word' id='word_1_515' title='bbox 394 4413 496 4484; x_wconf 81' lang='grc' dir='ltr'>τῆς</span> <span class='ocrx_word' id='word_1_516' title='bbox 517 4410 756 4482; x_wconf 79' lang='grc' dir='ltr'>ἀθυμίας</span> <span class='ocrx_word' id='word_1_517' title='bbox 795 4409 1064 4480; x_wconf 86' lang='grc' dir='ltr'>ὑπερϐολῇ</span> <span class='ocrx_word' id='word_1_518' title='bbox 1088 4408 1182 4460; x_wconf 89' lang='grc' dir='ltr'><strong>τοῦ</strong></span> <span class='ocrx_word' id='word_1_519' title='bbox 1219 4407 1331 4477; x_wconf 87' lang='grc' dir='ltr'>βίου</span> <span class='ocrx_word' id='word_1_520' title='bbox 1365 4409 1426 4460; x_wconf 87' lang='grc' dir='ltr'>τὸ</span> <span class='ocrx_word' id='word_1_521' title='bbox 1456 4407 1608 4470; x_wconf 80' lang='grc' dir='ltr'>τέλος</span> <span class='ocrx_word' id='word_1_522' title='bbox 1637 4407 1871 4475; x_wconf 78' lang='grc' dir='ltr'>ἐδέξατο.</span> 
     </span>
    </p>
   </div>
   <div class='ocr_carea' id='block_1_79' title="bbox 962 4500 1224 4553">
    <p class='ocr_par' dir='ltr' id='par_1_79' title="bbox 962 4500 1224 4553">
     <span class='ocr_line' id='line_1_81' title="bbox 962 4500 1224 4553; baseline -0.008 0"><span class='ocrx_word' id='word_1_523' title='bbox 962 4501 1119 4553; x_wconf 79' lang='grc' dir='ltr'><strong>ΚΕΦ.</strong></span> <span class='ocrx_word' id='word_1_524' title='bbox 1149 4500 1224 4551; x_wconf 88' lang='grc' dir='ltr'><strong>Ε¹.</strong></span> 
     </span>
    </p>
   </div>
   <div class='ocr_carea' id='block_1_80' title="bbox 305 4591 1875 4667">
    <p class='ocr_par' dir='ltr' id='par_1_80' title="bbox 305 4591 1875 4667">
     <span class='ocr_line' id='line_1_82' title="bbox 305 4591 1875 4667; baseline -0.002 -18"><span class='ocrx_word' id='word_1_525' title='bbox 305 4595 607 4667; x_wconf 60' lang='grc' dir='ltr'>ῧτὶχ.γ’,δ’.</span> <span class='ocrx_word' id='word_1_526' title='bbox 630 4593 741 4648; x_wconf 80' lang='lat' dir='ltr'><strong>Kal</strong></span> <span class='ocrx_word' id='word_1_527' title='bbox 756 4592 1050 4667; x_wconf 66' lang='grc' dir='ltr'>ὧρθρισᾳν</span> <span class='ocrx_word' id='word_1_528' title='bbox 1073 4596 1129 4667; x_wconf 66' lang='grc' dir='ltr'>οξ</span> <span class='ocrx_word' id='word_1_529' title='bbox 1164 4591 1435 4667; x_wconf 63' lang='grc' dir='ltr'>Ἀζώτιοι,</span> <span class='ocrx_word' id='word_1_530' title='bbox 1455 4592 1553 4667; x_wconf 73' lang='grc' dir='ltr'>καὶ</span> <span class='ocrx_word' id='word_1_531' title='bbox 1584 4593 1875 4667; x_wconf 64' lang='grc' dir='ltr'>εἷοξῆλθον</span> 
     </span>
    </p>
   </div>
   <div class='ocr_carea' id='block_1_81' title="bbox 372 4662 1874 4732">
    <p class='ocr_par' dir='ltr' id='par_1_81' title="bbox 372 4662 1874 4732">
     <span class='ocr_line' id='line_1_83' title="bbox 372 4662 1874 4732; baseline -0.002 -12"><span class='ocrx_word' id='word_1_532' title='bbox 372 4662 459 4732; x_wconf 77' lang='grc' dir='ltr'>εἷς</span> <span class='ocrx_word' id='word_1_533' title='bbox 479 4662 650 4720; x_wconf 81' lang='grc' dir='ltr'>οἷκον</span> <span class='ocrx_word' id='word_1_534' title='bbox 669 4664 888 4732; x_wconf 74' lang='grc' dir='ltr'>Δαγὼγν</span> <span class='ocrx_word' id='word_1_535' title='bbox 921 4663 1019 4717; x_wconf 76' lang='grc' dir='ltr'>καὶ</span> <span class='ocrx_word' id='word_1_536' title='bbox 1047 4662 1231 4724; x_wconf 81' lang='grc' dir='ltr'>εἶδον,</span> <span class='ocrx_word' id='word_1_537' title='bbox 1257 4663 1352 4716; x_wconf 73' lang='grc' dir='ltr'>καὶ</span> <span class='ocrx_word' id='word_1_538' title='bbox 1389 4663 1515 4732; x_wconf 73' lang='grc' dir='ltr'><strong>ἰδοὺ</strong></span> <span class='ocrx_word' id='word_1_539' title='bbox 1541 4663 1744 4732; x_wconf 77' lang='grc' dir='ltr'>Δαγὼν</span> <span class='ocrx_word' id='word_1_540' title='bbox 1767 4679 1874 4717; x_wconf 84' lang='grc' dir='ltr'>πε-</span> 
     </span>
    </p>
   </div>
   <div class='ocr_carea' id='block_1_82' title="bbox 371 4731 1876 4860">
    <p class='ocr_par' dir='ltr' id='par_1_82' title="bbox 371 4731 1876 4860">
     <span class='ocr_line' id='line_1_84' title="bbox 374 4731 1876 4802; baseline -0.001 -12"><span class='ocrx_word' id='word_1_541' title='bbox 374 4731 616 4802; x_wconf 71' lang='grc' dir='ltr'>πτωκὼς</span> <span class='ocrx_word' id='word_1_542' title='bbox 645 4735 743 4788; x_wconf 79' lang='grc' dir='ltr'>ἐπὶ</span> <span class='ocrx_word' id='word_1_543' title='bbox 761 4731 1095 4802; x_wconf 71' lang='grc' dir='ltr'>πρόσωπον</span> <span class='ocrx_word' id='word_1_544' title='bbox 1137 4732 1319 4787; x_wconf 81' lang='grc' dir='ltr'>αὑτοῦ</span> <span class='ocrx_word' id='word_1_545' title='bbox 1352 4731 1605 4788; x_wconf 75' lang='grc' dir='ltr'>ἐνώπιον</span> <span class='ocrx_word' id='word_1_546' title='bbox 1629 4731 1876 4788; x_wconf 72' lang='grc' dir='ltr'>κιϐωτοῦ</span> 
     </span>
     <span class='ocr_line' id='line_1_85' title="bbox 371 4805 665 4860; baseline -0.003 0"><span class='ocrx_word' id='word_1_547' title='bbox 371 4807 475 4860; x_wconf 85' lang='grc' dir='ltr'><strong>τοῦ</strong></span> <span class='ocrx_word' id='word_1_548' title='bbox 499 4805 665 4860; x_wconf 87' lang='grc' dir='ltr'>Θεοῦ.</span> 
     </span>
    </p>
   </div>
   <div class='ocr_carea' id='block_1_83' title="bbox 375 4893 1872 4968">
    <p class='ocr_par' dir='ltr' id='par_1_83' title="bbox 375 4893 1872 4968">
     <span class='ocr_line' id='line_1_86' title="bbox 375 4893 1872 4968; baseline -0.005 -15"><span class='ocrx_word' id='word_1_549' title='bbox 375 4901 492 4953; x_wconf 88' lang='grc' dir='ltr'>’Ὶνα</span> <span class='ocrx_word' id='word_1_550' title='bbox 515 4900 716 4968; x_wconf 89' lang='grc' dir='ltr'>γνῶσιν</span> <span class='ocrx_word' id='word_1_551' title='bbox 743 4899 790 4950; x_wconf 88' lang='grc' dir='ltr'>οἱ</span> <span class='ocrx_word' id='word_1_552' title='bbox 819 4896 1122 4967; x_wconf 77' lang='grc' dir='ltr'>ἀλλόφυλοι,</span> <span class='ocrx_word' id='word_1_553' title='bbox 1156 4895 1237 4948; x_wconf 83' lang='grc' dir='ltr'>ὅτι</span> <span class='ocrx_word' id='word_1_554' title='bbox 1262 4893 1385 4946; x_wconf 80' lang='grc' dir='ltr'>οὔτε</span> <span class='ocrx_word' id='word_1_555' title='bbox 1425 4896 1454 4948; x_wconf 84' lang='grc' dir='ltr'><strong>ὁ</strong></span> <span class='ocrx_word' id='word_1_556' title='bbox 1490 4893 1621 4957; x_wconf 79' lang='grc' dir='ltr'>Θεὸς</span> <span class='ocrx_word' id='word_1_557' title='bbox 1667 4893 1872 4966; x_wconf 77' lang='grc' dir='ltr'>ἡττήθη</span> 
     </span>
    </p>
   </div>
   <div class='ocr_carea' id='block_1_84' title="bbox 309 4985 1877 5063">
    <p class='ocr_par' dir='ltr' id='par_1_84' title="bbox 309 4985 1877 5063">
     <span class='ocr_line' id='line_1_87' title="bbox 309 4985 1877 5063; baseline -0.006 -18"><span class='ocrx_word' id='word_1_558' title='bbox 309 4991 388 5046; x_wconf 80' lang='grc' dir='ltr'><strong>διὰ</strong></span> <span class='ocrx_word' id='word_1_559' title='bbox 409 4992 518 5046; x_wconf 88' lang='grc' dir='ltr'><strong>τῶν</strong></span> <span class='ocrx_word' id='word_1_560' title='bbox 556 4991 920 5063; x_wconf 86' lang='grc' dir='ltr'>Ἰσραηλιτῶν,</span> <span class='ocrx_word' id='word_1_561' title='bbox 945 4989 1067 5042; x_wconf 69' lang='grc' dir='ltr'>οὔτε</span> <span class='ocrx_word' id='word_1_562' title='bbox 1091 4987 1250 5040; x_wconf 75' lang='grc' dir='ltr'>αὐτὸν</span> <span class='ocrx_word' id='word_1_563' title='bbox 1277 4987 1592 5058; x_wconf 85' lang='grc' dir='ltr'>νενικήκασι</span> <span class='ocrx_word' id='word_1_564' title='bbox 1617 4988 1682 5058; x_wconf 80' lang='grc' dir='ltr'>τῇ</span> <span class='ocrx_word' id='word_1_565' title='bbox 1701 4985 1877 5055; x_wconf 78' lang='grc' dir='ltr'>οἰκείᾳ</span> 
     </span>
    </p>
   </div>
   <div class='ocr_carea' id='block_1_85' title="bbox 310 5075 1877 5157">
    <p class='ocr_par' dir='ltr' id='par_1_85' title="bbox 310 5075 1877 5157">
     <span class='ocr_line' id='line_1_88' title="bbox 310 5075 1877 5157; baseline -0.008 -19"><span class='ocrx_word' id='word_1_566' title='bbox 310 5086 528 5157; x_wconf 78' lang='grc' dir='ltr'>δυνάμει</span> <span class='ocrx_word' id='word_1_567' title='bbox 557 5102 571 5115; x_wconf 75' lang='grc'><strong><em>⁸</em></strong></span> <span class='ocrx_word' id='word_1_568' title='bbox 607 5084 742 5138; x_wconf 83' lang='grc' dir='ltr'><strong>ἀλλά</strong></span> <span class='ocrx_word' id='word_1_569' title='bbox 768 5083 875 5136; x_wconf 88' lang='grc' dir='ltr'><strong>τῶν</strong></span> <span class='ocrx_word' id='word_1_570' title='bbox 916 5081 1185 5135; x_wconf 79' lang='grc' dir='ltr'>Ἰουδαίων</span> <span class='ocrx_word' id='word_1_571' title='bbox 1218 5081 1272 5132; x_wconf 86' lang='grc' dir='ltr'>αἱ</span> <span class='ocrx_word' id='word_1_572' title='bbox 1302 5077 1569 5149; x_wconf 82' lang='grc' dir='ltr'>ἁμαρτίαι</span> <span class='ocrx_word' id='word_1_573' title='bbox 1611 5079 1704 5130; x_wconf 72' lang='grc' dir='ltr'>καὶ</span> <span class='ocrx_word' id='word_1_574' title='bbox 1749 5075 1877 5128; x_wconf 83' lang='grc' dir='ltr'>ἀσέ-</span> 
     </span>
    </p>
   </div>
   <div class='ocr_carea' id='block_1_86' title="bbox 311 5166 1875 5250">
    <p class='ocr_par' dir='ltr' id='par_1_86' title="bbox 311 5166 1875 5250">
     <span class='ocr_line' id='line_1_89' title="bbox 311 5166 1875 5250; baseline -0.008 -21"><span class='ocrx_word' id='word_1_575' title='bbox 311 5180 441 5231; x_wconf 75' lang='grc' dir='ltr'>ϐειαι</span> <span class='ocrx_word' id='word_1_576' title='bbox 476 5179 574 5248; x_wconf 75' lang='grc' dir='ltr'>τὴν</span> <span class='ocrx_word' id='word_1_577' title='bbox 604 5173 774 5250; x_wconf 76' lang='grc' dir='ltr'>ἧτταν</span> <span class='ocrx_word' id='word_1_578' title='bbox 809 5176 1162 5244; x_wconf 75' lang='grc' dir='ltr'>πεποιήκασι.</span> <span class='ocrx_word' id='word_1_579' title='bbox 1214 5172 1482 5224; x_wconf 85' lang='grc' dir='ltr'>Πέπτωκε</span> <span class='ocrx_word' id='word_1_580' title='bbox 1525 5167 1583 5220; x_wconf 83' lang='grc' dir='ltr'><strong>δὲ</strong></span> <span class='ocrx_word' id='word_1_581' title='bbox 1629 5168 1734 5236; x_wconf 80' lang='grc' dir='ltr'><strong>πρὸ</strong></span> <span class='ocrx_word' id='word_1_582' title='bbox 1775 5166 1875 5236; x_wconf 80' lang='grc' dir='ltr'>τῆς</span> 
     </span>
    </p>
   </div>
   <div class='ocr_carea' id='block_1_87' title="bbox 310 5255 1871 5338">
    <p class='ocr_par' dir='ltr' id='par_1_87' title="bbox 310 5255 1871 5338">
     <span class='ocr_line' id='line_1_90' title="bbox 310 5255 1871 5338; baseline -0.007 -15"><span class='ocrx_word' id='word_1_583' title='bbox 310 5271 533 5324; x_wconf 83' lang='grc' dir='ltr'>κιϐωτοῦ</span> <span class='ocrx_word' id='word_1_584' title='bbox 585 5272 614 5323; x_wconf 88' lang='grc' dir='ltr'>ὁ</span> <span class='ocrx_word' id='word_1_585' title='bbox 658 5267 870 5338; x_wconf 86' lang='grc' dir='ltr'>Δαγὼν,</span> <span class='ocrx_word' id='word_1_586' title='bbox 914 5267 1010 5336; x_wconf 77' lang='grc' dir='ltr'>οὐχ</span> <span class='ocrx_word' id='word_1_587' title='bbox 1051 5266 1138 5318; x_wconf 85' lang='grc' dir='ltr'>ἵνα</span> <span class='ocrx_word' id='word_1_588' title='bbox 1170 5262 1548 5336; x_wconf 80' lang='grc' dir='ltr'>προσκυνήσῃ·</span> <span class='ocrx_word' id='word_1_589' title='bbox 1581 5261 1641 5312; x_wconf 80' lang='grc' dir='ltr'>οὐ</span> <span class='ocrx_word' id='word_1_590' title='bbox 1670 5261 1778 5332; x_wconf 78' lang='grc' dir='ltr'>γὰρ</span> <span class='ocrx_word' id='word_1_591' title='bbox 1802 5255 1871 5330; x_wconf 79' lang='grc' dir='ltr'>ἦν</span> 
     </span>
    </p>
   </div>
   <div class='ocr_carea' id='block_1_88' title="bbox 309 5353 1590 5431">
    <p class='ocr_par' dir='ltr' id='par_1_88' title="bbox 309 5353 1590 5431">
     <span class='ocr_line' id='line_1_91' title="bbox 309 5353 1590 5431; baseline -0.008 -16"><span class='ocrx_word' id='word_1_592' title='bbox 309 5361 468 5425; x_wconf 74' lang='grc' dir='ltr'>ἀξιοςο</span> <span class='ocrx_word' id='word_1_593' title='bbox 489 5360 602 5413; x_wconf 84' lang='grc' dir='ltr'>ἀλλ’</span> <span class='ocrx_word' id='word_1_594' title='bbox 630 5361 717 5414; x_wconf 83' lang='grc' dir='ltr'>ἵνα</span> <span class='ocrx_word' id='word_1_595' title='bbox 751 5357 1010 5431; x_wconf 81' lang='grc' dir='ltr'>συντριϐῇ</span> <span class='ocrx_word' id='word_1_596' title='bbox 1028 5373 1042 5387; x_wconf 87' lang='grc'><strong>·</strong></span> <span class='ocrx_word' id='word_1_597' title='bbox 1077 5356 1105 5408; x_wconf 84' lang='grc' dir='ltr'><strong>ὃ</strong></span> <span class='ocrx_word' id='word_1_598' title='bbox 1135 5357 1199 5428; x_wconf 83' lang='grc' dir='ltr'><strong>δὴ</strong></span> <span class='ocrx_word' id='word_1_599' title='bbox 1228 5357 1321 5408; x_wconf 74' lang='grc' dir='ltr'>καὶ</span> <span class='ocrx_word' id='word_1_600' title='bbox 1343 5353 1590 5422; x_wconf 83' lang='grc' dir='ltr'>γέγονεν.</span> 
     </span>
    </p>
   </div>
   <div class='ocr_carea' id='block_1_89' title="bbox 349 5441 1875 5526">
    <p class='ocr_par' dir='ltr' id='par_1_89' title="bbox 349 5441 1875 5526">
     <span class='ocr_line' id='line_1_92' title="bbox 349 5441 1875 5526; baseline -0.009 -17"><span class='ocrx_word' id='word_1_601' title='bbox 349 5456 410 5508; x_wconf 84' lang='grc' dir='ltr'><strong>Οἱ</strong></span> <span class='ocrx_word' id='word_1_602' title='bbox 422 5455 500 5526; x_wconf 84' lang='lat'><strong>(8|</strong></span> <span class='ocrx_word' id='word_1_603' title='bbox 515 5455 532 5524; x_wconf 93' lang='lat'>)</span> <span class='ocrx_word' id='word_1_604' title='bbox 545 5449 1136 5518; x_wconf 77' lang='grc' dir='ltr'>Ἀζώτιοι,πεπτωκότα</span> <span class='ocrx_word' id='word_1_605' title='bbox 1145 5449 1235 5501; x_wconf 71' lang='grc' dir='ltr'><strong>τὸν</strong></span> <span class='ocrx_word' id='word_1_606' title='bbox 1251 5446 1436 5517; x_wconf 80' lang='grc' dir='ltr'>Δαγὼν</span> <span class='ocrx_word' id='word_1_607' title='bbox 1454 5441 1875 5515; x_wconf 77' lang='grc' dir='ltr'>ἀνορθώσαντες,</span> 
     </span>
    </p>
   </div>
   <div class='ocr_carea' id='block_1_90' title="bbox 374 5603 1464 5679">
    <p class='ocr_par' dir='ltr' id='par_1_90' title="bbox 374 5603 1464 5679">
     <span class='ocr_line' id='line_1_93' title="bbox 374 5603 1464 5679; baseline -0.005 -18"><span class='ocrx_word' id='word_1_608' title='bbox 374 5610 486 5679; x_wconf 80' lang='lat'><strong>(79)</strong></span> <span class='ocrx_word' id='word_1_609' title='bbox 527 5609 653 5662; x_wconf 62' lang='lat' dir='ltr'><strong>[late</strong></span> <span class='ocrx_word' id='word_1_610' title='bbox 690 5621 880 5679; x_wconf 80' lang='lat' dir='ltr'><strong>rursus</strong></span> <span class='ocrx_word' id='word_1_611' title='bbox 907 5610 1178 5679; x_wconf 77' lang='lat' dir='ltr'><strong>pertinent</strong></span> <span class='ocrx_word' id='word_1_612' title='bbox 1214 5603 1279 5655; x_wconf 87' lang='lat' dir='ltr'><strong>ad</strong></span> <span class='ocrx_word' id='word_1_613' title='bbox 1317 5617 1370 5656; x_wconf 87' lang='lat' dir='ltr'><strong>v.</strong></span> <span class='ocrx_word' id='word_1_614' title='bbox 1394 5603 1464 5679; x_wconf 78' lang='lat'><strong>_5.</strong></span> 
     </span>
    </p>
   </div>
   <div class='ocr_carea' id='block_1_91' title="bbox 380 5669 1864 5751">
    <p class='ocr_par' dir='ltr' id='par_1_91' title="bbox 380 5669 1864 5751">
     <span class='ocr_line' id='line_1_94' title="bbox 380 5669 1864 5751; baseline -0.009 -16"><span class='ocrx_word' id='word_1_615' title='bbox 380 5669 490 5751; x_wconf 46' lang='lat' dir='ltr'><strong>i803</strong></span> <span class='ocrx_word' id='word_1_616' title='bbox 520 5682 601 5735; x_wconf 85' lang='lat' dir='ltr'><strong>Ab</strong></span> <span class='ocrx_word' id='word_1_617' title='bbox 631 5683 731 5734; x_wconf 85' lang='lat' dir='ltr'><strong>hoc</strong></span> <span class='ocrx_word' id='word_1_618' title='bbox 760 5676 873 5751; x_wconf 76' lang='grc' dir='ltr'>καί,</span> <span class='ocrx_word' id='word_1_619' title='bbox 909 5669 1060 5743; x_wconf 78' lang='grc' dir='ltr'>ἰμιοιι</span> <span class='ocrx_word' id='word_1_620' title='bbox 1104 5682 1280 5751; x_wconf 71' lang='lat' dir='ltr'><strong>exstat</strong></span> <span class='ocrx_word' id='word_1_621' title='bbox 1337 5672 1498 5751; x_wconf 73' lang='lat' dir='ltr'><strong>etiam</strong></span> <span class='ocrx_word' id='word_1_622' title='bbox 1543 5671 1596 5724; x_wconf 89' lang='lat' dir='ltr'><strong>itt</strong></span> <span class='ocrx_word' id='word_1_623' title='bbox 1633 5669 1751 5751; x_wconf 45' lang='lat' dir='ltr'><strong>cod:</strong></span> <span class='ocrx_word' id='word_1_624' title='bbox 1782 5669 1864 5751; x_wconf 74' lang='lat' dir='ltr'><strong>_A-</strong></span> 
     </span>
    </p>
   </div>
   <div class='ocr_carea' id='block_1_92' title="bbox 309 5740 1862 5820">
    <p class='ocr_par' dir='ltr' id='par_1_92' title="bbox 309 5740 1862 5820">
     <span class='ocr_line' id='line_1_95' title="bbox 309 5740 1862 5820; baseline -0.011 -12"><span class='ocrx_word' id='word_1_625' title='bbox 309 5740 552 5808; x_wconf 52' lang='lat' dir='ltr'><strong>lexattt&#39;lr.</strong></span> <span class='ocrx_word' id='word_1_626' title='bbox 580 5752 774 5820; x_wconf 88' lang='lat' dir='ltr'><strong>pendet</strong></span> <span class='ocrx_word' id='word_1_627' title='bbox 797 5740 1189 5814; x_wconf 82' lang='lat' dir='ltr'><strong>interpretatio.</strong></span> <span class='ocrx_word' id='word_1_628' title='bbox 1219 5745 1382 5798; x_wconf 73' lang='lat' dir='ltr'><strong>Abest</strong></span> <span class='ocrx_word' id='word_1_629' title='bbox 1415 5745 1465 5796; x_wconf 87' lang='lat' dir='ltr'><strong>itt</strong></span> <span class='ocrx_word' id='word_1_630' title='bbox 1504 5751 1652 5796; x_wconf 79' lang='lat' dir='ltr'><strong>textu</strong></span> <span class='ocrx_word' id='word_1_631' title='bbox 1700 5740 1862 5793; x_wconf 84' lang='lat' dir='ltr'><strong>llebr.</strong></span> 
     </span>
    </p>
   </div>
   <div class='ocr_carea' id='block_1_93' title="bbox 623 5840 1262 5902">
    <p class='ocr_par' dir='ltr' id='par_1_93' title="bbox 623 5840 1262 5902">
     <span class='ocr_line' id='line_1_96' title="bbox 623 5840 1262 5902; baseline -0.005 0"><span class='ocrx_word' id='word_1_632' title='bbox 623 5844 894 5902; x_wconf 75' lang='lat' dir='ltr'><strong>PATROL-</strong></span> <span class='ocrx_word' id='word_1_633' title='bbox 927 5842 1046 5902; x_wconf 79' lang='lat' dir='ltr'><strong>Gn.</strong></span> <span class='ocrx_word' id='word_1_634' title='bbox 1075 5840 1262 5901; x_wconf 76' lang='lat' dir='ltr'><strong>XVII-</strong></span> 
     </span>
    </p>
   </div>
   <div class='ocr_carea' id='block_1_94' title="bbox 1981 3261 3547 3337">
    <p class='ocr_par' dir='ltr' id='par_1_94' title="bbox 1981 3261 3547 3337">
     <span class='ocr_line' id='line_1_97' title="bbox 1981 3261 3547 3337; baseline 0.004 -21"><span class='ocrx_word' id='word_1_635' title='bbox 1981 3261 2077 3316; x_wconf 88' lang='lat' dir='ltr'><strong>riis</strong></span> <span class='ocrx_word' id='word_1_636' title='bbox 2131 3262 2372 3316; x_wconf 88' lang='lat' dir='ltr'><strong>edomuit</strong></span> <span class='ocrx_word' id='word_1_637' title='bbox 2409 3263 2597 3332; x_wconf 80' lang='lat' dir='ltr'><strong>plagis,</strong></span> <span class='ocrx_word' id='word_1_638' title='bbox 2652 3264 3104 3333; x_wconf 85' lang='lat' dir='ltr'><strong>quemadmodum</strong></span> <span class='ocrx_word' id='word_1_639' title='bbox 3165 3264 3449 3337; x_wconf 64' lang='lat' dir='ltr'><strong>Egyptios</strong></span> <span class='ocrx_word' id='word_1_640' title='bbox 3492 3267 3547 3322; x_wconf 90' lang='lat' dir='ltr'><strong>in</strong></span> 
     </span>
    </p>
   </div>
   <div class='ocr_carea' id='block_1_95' title="bbox 1979 3353 2235 3423">
    <p class='ocr_par' dir='ltr' id='par_1_95' title="bbox 1979 3353 2235 3423">
     <span class='ocr_line' id='line_1_98' title="bbox 1979 3353 2235 3423; baseline -0.004 -17"><span class='ocrx_word' id='word_1_641' title='bbox 1979 3353 2235 3423; x_wconf 65' lang='lat' dir='ltr'><strong>Egypto.</strong></span> 
     </span>
    </p>
   </div>
   <div class='ocr_carea' id='block_1_96' title="bbox 2053 3443 3549 3514">
    <p class='ocr_par' dir='ltr' id='par_1_96' title="bbox 2053 3443 3549 3514">
     <span class='ocr_line' id='line_1_99' title="bbox 2053 3443 3549 3514; baseline 0 -16"><span class='ocrx_word' id='word_1_642' title='bbox 2053 3443 2116 3502; x_wconf 84' lang='lat' dir='ltr'><strong>V.</strong></span> <span class='ocrx_word' id='word_1_643' title='bbox 2147 3445 2229 3498; x_wconf 81' lang='lat' dir='ltr'><strong>l5.</strong></span> <span class='ocrx_word' id='word_1_644' title='bbox 2272 3445 2410 3511; x_wconf 77' lang='lat' dir='ltr'><strong>Quia</strong></span> <span class='ocrx_word' id='word_1_645' title='bbox 2458 3455 2570 3500; x_wconf 85' lang='lat' dir='ltr'><strong>erat</strong></span> <span class='ocrx_word' id='word_1_646' title='bbox 2609 3462 2700 3499; x_wconf 85' lang='lat' dir='ltr'><strong>cor</strong></span> <span class='ocrx_word' id='word_1_647' title='bbox 2739 3447 2852 3514; x_wconf 80' lang='lat' dir='ltr'><strong>ejus</strong></span> <span class='ocrx_word' id='word_1_648' title='bbox 2905 3457 3056 3500; x_wconf 71' lang='lat' dir='ltr'><strong>extra</strong></span> <span class='ocrx_word' id='word_1_649' title='bbox 3103 3461 3157 3499; x_wconf 81' lang='lat' dir='ltr'><strong>se</strong></span> <span class='ocrx_word' id='word_1_650' title='bbox 3207 3447 3549 3499; x_wconf 77' lang='lat' dir='ltr'><strong>constitutum</strong></span> 
     </span>
    </p>
   </div>
   <div class='ocr_carea' id='block_1_97' title="bbox 2547 3528 2982 3584">
    <p class='ocr_par' dir='ltr' id='par_1_97' title="bbox 2547 3528 2982 3584">
     <span class='ocr_line' id='line_1_100' title="bbox 2547 3528 2982 3584; baseline 0 -17"><span class='ocrx_word' id='word_1_651' title='bbox 2547 3528 2758 3584; x_wconf 79' lang='lat' dir='ltr'><strong>propter</strong></span> <span class='ocrx_word' id='word_1_652' title='bbox 2783 3532 2982 3568; x_wconf 82' lang='lat' dir='ltr'><strong>arcam.</strong></span> 
     </span>
    </p>
   </div>
   <div class='ocr_carea' id='block_1_98' title="bbox 2053 3602 3549 3670">
    <p class='ocr_par' dir='ltr' id='par_1_98' title="bbox 2053 3602 3549 3670">
     <span class='ocr_line' id='line_1_101' title="bbox 2053 3602 3549 3670; baseline -0.003 -12"><span class='ocrx_word' id='word_1_653' title='bbox 2053 3606 2180 3659; x_wconf 80' lang='lat' dir='ltr'><strong>Pius</strong></span> <span class='ocrx_word' id='word_1_654' title='bbox 2203 3607 2318 3660; x_wconf 85' lang='lat' dir='ltr'><strong>lleli</strong></span> <span class='ocrx_word' id='word_1_655' title='bbox 2359 3607 2409 3658; x_wconf 92' lang='lat' dir='ltr'><strong>in</strong></span> <span class='ocrx_word' id='word_1_656' title='bbox 2439 3608 2638 3670; x_wconf 80' lang='lat' dir='ltr'><strong>seipse.</strong></span> <span class='ocrx_word' id='word_1_657' title='bbox 2681 3605 2796 3657; x_wconf 83' lang='lat' dir='ltr'><strong>Non</strong></span> <span class='ocrx_word' id='word_1_658' title='bbox 2851 3604 2994 3657; x_wconf 90' lang='lat' dir='ltr'><strong>enim</strong></span> <span class='ocrx_word' id='word_1_659' title='bbox 3050 3619 3148 3670; x_wconf 89' lang='lat' dir='ltr'><strong>pro</strong></span> <span class='ocrx_word' id='word_1_660' title='bbox 3202 3602 3376 3656; x_wconf 88' lang='lat' dir='ltr'><strong>salute</strong></span> <span class='ocrx_word' id='word_1_661' title='bbox 3411 3602 3549 3657; x_wconf 86' lang='lat' dir='ltr'><strong>ﬁlio-</strong></span> 
     </span>
    </p>
   </div>
   <div class='ocr_carea' id='block_1_99' title="bbox 1982 3694 3552 3765">
    <p class='ocr_par' dir='ltr' id='par_1_99' title="bbox 1982 3694 3552 3765">
     <span class='ocr_line' id='line_1_102' title="bbox 1982 3694 3552 3765; baseline -0.001 -15"><span class='ocrx_word' id='word_1_662' title='bbox 1982 3713 2099 3750; x_wconf 90' lang='lat' dir='ltr'><strong>rum</strong></span> <span class='ocrx_word' id='word_1_663' title='bbox 2135 3700 2433 3765; x_wconf 84' lang='lat' dir='ltr'><strong>angebatnr</strong></span> <span class='ocrx_word' id='word_1_664' title='bbox 2485 3695 2763 3763; x_wconf 89' lang='lat' dir='ltr'><strong>primario,</strong></span> <span class='ocrx_word' id='word_1_665' title='bbox 2811 3695 2905 3748; x_wconf 91' lang='lat' dir='ltr'><strong>sed</strong></span> <span class='ocrx_word' id='word_1_666' title='bbox 2957 3709 3055 3762; x_wconf 91' lang='lat' dir='ltr'><strong>pro</strong></span> <span class='ocrx_word' id='word_1_667' title='bbox 3105 3710 3256 3756; x_wconf 85' lang='lat' dir='ltr'><strong>arca,</strong></span> <span class='ocrx_word' id='word_1_668' title='bbox 3311 3711 3378 3750; x_wconf 91' lang='lat' dir='ltr'><strong>ne</strong></span> <span class='ocrx_word' id='word_1_669' title='bbox 3412 3694 3552 3748; x_wconf 82' lang='lat' dir='ltr'><strong>forte</strong></span> 
     </span>
    </p>
   </div>
   <div class='ocr_carea' id='block_1_100' title="bbox 1981 3786 3552 3857">
    <p class='ocr_par' dir='ltr' id='par_1_100' title="bbox 1981 3786 3552 3857">
     <span class='ocr_line' id='line_1_103' title="bbox 1981 3786 3552 3857; baseline -0.001 -15"><span class='ocrx_word' id='word_1_670' title='bbox 1981 3789 2035 3843; x_wconf 92' lang='lat' dir='ltr'><strong>in</strong></span> <span class='ocrx_word' id='word_1_671' title='bbox 2069 3799 2390 3857; x_wconf 88' lang='lat' dir='ltr'><strong>potestatem</strong></span> <span class='ocrx_word' id='word_1_672' title='bbox 2427 3786 2855 3856; x_wconf 77' lang='lat' dir='ltr'><strong>alienigenarum</strong></span> <span class='ocrx_word' id='word_1_673' title='bbox 2897 3788 3146 3840; x_wconf 86' lang='lat' dir='ltr'><strong>veniret:</strong></span> <span class='ocrx_word' id='word_1_674' title='bbox 3187 3788 3330 3856; x_wconf 90' lang='lat' dir='ltr'><strong>quod</strong></span> <span class='ocrx_word' id='word_1_675' title='bbox 3364 3787 3552 3857; x_wconf 85' lang='lat' dir='ltr'><strong>utique</strong></span> 
     </span>
    </p>
   </div>
   <div class='ocr_carea' id='block_1_101' title="bbox 1981 3881 2228 3948">
    <p class='ocr_par' dir='ltr' id='par_1_101' title="bbox 1981 3881 2228 3948">
     <span class='ocr_line' id='line_1_104' title="bbox 1981 3881 2228 3948; baseline 0.008 -16"><span class='ocrx_word' id='word_1_676' title='bbox 1981 3881 2228 3948; x_wconf 82' lang='lat' dir='ltr'><strong>contigit.</strong></span> 
     </span>
    </p>
   </div>
   <div class='ocr_carea' id='block_1_102' title="bbox 1981 3968 3548 4037">
    <p class='ocr_par' dir='ltr' id='par_1_102' title="bbox 1981 3968 3548 4037">
     <span class='ocr_line' id='line_1_105' title="bbox 1981 3968 3548 4037; baseline -0.002 -12"><span class='ocrx_word' id='word_1_677' title='bbox 1981 3969 2046 4025; x_wconf 70' lang='grc' dir='ltr'><strong>ν.</strong></span> <span class='ocrx_word' id='word_1_678' title='bbox 2088 3969 2172 4023; x_wconf 87' lang='lat' dir='ltr'><strong>l8.</strong></span> <span class='ocrx_word' id='word_1_679' title='bbox 2211 3969 2277 4024; x_wconf 84' lang='lat' dir='ltr'><strong>Et</strong></span> <span class='ocrx_word' id='word_1_680' title='bbox 2309 3968 2498 4022; x_wconf 83' lang='lat' dir='ltr'><strong>accidit</strong></span> <span class='ocrx_word' id='word_1_681' title='bbox 2526 3979 2577 4020; x_wconf 86' lang='lat' dir='ltr'><strong>ut</strong></span> <span class='ocrx_word' id='word_1_682' title='bbox 2601 3968 2743 4036; x_wconf 78' lang='lat' dir='ltr'><strong>facta</strong></span> <span class='ocrx_word' id='word_1_683' title='bbox 2769 3979 2843 4023; x_wconf 83' lang='lat' dir='ltr'><strong>cst</strong></span> <span class='ocrx_word' id='word_1_684' title='bbox 2894 3969 3088 4023; x_wconf 84' lang='lat' dir='ltr'><strong>utentia</strong></span> <span class='ocrx_word' id='word_1_685' title='bbox 3140 3985 3282 4024; x_wconf 67' lang='lat' dir='ltr'><strong>arca:</strong></span> <span class='ocrx_word' id='word_1_686' title='bbox 3325 3969 3455 4037; x_wconf 82' lang='lat' dir='ltr'><strong>Dei,</strong></span> <span class='ocrx_word' id='word_1_687' title='bbox 3501 3983 3548 4024; x_wconf 84' lang='lat' dir='ltr'><strong>et</strong></span> 
     </span>
    </p>
   </div>
   <div class='ocr_carea' id='block_1_103' title="bbox 2381 4039 3142 4094">
    <p class='ocr_par' dir='ltr' id='par_1_103' title="bbox 2381 4039 3142 4094">
     <span class='ocr_line' id='line_1_106' title="bbox 2381 4039 3142 4094; baseline -0.001 -2"><span class='ocrx_word' id='word_1_688' title='bbox 2381 4041 2563 4092; x_wconf 79' lang='lat' dir='ltr'><strong>cecidit</strong></span> <span class='ocrx_word' id='word_1_689' title='bbox 2593 4041 2656 4093; x_wconf 87' lang='lat' dir='ltr'><strong>de</strong></span> <span class='ocrx_word' id='word_1_690' title='bbox 2685 4039 2816 4092; x_wconf 79' lang='lat' dir='ltr'><strong>sella</strong></span> <span class='ocrx_word' id='word_1_691' title='bbox 2840 4051 3142 4094; x_wconf 78' lang='lat' dir='ltr'><strong>retrorsum.</strong></span> 
     </span>
    </p>
   </div>
   <div class='ocr_carea' id='block_1_104' title="bbox 2048 4131 3552 4202">
    <p class='ocr_par' dir='ltr' id='par_1_104' title="bbox 2048 4131 3552 4202">
     <span class='ocr_line' id='line_1_107' title="bbox 2048 4131 3552 4202; baseline -0.001 -14"><span class='ocrx_word' id='word_1_692' title='bbox 2048 4132 2180 4188; x_wconf 88' lang='lat' dir='ltr'><strong>Cum</strong></span> <span class='ocrx_word' id='word_1_693' title='bbox 2231 4133 2469 4186; x_wconf 87' lang='lat' dir='ltr'><strong>audisset</strong></span> <span class='ocrx_word' id='word_1_694' title='bbox 2519 4133 2754 4186; x_wconf 91' lang='lat' dir='ltr'><strong>ﬁliorum</strong></span> <span class='ocrx_word' id='word_1_695' title='bbox 2808 4135 3030 4198; x_wconf 68' lang='lat' dir='ltr'><strong>caedem,</strong></span> <span class='ocrx_word' id='word_1_696' title='bbox 3085 4147 3191 4185; x_wconf 85' lang='lat' dir='ltr'><strong>non</strong></span> <span class='ocrx_word' id='word_1_697' title='bbox 3242 4131 3552 4202; x_wconf 78' lang='lat' dir='ltr'><strong>ignobiliter</strong></span> 
     </span>
    </p>
   </div>
   <div class='ocr_carea' id='block_1_105' title="bbox 1991 4226 3549 4297">
    <p class='ocr_par' dir='ltr' id='par_1_105' title="bbox 1991 4226 3549 4297">
     <span class='ocr_line' id='line_1_108' title="bbox 1991 4226 3549 4297; baseline -0.001 -17"><span class='ocrx_word' id='word_1_698' title='bbox 1991 4227 2131 4291; x_wconf 91' lang='lat' dir='ltr'><strong>tulit,</strong></span> <span class='ocrx_word' id='word_1_699' title='bbox 2169 4227 2417 4297; x_wconf 89' lang='lat' dir='ltr'><strong>quamvis</strong></span> <span class='ocrx_word' id='word_1_700' title='bbox 2449 4236 2503 4279; x_wconf 89' lang='lat' dir='ltr'><strong>et</strong></span> <span class='ocrx_word' id='word_1_701' title='bbox 2541 4236 2714 4295; x_wconf 83' lang='lat' dir='ltr'><strong>pater,</strong></span> <span class='ocrx_word' id='word_1_702' title='bbox 2745 4236 2800 4279; x_wconf 90' lang='lat' dir='ltr'><strong>et</strong></span> <span class='ocrx_word' id='word_1_703' title='bbox 2839 4241 3026 4280; x_wconf 76' lang='lat' dir='ltr'><strong>senex.</strong></span> <span class='ocrx_word' id='word_1_704' title='bbox 3055 4230 3125 4280; x_wconf 85' lang='lat' dir='ltr'><strong>At</strong></span> <span class='ocrx_word' id='word_1_705' title='bbox 3151 4226 3238 4280; x_wconf 89' lang='lat' dir='ltr'><strong>ubi</strong></span> <span class='ocrx_word' id='word_1_706' title='bbox 3283 4227 3549 4281; x_wconf 80' lang='lat' dir='ltr'><strong>intellexit</strong></span> 
     </span>
    </p>
   </div>
   <div class='ocr_carea' id='block_1_106' title="bbox 1979 4317 3548 4386">
    <p class='ocr_par' dir='ltr' id='par_1_106' title="bbox 1979 4317 3548 4386">
     <span class='ocr_line' id='line_1_109' title="bbox 1979 4317 3548 4386; baseline 0.001 -15"><span class='ocrx_word' id='word_1_707' title='bbox 1979 4333 2165 4374; x_wconf 89' lang='lat' dir='ltr'><strong>aream</strong></span> <span class='ocrx_word' id='word_1_708' title='bbox 2203 4319 2342 4373; x_wconf 86' lang='lat' dir='ltr'><strong>bello</strong></span> <span class='ocrx_word' id='word_1_709' title='bbox 2371 4328 2580 4386; x_wconf 83' lang='lat' dir='ltr'><strong>captam</strong></span> <span class='ocrx_word' id='word_1_710' title='bbox 2615 4317 2804 4381; x_wconf 79' lang='lat' dir='ltr'><strong>fuisse,</strong></span> <span class='ocrx_word' id='word_1_711' title='bbox 2836 4318 3066 4384; x_wconf 90' lang='lat' dir='ltr'><strong>corruit,</strong></span> <span class='ocrx_word' id='word_1_712' title='bbox 3091 4327 3143 4371; x_wconf 91' lang='lat' dir='ltr'><strong>et</strong></span> <span class='ocrx_word' id='word_1_713' title='bbox 3182 4317 3352 4372; x_wconf 88' lang='lat' dir='ltr'><strong>nimio</strong></span> <span class='ocrx_word' id='word_1_714' title='bbox 3380 4319 3548 4373; x_wconf 88' lang='lat' dir='ltr'><strong>animi</strong></span> 
     </span>
    </p>
   </div>
   <div class='ocr_carea' id='block_1_107' title="bbox 1980 4409 2807 4482">
    <p class='ocr_par' dir='ltr' id='par_1_107' title="bbox 1980 4409 2807 4482">
     <span class='ocr_line' id='line_1_110' title="bbox 1980 4409 2807 4482; baseline -0.006 -16"><span class='ocrx_word' id='word_1_715' title='bbox 1980 4427 2204 4482; x_wconf 84' lang='lat' dir='ltr'><strong>angore,</strong></span> <span class='ocrx_word' id='word_1_716' title='bbox 2235 4413 2360 4464; x_wconf 71' lang='lat' dir='ltr'><strong>vitae</strong></span> <span class='ocrx_word' id='word_1_717' title='bbox 2390 4409 2548 4462; x_wconf 85' lang='lat' dir='ltr'><strong>ﬁnem</strong></span> <span class='ocrx_word' id='word_1_718' title='bbox 2577 4409 2807 4476; x_wconf 82' lang='lat' dir='ltr'><strong>accepit.</strong></span> 
     </span>
    </p>
   </div>
   <div class='ocr_carea' id='block_1_108' title="bbox 2629 4501 2883 4555">
    <p class='ocr_par' dir='ltr' id='par_1_108' title="bbox 2629 4501 2883 4555">
     <span class='ocr_line' id='line_1_111' title="bbox 2629 4501 2883 4555; baseline -0.004 0"><span class='ocrx_word' id='word_1_719' title='bbox 2629 4501 2781 4555; x_wconf 81' lang='lat' dir='ltr'><strong>CAP.</strong></span> <span class='ocrx_word' id='word_1_720' title='bbox 2824 4501 2883 4555; x_wconf 81' lang='grc' dir='ltr'><strong>ν.</strong></span> 
     </span>
    </p>
   </div>
   <div class='ocr_carea' id='block_1_109' title="bbox 1980 4575 3552 4662">
    <p class='ocr_par' dir='ltr' id='par_1_109' title="bbox 1980 4575 3552 4662">
     <span class='ocr_line' id='line_1_112' title="bbox 1980 4575 3552 4662; baseline -0.002 -11"><span class='ocrx_word' id='word_1_721' title='bbox 1980 4595 2094 4651; x_wconf 72' lang='grc' dir='ltr'><strong>νν.</strong></span> <span class='ocrx_word' id='word_1_722' title='bbox 2127 4597 2183 4657; x_wconf 74' lang='grc'>5,</span> <span class='ocrx_word' id='word_1_723' title='bbox 2215 4593 2270 4648; x_wconf 75' lang='grc'>4.</span> <span class='ocrx_word' id='word_1_724' title='bbox 2314 4593 2384 4648; x_wconf 79' lang='lat' dir='ltr'><strong>Et</strong></span> <span class='ocrx_word' id='word_1_725' title='bbox 2426 4575 2768 4646; x_wconf 69' lang='lat' dir='ltr'><strong>surrexerunt</strong></span> <span class='ocrx_word' id='word_1_726' title='bbox 2801 4610 2956 4646; x_wconf 85' lang='lat' dir='ltr'><strong>mane</strong></span> <span class='ocrx_word' id='word_1_727' title='bbox 2998 4593 3206 4658; x_wconf 78' lang='lat' dir='ltr'><strong>Azotii,</strong></span> <span class='ocrx_word' id='word_1_728' title='bbox 3238 4604 3286 4647; x_wconf 83' lang='lat' dir='ltr'><strong>et</strong></span> <span class='ocrx_word' id='word_1_729' title='bbox 3332 4597 3552 4662; x_wconf 74' lang='lat' dir='ltr'><strong>ingressi</strong></span> 
     </span>
    </p>
   </div>
   <div class='ocr_carea' id='block_1_110' title="bbox 2048 4665 3547 4734">
    <p class='ocr_par' dir='ltr' id='par_1_110' title="bbox 2048 4665 3547 4734">
     <span class='ocr_line' id='line_1_113' title="bbox 2048 4665 3547 4734; baseline -0.001 -16"><span class='ocrx_word' id='word_1_730' title='bbox 2048 4673 2173 4718; x_wconf 78' lang='lat' dir='ltr'><strong>sunt</strong></span> <span class='ocrx_word' id='word_1_731' title='bbox 2205 4667 2416 4718; x_wconf 83' lang='lat' dir='ltr'><strong>domum</strong></span> <span class='ocrx_word' id='word_1_732' title='bbox 2455 4665 2675 4730; x_wconf 84' lang='lat' dir='ltr'><strong>Dagon:</strong></span> <span class='ocrx_word' id='word_1_733' title='bbox 2719 4672 2767 4714; x_wconf 80' lang='lat' dir='ltr'><strong>et</strong></span> <span class='ocrx_word' id='word_1_734' title='bbox 2812 4665 3077 4720; x_wconf 81' lang='lat' dir='ltr'><strong>viderunt.</strong></span> <span class='ocrx_word' id='word_1_735' title='bbox 3121 4675 3169 4716; x_wconf 89' lang='lat' dir='ltr'><strong>et</strong></span> <span class='ocrx_word' id='word_1_736' title='bbox 3198 4681 3314 4719; x_wconf 82' lang='lat' dir='ltr'><strong>ecce</strong></span> <span class='ocrx_word' id='word_1_737' title='bbox 3361 4665 3547 4734; x_wconf 82' lang='lat' dir='ltr'><strong>Dagou</strong></span> 
     </span>
    </p>
   </div>
   <div class='ocr_carea' id='block_1_111' title="bbox 2051 4735 3232 4802">
    <p class='ocr_par' dir='ltr' id='par_1_111' title="bbox 2051 4735 3232 4802">
     <span class='ocr_line' id='line_1_114' title="bbox 2051 4735 3232 4802; baseline 0.001 -15"><span class='ocrx_word' id='word_1_738' title='bbox 2051 4739 2226 4802; x_wconf 72' lang='lat' dir='ltr'><strong>lapsus</strong></span> <span class='ocrx_word' id='word_1_739' title='bbox 2259 4739 2314 4787; x_wconf 80' lang='lat' dir='ltr'><strong>in</strong></span> <span class='ocrx_word' id='word_1_740' title='bbox 2342 4735 2528 4799; x_wconf 78' lang='lat' dir='ltr'><strong>[aciem</strong></span> <span class='ocrx_word' id='word_1_741' title='bbox 2560 4748 2712 4785; x_wconf 84' lang='lat' dir='ltr'><strong>suum</strong></span> <span class='ocrx_word' id='word_1_742' title='bbox 2741 4749 2919 4786; x_wconf 87' lang='lat' dir='ltr'><strong>corum</strong></span> <span class='ocrx_word' id='word_1_743' title='bbox 2958 4751 3085 4786; x_wconf 86' lang='lat' dir='ltr'><strong>arca</strong></span> <span class='ocrx_word' id='word_1_744' title='bbox 3113 4735 3232 4788; x_wconf 84' lang='lat' dir='ltr'><strong>Dei.</strong></span> 
     </span>
    </p>
   </div>
   <div class='ocr_carea' id='block_1_112' title="bbox 2054 4887 3548 4955">
    <p class='ocr_par' dir='ltr' id='par_1_112' title="bbox 2054 4887 3548 4955">
     <span class='ocr_line' id='line_1_115' title="bbox 2054 4887 3548 4955; baseline 0 -11"><span class='ocrx_word' id='word_1_745' title='bbox 2054 4889 2126 4944; x_wconf 89' lang='lat' dir='ltr'><strong>Ut</strong></span> <span class='ocrx_word' id='word_1_746' title='bbox 2151 4888 2358 4942; x_wconf 89' lang='lat' dir='ltr'><strong>scirent</strong></span> <span class='ocrx_word' id='word_1_747' title='bbox 2387 4887 2729 4955; x_wconf 70' lang='lat' dir='ltr'><strong>alienigenae,</strong></span> <span class='ocrx_word' id='word_1_748' title='bbox 2761 4887 2901 4955; x_wconf 89' lang='lat' dir='ltr'><strong>quod</strong></span> <span class='ocrx_word' id='word_1_749' title='bbox 2933 4902 3032 4942; x_wconf 88' lang='lat' dir='ltr'><strong>nec</strong></span> <span class='ocrx_word' id='word_1_750' title='bbox 3061 4888 3202 4942; x_wconf 86' lang='lat' dir='ltr'><strong>Deus</strong></span> <span class='ocrx_word' id='word_1_751' title='bbox 3238 4889 3408 4941; x_wconf 86' lang='lat' dir='ltr'><strong>victus</strong></span> <span class='ocrx_word' id='word_1_752' title='bbox 3432 4887 3548 4944; x_wconf 89' lang='lat' dir='ltr'><strong>l‘ue-</strong></span> 
     </span>
    </p>
   </div>
   <div class='ocr_carea' id='block_1_113' title="bbox 1981 4975 3545 5048">
    <p class='ocr_par' dir='ltr' id='par_1_113' title="bbox 1981 4975 3545 5048">
     <span class='ocr_line' id='line_1_116' title="bbox 1981 4975 3545 5048; baseline 0 -15"><span class='ocrx_word' id='word_1_753' title='bbox 1981 4990 2066 5033; x_wconf 84' lang='lat' dir='ltr'><strong>rat</strong></span> <span class='ocrx_word' id='word_1_754' title='bbox 2097 4988 2320 5048; x_wconf 89' lang='lat' dir='ltr'><strong>propter</strong></span> <span class='ocrx_word' id='word_1_755' title='bbox 2365 4975 2665 5042; x_wconf 82' lang='lat' dir='ltr'><strong>lsraelitas,</strong></span> <span class='ocrx_word' id='word_1_756' title='bbox 2700 4994 2802 5032; x_wconf 89' lang='lat' dir='ltr'><strong>nec</strong></span> <span class='ocrx_word' id='word_1_757' title='bbox 2845 4978 3016 5046; x_wconf 90' lang='lat' dir='ltr'><strong>ipsunt</strong></span> <span class='ocrx_word' id='word_1_758' title='bbox 3057 4979 3302 5032; x_wconf 86' lang='lat' dir='ltr'><strong>vicerant</strong></span> <span class='ocrx_word' id='word_1_759' title='bbox 3333 4983 3545 5048; x_wconf 84' lang='lat' dir='ltr'><strong>pmpria</strong></span> 
     </span>
    </p>
   </div>
   <div class='ocr_carea' id='block_1_114' title="bbox 1979 5069 3549 5140">
    <p class='ocr_par' dir='ltr' id='par_1_114' title="bbox 1979 5069 3549 5140">
     <span class='ocr_line' id='line_1_117' title="bbox 1979 5069 3549 5140; baseline 0.003 -18"><span class='ocrx_word' id='word_1_760' title='bbox 1979 5072 2222 5124; x_wconf 89' lang='lat' dir='ltr'><strong>virtute:</strong></span> <span class='ocrx_word' id='word_1_761' title='bbox 2255 5071 2349 5124; x_wconf 88' lang='lat' dir='ltr'><strong>sed</strong></span> <span class='ocrx_word' id='word_1_762' title='bbox 2391 5069 2698 5124; x_wconf 68' lang='lat' dir='ltr'><strong>Iudaeorum</strong></span> <span class='ocrx_word' id='word_1_763' title='bbox 2731 5081 2950 5140; x_wconf 86' lang='lat' dir='ltr'><strong>peccata</strong></span> <span class='ocrx_word' id='word_1_764' title='bbox 2997 5079 3051 5125; x_wconf 89' lang='lat' dir='ltr'><strong>et</strong></span> <span class='ocrx_word' id='word_1_765' title='bbox 3091 5070 3396 5140; x_wconf 86' lang='lat' dir='ltr'><strong>itnpietatcs</strong></span> <span class='ocrx_word' id='word_1_766' title='bbox 3439 5073 3549 5127; x_wconf 76' lang='lat' dir='ltr'><strong>cla-</strong></span> 
     </span>
    </p>
   </div>
   <div class='ocr_carea' id='block_1_115' title="bbox 1977 5161 3544 5234">
    <p class='ocr_par' dir='ltr' id='par_1_115' title="bbox 1977 5161 3544 5234">
     <span class='ocr_line' id='line_1_118' title="bbox 1977 5161 3544 5234; baseline 0.001 -16"><span class='ocrx_word' id='word_1_767' title='bbox 1977 5165 2097 5218; x_wconf 90' lang='lat' dir='ltr'><strong>dem</strong></span> <span class='ocrx_word' id='word_1_768' title='bbox 2135 5161 2448 5219; x_wconf 81' lang='lat' dir='ltr'><strong>ell‘ecerant.</strong></span> <span class='ocrx_word' id='word_1_769' title='bbox 2473 5162 2682 5218; x_wconf 85' lang='lat' dir='ltr'><strong>Cecidit</strong></span> <span class='ocrx_word' id='word_1_770' title='bbox 2701 5179 2830 5218; x_wconf 86' lang='lat' dir='ltr'><strong>vero</strong></span> <span class='ocrx_word' id='word_1_771' title='bbox 2860 5171 2986 5216; x_wconf 88' lang='lat' dir='ltr'><strong>ante</strong></span> <span class='ocrx_word' id='word_1_772' title='bbox 3006 5177 3188 5216; x_wconf 87' lang='lat' dir='ltr'><strong>arcam</strong></span> <span class='ocrx_word' id='word_1_773' title='bbox 3221 5163 3418 5234; x_wconf 82' lang='lat' dir='ltr'><strong>Dagon,</strong></span> <span class='ocrx_word' id='word_1_774' title='bbox 3439 5181 3544 5219; x_wconf 87' lang='lat' dir='ltr'><strong>non</strong></span> 
     </span>
    </p>
   </div>
   <div class='ocr_carea' id='block_1_116' title="bbox 1977 5255 3547 5326">
    <p class='ocr_par' dir='ltr' id='par_1_116' title="bbox 1977 5255 3547 5326">
     <span class='ocr_line' id='line_1_119' title="bbox 1977 5255 3547 5326; baseline 0.002 -19"><span class='ocrx_word' id='word_1_775' title='bbox 1977 5264 2034 5308; x_wconf 82' lang='grc' dir='ltr'><strong>ιιι</strong></span> <span class='ocrx_word' id='word_1_776' title='bbox 2069 5256 2359 5320; x_wconf 87' lang='lat' dir='ltr'><strong>adoraret;</strong></span> <span class='ocrx_word' id='word_1_777' title='bbox 2392 5270 2568 5323; x_wconf 86' lang='lat' dir='ltr'><strong>neque</strong></span> <span class='ocrx_word' id='word_1_778' title='bbox 2603 5257 2748 5310; x_wconf 91' lang='lat' dir='ltr'><strong>enitn</strong></span> <span class='ocrx_word' id='word_1_779' title='bbox 2777 5255 2972 5326; x_wconf 85' lang='lat' dir='ltr'><strong>dignus</strong></span> <span class='ocrx_word' id='word_1_780' title='bbox 2999 5265 3143 5308; x_wconf 88' lang='lat' dir='ltr'><strong>erat:</strong></span> <span class='ocrx_word' id='word_1_781' title='bbox 3183 5257 3277 5311; x_wconf 86' lang='lat' dir='ltr'><strong>sed</strong></span> <span class='ocrx_word' id='word_1_782' title='bbox 3319 5267 3378 5310; x_wconf 92' lang='lat' dir='ltr'><strong>ut</strong></span> <span class='ocrx_word' id='word_1_783' title='bbox 3417 5272 3547 5312; x_wconf 84' lang='lat' dir='ltr'><strong>con—</strong></span> 
     </span>
    </p>
   </div>
   <div class='ocr_carea' id='block_1_117' title="bbox 1983 5347 2904 5416">
    <p class='ocr_par' dir='ltr' id='par_1_117' title="bbox 1983 5347 2904 5416">
     <span class='ocr_line' id='line_1_120' title="bbox 1983 5347 2904 5416; baseline -0.001 -15"><span class='ocrx_word' id='word_1_784' title='bbox 1983 5357 2289 5402; x_wconf 88' lang='lat' dir='ltr'><strong>tereretur:</strong></span> <span class='ocrx_word' id='word_1_785' title='bbox 2322 5347 2467 5416; x_wconf 89' lang='lat' dir='ltr'><strong>quod</strong></span> <span class='ocrx_word' id='word_1_786' title='bbox 2497 5347 2662 5402; x_wconf 89' lang='lat' dir='ltr'><strong>etiam</strong></span> <span class='ocrx_word' id='word_1_787' title='bbox 2686 5349 2904 5401; x_wconf 86' lang='lat' dir='ltr'><strong>accidit.</strong></span> 
     </span>
    </p>
   </div>
   <div class='ocr_carea' id='block_1_118' title="bbox 2056 5439 3548 5510">
    <p class='ocr_par' dir='ltr' id='par_1_118' title="bbox 2056 5439 3548 5510">
     <span class='ocr_line' id='line_1_121' title="bbox 2056 5439 3548 5510; baseline 0.001 -18"><span class='ocrx_word' id='word_1_788' title='bbox 2056 5439 2234 5493; x_wconf 78' lang='lat' dir='ltr'><strong>Azotii</strong></span> <span class='ocrx_word' id='word_1_789' title='bbox 2268 5439 2472 5509; x_wconf 87' lang='lat' dir='ltr'><strong>lapsum</strong></span> <span class='ocrx_word' id='word_1_790' title='bbox 2524 5439 2796 5509; x_wconf 84' lang='lat' dir='ltr'><strong>Dagonem</strong></span> <span class='ocrx_word' id='word_1_791' title='bbox 2836 5439 3132 5510; x_wconf 80' lang='lat' dir='ltr'><strong>erigentes,</strong></span> <span class='ocrx_word' id='word_1_792' title='bbox 3183 5441 3442 5495; x_wconf 86' lang='lat' dir='ltr'><strong>damnant</strong></span> <span class='ocrx_word' id='word_1_793' title='bbox 3481 5454 3548 5493; x_wconf 78' lang='lat' dir='ltr'><strong>ex</strong></span> 
     </span>
    </p>
   </div>
   <div class='ocr_carea' id='block_1_119' title="bbox 2048 5599 3548 5669">
    <p class='ocr_par' dir='ltr' id='par_1_119' title="bbox 2048 5599 3548 5669">
     <span class='ocr_line' id='line_1_122' title="bbox 2048 5599 3548 5669; baseline 0 -17"><span class='ocrx_word' id='word_1_794' title='bbox 2048 5599 2160 5669; x_wconf 82' lang='grc'><strong>(81)</strong></span> <span class='ocrx_word' id='word_1_795' title='bbox 2191 5599 2281 5653; x_wconf 86' lang='lat' dir='ltr'><strong>Sic</strong></span> <span class='ocrx_word' id='word_1_796' title='bbox 2325 5599 2588 5668; x_wconf 86' lang='lat' dir='ltr'><strong>sequitur,</strong></span> <span class='ocrx_word' id='word_1_797' title='bbox 2628 5614 2733 5655; x_wconf 88' lang='lat' dir='ltr'><strong>non</strong></span> <span class='ocrx_word' id='word_1_798' title='bbox 2769 5607 2976 5656; x_wconf 91' lang='lat' dir='ltr'><strong>mutato</strong></span> <span class='ocrx_word' id='word_1_799' title='bbox 3031 5612 3271 5658; x_wconf 73' lang='lat' dir='ltr'><strong>auctoris</strong></span> <span class='ocrx_word' id='word_1_800' title='bbox 3306 5609 3548 5655; x_wconf 76' lang='lat' dir='ltr'><strong>nomine.</strong></span> 
     </span>
    </p>
   </div>
   <div class='ocr_carea' id='block_1_120' title="bbox 2055 5669 2531 5741">
    <p class='ocr_par' dir='ltr' id='par_1_120' title="bbox 2055 5669 2531 5741">
     <span class='ocr_line' id='line_1_123' title="bbox 2055 5669 2531 5741; baseline -0.002 -17"><span class='ocrx_word' id='word_1_801' title='bbox 2055 5671 2168 5741; x_wconf 71' lang='lat'><strong>(82)</strong></span> <span class='ocrx_word' id='word_1_802' title='bbox 2201 5670 2357 5724; x_wconf 86' lang='lat' dir='ltr'><strong>Forte</strong></span> <span class='ocrx_word' id='word_1_803' title='bbox 2387 5669 2531 5723; x_wconf 87' lang='lat' dir='ltr'><strong>lleli.</strong></span> 
     </span>
    </p>
   </div>
   <div class='ocr_carea' id='block_1_121' title="bbox 3239 5822 3280 5882">
    <p class='ocr_par' dir='ltr' id='par_1_121' title="bbox 3239 5822 3280 5882">
     <span class='ocr_line' id='line_1_124' title="bbox 3239 5822 3280 5882; baseline 0 0"><span class='ocrx_word' id='word_1_804' title='bbox 3239 5822 3280 5882; x_wconf 84' lang='lat'><strong>2</strong></span> 
     </span>
    </p>
   </div>
  </div>
