4012 6340
529 312 598 366 45
1405 313 1967 371 SUPI’LEMENTUM
2003 314 2095 369 AD
2130 312 2462 371 ORIGENIS
2501 310 2917 369 EXEGETICA.
3736 314 3803 367 M

531 426 937 495 comparatione
968 427 1113 485 .filios
1144 428 1336 484 lsrael.
1375 430 1453 484 llli
1482 446 1714 500 namque
1741 446 1866 486 cum
1900 432 2090 485 iterum

2198 431 2523 501 κατέκριναν
2546 429 2611 483 ὲκ
2637 428 2991 500 παραθέσεως
3005 424 3129 490 τοὺς
3155 424 3324 487 υἱοὺς
3362 424 3696 496 Ἰσραὴλ.οί
3721 428 3818 497 μὲν

492 568 497 577 .
532 519 717 589 Dagon
752 522 1071 586 corruisset,
1114 534 1379 592 caputque
1406 523 1551 577 illius
1590 533 1647 577 ct
1675 525 1870 593 pedum
1905 538 2101 576 manu-

495 634 498 637 ν
533 626 731 681 umque
756 613 1137 668 extremitates
1164 614 1359 669 excisae
1387 623 1593 680 essent,
1622 624 1677 668 et
1720 615 1773 668 in
1801 614 1987 669 limine
2012 614 2101 683 ja-

502 686 759 767 ‘cerent;
793 719 963 774 usque
1000 689 1133 758 adeo
1172 719 1277 759 non
1312 713 1689 775 temperarunt
1720 719 1750 759 a
1772 704 1964 760 notitia
1991 705 2103 760 cla-

529 796 634 861 dis,
673 811 835 864 quam
888 791 1022 849 detis
1051 796 1289 864 ipsorum
1326 797 1591 852 contritus
1614 796 1821 862 retulit,
1850 806 1914 851 ut
1937 810 2003 850 ex
2035 810 2102 851 eo

531 896 774 957 tempore
802 903 904 942 non
950 886 1182 954 amplius
1213 888 1389 943 limini
1433 889 1764 953 insisterent,
1803 889 1848 943 si
1885 890 2101 958 quando

527 996 649 1033 cum
694 980 966 1036 adoraturi
1016 981 1483 1051 ingrediebantur,
1513 989 1797 1051 propterea
1848 981 1993 1051 quod
2026 982 2100 1037 ibi

529 1073 669 1128 illius
683 1074 919 1128 membra
932 1073 1318 1144 jacuerunt,de
1328 1074 1524 1143 quibus
1538 1074 2099 1129 commemoravimus.

525 1169 594 1221 At
640 1166 797 1222 Israel
839 1168 1100 1223 invictum
1149 1166 1357 1221 habens
1409 1167 1598 1233 Deum,
1628 1167 1708 1223 sic
1750 1168 1917 1238 impie
1967 1168 2097 1237 egit.

1155 1300 1310 1355 CAP.
1340 1299 1458 1354 XV.

526 1392 591 1449 ν.
648 1395 737 1449 10.
797 1395 862 1449 Et
913 1394 1017 1462 fuit
1079 1397 1294 1515 verbtém
1360 1393 1573 1449 Domini
1627 1396 1698 1449 ad
1756 1394 2097 1464 Samuelem,

1251 1480 1432 1515 tcem:

1251 1480 1389 1518 tcem
1413 1480 1432 1517 ἔ

617 1556 682 1610 ν.
714 1556 800 1609 ll.
834 1544 1211 1619 Paenituitme,
1244 1556 1383 1623 quod
1414 1554 1544 1607 ωιπὶ
1576 1551 1710 1607 Saul
1734 1553 1788 1607 in
1814 1524 2007 1636 regem.

596 1713 1055 1781 Quemadmodum
1084 1711 1365 1765 lnnmnum
1394 1724 1609 1776 manus,
1641 1720 1697 1765 et
1721 1725 1838 1780 pes,
1880 1721 1937 1768 et
1969 1728 2093 1769 oeu-

2206 521 2334 593 γὰρ,
2367 520 2617 592 δεύτερον
2636 519 2730 573 τοῦ
2754 518 2942 588 Δαγὼν
2970 517 3366 581 πεπτωκότος,
3401 517 3501 570 καὶ
3529 516 3630 587 τῆς
3650 536 3815 588 κεφα-

2204 611 2321 681 λῆς,
2350 612 2444 663 καὶ
2474 610 2583 663 τῶν
2614 610 2794 663 ποδῶν
2820 608 2914 662 καὶ
2941 608 3141 682 χειρῶν
3180 607 3312 661 τῶν
3345 606 3545 679 ἄκρων
3578 609 3816 681 ἀποτμη-

2204 702 2426 766 θέντων,
2482 703 2578 755 καὶ
2633 704 2691 755 ὲν
2728 701 2807 772 τῷ
2857 699 2996 770 οὐδῷ
3030 699 3342 771 κειμένων,
3385 698 3653 753 τοσοῦτον
3679 701 3809 755 ἀπέ-

2205 812 2395 865 σχοντο
2424 794 2519 848 τοῦ
2543 795 2667 866 (μὴ)
2700 793 2903 862 γνῶναι
2930 790 3028 863 τὴν
3051 786 3247 863 ἧτταν,
3295 790 3370 861 ἢν
3404 793 3435 843 ὁ
3476 789 3604 855 θεὸς
3630 791 3806 848 αὐτῶν

2202 887 2409 958 ἡττήθη
2456 884 2782 957 συντριϐεὶς,
2829 881 2960 935 ὥστ’
2985 881 3044 947 ἐξ
3089 882 3306 934 ἐκείνου
3362 880 3605 953 μηδέπω
3649 881 3801 935 οὐδοῦ

2202 977 2521 1039 ἐπιϐαίνειν,
2552 976 2716 1048 ἡνίκα
2742 975 2807 1029 ἂν
2835 975 3034 1029 εἰσίασι
3068 976 3410 1046 προσκυνεῖν
3434 972 3591 1044 αὐτῷ
3613 1012 3630 1039 ,
3656 974 3740 1043 ἐφ’
3764 966 3807 1041 ᾧ

2202 1070 2411 1123 ἔκειντο
2425 1068 2586 1122 αὐτοῦ
2614 1068 2683 1121 τὰ
2716 1067 2876 1139 μέρη,
2901 1060 2975 1121 ὧν
2995 1065 3530 1138 ἐμνημονεύσαμεν.
3567 1064 3628 1117 ’0
3659 1065 3717 1118 δέ
3744 1082 3805 1135 γε

2217 1162 2448 1233 Ἰσραὴλ,
2472 1162 2738 1232 ἀήττητον
2760 1159 2900 1229 ἔχων
2919 1160 3010 1214 τὸν
3035 1158 3188 1225 Θεὸν,
3218 1158 3410 1222 οὕτως
3433 1157 3651 1229 ἠσέϐει.

2830 1294 2988 1349 ΚΕΦ.
3027 1295 3129 1348 IE'.

2202 1388 2350 1459 Στίχ.
2380 1393 2429 1442 ι’.
2448 1388 2557 1441 Καὶ
2586 1385 2841 1457 ἐγενήθη
2856 1386 3275 1526 ρῗέιταῶἰυρὶου
3307 1387 3474 1455 πρὸς
3492 1387 3799 1458 Σαμουὴλ,

2201 1551 2350 1621 Στίχ.
2390 1557 2475 1604 ια’.
2499 1547 3396 1685 Μεταμεμέίέηῖιὲἕὲξχρισα
3441 1550 3555 1603 τὸν
3605 1550 3800 1605 Σαοὺλ

2273 1711 2406 1784 (82‘)
2431 1713 2639 1784 Ὠσπερ
2654 1710 2955 1782 ἀνθρώπων
2973 1712 3071 1783 μὲν
3086 1712 3206 1783 χεὶρ
3221 1713 3321 1766 καὶ
3336 1711 3487 1777 ποῦς
3504 1713 3602 1767 καὶ
3616 1713 3801 1782 ὀφθαλ-

524 1806 628 1867 lus,
658 1813 712 1856 et
742 1804 907 1869 auris,
941 1802 1067 1858 etsi
1107 1808 1235 1867 quid
1287 1802 1593 1872 hujusmodi
1641 1801 1971 1868 nominatur,
2023 1805 2090 1859 si-

2201 1804 2300 1875 μὸς
2320 1805 2412 1858 καὶ
2428 1800 2541 1867 οῦς,
2559 1804 2653 1858 καὶ
2669 1804 2722 1856 εί
2739 1821 2791 1857 τι
2824 1802 3063 1858 τοιοῦτον
3092 1804 3457 1876 ὀνομάζεται,
3485 1823 3556 1877 ση
3566 1807 3798 1877 μαντικὰ

524 1894 833 1963 gnificativa
872 1901 999 1947 sunt
1051 1893 1421 1947 membrorum
1486 1893 1656 1947 nostri
1704 1893 1991 1963 corporis;
2040 1894 2095 1949 in

523 1989 635 2042 Deo
664 1997 863 2051 autem,
891 2001 1085 2042 manus
1117 1985 1630 2042 innuitcreatricem
1657 1986 1936 2051 virtutem,
1966 2001 2096 2042 ocu-

521 2081 606 2135 lus
632 2080 737 2134 vim
767 2081 947 2135 omnia
981 2080 1331 2149 inspiciendi;
1372 2079 1521 2134 auris
1547 2080 1848 2148 potentiam
1874 2080 2094 2135 univer—

522 2189 579 2228 sa
610 2173 887 2240 audiendi,
944 2188 1039 2244 pes
1090 2189 1219 2229 vero
1264 2173 1410 2228 illius
1451 2173 1821 2242 praesentiam,
1872 2174 2093 2242 quando

520 2267 649 2338 quid
684 2275 945 2336 operatur
977 2284 991 2321 :
1027 2268 1106 2321 sic
1158 2266 1257 2321 ira
1287 2266 1380 2321 Dei
1423 2267 1627 2321 dicitur
1670 2265 1931 2332 eruditio,
1983 2279 2091 2335 qua

518 2360 735 2428 quidam
770 2360 1132 2428 castigantur,
1161 2374 1270 2413 non
1304 2358 1397 2412 Dei
1424 2359 1624 2426 passio.
1651 2356 1980 2410 Poeniteutia
2011 2364 2094 2411 est

519 2450 801 2505 translatio
831 2452 1025 2505 divina:
1052 2449 1470 2519 dispensationis
1492 2450 1561 2503 de
1586 2464 1642 2502 re
1665 2450 1730 2502 ad
1764 2464 1875 2502 rem
1906 2449 2090 2503 aliam.

515 2543 670 2609 Quod
700 2542 843 2596 cnim
880 2556 980 2596 nos
1013 2540 1324 2609 pmnitendn
1351 2539 1600 2605 facimus,
1632 2541 1685 2593 id
1716 2551 1800 2596 est
1825 2542 2091 2598 evitamus

516 2651 580 2690 ea
613 2649 844 2703 quorum
866 2647 965 2686 nos
987 2634 1235 2702 ptenitet,
1258 2632 1359 2685 alia
1385 2646 1514 2685 vero
1540 2631 1761 2687 meliora
1784 2643 2086 2701 sectamur;

518 2728 569 2781 id
598 2724 693 2779 Dei
724 2723 1038 2793 pteniIentia
1068 2732 1311 2776 vocatur.
1374 2721 1574 2793 thuid
1606 2724 1745 2778 istuc
1766 2723 1789 2776 ?
1809 2723 2088 2801 .Quoniam

517 2818 927 2872 accommodate
967 2823 1225 2884 quantum
1258 2814 1372 2868 ﬁeri
1402 2824 1615 2884 poterat
1650 2816 1717 2870 ad
1762 2831 1850 2871 res
1898 2832 2091 2886 corpo-

530 2924 652 2965 reas
700 2909 985 2977 oportebat
1050 2917 1109 2961 ut
1154 2906 1525 2961 hebetioribus
1553 2908 1831 2977 propheta:
1877 2910 1943 2964 de
1980 2909 2089 2965 Deo

517 3003 894 3072 loquerentur,
937 3009 995 3054 ut
1045 3015 1129 3054 res
1173 2999 1317 3054 illius
1359 3000 1476 3069 capi
1508 3010 1750 3069 possent.
1798 3000 1899 3068 Qui
1939 3002 2085 3058 enim

514 3105 727 3150 statuas
762 3109 899 3162 quas
940 3091 1259 3162 sculpebant
1292 3090 1375 3146 vel
1406 3090 1729 3158 fundebant,
1775 3094 1903 3148 deos
1932 3094 2083 3149 arbi-
2111 3127 2158 3190 ϐ

522 3185 829 3249 trahantur,
870 3197 959 3237 res
988 3180 1279 3249 coeteroqui
1316 3181 1529 3236 ratione
1573 3181 1879 3247 destitutas,
1932 3183 2086 3252 quei-

515 3292 637 3329 nam
678 3275 949 3344 cepissent
970 3289 1066 3343 per
1106 3272 1415 3343 spirituales
1440 3272 1797 3342 cogitationes
1826 3282 1881 3327 et
1902 3275 2086 3341 verba,

510 3385 573 3425 ea
624 3385 745 3440 quae
779 3369 845 3424 de
884 3368 993 3423 Deo
1021 3367 1381 3423 dicerentur?

1149 3479 1213 3535 Et
1235 3482 1423 3535 iterum
1450 3496 1468 3533 :

578 3572 634 3628 Si
671 3573 926 3628 universa
954 3572 1206 3642 prazvidit
1237 3573 1397 3639 Deus,
1430 3586 1530 3628 nec
1573 3572 1640 3628 de
1675 3572 1745 3629 iis
1784 3588 1903 3645 quae
1934 3577 2087 3632 novit

511 3667 786 3729 irascitur,
831 3675 926 3720 aut
966 3665 1290 3736 poenitentia
1347 3665 1609 3731 ducitur;
1669 3681 1778 3722 non
1821 3677 1907 3722 est
1955 3683 2086 3737 ergo

508 3759 689 3828 passio
717 3772 837 3827 qua:
868 3758 920 3811 in
958 3756 1125 3812 Deum
1148 3758 1324 3820 cadat,
1356 3758 1435 3811 ira
1461 3757 1547 3812 vel
1576 3759 1899 3827 paenitentia
1930 3778 1945 3815 :
1989 3761 2085 3816 sed

511 3852 605 3902 ira:
640 3863 776 3918 opus
808 3858 893 3902 est
927 3848 1181 3915 punitio;
1230 3850 1372 3917 quod
1418 3857 1473 3902 et
1501 3848 1567 3902 ad
1596 3851 1974 3919 paenitentiam
2008 3852 2085 3907 si-

508 3937 709 3992 militer
746 3936 1183 3991 transferendum
1217 3954 1230 3990 :
1267 3950 1387 4005 qua:
1428 3946 1510 3990 est
1559 3939 1840 3996 derelictio
1891 3940 2085 4011 prioris

506 4024 710 4094 operis,
740 4033 797 4077 et
837 4022 1125 4077 translatio
1161 4024 1214 4077 in
1250 4024 1409 4077 aliam
1441 4025 1929 4095 diSpensationem.
1991 4029 2084 4086 Sic

504 4125 561 4169 et
596 4115 661 4169 de
697 4114 875 4185 gladio
918 4115 1117 4170 dicitur
1146 4133 1161 4170 :
1204 4114 1391 4171 Gladie
1429 4128 1604 4182 acute,
1654 4128 1829 4173 macta
1853 4120 1917 4172 ⁸⁷.
1946 4119 2080 4176 ltem

503 4223 699 4262 manus
718 4208 904 4264 ferrea
940 4212 1252 4264 nominatus
1278 4219 1361 4263 est
1391 4209 1647 4265 Salomon
1675 4229 1690 4266 :
1722 4210 1793 4266 Ut
1820 4213 2009 4281 eripiat
2033 4224 2083 4267 te

505 4305 571 4357 de
604 4321 762 4357 manu
795 4304 969 4371 ferrea
1016 4314 1063 4358 et
1096 4304 1272 4374 gladio
1300 4305 1369 4362 ³⁸.
1418 4305 1487 4361 Ut
1520 4306 1688 4362 David
1745 4308 1956 4378 inquit:
2012 4308 2082 4363 In

503 4412 693 4449 manus
721 4396 888 4464 gladii
919 4399 985 4452 '9.
1020 4395 1223 4451 Eodem
1253 4399 1413 4454 modo
1446 4399 1660 4455 animus
1693 4400 1782 4455 Dei
1811 4402 1970 4456 irasci
2001 4403 2082 4458 di-

2196 1896 2305 1949 τῶν
2327 1896 2503 1967 μελῶν
2539 1895 2633 1949 τοῦ
2668 1895 2935 1967 ἡμετέρου
2958 1894 3208 1967 σώματός
3232 1898 3393 1951 ἐστιν
3414 1915 3429 1928 ·
3458 1898 3556 1951 ἐπὶ
3580 1898 3639 1950 δὲ
3667 1897 3797 1951 Θεοῦ

2195 1986 2317 2057 χεὶρ
2340 1985 2437 2056 μὲν
2465 1984 2526 2037 τὸ
2551 1984 2615 2057 δη
2625 1984 3253 2058 μιουργικὸν,ὀφθαλμὸς
3278 1987 3340 2040 δὲ
3366 1987 3433 2040 τὸ
3468 1988 3789 2043 ἑποπτικόν·

2195 2075 2291 2129 καὶ
2313 2071 2406 2139 οὖς
2436 2075 2533 2146 μὲν
2550 2075 2612 2128 τὸ
2637 2074 2981 2138 ἀκουστικὸν,
3001 2074 3136 2138 ποῦς
3157 2074 3214 2127 δὲ
3241 2076 3308 2128 τὸ
3322 2075 3436 2146 τῆς
3463 2076 3791 2148 παρουσίας,

2193 2168 2269 2222 ὅτ’
2295 2167 2360 2220 ἂν
2386 2169 2581 2239 ἐνεργῇ
2624 2183 2677 2219 τι
2712 2182 2727 2197 ⁸
2770 2165 2912 2219 οὕτω
2946 2167 3039 2220 καὶ
3061 2165 3230 2237 θυμὸς
3264 2167 3375 2237 μὲν
3403 2167 3544 2221 Θεοῦ
3581 2167 3789 2237 λέγεται

2195 2258 2433 2322 παιδεία,
2458 2261 2490 2328 ἡ
2511 2257 2652 2312 κατὰ
2672 2256 2781 2309 τῶν
2812 2257 3101 2322 παιόντων,
3125 2258 3186 2310 οῦ
3212 2257 3395 2323 πάθος
3418 2258 3561 2312 Θεοῦ
3582 2276 3597 2289 ·
3632 2276 3790 2329 μετα-

2196 2351 2384 2423 μέλεια
2420 2351 2476 2404 δὲ
2508 2353 2542 2421 ἡ
2572 2350 2680 2403 ἀπὸ
2725 2350 3047 2421 πράγματος
3096 2352 3177 2415 είς
3213 2354 3461 2424 πρᾶγμα
3500 2352 3786 2424 μετάθεσις

2191 2444 2292 2515 τῆς
2336 2441 2430 2496 τοῦ
2455 2442 2590 2495 Θεοῦ
2623 2442 2955 2513 οἰκονομίας.
3000 2444 3065 2495 Ὃ
3098 2442 3206 2514 γὰρ
3234 2444 3411 2514 ἡμεῖς
3445 2443 3785 2515 μεταμελού-

2196 2552 2345 2607 μενοι
2392 2533 2675 2605 ποιοῦμεν,
2703 2533 2981 2587 τουτέστιν
3007 2535 3188 2587 ἐκεῖνα
3222 2534 3326 2604 μὲν
3375 2534 3658 2606 φεύγομεν
3702 2534 3783 2601 ἐφ’

2190 2623 2272 2692 οἷς
2303 2625 2773 2698 μετεμελήθημεν,
2805 2626 2968 2698 ἕτερα
2994 2626 3051 2679 δὲ
3078 2624 3354 2697 διώκομεν
3398 2625 3474 2680 τὰ
3503 2625 3738 2697 κρείττω
3765 2640 3779 2653 ·

2189 2721 2347 2774 τοῦτο
2376 2718 2708 2791 μεταμέλεια
2740 2718 2872 2771 Θεοῦ
2903 2719 3140 2787 λέγεται.
3167 2718 3265 2772 Διὰ
3284 2719 3346 2772 τί
3364 2735 3380 2782 ;
3434 2717 3656 2789 Ἐπειδὴ
3691 2735 3781 2770 σω-

2192 2809 2564 2884 ματικώτερον
2602 2813 2714 2874 τοῖς
2744 2809 3066 2882 βαρυτάτοις
3099 2810 3196 2880 τὴν
3244 2809 3498 2863 διάνοιαν
3522 2808 3631 2862 ἔδει
3660 2805 3782 2876 περὶ

2187 2904 2283 2959 τοῦ
2316 2905 2451 2958 Θεοῦ
2474 2906 2600 2968 τοὺς
2629 2904 2914 2976 προφήτας
2946 2902 3174 2973 ὁμιλεῖν,
3196 2901 3283 2954 ἵνα
3320 2902 3581 2974 χωρηθῇ·
3610 2902 3659 2953 oi
3675 2900 3776 2969 γὰρ

2188 2997 2475 3069 ἀγάλματα
2486 2996 2631 3067 ἅπερ
2641 2995 2869 3064 ἔγλυφον
2886 2994 2979 3046 καὶ
2993 2991 3254 3063 ὲχώνευον
3269 2991 3436 3057 θεοὺς
3447 2991 3777 3064 νομίζοντες,

2186 3089 2286 3162 ἤδη
2303 3089 2361 3143 δὲ
2384 3090 2477 3143 καὶ
2498 3089 2687 3157 ἄλογα,
2718 3087 2835 3150 πῶς
2866 3085 2931 3139 ἂν
2961 3084 3242 3157 ἐχώρησαν
3264 3084 3359 3138 διὰ
3391 3082 3772 3156 πνευματικῶν

2189 3179 2479 3251 νοημάτων
2512 3196 2573 3231 τε
2593 3179 2688 3231 καὶ
2717 3177 2976 3250 ῥημάτων
3009 3175 3077 3229 τὰ
3104 3176 3234 3247 περὶ
3279 3174 3425 3229 Θεοῦ
3472 3174 3770 3244 λεγόμενα;

2789 3476 2898 3531 Καὶ
2930 3475 3137 3530 πάλιν·

2256 3571 2320 3623 Ei
2349 3570 2526 3625 πάντα
2558 3568 2805 3642 προεῖδεν
2838 3569 2867 3621 ὁ
2899 3568 3052 3631 Θεὸς,
3079 3569 3180 3621 οὐκ
3214 3566 3307 3637 ἀφ’
3340 3563 3423 3623 ὧν
3451 3564 3510 3621 δὲ
3540 3560 3648 3619 οἵδε
3679 3563 3767 3617 θυ-

2190 3661 2384 3734 μοῦται
2416 3663 2449 3734 ἢ
2483 3661 2889 3733 μεταμελεῖταισ
2924 3660 2983 3713 οὐ
3014 3660 3184 3723 πάθος
3226 3658 3337 3731 ἄρα
3360 3660 3501 3714 Θεοῦ
3524 3652 3765 3729 θυμὸς,ἧ

2189 3754 2540 3826 μεταμέλειαο
2570 3752 2707 3807 ἀλλὰ
2733 3752 2826 3805 τοῦ
2862 3751 3035 3824 θυμοῦ
3061 3751 3219 3823 ἔργον
3248 3754 3281 3823 ἡ
3309 3753 3559 3817 κόλασις·
3589 3751 3681 3805 καὶ
3710 3746 3767 3799 τὸ

2183 3848 2281 3918 τῆς
2328 3844 2690 3916 μεταμελείας
2729 3843 2961 3915 ὁμοίωςο
3008 3843 3310 3905 ἀπόστασις
3354 3844 3455 3898 τοῦ
3505 3841 3763 3915 προτέρου

2185 3937 2530 4009 πράγματος,
2565 3935 2855 4007 μετάθεσις
2880 3935 2935 3989 δὲ
2960 3935 3041 3998 είς
3075 3933 3174 4004 τὴν
3197 3934 3395 4006 ἑτέραν
3432 3931 3760 4004 οἰκονομίαν.

2185 4029 2340 4081 Οῦτω
2366 4027 2460 4081 καῖ¹
2484 4027 2611 4098 περὶ
2639 4025 2912 4097 ῥομφαίας
2940 4025 3175 4094 λέγεται*
3206 4025 3502 4094 Ῥομφαία
3526 4026 3763 4089 ὀξύνου-

2183 4133 2287 4183 σα,
2312 4118 2527 4189 σφάζε.
2550 4117 2706 4172 Οῦτω
2722 4118 2814 4170 καὶ
2838 4118 2959 4188 χεὶρ
2973 4116 3286 4188 ὠνόμασται
3308 4118 3534 4190 σιδήρου
3559 4119 3588 4170 ὁ
3610 4113 3761 4167 Σολο-

2187 4212 2345 4284 μῶν⁴¹ο
2377 4214 2501 4267 Ἵνα
2521 4211 2784 4281 ρύσηταί
2807 4226 2880 4265 σε
2901 4210 2970 4263 ἐκ
2993 4211 3192 4279 χειρὸς
3219 4208 3477 4278 σιδήρου
3496 4209 3600 4265 καὶ
3622 4208 3763 4276 ῥομ-

2182 4307 2399 4377 φαίας
2427 4306 2502 4369 ὡς
2548 4308 2578 4359 ὁ
2620 4305 2783 4359 Δαυῒδ
2819 4319 2983 4374 φησιν
3005 4318 3020 4333 ο
3064 4304 3168 4369 Εἰς
3208 4301 3414 4371 χεῖρας
3440 4301 3758 4373 ῥομφαίας.

2184 4397 2341 4453 Οῦτω
2369 4398 2463 4451 καὶ
2483 4398 2512 4450 ὁ
2538 4397 2709 4469 θυμὸς
2732 4395 2827 4450 τοῦ
2853 4394 2990 4449 Θεοῦ
3017 4394 3332 4467 ὀργίζεσθαι
3372 4394 3627 4465 λέγεται,
3671 4390 3761 4443 καὶ

503 4491 665 4554 citur,
706 4498 759 4542 et
794 4489 986 4543 faciem
1026 4489 1229 4545 habere
1272 4500 1516 4560 peccata,
1554 4494 1848 4548 secundum
1887 4494 2077 4562 David,

2193 4489 2475 4561 πρόσωπον
2506 4488 2649 4561 ἔχειν
2672 4488 2947 4560 ἁμαρτίας
2974 4486 3114 4540 κατὰ
3132 4485 3222 4538 τὸν
3247 4488 3432 4553 Δαυῖδ,
3468 4489 3565 4542 καὶ
3592 4483 3757 4555 πρόσ-

502 4588 558 4633 et
583 4578 779 4633 faciem
811 4579 890 4632 ira
930 4579 1045 4644 Dei,
1072 4579 1214 4634 sicut
1265 4580 1316 4634 in
1351 4578 1560 4649 psalmo
1606 4581 1883 4637 tricesimo
1911 4584 2079 4652 septi-

503 4689 594 4727 mo
623 4689 639 4725 :
682 4684 737 4727 et
761 4671 1013 4728 manibus
1045 4674 1302 4743 plaudere
1348 4672 1593 4728 ﬂumina.
1625 4673 1736 4729 Nec
1773 4684 1952 4731 tamen
1982 4676 2079 4731 llu-

501 4766 647 4818 mina
681 4776 873 4816 manus
900 4764 1122 4830 habent,
1159 4763 1242 4819 vel
1271 4763 1462 4819 faciem
1491 4774 1735 4833 peccata.
1762 4764 1932 4821 Nemo
1972 4767 2076 4838 igi-

504 4865 590 4910 tur
633 4871 703 4910 cx
761 4855 827 4910 iis
874 4870 994 4925 quae
1038 4857 1403 4927 corporaliter
1445 4859 1514 4913 de
1550 4860 1658 4914 Deo
1702 4859 1959 4915 dicuntur
2011 4862 2078 4917 ad

501 4957 713 5016 captum
752 4958 1017 5016 veterum,
1052 4948 1143 5003 Dei
1167 4964 1364 5018 corpus
1390 4951 1613 5021 cogitet,
1639 4961 1729 5006 aut
1771 4952 1920 5007 illum
1946 4968 2075 5023 pas-

500 5038 745 5093 sionibus
770 5048 1001 5094 scatere.
1188 5096 1193 5099 _

570 5125 901 5185 Mutabililas
927 5131 1213 5185 sententiae
1246 5132 1498 5187 humanae
1521 5148 1627 5188 non
1658 5142 1741 5188 est
1774 5134 2075 5190 attribuen-

497 5218 562 5270 da
600 5217 728 5273 Deo.
754 5217 861 5274 Nos
889 5222 1033 5277 enim
1062 5223 1113 5275 in
1153 5222 1308 5275 nobis
1348 5222 1481 5291 ipsis
1524 5226 1850 5280 mutationes
1878 5226 2073 5282 divinae

497 5310 938 5378 dispensationis,
972 5328 1091 5383 qu:e
1128 5313 1286 5367 nobis
1330 5313 1451 5381 jure
1482 5316 1824 5385 contingant,
1871 5331 2071 5386 opera-

497 5416 641 5467 mur,
695 5400 821 5454 dum
860 5403 1109 5473 indignos
1140 5418 1238 5459 nos
1290 5405 1592 5475 prmbemus
1640 5417 1861 5477 propter
1904 5425 2067 5481 opera

497 5496 726 5558 honore,
759 5508 919 5563 quem
956 5495 1183 5565 largitur
1215 5496 1377 5553 Deus.
1404 5497 1539 5553 Cum
1572 5499 1743 5569 igitur
1781 5502 2068 5571 repudias-

547 5628 611 5660 ·³⁷
641 5628 840 5684 Ezech.
872 5642 989 5693 xxx,
1021 5627 1074 5684 9.
1150 5628 1195 5661 ³⁸
1236 5632 1378 5691 Psal.
1405 5650 1463 5699 ιι,
1485 5634 1538 5691 9.
1632 5631 1678 5667 ³⁸
1701 5630 1907 5690 Psalm-
1935 5631 2161 5702 ικιι›¹ίο

570 5788 705 5861 (82‘)
734 5788 955 5847 Confer.
1000 5798 1132 5847 tom.
1166 5788 1278 5860 Xll,
1311 5791 1414 5847 col.
1454 5789 1579 5847 99!.

2184 4598 2331 4637 ωπον
2362 4583 2391 4635 ὁ
2420 4580 2512 4635 τοῦ
2559 4580 2693 4634 Θεοῦ
2736 4579 2926 4652 θυμὸς,
2953 4582 3028 4642 ῶς
3044 4581 3099 4632 ὲν
3122 4576 3200 4647 τῷ
3222 4579 3532 4650 τριακοστῷ
3552 4576 3757 4645 ἑϐδόμῳ

2182 4671 2399 4744 ψαλμῷ·
2430 4673 2524 4725 καὶ
2542 4672 2730 4744 χερσὶν
2750 4672 2802 4725 οἱ
2827 4670 3063 4741 ποταμοὶ
3087 4672 3320 4741 κροτεῖν.
3349 4671 3487 4724 Οὔτε
3513 4670 3569 4723 δὲ
3595 4683 3757 4721 ποτα-

2188 4767 2307 4837 μοῖς
2344 4764 2523 4836 χεῖρές
2565 4767 2736 4830 εἰσιν,
2782 4761 2911 4817 οὔτε
2957 4760 3247 4833 πρόσωπον
3304 4762 3616 4835 ἁμαρτίαις.
3665 4758 3753 4825 Μὴ

2183 4857 2363 4911 τοίνυν
2409 4874 2495 4921 τις
2538 4856 2608 4911 τὰ
2658 4856 2988 4929 σωματικῶς
3024 4857 3156 4928 περὶ
3188 4855 3324 4909 Θεοῦ
3359 4854 3645 4925 λεγόμενα,
3681 4848 3753 4909 ὡς

2178 4949 2417 5023 ἐχώρουν
2449 4951 2499 5004 οἱ
2539 4951 2777 5014 παλαιοὶ,
2825 4950 2983 5021 σῶμα
3020 4948 3113 5005 τὸν
3155 4948 3287 5003 Θεὸν
3332 4946 3670 5018 νομίζωμεν,
3715 4938 3745 5009 ἤ

2177 5041 2366 5094 παθῶν
2389 5042 2551 5096 αὐτὸν
2582 5041 2993 5114 πεπληρῶσθαι.

2252 5135 2326 5188 Οὑ
2355 5134 2417 5188 τὸ
2460 5135 2921 5206 εὐπερίστρεπτον
2961 5133 3063 5204 τῆς
3105 5132 3390 5205 ἀνθρώπου
3426 5128 3649 5199 γνώμης
3675 5119 3750 5190 τῷ

2178 5222 2298 5294 Θεῷ
2327 5224 2687 5295 προσαπτέον.
2726 5224 2916 5295 Ἡμεῖς
2940 5223 3049 5296 γὰρ
3074 5225 3160 5295 ἐφ’
3189 5225 3395 5279 ἑαυτῶν
3427 5224 3525 5285 τὰς
3547 5212 3748 5291 τροπὰς

2177 5316 2277 5387 τῆς
2312 5314 2463 5379 θείας
2494 5315 2823 5387 οἰκονομίας,
2862 5316 2962 5381 τὰς
2989 5318 3073 5387 ἐφ’
3099 5319 3229 5390 ἡμῖν
3260 5315 3481 5377 δικαίως
3524 5308 3723 5380 συμϐαι

2176 5408 2265 5462 νοῦ
2273 5425 2371 5472 σας
2384 5405 2827 5479 ἀπεργαζόμεθα,
2843 5409 3090 5477 ἀναξίους
3110 5408 3334 5471 ἑαυτοὺς
3353 5402 3650 5462 δεικνύντες
3664 5394 3746 5448 διὰ

2176 5500 2285 5554 τῶν
2319 5499 2569 5573 πράξεων
2590 5498 2690 5571 τῆς
2736 5500 2887 5574 παρὰ
2911 5502 3004 5556 τοῦ
3050 5500 3184 5554 Θεοῦ
3215 5496 3547 5571 δωρηθείσης
3562 5490 3740 5560 τιμῆς-
