4012 6340
286 314 377 371 ,85

1528 314 1777 372 ADNOT.
1816 315 1881 370 1N
1921 312 2093 371 LIB.l
2130 310 2391 368 REGUM.
3507 313 3581 369 ιδ

320 437 651 506 Καταγνοῦς
682 436 785 496 οὖν
816 441 914 496 τοῦ
940 441 1126 505 Σαοὺλ,
1168 441 1262 494 καὶ
1294 438 1613 510 βουλόμενος
1643 436 1721 507 τῷ
1755 432 1917 489 Δαυῒδ

2020 444 2103 491 set
2153 433 2393 497 Saulem,
2440 429 2706 500 velletque
2760 430 2948 487 Davidi
2998 431 3282 501 imperium
3340 431 3578 496 tradere,

331 531 674 605 παραδοῦναι
708 534 781 588 τὰ
816 536 916 606 τῆς
951 535 1142 607 ἀρχῆς,
1188 535 1286 588 καὶ
1312 532 1391 602 τῷ
1426 532 1703 603 σπέρματι
1753 528 1917 584 αὐτοῦ

340 626 565 697 φυλάξαι
588 628 695 699 τὴν
741 627 1035 699 βασιλείαν,
1065 625 1154 679 διὰ
1184 627 1275 680 τὸν
1315 623 1483 678 αὐτοῦ
1518 623 1919 695 τεχθησόμενον

340 720 469 775 κατὰ
495 720 682 791 σάρκα
710 720 936 790 βασιλέα
959 721 1058 791 τῆς
1098 719 1331 783 κτίσεως
1370 717 1610 789 ἀπάσης,
1643 716 1918 787 ἀνθρωπί-

340 830 441 876 νοις
454 814 732 884 ἐχρήσατο
745 815 981 886 ῥήμασιν
993 812 1102 886 (85)
1115 811 1212 867 ἄνθ
1221 828 1400 883 ρωπος
1412 808 1807 879 διαλεγόμενος,
1826 808 1919 860 καὶ

346 902 474 960 εἶτε·
505 906 1029 976 Μεταμεμέλημαι,
1058 904 1147 957 ὅτι
1172 903 1391 973 ἐχρισα
1434 901 1543 957 τὸν
1585 900 1783 955 Σαοὺλ
1831 900 1920 964 εὶς

346 996 629 1064 βασιλέαο
657 997 779 1051 ἀντὶ
816 996 911 1051 τοῦ
932 1013 946 1028 ⁸
988 996 1189 1068 Ἐτέρῳ
1214 994 1473 1067 βούλομαι
1489 992 1670 1048 δοῦναι
1692 993 1791 1064 τῆς
1816 992 1917 1064 βαο

349 1090 545 1155 σιλείας
573 1090 675 1159 τὴν
704 1089 900 1163 ἀρχὴν,
927 1088 1117 1143 τοῦτον
1145 1088 1202 1141 δὲ
1225 1087 1432 1140 παῦσαι
1458 1085 1557 1157 τῆς
1577 1083 1915 1146 δυναστείας.

405 1186 505 1248 Τὸ,
530 1183 1040 1255 μεταμεμέλημαι,
1061 1181 1151 1235 διὰ
1180 1182 1273 1235 τὸν
1298 1179 1470 1233 Σαούλ
1489 1195 1502 1209 ο
1531 1176 1808 1233 τουτέστιν
1828 1175 1918 1230 οὖ-

339 1297 443 1342 τως
471 1277 697 1343 ἀνάξιον
723 1275 915 1330 ἑαυτὸν
943 1275 1043 1346 τῆς
1076 1273 1350 1345 βασιλείας
1376 1271 1652 1344 ἐποίησεν,
1680 1270 1841 1335 ὥστε,
1866 1270 1921 1322 ετ

337 1388 398 1441 γε
442 1370 611 1441 φύσιν
642 1365 787 1440 εῐχον
816 1364 1199 1440 μετανοοῦσαν,
1226 1365 1498 1436 μετέγνων
1533 1364 1600 1418 ἂν
1633 1364 1719 1417 ἐπ’
1744 1363 1913 1434 αὐτῷ.

339 1467 436 1517 Διὰ
457 1465 514 1517 τί
544 1459 639 1518 οὖν
667 1461 927 1535 ὲχρίσθη;
961 1462 1083 1516 Ὅτι
1124 1460 1246 1513 τότε
1270 1460 1417 1526 ἄξιος
1453 1456 1521 1531 ἧν
1545 1477 1559 1490 ·
1602 1460 1834 1533 τραπεὶς
1858 1459 1915 1514 δὲ

340 1558 524 1623 πάλιν,
544 1557 761 1624 ἀνάξιος
790 1556 999 1625 γέγονε.

342 1740 485 1812 Στίχ.
506 1739 603 1794 λε’.
634 1738 748 1812 Kal
780 1736 993 1812 Κύριος
1006 1733 1406 1812 μετεμελήθη,
1442 1714 1917 1812 Jctéo‘aolxevas

691 1810 801 1862 τὸν
824 1804 1027 1862 Σαοὺλ
1051 1804 1163 1860 earl
1179 1807 1284 1860 τὸν
1316 1804 1573 1873 Ἰσραήλ.

418 1904 519 1957 Ἐκ
551 1905 755 1957 τούτων
786 1900 1059 1954 δείκνυται
1089 1899 1118 1952 ὃ
1154 1901 1434 1969 προεῖπον,
1468 1897 1551 1950 ὅτι
1586 1893 1917 1967 μεταμέλεια

340 1995 561 2064 λέγεται
591 1996 627 2065 ἡ
683 1990 777 2044 τοῦ
809 1987 945 2046 Θεοῦ
988 1989 1297 2059 οἰκονομίας
1344 1987 1451 2041 ἀπὸ
1500 1987 1823 2057 πράγματος
1841 1986 1920 2048 είς

338 2088 584 2157 πρᾶγμα
619 2081 924 2154 μετάθεσις.

416 2175 700 2228 Δείκνυσιν
742 2174 770 2227 ὁ
800 2172 975 2241 λόγος,
1008 2172 1110 2235 ὅτι,
1145 2170 1249 2225 κᾶν
1279 2168 1561 2242 προφήτης
1592 2168 1686 2222 καὶ
1715 2165 1923 2231 δίκαιος

337 2266 632 2340 ἄνθρωπος
660 2268 689 2319 ό
720 2266 859 2337 ὑπὲρ
881 2264 1056 2318 ἄλλων
1088 2263 1360 2333 δεόμενος,
1391 2261 1491 2315 οὐκ
1520 2260 1695 2325 ἄλλως
1725 2259 1920 2314 ἀκούε-

337 2377 455 2425 ται,
488 2361 538 2413 εί
568 2358 643 2430 μὴ
674 2361 879 2422 ἐκεῖνος
911 2357 1057 2427 ἔργῳ
1097 2353 1261 2419 δείξει
1289 2354 1386 2425 τὴν
1421 2352 1726 2423 μετάνοιαν.
1762 2350 1918 2405 Οὕτω

338 2454 519 2526 γὰρὴ
563 2452 743 2522 δέησις
791 2449 963 2521 ἰσχύει
1008 2449 1100 2503 τοῦ
1136 2448 1367 2510 δικαίου,
1414 2445 1779 2519 ἐνεργουμένη
1827 2445 1918 2499 διὰ

339 2546 437 2601 τοῦ
464 2545 900 2616 ἁμαρτήσαντος.
931 2543 1049 2596 Ἵνα
1065 2536 1159 2596 οὖν
1193 2543 1270 2604 είς
1288 2540 1461 2611 πέρας
1491 2537 1631 2610 ἀχθῇ
1663 2538 1723 2591 τὸ
1739 2539 1917 2610 πρᾶγ-

344 2651 442 2704 μα,
474 2632 557 2685 δεῖ
594 2631 880 2703 ἀμφότερα
928 2630 1252 2703 συνδραμεῖν
1293 2630 1389 2683 καὶ
1427 2628 1525 2700 τὴν
1558 2626 1651 2682 τοῦ
1704 2628 1914 2683 δικαίου

340 2724 526 2794 εὐχὴν,
550 2722 647 2776 καὶ
666 2720 728 2774 τὸ
758 2720 917 2789 ἔργον
938 2719 1031 2773 τοῦ
1064 2718 1468 2791 μετανοοῦντος.

975 2814 1133 2866 ΚΕΦ.
1182 2812 1284 2865 ΙΘ¹.

343 2903 493 2975 Στίχ.
540 2900 647 2972 κγ’.
697 2904 806 2958 Kal
850 2901 1109 2975 ἐγενήθη
1146 2902 1239 2955 ἐπ’
1277 2899 1436 2975 αὐτῷ
1468 2899 1914 2975 πνεῦμα-Θεοῦ

414 2972 512 3029 καὶ
547 2976 864 3042 ἐπορεύετο
890 2972 1291 3042 πορευόμενος
1310 2973 1408 3026 καὶ
1435 2972 1844 3041 προφητεύων.

426 3068 640 3140 Ἐπειδὴ
672 3068 894 3131 δυνατὸς
923 3063 991 3138 ἦν
1016 3069 1046 3120 ὁ
1066 3066 1260 3129 Σαοὺλ,
1294 3066 1497 3137 πλῆθος
1522 3064 1661 3136 ἔχων
1689 3063 1918 3137 βοηθοῦν

2018 541 2347 596 servareque
2380 526 2575 581 semini
2612 525 2755 580 illius
2799 530 3069 595 regnumd
3096 538 3193 593 per
3236 538 3357 578 eum
3399 523 3492 593 qui
3530 525 3581 580 ei

2019 615 2329 670 nasciturus
2367 622 2489 669 erat
2516 613 2809 667 secundum
2839 628 3057 668 carnem
3088 629 3182 667 rex
3209 613 3375 668 totius
3421 628 3579 667 crea-

2019 715 2175 771 turae,
2207 705 2458 760 humanis
2477 720 2607 761 usus
2635 715 2717 761 est
2745 705 2923 760 verbis
2948 705 3158 761 locutus
3202 704 3347 759 velut
3390 706 3578 769 homo,

2018 807 2075 853 et
2121 798 2294 868 inquit
2324 813 2339 851 :
2375 796 2632 852 Paenituit
2664 813 2768 863 me,
2799 804 2939 867 quod
2970 799 3095 851 auxi
3126 796 3259 852 Saul
3286 796 3341 851 in
3385 813 3576 866 regem.

2018 883 2145 953 Pro,
2178 885 2349 940 Alteri
2394 885 2517 941 volo
2569 886 2698 941 dare
2725 885 2874 956 regni
2904 887 3209 956 imperium,
3262 888 3406 944 hunc
3450 901 3580 942 vero

2017 988 2279 1049 potestate
2307 979 2578 1036 abdicare.

2087 1156 2242 1229 Illud,
2280 1161 2521 1232 paenituit
2542 1175 2644 1225 me,
2668 1168 2749 1215 est
2778 1167 2996 1231 propter
3015 1158 3173 1213 Saul:
3205 1158 3259 1214 id
3287 1168 3387 1227 est,
3414 1178 3579 1232 usque

2018 1255 2156 1310 adeo
2194 1254 2448 1324 indignus
2493 1253 2929 1323 seipsum-regno
2957 1253 3162 1321 effecit,
3206 1264 3266 1307 ut
3293 1254 3337 1308 si
3368 1270 3575 1323 possem

2016 1361 2115 1416 per
2138 1356 2385 1401 naturam
2414 1346 2749 1416 paenitentia:
2780 1345 3052 1400 obnoxius
3089 1359 3234 1409 esse,
3289 1354 3577 1399 mutassem

2016 1438 2265 1507 equidem
2303 1439 2369 1493 de
2425 1437 2516 1494 illo
2576 1437 2921 1492 sententiam.
2974 1435 3173 1504 thuid
3217 1451 3346 1505 ergo
3389 1448 3580 1490 unctus

2014 1531 2145 1587 est?
2172 1530 2308 1598 Quia
2358 1539 2488 1585 tunc
2544 1530 2737 1601 dignus
2782 1539 2936 1585 erat:
2977 1537 3035 1583 at
3076 1529 3271 1585 iterum
3317 1540 3577 1592 mutatus,

2016 1620 2266 1693 indignus
2289 1622 2483 1676 evasit.

2017 1712 2082 1768 ν.
2112 1714 2202 1769 35.
2245 1711 2315 1767 Et
2358 1713 2640 1768 Dominum
2694 1714 2953 1780 paenituit.
2999 1712 3137 1783 quod
3183 1728 3352 1783 regem
3402 1712 3573 1782 effecit

2532 1784 2665 1838 Saul
2684 1800 2840 1851 super
2864 1783 3058 1837 Israel.
3360 1796 3361 1801 ‘

2093 1876 2169 1930 Ex
2203 1876 2289 1931 bis
2315 1876 2620 1930 ostenditur
2664 1878 2804 1946 quod
2844 1887 3001 1930 antea
3039 1874 3171 1940 dixi,
3202 1872 3573 1944 paenitentiam

2026 1968 2205 2022 vocari
2237 1967 2639 2022 translationem
2679 1967 3086 2036 dispensationis
3114 1966 3208 2018 Dei
3253 1965 3321 2018 ab
3368 1980 3470 2018 uua
3509 1966 3576 2018 ad

2025 2059 2184 2113 aliam
2212 2072 2349 2112 rem.

2096 2150 2286 2207 Oratio
2327 2148 2599 2212 ostendit,
2632 2148 2772 2217 quod
2815 2149 3059 2216 quamvis
3098 2149 3361 2220 prOpbeta
3393 2150 3487 2213 sit,
3523 2156 3579 2202 et

2023 2244 2109 2298 vir
2132 2242 2310 2313 justus
2337 2241 2429 2312 qui
2450 2256 2547 2312 pro
2575 2240 2693 2295 aliis
2717 2250 2861 2306 orat,
2900 2256 3006 2295 non
3041 2240 3197 2294 aliter
3223 2242 3453 2307 auditur,
3474 2241 3577 2294 nisi

2025 2335 2115 2391 ille
2152 2347 2315 2405 opere
2341 2334 2716 2406 paenitentiam
2747 2332 3015 2388 ostendat.
3062 2331 3215 2386 Tunc
3239 2333 3379 2385 enim
3405 2332 3581 2386 oratio

2018 2427 2148 2498 justi
2185 2426 2375 2483 efﬁcax
2427 2434 2543 2493 est,
2596 2440 2716 2494 quae
2768 2425 2827 2478 lit
2864 2434 3084 2495 propter
3110 2434 3475 2493 peccatorem.
3511 2421 3584 2477 Ut

2023 2523 2187 2593 igitur
2216 2535 2304 2576 res
2326 2520 2394 2575 ad
2428 2519 2677 2575 effectum
2714 2518 3011 2588 redigatur,
3036 2524 3254 2587 oportet
3285 2523 3341 2569 ut
3362 2523 3586 2584 utraque

2022 2622 2368 2679 concurrant,
2395 2621 2452 2668 et
2478 2613 2655 2666 oratio
2679 2609 2833 2681 justi,
2857 2617 2911 2663 et
2936 2623 3071 2679 opus
3099 2608 3444 2679 paenitentis.

2642 2793 2793 2851 CAP.
2824 2791 2967 2848 XIX.

2027 2893 2096 2951 ν.
2143 2894 2238 2951 2'5.
2274 2890 2345 2946 Et
2369 2890 2473 2961 fuit
2500 2904 2660 2961 super
2685 2903 2745 2940 eo
2769 2882 3103 2961 spiritusDei
3140 2898 3160 2935 :
3198 2892 3245 2935 et
3271 2878 3583 2951 procedebat

2435 2954 2719 3030 procedens
2757 2968 2803 3010 et
2843 2954 3178 3024 prophetam.

2093 3059 2231 3127 Quia
2262 3066 2453 3127 potens
2471 3063 2592 3109 erat
2617 3050 2770 3116 Saul,
2803 3049 3009 3104 habens
3043 3046 3441 3102 multitudinem
3476 3045 3586 3100 sibi

341 3162 494 3233 αὐτῷ
522 3137 709 3225 κακῶς
750 3160 893 3215 κατὰ
920 3137 1098 3213 Δαυῖδο
1129 3160 1179 3213 οἱ
1209 3159 1268 3212 δὲ
1302 3159 1394 3212 δύο
1437 3159 1586 3230 μόνοι
1617 3157 1918 3221 ἐδιώκοντο,

2024 3154 2165 3208 male
2202 3149 2553 3205 auxiliantem
2607 3144 2868 3199 adversus
2918 3138 3121 3197 David;
3169 3140 3277 3193 duo
3323 3151 3451 3191 vero
3482 3137 3581 3191 soli

341 3258 373 3309 ὀ
397 3255 651 3326 Σαμουὴλ
681 3253 820 3309 καὶὸ
846 3252 1026 3306 Δαυϊδο
1059 3255 1092 3324 ή
1126 3251 1219 3305 τοῦ
1256 3251 1392 3306 Θεοῦ
1424 3251 1585 3323 χάρις
1614 3252 1758 3304 ποιεῖ
1782 3235 1920 3319 προ-

344 3347 599 3420 φητεύειν
628 3347 719 3401 τὸν
756 3344 947 3409 Σαοὺλ,
967 3344 1028 3397 οὐ
1063 3344 1222 3415 μόνον
1252 3344 1352 3397 ὅσα
1381 3343 1501 3397 κατ’
1518 3341 1682 3398 αὐτοῦ
1713 3337 1801 3413 ἦν,
1827 3340 1919 3395 ἀλ·-

345 3438 413 3492 λὰ
443 3439 536 3492 καὶ
569 3437 636 3492 τὰ
665 3436 804 3509 ὑπὲρ
819 3436 911 3491 τοῦ
944 3437 1120 3490 Δαυῖδ·
1157 3436 1253 3490 καὶ
1286 3434 1466 3507 ῥίπτει
1496 3436 1699 3503 γυμνὸν
1717 3448 1921 3504 προση-

350 3530 732 3604 μαίνουσα,ὄτι
763 3527 1179 3601 γυμνωθήσεται
1209 3526 1308 3597 τῆς
1342 3523 1637 3597 βασιλείας.

972 3714 1130 3768 ΚΕΦ.
1163 3712 1295 3765 KA'.

349 3811 493 3883 Στίχ.
528 3811 590 3864 δ’.
622 3810 731 3865 Kal
758 3807 1046 3883 dzexplqn
1080 3807 1113 3857 ὁ
1143 3802 1348 3883 [ερερς
1374 3795 1684 3883 τῷΠΔαυῒόξ,
1714 3790 1924 3883 real-sl:

418 3863 551 3936 εἶεν-⁸
581 3863 728 3934 νόὐκ
760 3863 925 3933 έὶσὶγῖ
969 3863 1132 3945 ἄρτοι
1158 3863 1407 3945 ,ϐέϐηλοι
1425 3863 1563 3925 ’ὑπὸ
1610 3866 1726 3934 τὴν
1755 3863 1924 3935 χεῖρά

412 3972 553 4023 μου,
581 3952 671 4005 ὅτι
705 3948 843 4005 ἀλλ’
863 3948 902 4016 ἢ
928 3947 1092 4016 ἄρτοι
1119 3944 1275 4015 ἅγιοι
1288 3945 1427 3997 εισι.

419 4044 531 4117 (84)
562 4042 833 4114 Βεόὴλους
863 4040 1010 4108 λέγει
1031 4035 1127 4091 νῦν
1153 4036 1215 4088 οὐ
1242 4034 1366 4097 τοὺς
1387 4029 1752 4102 ἀκαθάρτους,
1787 4024 1922 4079 ἀλλὰ

347 4140 472 4201 τοὺς
507 4137 606 4207 οὐχ
645 4135 856 4203 ἁγίους,
891 4131 1028 4204 πρὸς
1057 4125 1456 4198 ἀντιδιαστολὴν
1485 4123 1595 4178 τῶν
1623 4120 1794 4190 ἁγίων
1823 4119 1923 4189 ἆρ-

349 4248 475 4295 των,
506 4228 613 4282 τῶν
645 4228 739 4280 ἐπὶ
760 4227 857 4297 τῆς
876 4222 1151 4297 τραπέζης
1182 4216 1647 4292 παρατιθεμένων.
1684 4212 1781 4279 Ἐξ
1812 4211 1920 4281 γὰρ

352 4319 494 4393 εἶχεν
540 4323 737 4394 ἄρτους
778 4320 813 4391 ἡ
866 4317 1110 4390 τράπεζα
1161 4311 1451 4375 διαπαντὸς
1490 4305 1920 4377 ἀλλασσομένους

353 4416 491 4487 ὑπὲρ
522 4414 632 4468 τῶν
662 4412 868 4466 δώδεκα
899 4407 1081 4480 φυλῶν
1112 4406 1205 4460 τοῦ
1250 4402 1485 4476 Ἰσραὴλ,
1516 4398 1609 4463 οὒς
1629 4394 1921 4487 ἐνωπίοος

2019 3240 2413 3314 persecutionis
2463 3245 2622 3293 erant
2675 3248 2895 3303 scopus,
2941 3229 3158 3286 Samuel
3223 3227 3472 3283 videlicet
3530 3237 3587 3281 et

2022 3327 2622 3400 Davidzdivinagratia
2645 3325 2806 3379 ellicit
2833 3332 2892 3377 ut
2954 3321 3237 3392 propbetet
3295 3318 3577 3385 Saul,non

2021 3428 2182 3482 modo
2217 3440 2279 3481 ea
2313 3438 2433 3494 qua:
2463 3429 2654 3477 contra
2699 3418 2873 3489 ipsum
2904 3423 3081 3479 erant,
3124 3412 3218 3468 sed
3246 3420 3302 3466 et
3341 3425 3461 3480 quae
3487 3424 3585 3478 pro

2023 3521 2190 3576 David
2211 3525 2369 3573 erant
2394 3533 2409 3571 :
2435 3514 2761 3584 projicitque
2791 3509 2992 3565 nudum
3015 3546 3031 3573 ,
3062 3505 3406 3576 prminnuens
3439 3499 3581 3572 quod

2023 3613 2111 3668 ille
2137 3609 2422 3665 nudandos
2448 3614 2564 3659 erat
2588 3616 2780 3672 regno.

2637 3690 2791 3747 CAP.
2821 3687 2964 3743 XXI.

2022 3797 2090 3855 Υ.
2116 3796 2173 3854 ι.
2190 3794 2257 3849 Et
2282 3788 2557 3861 respondit
2576 3782 2821 3861 sacerdos
2842 3779 3056 3841 Davidi.
3084 3785 3134 3830 et
3167 3774 3240 3861 ait
3310 3770 3432 3827 Non
3459 3778 3585 3861 attat

2094 3882 2255 3938 panes
2274 3856 2486 3938 profani
2508 3859 2600 3912 sub
2629 3870 2839 3908 manum
2864 3866 3030 3905 meam
3051 3865 3070 3901 :
3100 3856 3449 3918 prtetcrquam
3486 3858 3587 3911 pa-

2094 3936 2186 3993 rtes
2212 3936 2382 3991 sancti
2414 3939 2558 3984 sunt.

2094 4028 2362 4086 l’rofanos
2385 4023 2516 4078 dicit
2544 4033 2711 4083 nunc,
2741 4031 2848 4072 non
2875 4009 3203 4072 immundos,
3236 4006 3331 4062 sed
3365 4003 3587 4059 minime

2024 4132 2265 4186 sanctos,
2308 4117 2377 4172 ad
2427 4112 2826 4170 distinctionem
2867 4119 3063 4176 panum
3107 4109 3441 4160 sanctorum,
3492 4095 3585 4164 qui

2022 4226 2186 4282 super
2217 4221 2402 4265 mensa
2432 4200 2891 4275 proponebantur.
2925 4196 3030 4251 Sex
3078 4206 3310 4260 namque
3349 4188 3586 4242 habebat

2021 4320 2188 4377 panes
2218 4315 2426 4363 mensa,
2457 4298 2545 4367 qui
2577 4306 2794 4364 semper
2837 4287 3222 4348 mutabantur,
3261 4297 3357 4352 pro
3379 4281 3586 4333 duode-

2020 4371 2126 4455 cim
2168 4395 2415 4450 tribubus
2454 4388 2638 4454 Israel,
2678 4402 2812 4457 quos
2852 4376 3247 4450 conspectuales
3295 4371 3582 4427 vocabant.

355 4465 594 4563 Eia-titiam;
716 4499 853 4557 εἶναι
874 4465 1101 4555 ἕκαστον
1130 4497 1238 4549 τῶν
1257 4465 1434 4568 ἄρτων
1454 4492 1590 4563 ὑπὲρ
1622 4489 1714 4543 δύο
1738 4484 1919 4558 φυλῶν

2025 4496 2155 4550 Erat
2188 4493 2373 4559 itaque
2408 4486 2563 4557 panis
2612 4496 2755 4538 unus
2805 4494 2902 4548 pro
2924 4472 3123 4544 duplici
3166 4470 3308 4525 tribu
3338 4465 3586 4527 oblatus;

356 4600 815 4673 προσφερόμενον,
847 4596 971 4657 τοὺς
1000 4593 1056 4646 δὲ
1088 4590 1148 4655 ἒξ
1180 4589 1318 4660 ὑπὲρ
1344 4586 1451 4641 τῶν
1479 4585 1687 4638 δώδεκα
1714 4578 1919 4652 φυλῶν.

358 4670 419 4745 Τί
441 4688 537 4746 οὖν
563 4670 628 4744 ἐκ
654 4688 843 4741 τούτου
872 4685 1034 4741 καλὸν
1064 4682 1300 4751 sylva-co;
1332 4679 1428 4742 τὰς
1458 4675 1629 4747 φυλὰς
1652 4671 1747 4727 τοῦ
1816 4670 1921 4724 Ἰσ-

361 4784 496 4857 ραὴλ
545 4782 683 4855 πρὸς
727 4781 979 4852 ὁμόνοιαν
1033 4770 1419 4830 συνάπτεσθαι.
1466 4767 1532 4821 Τί
1569 4766 1628 4820 δὲ
1680 4764 1923 4857 κρεῖττον

2020 4604 2117 4644 sex
2147 4599 2274 4640 vero
2288 4558 2458 4638 erant
2487 4584 2709 4647 propter
2730 4568 3013 4624 duodecim
3039 4563 3233 4618 tribus.
3262 4558 3403 4627 Quid
3423 4558 3589 4625 igitur

2022 4682 2149 4739 hinc
2188 4678 2311 4733 boni
2350 4665 2795 4730 obveniebat?ut
2828 4663 3005 4716 tribus
3046 4654 3214 4712 lsrael
3257 4654 3321 4708 all
3359 4664 3591 4707 concor-

2022 4774 2164 4830 diam
2204 4772 2543 4839 aptarentur.
2575 4761 2647 4815 At
2671 4757 2801 4829 quid
2826 4751 3177 4810 excellentius
3204 4740 3590 4839 prmﬁgt‘traba-

359 4832 820 4949 ζτρόεσημῖαίνετῖη
853 4871 978 4934 τοὺς
1017 4864 1316 4939 μακαρίους
1347 4857 1672 4919 ἀποστόλους
1701 4832 1805 4908 ἀνὰ
1833 4850 1919 4903 δύο

2025 4864 2146 4920 tur?
2168 4832 2311 4933 quod
2348 4854 2491 4911 beati
2529 4850 2755 4923 apostoli
2800 4846 2915 4902 bini
2957 4843 3302 4898 mitterentur
3336 4850 3366 4887 a
3397 4832 3588 4931 Salva-

357 4942 447 5024 δόο
477 4942 788 5039 πέμπεσθαι
814 4961 917 5017 ὑπὸ
944 4960 1036 5016 τοῦ
1054 4958 1302 5030 Σωτῆρος
1330 4953 1398 5007 τὰ
1419 4950 1608 5024 πρῶτα
1628 4942 1922 5039 κηρύσσειν

359 5065 414 5118 ἐν
464 5035 584 5125 ταῖς
634 5060 827 5131 φυλαῖς
874 5054 968 5110 τοῦ
1022 5050 1262 5125 Ἰσραὴλ,
1291 5048 1366 5113 ὼς
1414 5042 1554 5098 εἶναι
1590 5039 1650 5105 ἒξ
1677 5038 1794 5110 ἅμα
1816 5035 1923 5090 τῶν

356 5155 563 5210 δώδεκα
590 5150 845 5227 μαθητῶν
875 5146 1129 5220 ἀριθμόν.

360 5251 505 5321 Στίχ-
540 5213 604 5301 εί
645 5213 1068 5321 semoto
1116 5233 1295 5321 Ααυῖδ
1325 5221 1732 5321 ξέὲ,²ἕθεῖτ..⁷ξ,ἶ³
1756 5216 1932 5321 iiii?
2032 5213 2096 5269 γ’

855 5293 971 5366 ἀπὶ)
997 5293 1289 5384 γυναικὸς
1330 5293 1719 5384 ἁξτξεο-ξιήμὶερα

422 5364 598 5461 ἕὶὁὲἓε
620 5364 951 5461 κᾶἷὲἓὶέὴν
977 5364 1229 5461 aliis”:
1250 5364 1320 5429 έν
1341 5372 1420 5461 τίέ
1438 5364 1923 5461 βεέλθέἱνῗέξΐεέἰς

932 5432 1127 5528 adiat-fa
1172 5432 1920 5528 {{t‘aatdwia'ﬂmtapgg.

918 5501 964 5600 ‘t't
1157 5501 1630 5600 ﬁéqnsloc,'6tdzt
1651 5501 1925 5575 ἁγιασθή-

424 5622 591 5659 σεται
630 5590 893 5670 σήμερον
916 5596 1013 5649 διὰ
1032 5593 1105 5646 τὰ
1125 5590 1315 5655 σκεύη
1338 5602 1477 5655 μου.

418 5698 687 5766 Σήμερον
707 5669 1133 5762 ἆγιασθήσρται
1169 5680 1267 5735 διὰ
1297 5678 1369 5732 τὰ
1405 5674 1593 5741 σκεύη
1618 5669 1919 5739 ἀσαφέστε-

428 5797 542 5859 (83)
577 5791 805 5846 Videtur
832 5791 1017 5859 deesse
1039 5781 1135 5859 ᾡς.

574 5837 1106 5923 (Ξοῖιίέῖἰιίλίιξουιί
1129 5850 1285 5915 lOl',
1320 5845 1486 5903 Levit.
1514 5856 1664 5903 θίξιν,
1689 5837 1741 5891 6.

2029 4965 2146 5011 tore
2178 4920 2330 5023 prius
2351 4920 2644 5017 praedicare
2673 4939 2726 4995 in
2759 4936 3009 4993 tribubus
3037 4930 3221 4996 Israel,
3253 4927 3326 4981 ita
3358 4933 3418 4978 ut
3438 4920 3588 4977 senio

2028 5052 2182 5108 ﬁeret
2201 5062 2271 5103 ex
2299 5038 2586 5100 duodecim
2613 5031 2895 5108 apostolis.

2128 5213 2182 5269 5.
2218 5210 2284 5266 Et
2330 5203 2594 5273 respondit
2626 5199 2797 5273 David
2826 5190 3110 5273 sacerdoti,
3160 5194 3210 5273 et
3250 5179 3588 5273 aitJilli-i

2103 5261 2340 5340 eaiuta
2366 5261 2584 5331 muliere
2627 5268 2972 5325 abstinuimus
3008 5262 3108 5340 ipsi
3152 5261 3265 5340 lteri
3306 5266 3353 5308 et
3383 5261 3589 5340 terum:

2256 5369 2276 5407 :
2290 5333 2719 5415 ﬁdumiegrederer
2738 5342 2796 5415 in
2815 5339 2988 5415 viaut,‘
3008 5333 3216 5391 fuerunt
3240 5341 3414 5415 omnes
3438 5335 3589 5415 pit-ert

2096 5404 2386 5496 pitriﬁcati.
2422 5404 2503 5496 Εἴ
2533 5412 2719 5496 isthaat:
2752 5411 2833 5463 via
2864 5404 3113 5474 profana,
3150 5406 3425 5468 propterea
3461 5407 3589 5445 san-

2101 5488 2413 5565 ctiﬁcabitur
2442 5488 2595 5540 hodie
2623 5498 2715 5552 per
2742 5494 2863 5534 vasa
2896 5490 3033 5530 mea.

2105 5652 2272 5708 Hodie
2317 5639 2736 5707 sanctiﬁcabitur
2760 5651 2866 5705 ,per
2904 5649 3029 5687 vasa
3065 5628 3341 5695 aliquanto
3375 5614 3586 5686 quidem

2101 5751 2214 5820 (85)
2247 5745 2345 5820 Ms.
2382 5758 2544 5813 αυτη,
2574 5735 2723 5791 nullo
2758 5729 2946 5804 spiritu
2999 5734 3093 5783 aut
3144 5723 3394 5775 accentu.
3453 5709 3569 5763 Cod

2026 5817 2179 5880 Alex.
2219 5817 2375 5886 αὐτή.
