4012 6340
504 424 564 482 Si
1391 423 1952 481 SUPPLE-MENTUM
1991 423 2085 478 AD
2120 421 2446 482 ORIGENIS
2483 417 2900 481 EXEGETICA.
3670 427 3738 483 5‘2
3781 496 3790 508 .

570 544 803 599 (abimus
820 560 907 599 eos
938 543 1165 600 Domino
1186 544 1243 599 in
1273 543 1404 599 colle
1425 542 1578 607 Saul,
1603 543 1791 599 electos
1814 542 2041 597 Domino

2238 542 2367 614 τοῦ,
2403 541 2501 595 καὶ
2512 539 2882 614 ρξιλάοςομεξν
2911 541 3022 614 (96)
3052 541 3273 614 αὐτοὺς
3313 540 3396 607 τῷ
3433 542 3628 611 Κυρίῳ
3667 543 3736 599 ἐν

502 706 563 759 ν.
605 704 661 760 8.
703 704 771 758 Et
803 706 1003 771 accepit
1042 721 1135 759 rea:
1173 704 1306 759 duos
1352 705 1492 774 ﬁlios
1529 703 1737 774 Respha
1786 704 1917 774 lilia:
1966 705 2066 758 Aia

567 775 871 845 concubina:
919 774 1124 840 Saulis,
1173 791 1305 845 quos
1338 776 1534 842 peperit
1591 773 1767 845 Sauli,
1821 773 2064 845 Ermothi

564 852 618 898 et
655 844 1103 910 Memphibasthe;
1145 843 1194 899 et
1229 847 1456 913 quinque
1508 844 1645 913 ﬁlios
1696 843 1878 899 Merob
1934 844 2064 913 ﬁlia:

564 913 722 981 Saul,
741 931 871 987 quos
886 916 1080 985 peperit
1099 914 1308 971 Esdriel
1321 915 1434 984 ﬁlio
1454 914 1683 971 Berzelli
1706 914 1758 969 Μ
1767 913 2061 970 οιιίαιίιὶιω.

493 1143 557 1199 ν.
598 1145 651 1201 9.
696 1145 762 1202 Et
799 1144 941 1201 dedit
986 1163 1073 1202 eos
1114 1148 1171 1203 in
1222 1148 1465 1202 manibus
1514 1144 1931 1202 Gabaonitarum
1961 1122 2060 1202 εδει

558 1217 898 1285 placaverunt
920 1234 1006 1272 eos
1032 1218 1089 1271 in
1123 1228 1300 1286 monte
1319 1235 1497 1273 coram
1528 1218 1777 1274 Domino.

557 1381 617 1438 Si
648 1381 702 1436 in
735 1381 854 1438 zelo
878 1380 1045 1437 Israel
1066 1392 1121 1437 et
1142 1379 1281 1438 Juda
1310 1379 1440 1437 Saul
1472 1380 1805 1437 Gabaonitas
1831 1383 2061 1453 perdere

483 1488 777 1543 aggressus
813 1474 1482 1544 est,quibuscuml'(edera
1511 1473 1706 1529 inierat
1726 1472 1885 1529 Jesus
1915 1474 2059 1530 ﬁlius

483 1564 653 1632 Nave,
705 1574 763 1619 et
810 1565 1099 1621 universus
1150 1566 1408 1636 populus;
1444 1574 1501 1621 et
1528 1574 1817 1635 propterea
1851 1574 2057 1635 septem

482 1654 663 1711 Saulis
701 1655 844 1725 ﬁlios
890 1655 1248 1721 sustulerunt,
1299 1656 1392 1725 qui
1442 1671 1473 1710 a
1514 1655 1729 1711 ﬁliabus
1776 1655 1893 1726 ejus
1941 1655 2055 1709 nati

482 1749 737 1803 fuerant:
762 1764 857 1804 cur
882 1749 1012 1820 ipsa:
1037 1750 1211 1806 tribus
1242 1765 1349 1804 non
1384 1761 1509 1805 sunt
1547 1750 1599 1803 in
1625 1747 1804 1820 culpa,
1838 1750 1932 1804 sed
1960 1748 2054 1819 qui

481 1842 613 1896 nihil
641 1842 895 1897 laeserant
924 1857 1116 1913 pmnas
1140 1841 1458 1897 luunt?Hoc
1482 1842 1627 1897 enim
1647 1840 1907 1913 injustum
1946 1851 2052 1898 est.

2237 612 2318 679 τῷ
2332 612 2542 678 ,βουνῷ
2592 611 2792 666 Σαοὺλ
2820 611 3144 680 ἐκλεκτοὺς
3180 614 3396 681 Κυρίῳ.

2166 706 2316 776 Στίχ.
2346 713 2418 776 η’.
2448 706 2556 776 Kal
2589 706 2807 760 ἐλαϐεν
2844 707 2877 759 ό
2913 705 3213 771 ,ϐασιλεὺς
3249 704 3393 776 τοὺς
3428 704 3538 776 δύο
3570 705 3738 776 υἱοὺς

2246 775 2491 845 Ῥεάφὰ,
2520 776 2810 845 θυγατρὸς
2856 776 2971 830 me
2993 775 3315 845 παλλακῆς
3351 775 3552 829 Σαοὺλ
3583 814 3597 838 ,
3632 775 3735 842 οὓς

2231 847 2398 901 ἔτεκε
2433 846 2515 913 τῷ
2538 846 2770 910 Σαοὺλ,
2801 846 2909 899 τὸν
2963 846 3204 915 Ἐρμωθὶ
3235 846 3333 900 καὶ
3367 846 3472 899 τὸν
3507 848 3733 913 Μεμφι-

2236 917 2439 982 ὄοσθὲ,
2485 916 2586 971 καὶ
2610 917 2752 983 τοὺς
2785 915 2964 969 πέντε
3004 916 3174 983 υἱοὺς
3207 915 3318 983 τῆς
3345 916 3541 984 Μερόϐ
3559 919 3735 983 θυγα-

2229 988 2369 1057 τρὸς
2394 986 2594 1042 Σαοὺλ
2613 1026 2629 1050 ,
2666 987 2773 1054 οὓς
2812 987 2978 1041 ἔτεκε
3012 986 3093 1055 τῷ
3129 985 3410 1057 Ἐσδριὴλ
3439 984 3548 1051 υἱῷ
3592 988 3735 1054 Βερ-

2231 1056 2393 1119 ζέλλὶ
2427 1057 2509 1123 τῷ
2534 1057 2858 1113 Μοουλαθι.

2162 1151 2313 1222 Στίχ.
2337 1150 2405 1222 θ’.
2431 1149 2544 1203 Kal
2569 1149 2790 1222 ξδωκεν
2818 1145 3136 1222 αὑτοῄςμέν
3154 1145 3327 1222 χερσὶ
3356 1144 3475 1222 τῷν
3499 1148 3735 1222 Γαϐαω-

2228 1215 2407 1276 φίίτῶν
2428 1236 2443 1253 ο
2493 1219 2593 1273 καὶ
2630 1218 2927 1283 ἐξίλασαν
2964 1218 3074 1289 (97)
3119 1216 3339 1284 αὐτοὺς
3391 1216 3462 1272 ἐν
3494 1215 3574 1282 τῷ
3614 1215 3733 1285 ὄρει

2228 1289 2506 1346 ἐναντίον
2534 1291 2778 1358 Κυρίου.

2232 1385 2295 1437 El
2350 1384 2409 1437 ὲν
2444 1382 2523 1455 τῷ
2556 1382 2703 1455 ζήλῳ
2751 1381 2843 1437 τοῦ
2913 1381 3126 1454 Ἰσραὴλ
3176 1380 3271 1435 καὶ
3318 1378 3413 1433 τοῦ
3468 1379 3639 1434 Ἰούδα
3703 1380 3733 1433 6

2159 1474 2331 1528 Σαοὺλ
2354 1475 2479 1539 τοὺς
2506 1473 2851 1537 Γαδαωνίτας
2865 1474 3071 1529 ἀνελεῖν
3100 1472 3423 1544 ἐπεχείρησε
3447 1511 3462 1537 ,
3507 1472 3625 1543 μεθ’
3656 1464 3733 1527 ὧν

2160 1563 2433 1635 συνθήκας
2458 1565 2752 1636 ἐποιήσατο
2786 1563 2993 1635 Ἰησοῦς
3023 1565 3052 1617 6
3084 1561 3179 1615 τοῦ
3214 1562 3406 1633 Ναυῆ,
3441 1561 3536 1615 καὶ
3570 1562 3681 1625 πᾶς
3702 1561 3734 1615 6

2157 1658 2316 1729 λαὸς,
2348 1659 2441 1712 καὶ
2474 1656 2565 1711 διὰ
2588 1657 2744 1711 τοῦτο
2785 1656 2925 1710 ἑπτὰ
2948 1655 3043 1710 τοῦ
3090 1654 3260 1708 Σαοὺλ
3296 1652 3656 1727 ἀνῃρέθησαν,
3681 1656 3731 1708 oi

2156 1748 2265 1802 ἀπὸ
2285 1748 2396 1803 τῶν
2419 1747 2732 1820 θυγατέρων
2755 1746 2917 1800 αὐτοῦ
2940 1744 3321 1817 γεγεννημένοι
3336 1762 3350 1775 ·
3380 1743 3524 1807 τίνος
3543 1743 3732 1797 ἕνεκεν

2156 1840 2255 1912 οὐχ
2278 1841 2334 1894 αἱ
2361 1839 2524 1910 φυλαί
2558 1841 2695 1893 εἰσιν
2724 1839 2782 1893 ὲν
2810 1838 3030 1903 αἰτίαις,
3062 1836 3176 1891 ἀλλ’
3205 1838 3253 1889 oi
3285 1835 3449 1908 μηδὲν
3478 1835 3730 1904 ἠδικηκό-

479 1929 600 1987 Nisi
630 1933 674 1987 si
705 1933 827 2002 quis
852 1902 1016 2000 dicat,
1048 1932 1264 1989 Saulem
1313 1947 1495 2003 regem
1543 1948 1647 1988 non
1695 1902 1939 2003 patuisse
1963 1934 2043 1988 ad-

2152 1902 2255 1998 re;
2277 1902 2436 2005 δίκην
2454 1931 2718 1986 δεδώκασι
2742 1948 2757 1998 ;
2783 1930 2953 1984 Τοῦτο
2990 1930 3097 2001 γάρ
3134 1902 3516 2000 seminans
3560 1902 3634 1980 εξῖ
3652 1928 3726 1998 μή

478 2024 688 2079 versari
719 2033 773 2081 et
805 2024 1066 2081 lsraelitis
1107 2035 1160 2081 et
1190 2025 1352 2080 tribui
1383 2023 1542 2091 Juda,
1575 2041 1676 2082 nec
1707 2026 1918 2082 solvere
1949 2025 2052 2080 loe-

479 2115 607 2169 dera
634 2124 847 2185 patrum
892 2132 1014 2173 cum
1059 2115 1383 2173 Gabaonitis
1426 2117 1581 2173 inita.
1628 2117 1744 2189 Ego
1796 2132 1925 2172 vero
1956 2117 2052 2172 ad-

481 2209 669 2264 derem
718 2209 840 2264 istis
872 2217 928 2264 et
967 2209 1069 2264 hoc
1098 2226 1113 2263 :
1145 2208 1352 2263 Divina:
1393 2208 1818 2281 dispensationis
1854 2209 2047 2277 fuisse,

479 2310 538 2354 ut
560 2317 727 2371 genus
744 2300 876 2357 Saul
898 2303 1211 2358 universum
1235 2302 1505 2369 interiret,
1528 2310 1789 2372 quantum
1812 2302 2049 2370 suspicio

472 2411 595 2450 esse
648 2403 878 2463 poterat,
905 2404 967 2450 ut
999 2395 1295 2466 aliquando
1338 2396 1443 2452 sibi
1484 2396 1689 2466 regiam
1732 2395 2047 2466 dignitatem

471 2504 720 2545 asserere
750 2489 1044 2556 niteretur,
1073 2505 1138 2546 ac
1168 2502 1457 2561 propterea
1480 2489 1534 2545 in
1558 2489 1818 2546 Davidem
1855 2506 2047 2548 exsur-

465 2591 639 2649 geret,
688 2580 912 2653 ejusque
937 2580 1156 2636 liberos.
1205 2581 1334 2636 Illud
1393 2596 1571 2637 vero:
1605 2580 1912 2638 Insolarunt
1955 2601 2043 2641 eos

470 2672 780 2727 Gabaonitm
826 2688 1009 2725 coram
1051 2672 1277 2726 Domino
1318 2673 1375 2727 in
1418 2682 1615 2740 monte,
1669 2674 1904 2744 positum
1959 2688 2046 2734 est

468 2778 588 2831 pro,
617 2763 934 2819 interfectos
961 2779 1067 2817 non
1096 2763 1446 2833 sepelierunt,
1466 2766 1559 2821 sed
1586 2765 1832 2822 siverunt
1856 2767 2044 2838 jacere

468 2856 571 2908 sub
596 2853 790 2912 solent.
821 2852 890 2907 Et
921 2853 1169 2909 dissoluti
1200 2866 1341 2921 sunt,
1376 2856 1570 2925 inquit,
1596 2867 1644 2912 et
1673 2858 1793 2913 tulit
1815 2876 1901 2914 eus
1921 2858 2040 2915 Dan

466 2945 611 3013 ﬁlius
647 2943 753 2999 Joa
789 2961 856 3001 ea:
901 2947 1177 3017 nepotibus
1221 2949 1493 3019 gigantum
1513 2951 1581 3006 δ’.
1615 2950 1770 3018 Quod
1815 2954 2039 3008 omnino

466 3034 760 3105 signiﬁcat,
795 3049 889 3090 eos
926 3037 1017 3106 qui
1048 3037 1146 3092 soli
1179 3039 1410 3108 expositi
1445 3049 1605 3096 erant
1633 3042 1909 3113 accepisse
1951 3042 2036 3113 gi-

468 3133 704 3194 gantem,
736 3133 792 3184 et
818 3125 1110 3184 abstulisse
1151 3128 1441 3191 dissolutos
1468 3130 1577 3201 jam
1617 3147 1649 3189 a
1674 3133 1841 3191 solari
1874 3143 2031 3192 aestu.

535 3399 696 3458 Ratio
717 3400 1137 3459 Gabaonitarnm
1156 3403 1386 3463 obscura
1406 3405 1602 3464 mansit
1628 3427 1641 3464 :
1667 3407 1769 3466 nisi
1795 3408 1932 3464 forte
1955 3409 2036 3465 di-

460 3507 674 3558 camus,
692 3494 832 3562 quod
857 3496 1072 3565 quando
1098 3495 1614 3554 manebatinGabee
1636 3510 1694 3554 ut
1718 3501 1916 3555 bellum
1940 3519 2035 3573 ge-

463 3592 630 3651 reret,
652 3586 781 3639 etin
806 3585 984 3655 fugam
1010 3588 1175 3642 vertit
1193 3588 1528 3659 alienigenas
1558 3590 1708 3659 Saul,
1739 3594 2034 3662 perdiderit

459 3692 584 3735 cum
629 3677 739 3733 illis
767 3678 932 3733 etiam
964 3678 1318 3735 Gabaonitas.
1359 3680 1553 3737 Exstat
1587 3699 1748 3753 porro
1791 3687 2033 3740 narratio

460 3768 513 3820 in
541 3767 818 3821 tricesimo
844 3771 1107 3833 secundo,
1123 3778 1177 3822 et
1191 3769 1466 3824 tricesimo
1494 3772 1652 3827 tertio
1672 3788 1898 3827 numero
1917 3772 2029 3843 (95)

460 3858 865 3927 priorisﬂegni,
888 3870 943 3914 et
969 3860 1020 3914 in
1053 3861 1329 3917 tricesimo
1349 3863 1607 3932 septimo,
1635 3864 1727 3919 ubi
1759 3865 1928 3919 dicit:
1961 3864 2031 3919 Et

460 3948 687 4001 bellabat
716 3949 771 4002 in
798 3950 1022 4003 circuitu
1051 3968 1231 4006 omnes
1260 3953 1500 4007 inimicos
1531 3971 1653 4008 suos
1668 3954 2031 4022 “,etc.Quod

459 4048 637 4093 autem
669 4040 846 4097 littera
883 4042 983 4109 ait,
1010 4044 1152 4098 hunc
1183 4045 1351 4099 habet
1379 4059 1598 4099 sensum
1625 4061 1638 4098 :
1665 4046 1793 4101 Saul
1829 4048 2031 4118 injuste

457 4140 646 4184 contra
683 4147 804 4187 eum
842 4134 953 4203 egit
981 4150 996 4200 ;
1023 4145 1077 4190 et
1105 4150 1174 4191 ex
1213 4135 1373 4193 domo
1409 4137 1557 4194 illius
1594 4137 1743 4193 facta
1785 4149 1871 4194 est
1897 4141 2029 4197 ultio

457 4223 668 4292 injuriae
692 4224 776 4279 vel
804 4240 903 4296 pro
926 4224 1075 4281 Jesu.

528 4406 642 4463 Non
669 4406 980 4466 afﬁciuntur
1008 4425 1137 4466 vero
1163 4411 1359 4482 injuria
1387 4412 1589 4470 sublati
1617 4429 1739 4470 cum
1762 4413 2027 4484 principio

455 4515 554 4556 suo
595 4501 630 4555 ii
658 4503 748 4571 qui
781 4503 850 4559 ab
881 4503 973 4559 illo
1009 4505 1337 4559 exstantiam
1370 4520 1525 4561 suam
1548 4508 1829 4563 consecuti
1855 4518 2020 4575 sunt;

2150 2044 2236 2091 τις
2261 2025 2428 2091 εἴποι,
2455 2025 2627 2081 Σαοὺλ
2668 2024 2891 2093 βασιλέα
2928 2024 3062 2077 ὄντα
3092 2023 3367 2084 ἀδυνάτως
3402 2020 3546 2090 ἔχειν
3579 2021 3726 2073 ἀντι-

2153 2116 2342 2187 στῆναι
2372 2116 2468 2169 καὶ
2492 2117 2607 2178 τοῖς
2637 2114 2997 2186 Ἰσραηλίταις
3027 2114 3120 2167 καὶ
3141 2115 3204 2184 τῇ
3232 2110 3368 2183 φυλῇ
3399 2112 3601 2180 Ἰούδα,
3634 2113 3728 2165 καὶ

2154 2206 2228 2277 μὴ
2277 2205 2435 2260 λῦσαι
2483 2205 2583 2269 τὰς
2634 2204 2906 2276 συνθήκας
2950 2203 3057 2258 τῶν
3105 2203 3391 2274 πατέρων,
3437 2202 3538 2264 τάς
3590 2202 3727 2270 πρὸς

2148 2300 2274 2364 τοὺς
2320 2298 2687 2362 Γαϐαωνίτας.
2740 2296 2882 2371 Ἐπὼ
2911 2296 2969 2350 δὲ
3009 2296 3349 2368 προσθοίμην
3407 2295 3472 2348 ἂν
3516 2292 3727 2356 τούτοις

2147 2392 2241 2447 τοι
2267 2389 2374 2445 Τοῦ
2411 2391 2547 2444 Θεοῦ
2575 2388 2887 2461 οἰκονομίας
2934 2383 3074 2441 εἶναι
3120 2386 3182 2441 τὸ
3225 2387 3383 2455 γένος
3415 2382 3509 2438 τοῦ
3553 2382 3727 2436 Σαοὺλ

2148 2482 2487 2554 ἀναλωθῆναι
2519 2485 2646 2549 πᾶν,
2680 2484 2803 2536 ὅσον
2835 2480 3125 2534 ὑπώπτευε
3155 2478 3375 2532 πώποτε
3427 2477 3725 2531 ἀντιποιεῖ-

2149 2576 2272 2631 σθαι
2293 2576 2387 2630 τοῦ
2416 2575 2690 2646 βασιλικοῦ
2714 2574 3041 2646 ἀξιώματος,
3062 2573 3150 2628 διά
3167 2588 3227 2624 τε
3242 2570 3400 2624 τοῦτο
3414 2570 3723 2641 ἐπαναστή-

2146 2667 2331 2721 σεσθαι
2348 2667 2425 2738 τῷ
2435 2666 2615 2733 Δαυτδ,
2633 2667 2859 2730 καὶτοῖς
2879 2664 3067 2718 τούτου
3090 2663 3265 2718 παισί.
3292 2664 3365 2716 Τὸ
3379 2664 3435 2715 δὲ
3450 2662 3726 2729 Ἐξηλιαρ

2143 2775 2266 2815 σαν
2293 2759 2514 2826 αὐτοὺς
2533 2763 2585 2814 οἱ
2616 2758 2981 2816 Γαϐαωνῖται
3009 2757 3287 2811 ἐναντίον
3304 2755 3527 2823 Κυρίου
3549 2755 3619 2808 ἐν
3643 2753 3725 2820 τῷ

2143 2854 2284 2918 ὄρει,
2321 2853 2443 2906 ἀντὶ
2474 2850 2566 2906 τοῦ
2586 2893 2601 2919 ,
2641 2851 3051 2923 Ἀναιρεθὲντας
3081 2850 3181 2903 οὐκ
3206 2847 3430 2913 ἔθαψαν,
3466 2845 3579 2899 ἀλλ’
3608 2846 3725 2899 εἴα·

2142 2962 2242 3001 σαν
2292 2944 2399 2998 ὑπὸ
2437 2944 2530 2998 τὸν
2572 2944 2722 3015 ἥλιον
2772 2943 3004 2997 κεῖσθαι.
3076 2940 3521 3007 Ἐξελύθησαν,
3564 2938 3720 3009 φησὶ,

2138 3038 2237 3093 καί
2263 3038 2480 3093 ἐλαϐεν
2513 3036 2735 3103 αὐτοὺς
2760 3035 2880 3090 Δὰν
2906 3034 3037 3100 υἱὸς
3078 3033 3207 3087 Ἰωὰ
3250 3031 3367 3087 τῶν
3407 3030 3723 3100 ἀπογόνων

2135 3129 2257 3186 τῶν
2286 3130 2596 3201 γιγάντων.
2622 3130 2847 3193 Πάντως
2870 3146 2971 3182 που
3000 3126 3245 3198 βούλεται
3265 3124 3461 3194 λέγειν,
3486 3124 3567 3176 ὅτι
3593 3122 3722 3185 τοὺς

2138 3221 2245 3277 ὑπὸ
2286 3223 2377 3275 τὸν
2423 3222 2570 3293 ἥλιον
2621 3221 2877 3285 τεθέντας
2924 3218 3102 3273 λαϐὼν
3148 3218 3177 3271 6
3221 3216 3423 3286 γίγας,
3478 3214 3722 3270 ἀνείλετο

2139 3313 2530 3385 ἐκλελυμένους
2698 3313 2803 3367 ὑπὸ
2832 3312 2933 3381 τῆς
2962 3311 3190 3383 ἡλιακῆς
3217 3307 3434 3380 φλογός.

2213 3406 2272 3461 '0
2302 3406 2478 3476 λόγος,
2516 3407 2546 3459 6
2580 3404 2722 3460 κατά
2740 3405 2867 3469 τοὺς
2893 3403 3258 3467 Γαϐαωνίτας,
3285 3400 3560 3470 ἄγνωστος
3588 3397 3719 3451 καθ-

2139 3499 2371 3571 έστηκεν
2391 3518 2403 3528 ·
2443 3501 2492 3553 εί
2528 3500 2602 3571 μή
2659 3498 2760 3552 ποῦ
2793 3515 2857 3568 γε
2890 3496 3164 3567 εἴπωμεν,
3197 3496 3279 3549 ὅτι
3310 3494 3474 3565 ἡνίκα
3511 3490 3717 3561 ὲκάθη-

2135 3607 2195 3644 το
2220 3592 2278 3644 ὲν
2312 3590 2482 3644 Γαδεὲ
2507 3588 2602 3644 τοῦ
2639 3589 2897 3661 πολεμεῖν
2919 3629 2933 3654 ,
2970 3588 3064 3642 καὶ
3092 3584 3440 3660 ὲτροπώσατο
3464 3583 3589 3646 τοὺς
3622 3581 3718 3634 ἀλ-

2133 3682 2394 3753 λοφύλους
2426 3685 2455 3737 6
2487 3682 2675 3747 Σαοὺλ,
2699 3682 2794 3736 καὶ
2817 3679 3063 3734 ἀπώλεσε
3100 3679 3216 3752 μετ’
3245 3676 3421 3731 αὐτῶν
3458 3674 3553 3729 καὶ
3588 3674 3715 3737 τοὺς

2133 3776 2173 3829 Γ
2177 3776 2501 3841 αὸαωνίτας.
2537 3775 2645 3829 Καὶ
2676 3774 2791 3844 ἔστι
2817 3774 2878 3827 τὸ
2898 3774 3142 3844 διήγημα
3176 3772 3234 3822 ὲν
3267 3765 3571 3840 τριακοστῷ
3595 3765 3714 3817 δευ-

2131 3869 2274 3940 τέρῳ
2308 3869 2401 3922 καὶ
2430 3866 2739 3940 τριακοστῷ
2784 3866 2951 3937 τρίτῳ
2984 3862 3201 3937 ἀριθμῷ
3229 3861 3328 3931 τῆς
3361 3858 3583 3931 πρώτης
3617 3858 3713 3927 βα-

2134 3960 2375 4026 σιλείας,
2422 3959 2518 4022 καὶ
2564 3957 2869 4029 τριακοστῷ
2918 3957 3161 4027 ἑϐδόμῳ·
3200 3953 3328 4007 ἔνθα
3372 3950 3541 4021 φησί’
3595 3950 3707 4003 Kal

2129 4052 2408 4120 ἐπολέμει
2434 4052 2638 4124 mixtim
2663 4049 2895 4117 πάντας
2912 4049 3053 4121 τοὺς
3076 4046 3327 4117 ἐχθροὺς
3355 4044 3563 4109 αὑτοῦ,
3613 4043 3710 4096 καὶ

2129 4139 2195 4200 τὰ
2241 4140 2386 4211 ἑξῆς.
2428 4141 2492 4194 '0
2539 4140 2598 4194 δὲ
2631 4140 2778 4210 λέγει
2817 4141 2880 4198 τὸ
2927 4140 3110 4212 ῥητὸν,
3146 4138 3303 4192 τοῦτό
3339 4139 3453 4189 ἐστι
3478 4152 3493 4161 ·
3539 4132 3712 4187 Σαοὺλ

2126 4230 2352 4304 ἠδίκησε
2386 4233 2506 4287 κατ’
2537 4234 2704 4287 αὐτοῦ
2735 4233 2828 4286 καὶ
2860 4234 2924 4285 ὲκ
2954 4231 3047 4285 τοῦ
3095 4232 3244 4286 οἴκου
3275 4228 3439 4283 αὐτοῦ
3486 4227 3712 4297 γεγένη-

2126 4343 2217 4380 ται
2251 4328 2284 4399 ή
2318 4325 2597 4398 ἐκδίκησις
2627 4327 2726 4398 τῆς
2753 4325 2965 4393 ἀδικίας
2991 4324 3025 4396 ἢ
3054 4325 3147 4378 ἐπὶ
3181 4320 3406 4396 Ἰησοῦν.

2201 4422 2316 4483 Οὐκ
2360 4422 2668 4477 ἀδικοῦνται
2716 4423 2775 4483 δὲ
2816 4419 3294 4491 συναναιρούμενοι
3336 4414 3445 4469 τῶν
3487 4415 3600 4484 (98)
3648 4416 3708 4468 ὲν

2125 4512 2266 4584 ἀρχῇ
2289 4513 2338 4569 οἱ
2366 4512 2425 4580 ἐξ
2458 4512 2664 4565 ἐκείνου
2696 4512 2757 4566 τὸ
2780 4506 2916 4564 εἶναι
2953 4510 3206 4580 λαχόντες
3224 4524 3239 4539 ⁸
3267 4507 3387 4561 ὃθεν
3440 4505 3547 4577 γὰρ
3579 4504 3706 4575 ἔσχε

453 4592 597 4647 unde
625 4594 953 4649 exstantiam
984 4594 1311 4662 habuerunt,
1346 4598 1470 4653 inde
1516 4608 1575 4653 ut
1606 4614 1712 4653 non
1747 4608 2025 4654 exstarent

2151 4603 2188 4656 τὸ
2219 4599 2389 4669 εἷναι,
2420 4603 2669 4657 ἐντεῦθεν
2704 4602 2765 4655 τὸ
2797 4603 2873 4675 μὴ
2906 4598 3044 4656 εἶναι
3078 4601 3293 4672 ἔχοντες
3317 4615 3333 4631 ο
3380 4602 3427 4653 εί
3468 4600 3525 4652 δέ
3558 4616 3703 4662 τινος

454 4687 787 4757 accipientes
818 4706 834 4743 :
867 4689 911 4744 si
934 4688 1116 4758 aliquo
1141 4691 1285 4747 bono
1323 4707 1420 4763 per
1455 4706 1518 4748 se
1539 4692 1645 4763 ipsi
1673 4692 1819 4763 digni
1845 4702 2024 4759 erant,

452 4780 579 4838 illud
604 4790 791 4852 postea
820 4784 1123 4841 consecuti.

527 4955 616 5013 ⁸³1
643 4961 773 5036 Reg.
810 4984 926 5039 XXI,
957 4971 1042 5029 10.
1154 4968 1200 5003 ⁸⁵
1234 4970 1409 5038 ιῐίιιε.
1435 4984 1544 5036 χιν,
1579 4970 1665 5023 47.

517 5114 629 5183 (95)
666 5116 898 5197 Attende
926 5119 1039 5189 jam
1072 5134 1102 5174 a
1133 5123 1468 5191 temporibus
1509 5121 1760 5194 Origenis
1788 5126 2014 5181 divisio-

442 5198 561 5261 netn
574 5200 727 5261 sacri
749 5198 944 5261 textus,

508 5253 621 5327 (96)
655 5255 795 5328 Lege
818 5253 1193 5334 ὲξηλιάσομεν,
1220 5273 1268 5319 et
1299 5272 1447 5320 verte
1481 5263 1841 5321 iusalabimus.

2130 4694 2338 4763 ἀγαθοῦ
2371 4695 2439 4748 δι’
2477 4696 2702 4761 ἑαυτοὺς
2732 4692 2871 4771 ἦσαν
2894 4694 3034 4763 ἄξιοι
3053 4735 3067 4761 ,
3108 4694 3331 4766 ὕστερον
3356 4692 3511 4747 τοῦτο
3540 4709 3703 4763 κομι-

2132 4781 2372 4855 ζόμενοι.

2194 5124 2306 5197 (97)
2344 5122 2781 5197 ίἙξηλίασανρμυι
2818 5124 2953 5179 infra
2980 5134 3033 5179 et
3074 5124 3128 5197 in
3159 5124 3277 5197 cod.
3318 5125 3473 5197 Ales.

2196 5195 2305 5265 (98)
2341 5193 2504 5255 Forte
2535 5196 2632 5268 τῷ.
2666 5194 2789 5252 Mox
2825 5197 3037 5253 videtur
3086 5195 3364 5267 legendum
3408 5193 3589 5267 ἔσχον.
