4012 6340
1323 670 2067 760 ΩΡΙΓΕΝΟΥΣ

1606 355 1859 412 ΑΒΝΟΤ.
1902 358 1968 411 ΙΝ

2108 363 2132 412 ς.
2183 356 2251 413 lll
2288 356 2550 415 REGUM.
3441 369 3487 399 ε’
3616 359 3679 415 5i

2158 674 2739 762 ΕΚΛΟΓΑΙ

1471 854 1581 907 ΕΙΣ
1611 855 1753 908 ΤΗΝ
1786 855 2046 909 ΤΡΙΤΗΝ
2071 855 2208 909 ΤΩΝ
2245 856 2624 912 ΒΛΣΙΛΕΙΩΝ.

467 1154 1089 1255 ORIGENIS
1158 1160 2109 1257 ADNOTATIONES
2165 1166 2289 1255 ΙΝ
2365 1162 2835 1256 LIBRUM
2917 1163 3059 1252 III
3143 1161 3588 1254 REGUM.

1662 1358 1758 1423 (Ex
1779 1358 2095 1410 Bibliotheca
2115 1358 2470 1424 Gallandiana.)

1074 1613 1231 1667 ΚΕΦ.
1269 1613 1344 1667 B'.

411 1707 565 1779 trix.
598 1715 675 1779 η’.
724 1707 839 1779 Καὶ
882 1704 1021 1779 ἰδοὺ
1055 1704 1218 1779 μετὰ
1256 1703 1391 1779 σοῦ-
1428 1704 1603 1779 Zeus?
1631 1704 1777 1779 υίὸς
1816 1706 2004 1775 Γηρᾶ,

482 1775 632 1843 υίὸς
654 1778 764 1831 τοῦ
806 1776 972 1846 Ἰεμεῒ
996 1776 1067 1846 ἐκ
1102 1775 1451 1845 Βαθουρείμ.
1493 1777 1601 1830 Καὶ
1639 1777 1823 1843 αὐτὸς
1864 1795 2007 1846 κατε

476 1842 754 1919 ηράσιιτό
795 1842 885 1915 με’
913 1844 1180 1919 κατάραν
1223 1842 1539 1919 ,ὀδυνηρὰν
1594 1846 1668 1915 τῆ
1700 1842 1929 1919 ,ἡμέρᾳ
1966 1842 2007 1919 ᾖ

487 1917 870 1986 ἐπορευόμην
901 1918 988 1981 εις
1008 1916 1405 1986 παρεμὼᾷὰς,
1438 1917 1537 1969 καὶ
1556 1916 1767 1986 αὐτὸς
1790 1916 2006 1986 κατέϐᾖ

484 1990 573 2053 είς
600 1984 956 2056 dada-eno”
978 2004 1097 2055 μου
1133 1987 1228 2056 εὶςΔ
1241 1984 1349 2038 τὸν
1389 1985 1711 2054 Ἰορδάνην,
1739 1988 1838 2040 καὶ
1861 1984 2009 2056 ὠμοὲ

490 2071 578 2110 σα
603 2054 765 2119 αὑτῷ
796 2055 865 2107 ἐν
886 2053 1118 2124 Κυρίῳ,
1157 2053 1354 2125 λέγων
1378 2072 1395 2089 ·
1439 2059 1510 2111 Et
1541 2053 1862 2123 θανατώσω
1898 2053 2008 2112 οὐ·

492 2126 602 2179 τὸν
630 2126 700 2179 ἐν
712 2126 1000 2194 ῥομφαίᾳ.

412 2217 574 2287 Στίχ.
607 2217 672 2287 θ’.
710 2217 823 2287 Καὶ
851 2218 945 2287 κού
982 2216 1072 2286 μὴ
1117 2218 1407 2286 ἀθωώσῃς
1441 2218 1663 2282 αὐτὸν,
1718 2219 1807 2272 ὅτι
1852 2218 2007 2287 ἀνὴρ

486 2283 678 2360 σοφὸς
712 2283 896 2360 σὺ,
925 2283 1026 2360 aedi
1052 2283 1257 2360 γνώσῃ
1304 2283 1654 2360 ἅθτοιήσεις
1688 2289 1850 2355 αὐτῷ
1869 2306 1882 2319 ο
1904 2283 2004 2342 mit

479 2359 563 2493 Et";
590 2356 872 2424 κατάξεις
901 2358 1030 2428 τὴν,
1058 2356 1284 2413 πολιὰν
1326 2360 1512 2414 αὑτοῦ
1553 2359 1626 2412 ἐν
1661 2360 1873 2429 εἰρήνῃ
1916 2363 2004 2425 εἱς

563 2443 656 2480 ου.

487 2486 779 2591 inuitat,
810 2518 927 2584 πῶς
965 2521 995 2574 ὁ
1045 2520 1207 2575 Δαυτδ
1268 2519 1346 2592 τῷ
1403 2522 1570 2591 Σεμεῖ
1617 2486 1997 2593 συγίῖυρήσας,

402 2610 851 2681 παρακελεύεται
872 2610 950 2682 τῷ
978 2612 1288 2683 Σολομῶντι
1323 2612 1529 2667 ἀνελεῖν
1558 2613 1740 2678 αὑτὸν,
1766 2614 1999 2685 ἁμνησί-

408 2720 588 2768 κακος
616 2705 710 2757 καὶ
737 2706 950 2777 πρᾶος,
984 2704 1122 2758 ἀλλὰ
1161 2705 1257 2759 καὶ
1306 2704 1396 2759 τὸν
1443 2705 1600 2759 Ἰωὰϐ
1646 2706 1998 2777 συγκαμόντα

400 2794 583 2865 αὐτῷ.
632 2795 699 2848 Τί
732 2794 922 2867 δήποτ’
947 2790 1041 2850 οὖν
1074 2795 1251 2849 ταῦτα
1291 2795 1463 2860 οὕτως
1493 2795 1851 2868 ᾠκονομῄθη;
1900 2797 1997 2849 Σο-

404 2886 516 2955 φὸς
546 2885 623 2941 ὣν
645 2889 675 2941 ὁ
706 2887 871 2942 Δαυῒδ
894 2888 1159 2959 ἠπίστατο
1181 2928 1198 2954 ,
1224 2889 1307 2942 ὅτι
1339 2887 1463 2942 οὔτε
1499 2889 1594 2943 τὸν
1633 2887 1797 2959 Σεμεῒ
1843 2888 1999 2941 Σολο-

2026 1620 2077 1679 A

2752 1615 2904 1672 CAP.
2946 1614 3007 1669 ll.

2115 1711 2180 1766 V.
2216 1711 2269 1766 8.
2318 1711 2381 1765 Et
2404 1728 2521 1767 ecce
2546 1720 2715 1766 tecum
2757 1714 2929 1769 Semei
2971 1712 3113 1781 ﬁlius
3140 1712 3302 1777 Gem,
3338 1711 3481 1779 ﬁlius
3510 1710 3682 1765 Jemet'

2179 1783 2241 1835 de
2258 1782 2553 1835 Bathurim.
2586 1783 2915 1852 Ipsequoque
2936 1781 3207 1836 maledixit
3235 1799 3315 1834 me
3336 1783 3673 1835 maledictio-

2185 1869 2300 1905 nem
2330 1852 2726 1916 dolorosam,in
2753 1855 2836 1906 die
2868 1870 2971 1922 qua
2999 1853 3135 1905 ibam
3162 1855 3215 1904 in
3255 1865 3452 1922 castra,
3485 1862 3533 1905 et
3568 1854 3680 1922 ipse

2184 1923 2449 1975 descendit
2482 1925 2538 1974 in
2573 1938 2847 1975 occursum
2874 1920 3043 1977 meum
3073 1923 3141 1973 ad
3164 1920 3477 1983 Jordanem,
3501 1932 3549 1973 et
3584 1920 3679 1988 ju-

2182 1991 2388 2112 rfw‘irei
2436 1992 2495 2045 in
2547 1991 2793 2059 Domino,
2829 1992 3131 2045 dicens:Si
3184 1992 3421 2044 occidam
3466 2008 3585 2045 eum
3622 1993 3676 2043 in

2182 2078 2265 2112 aa
2309 2076 2379 2112 to.

2180 2076 2379 2131 gtaato.

2110 2220 2173 2274 V.
2218 2222 2273 2276 9.
2317 2218 2384 2274 Et
2410 2236 2510 2274 non
2544 2221 2827 2274 immunem
2861 2220 3028 2289 facias
3060 2220 3333 2289 eum,quia
3365 2223 3446 2275 uir
3468 2221 3676 2287 sapiens

2176 2308 2231 2345 es
2270 2301 2350 2353 tu,
2374 2301 2426 2345 et
2452 2307 2735 2357 cognosces
2759 2306 2877 2360 qua:
2906 2290 3068 2360 [acies
3098 2291 3147 2342 ei
3175 2306 3192 2343 :
3217 2299 3269 2343 et
3312 2308 3415 2345 non
3450 2294 3674 2347 deduces

2176 2362 2420 2415 canitiem
2449 2362 2563 2431 ejus
2586 2361 2644 2423 in
2681 2376 2808 2429 pace
2834 2360 2902 2413 ad
2932 2359 3148 2426 inferos.

2171 2523 2445 2589 Quaeritur
2472 2521 2743 2591 quomodo
2772 2521 2967 2585 David,
3004 2522 3096 2591 qui
3129 2522 3307 2577 Semei
3360 2522 3681 2585 indulserat,

2103 2618 2328 2672 mandet
2364 2615 2644 2672 Salomoni
2670 2624 2728 2669 ut
2750 2614 3046 2670 interﬁciat
3073 2630 3223 2680 eum,
3250 2615 3366 2684 ipse
3397 2616 3489 2686 qui
3538 2615 3679 2684 inju-

2104 2711 2307 2765 riarum
2349 2723 2560 2765 memor
2593 2723 2699 2763 non
2737 2717 2884 2776 erat,
2940 2708 3036 2763 sed
3089 2708 3395 2779 benignus,
3442 2708 3682 2777 itemque

2101 2797 2330 2853 Joabutn
2365 2801 2456 2867 qui
2489 2812 2673 2854 secum
2723 2797 3088 2852 laboraverat.
3128 2797 3367 2853 Curnam
3403 2812 3534 2868 ergo
3565 2798 3680 2853 haec

2106 2891 2178 2945 ita
2236 2891 2494 2947 ordinata
2530 2891 2692 2946 sunt?
2726 2889 2895 2946 David
2951 2891 3149 2961 quippe
3201 2892 3416 2960 sapiens
3448 2890 3679 2959 sciebat,

408 2976 535 3049 μὼν
568 2978 721 3033 ἐάσει
757 2978 859 3049 ζῇν
886 2979 996 3032 δέει
1029 2980 1130 3051 τῆς
1152 2981 1575 3044 ἐπαναστάσεως
1596 2998 1610 3010 ε
1646 2979 1723 3044 ὡς
1760 2979 1868 3051 γὰρ
1893 2980 2002 3034 ἀπὸ

2108 2983 2247 3054 quod
2273 2997 2451 3053 neque
2482 2981 2754 3038 Semeium
2779 2981 3038 3037 Salomon
3063 2983 3246 3037 vivere
3276 2982 3505 3048 sineret,
3526 2992 3673 3038 metu

407 3068 697 3139 βασιλικοῦ
724 3070 1034 3143 ἀξιώματος
1063 3072 1245 3144 μέλλει
1281 3072 1412 3144 περὶ
1458 3071 1562 3142 τῆς
1586 3072 1861 3143 βασιλείας
1891 3073 1997 3145 μά-

405 3162 608 3233 χεσθαι
637 3162 717 3234 τῷ
746 3162 1084 3234 Σολομῶντι·
1111 3161 1237 3217 οὔτε
1260 3162 1355 3217 τὸν
1394 3162 1572 3228 Ἰωὰ6,
1606 3163 1682 3228 ὡς
1715 3163 1871 3224 ἐκτὸς
1901 3163 1998 3234 τῆς

402 3254 509 3308 τοῦ
551 3254 718 3309 Δαυῖδ
764 3255 991 3328 γνώμης
1039 3257 1120 3319 είς
1150 3254 1375 3325 βασιλέα
1403 3253 1496 3309 τὸν
1528 3255 1645 3310 υἱὸν
1697 3255 1790 3309 τοῦ
1836 3255 1999 3310 Δαυτδ

406 3348 869 3419 καταστήσανταο
915 3347 992 3412 ὡς
1035 3348 1290 3402 ἀνελόντα
1327 3347 1506 3402 τοίνυν
1554 3347 1646 3401 καὶ
1687 3348 1780 3402 τὸν
1819 3347 1995 3413 Ἰωὰ6,

410 3440 768 3511 συγκαμόντα
814 3440 872 3495 δὲ
920 3440 999 3512 τῷ
1042 3441 1212 3513 πατρὶ
1260 3443 1319 3495 ἐν
1361 3441 1578 3505 πολλοῖς
1616 3440 1875 3512 πολέμοις
1906 3442 2000 3495 καὶ

413 3530 862 3602 κατορθώσαντα.
909 3532 1095 3588 Ταῦτα
1131 3532 1366 3605 προϊδὼν
1397 3535 1426 3588 ὁ
1464 3533 1624 3587 Δαυῖδ
1649 3574 1664 3599 ,
1713 3533 2000 3606 προλαϐὼν

407 3623 690 3677 διατάττει
721 3622 800 3694 τῷ
831 3623 1139 3695 Σολομῶντι
1166 3626 1423 3695 ποιῆσαι,
1469 3624 1506 3679 ἃ
1548 3625 1642 3678 καὶ
1684 3625 1776 3694 ἀφ’
1807 3623 1999 3678 ἐαυτοῦ

409 3715 671 3787 Σολομὼν
705 3716 925 3781 πάντως
968 3717 1169 3783 ἐποίει,
1205 3718 1293 3785 ἵν’,
1333 3718 1462 3772 ὃταν
1503 3716 1862 3788 ἀναιρεθῶσιν
1910 3719 2001 3772 ὑπ’

411 3813 604 3879 αὑτοῦ,
636 3812 886 3868 τουτέστι
926 3813 1019 3868 τοῦ
1066 3813 1446 3886 Σολομῶντος,
1492 3817 1543 3868 oi
1590 3814 2000 3886 προειρημένοι,

413 3902 752 3977 συγγνώμην
784 3907 888 3977 σχῇ
925 3906 955 3959 ὁ
1002 3904 1257 3975 Σολομὼν
1278 3944 1295 3970 ,
1349 3905 1426 3968 ὡς
1455 3904 1719 3978 πατρικὸν
1754 3903 2004 3977 βούλημα

412 3997 735 4069 πληρώσας,
758 3998 854 4053 καὶ
876 3998 977 4052 οὐκ
1002 3997 1166 4062 αὐτὸς
1193 3998 1287 4068 ἀφ’
1321 3996 1515 4053 ἐαυτοῦ
1546 3999 1668 4052 κατ’
1700 3997 1880 4052 αὐτῶν
1920 4017 2004 4052 κι-

415 4086 624 4159 νηθείς.

1054 4182 1211 4238 ΚΕΦ.
1261 4183 1363 4237 ιΕν.

416 4272 567 4345 Στίχ.
604 4279 708 4342 κγ’.
729 4273 918 4345 Πλὴν
966 4275 1038 4329 ἐν
1082 4274 1263 4345 καιρῷ
1310 4275 1418 4330 τοῦ
1461 4274 1654 4345 γήρως
1710 4276 1999 4345 ἐποίησεν

502 4339 747 4425 ᾎσὰζτὸ
792 4339 1059 4415 πονηρὸν
1083 4339 1349 4419 (99),“καὶ
1371 4339 1792 4415 ἐπὸνὲσέτοὺς
1814 4339 2005 4415 πὸδας
2030 4339 2073 4398 C

489 4417 697 4468 αὑτοῦ.

493 4504 617 4568 Πῶς
667 4504 886 4576 νοητέον
908 4546 923 4572 ,
995 4504 1170 4575 Πλὴν
1206 4507 1276 4561 ἐν
1318 4508 1399 4575 τῷ
1448 4509 1633 4579 καιρῷ
1673 4511 1782 4566 τοῦ
1814 4511 2008 4582 γήρως

422 4596 711 4664 ἐποίησεν
749 4598 885 4652 Ἀσὰ
912 4598 979 4652 τὸ
1009 4599 1299 4667 πονηρὸν,
1328 4601 1427 4655 καὶ
1452 4602 1710 4657 ἐπόνεσε
1731 4602 1873 4670 τοὺς
1906 4604 2014 4658 πό-

423 4685 529 4752 δας
558 4684 786 4751 αὐτοῦ;
817 4688 1155 4760 Σαφέστερον
1182 4690 1276 4744 καὶ
1320 4690 1477 4745 τοῦτο
1502 4692 1613 4747 τῶν
1643 4697 2010 4763 Παραλειπο-

418 4777 614 4847 μένων
640 4780 672 4850 ὴ
706 4778 885 4848 βίϐλος
915 4780 1167 4848 ἐδίδαξεν.
1210 4782 1314 4837 Ἐν
1336 4784 1446 4853 γὰρ
1473 4784 1549 4853 τῇ
1573 4784 1873 4854 ἀρρωστίᾳ
1898 4790 2001 4842 αὐ-

425 4871 557 4936 τοῦ,
594 4872 791 4942 φησὶν,
816 4874 927 4927 οὐκ
960 4872 1215 4943 ἐζήτησε
1250 4875 1496 4944 Κύριον,
1524 4875 1688 4931 ἀλλὰ
1739 4877 1881 4943 τοὺς
1917 4880 2003 4931 la-

424 4964 615 5030 τρούς.
663 4961 804 5033 Ἐγὼ
847 4964 905 5017 δὲ
936 4966 1081 5019 δυοῖν
1107 4964 1337 5039 θάτερον
1377 4967 1743 5038 ὑπολαμϐάνω
1763 5008 1778 5033 ,
1809 4968 1843 5039 ἢ
1877 4970 2004 5035 τοὺς

426 5056 656 5125 ἐπᾳδαίς
686 5058 1057 5130 κεχρημένους
1087 5060 1181 5113 καὶ
1224 5060 1580 5131 μαγγανείαις
1610 5061 1872 5134 κληθῆναι
1913 5063 1997 5116 ία-

425 5151 613 5220 τροὺς,
645 5149 677 5220 ἢ
712 5150 795 5204 ὅτι
831 5151 1014 5222 μόνοις
1043 5151 1330 5206 ἐπίστευσε
1363 5155 1476 5218 τοῖς
1516 5154 1716 5225 ἰατροῖς
1740 5196 1755 5221 ,
1790 5154 1888 5228 τὴν
1918 5156 1998 5220 είς

425 5241 513 5294 τὸν
545 5242 679 5296 Θεὸν
714 5244 816 5296 οὐκ
850 5240 987 5313 ἔχων
1014 5243 1222 5298 ἐλπίδα.
1251 5245 1313 5298 Οἱ
1343 5244 1454 5317 γὰρ
1482 5244 1735 5317 εὐσεϐείᾳ
1764 5244 2001 5317 κοσμού-

431 5352 574 5404 μενοι
601 5334 899 5407 κέχρηνται
930 5333 1031 5405 μὲν
1068 5339 1179 5400 τοῖς
1213 5338 1417 5409 ἰατροῖς
1456 5336 1533 5401 ὡς
1566 5336 1859 5409 ὑπουργοτς
1905 5338 1999 5392 τοῦ

427 5426 579 5494 Θεοῦ,
609 5428 828 5496 ειδότες,
861 5429 945 5484 ὅτι
976 5428 1070 5482 καὶ
1100 5429 1196 5501 τὴν
1225 5431 1471 5503 ἰατρικὴν
1496 5432 1807 5504 ἐπιστήμην
1838 5432 1999 5497 αὐτὸς

495 5600 539 5631 ⁸⁸
576 5596 619 5652 ll
650 5596 830 5653 Paral.
864 5614 976 5664 ινι,
1004 5596 1091 5652 12.

498 5748 613 5817 (99)
648 5750 961 5815 Ἐποίησεν
1012 5747 1151 5803 Ἁσὰ
1185 5749 1249 5803 τὸ
1278 5748 1559 5817 πονηρόν.
1596 5747 1719 5801 Ilmc
1747 5746 1993 5814 nuspiam

433 5820 1120 5891 aljbiexstautﬂhimchius
1146 5829 1324 5877 tamen
1338 5820 1548 5889 scribit,
1572 5818 1711 5875 male
1727 5817 1998 5875 audivisse

2102 3075 2447 3143 rebellionis;
2483 3085 2743 3145 tanquam
2789 3074 2933 3129 enim
2985 3089 3085 3144 pro
3139 3074 3288 3144 regia
3320 3074 3584 3145 dignitate
3611 3075 3681 3130 de

2103 3183 2271 3240 regno
2298 3181 2420 3223 cum
2466 3165 2760 3224 Salomone
2792 3175 3132 3237 pugnaturus
3153 3175 3271 3221 erat
3295 3184 3310 3233 ;
3353 3182 3528 3237 neque
3553 3165 3680 3222 Joa-

2102 3260 2252 3325 bum,
2299 3259 2500 3330 quippe
2525 3258 2619 3330 qui
2652 3267 2842 3314 contra
2899 3256 3121 3313 Davidis
3154 3259 3485 3314 sententiam
3512 3259 3565 3335 in
3595 3275 3680 3315 re-

2108 3367 2230 3423 gem
2258 3351 2427 3406 ﬁlium
2457 3350 2681 3406 Davidis
2714 3349 3098 3415 constituerat,
3126 3351 3274 3405 velut
3300 3351 3532 3420 proinde
3555 3366 3679 3405 eum

2100 3446 2191 3516 qui
2219 3444 2447 3501 Joabum
2479 3443 2555 3517 (l)
2583 3444 2885 3509 sustulerit,
2916 3444 3010 3498 sed
3039 3458 3161 3497 cum
3208 3453 3363 3513 patre
3404 3445 3457 3497 in
3492 3443 3678 3497 multis

2102 3527 2259 3592 bellis
2288 3535 2616 3592 laboraverit
2636 3542 2693 3590 et
2717 3536 2893 3588 victor
2914 3533 3207 3588 exstiterit.
3229 3533 3355 3587 Haec
3376 3534 3679 3601 praevidens

2106 3627 2294 3695 David,
2325 3625 2668 3697 praeveniens
2693 3624 2917 3677 mandat
2949 3622 3225 3678 Salomoni
3256 3631 3315 3677 ut
3342 3623 3535 3687 faciat,
3560 3639 3680 3692 qua:

2104 3719 2274 3774 etiam
2300 3734 2367 3773 ex
2412 3716 2593 3786 seipso
2624 3714 2881 3769 Salomon
2914 3713 3135 3768 omnino
3184 3712 3418 3770 fecisset.
3457 3713 3527 3769 Ut
3560 3730 3681 3769 cum

2107 3808 2307 3866 sublati
2323 3814 2511 3864 essent
2533 3805 2728 3870 abillo,
2761 3805 2813 3859 id
2833 3815 2915 3860 est
2944 3803 3253 3869 Salomone,
3282 3804 3383 3859 viri
3411 3805 3682 3875 praadicti,

2106 3899 2325 3955 veniam
2368 3897 2594 3953 haberet
2627 3894 2909 3963 Salomon,
2953 3903 3210 3965 tanquam
3254 3895 3346 3965 qui
3398 3905 3681 3966 paternam

2104 3990 2439 4047 voluntatem
2464 3987 2763 4058 implesset,
2786 3995 2840 4042 et
2857 4003 2961 4043 non
2991 3987 3108 4057 ipse
3131 3999 3193 4041 ex
3219 4003 3276 4044 se
3291 3988 3405 4059 ipso
3422 3988 3683 4043 adversus

2105 4102 2199 4144 eos
2228 4094 2403 4143 motus
2433 4083 2649 4141 fuisset.

2734 4173 2885 4233 CAP.
2926 4171 3043 4227 XV.

2106 4294 2173 4351 ν.
2212 4293 2305 4349 25.
2356 4293 2731 4349 Verumtamen
2753 4309 2809 4345 in
2839 4300 3069 4358 tempore
3095 4286 3379 4343 senectutis
3414 4285 3536 4353 fecit
3572 4284 3681 4339 Aea

2343 4365 2564 4431 nmium,
2605 4375 2653 4418 et
2687 4363 2986 4431 inﬁrmatus
3013 4368 3087 4414 est
3119 4360 3275 4427 pedes
3303 4373 3447 4413 suos.

2181 4503 2467 4570 Quomodo
2528 4499 2939 4568 intelligendum
3006 4505 3092 4551 est
3139 4512 3154 4551 :
3197 4492 3573 4548 Verumtamen
3624 4493 3681 4546 in

2112 4604 2341 4665 tempore
2368 4592 2653 4649 senectuti:
2720 4588 2843 4659 fecit
2870 4588 2978 4641 Aea
3012 4586 3234 4651 malum,
3293 4595 3340 4641 et
3380 4585 3681 4654 inﬁrmatus

2110 4700 2184 4746 est
2222 4689 2375 4759 pedes
2402 4701 2527 4740 suos
2567 4684 2593 4738 3
2636 4681 2851 4737 Clarius
2878 4679 2931 4733 id
2962 4693 3178 4749 quoque
3221 4677 3679 4747 Paralipomenon

2111 4783 2250 4838 liber
2266 4777 2501 4835 edocuit.
2555 4775 2622 4829 In
2668 4772 2981 4840 inﬁrmitate
3025 4772 3161 4825 enim
3192 4788 3314 4833 sua,
3346 4769 3547 4839 inquit,
3577 4783 3681 4822 non

2108 4872 2377 4943 requisivit
2437 4868 2745 4930 Dominum,
2791 4863 2881 4917 sed
2929 4867 3157 4919 medicos
3189 4863 3257 4918 “.
3299 4863 3410 4933 Ego
3453 4878 3584 4918 vero
3613 4864 3680 4917 de

2109 4964 2320 5019 duobus
2371 4959 2694 5014 alterutrum
2735 4967 3003 5023 suppono,
3052 4954 3132 5009 vel
3181 4954 3479 5008 advocatos
3513 4954 3681 5008 fuisse

2107 5055 2347 5113 medicos
2391 5053 2482 5124 qui
2520 5049 2981 5107 incantationibus
3023 5058 3079 5103 et
3126 5047 3418 5120 praestigiis
3450 5049 3678 5104 uteban-

2108 5161 2236 5216 tur;
2284 5147 2369 5204 vel
2404 5145 2537 5202 solis
2570 5144 2729 5200 ﬁdem
2784 5143 3101 5199 adhibuisse
3146 5140 3396 5206 medicis,
3431 5157 3537 5197 non
3576 5143 3678 5197 ha-

2106 5244 2322 5299 bentem
2370 5241 2427 5294 in
2471 5237 2639 5294 Deum
2697 5249 2871 5305 spem.
2921 5234 3022 5301 Qui
3069 5234 3215 5288 enim
3248 5232 3511 5304 religione
3551 5243 3676 5288 sunt

2110 5334 2340 5406 praediti,
2375 5338 2597 5387 utuntur
2618 5327 2838 5399 quidem
2878 5325 3105 5381 medicis
3130 5333 3387 5393 tanquam
3411 5323 3680 5379 ministris

2110 5430 2229 5495 Dei,
2262 5427 2495 5484 scientes
2512 5424 2655 5495 quod
2686 5431 2747 5477 et
2766 5420 3336 5476 medioamscientiam
3372 5419 3487 5488 ipse
3512 5416 3679 5487 largi-

2105 5748 2286 5805 Asam,
2315 5761 2379 5800 eo
2412 5747 2551 5816 quod
2580 5745 2940 5816 angariaverit
2970 5743 3265 5815 discipulos
3290 5739 3617 5809 sapientum.

2106 5859 2124 5886 ι
2179 5818 2256 5889 (1)
2287 5814 2448 5875 Eorté
2474 5814 2744 5875 Abner'ex
2771 5814 2835 5873 lll
2876 5817 3007 5885 Reg.
3044 5814 3125 5871 lll.
