4012 6340
431 269 503 325 55

1311 274 1870 335 SUPPLEMENTUM
1911 279 2004 357 Al)
2038 278 2363 340 ORIGENIS
2401 279 2816 343 EXEGETICA.

3658 288 3728 343 56

437 397 526 442 tus
555 396 639 443 est
674 386 1003 455 hominibus,
1033 390 1487 460 quemadmodum
1523 401 1580 446 et
1605 393 1860 464 reliquas,
1883 396 2002 450 her-

2104 395 2270 451 ἔδωκε
2300 400 2410 461 τοῖς
2442 397 2767 471 ἀνθρώποις,
2800 399 2988 473 ὥσπερ
3009 400 3073 474 δὴ
3105 400 3220 454 καὶ
3251 398 3363 463 τὰς
3390 397 3569 465 ἄλλας
3594 441 3609 463 ,
3639 402 3733 455 καὶ

433 477 533 535 bas
559 494 776 551 quoque
808 483 921 551 ipse
951 484 1018 537 de
1058 495 1201 539 terra
1246 486 1553 554 germinare
1581 488 1771 542 edixit.
1806 487 1999 543 Sciunt

435 581 615 626 tamen
656 573 1033 638 nihilominus,
1084 575 1215 628 nihil
1261 592 1420 646 posse
1451 578 1783 633 medicorum
1824 589 1998 634 artem

436 661 546 718 Deo
592 664 872 733 nolente,}
920 666 1012 720 sed
1066 675 1273 722 tantum
1324 683 1507 738 posse,
1550 680 1811 739 quantum
1857 671 1999 727 Dens

431 755 567 808 vult.
596 753 909 812 Jeroboami
964 771 1125 825 porro
1167 756 1363 814 domus
1386 760 1757 817 omnimodum
1808 762 1999 819 interi-

433 854 550 900 tum
575 848 834 902 sustinuit
866 849 1018 917 juxta
1051 849 1459 917 przedictionem
1491 853 1675 908 Achia:
1723 853 1995 913 Silonitae.

437 935 710 993 Percussit
734 954 989 1012 namque,
1017 941 1113 1008 ait,
1148 941 1328 1025 βαοια
1356 958 1449 998 rea:
1487 943 1658 1000 Israel
1694 956 1860 1001 totam
1901 948 1998 1001 do-

429 1045 571 1084 mum
592 1031 901 1095 leroboam,
964 1042 1012 1087 et
1051 1049 1152 1086 non
1186 1034 1398 1102 reliquit
1424 1052 1628 1090 onmem
1657 1039 1997 1106 spirationem

428 1122 483 1175 in
507 1121 810 1189 Jeroboant,
854 1123 1020 1176 donec
1066 1124 1315 1192 funditus
1367 1130 1606 1196 perderet
1647 1129 1755 1191 ipse
1795 1145 1994 1195 omnes,

422 1208 576 1274 iuxta
618 1213 828 1266 verbum
890 1211 1128 1277 Domini,
1178 1217 1318 1284 quod
1362 1217 1569 1273 locutus
1618 1228 1698 1275 est
1736 1220 1792 1274 in
1834 1236 1995 1275 manu

424 1301 557 1355 servi
584 1302 668 1356 sui
689 1302 868 1359 Aeliin:
900 1303 1141 1362 Silonitw
1169 1306 1238 1360 "'.
1261 1308 1458 1365 Eadem
1487 1326 1681 1381 passus
1707 1323 1791 1369 est
1824 1312 1995 1369 Baasa

426 1408 663 1465 quoque.
714 1395 976 1453 Eamdem
1020 1400 1165 1455 enim
1197 1410 1255 1456 et
1295 1403 1396 1457 iste
1431 1404 1766 1473 impietatem
1795 1415 1851 1462 et
1889 1408 1993 1463 ini-

423 1485 687 1554 quitatem
728 1489 1011 1558 amplexus
1039 1501 1145 1558 est,
1179 1491 1419 1563 llelaque
1444 1494 1565 1563 ejus
1600 1497 1744 1553 lilius
1768 1512 1797 1552 a
1828 1498 1993 1554 Zam-

423 1579 505 1633 hri
538 1580 736 1633 vulnus
766 1583 997 1652 accepit.
1031 1584 1140 1639 Iste
1172 1599 1298 1639 vero
1341 1589 1638 1643 secundum
1684 1591 1991 1660 praedictio-

424 1685 547 1726 nem
597 1670 819 1740 factam,
865 1675 1059 1729 iterum
1094 1691 1312 1731 omnem
1364 1677 1550 1735 Baasa:
1598 1681 1845 1738 dissolvit
1889 1684 1989 1738 do-

420 1779 591 1819 mum.
624 1763 758 1819 Cum
787 1766 1018 1835 populus
1043 1766 1263 1822 Zambri
1293 1785 1468 1839 regem
1505 1781 1763 1838 creasset,
1794 1774 1986 1830 obses-

418 1873 516 1913 sus
544 1858 767 1915 Zambri
814 1862 1032 1915 domum
1063 1862 1115 1916 in
1141 1878 1246 1932 qua
1293 1864 1522 1933 degebat
1564 1867 1888 1930 combussit,
1933 1876 1989 1924 et

418 1963 545 2003 eum
596 1950 691 2004 illa
730 1961 957 2007 exustus
994 1953 1242 2021 Oppetiit.
1280 1953 1359 2007 Ex
1396 1954 1480 2009 his
1505 1968 1670 2023 porro
1699 1956 1985 2023 docemur,

416 2056 513 2095 eos
561 2042 656 2112 qni
703 2044 895 2098 eadem
932 2045 1119 2100 vivunt
1166 2047 1457 2115 pravitate,
1492 2046 1778 2102 Dominum
1816 2047 1984 2105 Deum

418 2132 580 2188 alium
618 2149 714 2204 per
756 2134 920 2190 alium
962 2138 1174 2206 punire,
1224 2147 1279 2194 et
1326 2141 1548 2195 tradere
1585 2140 1843 2210 uequiori
1886 2155 1984 2197 ne-

415 2241 600 2295 quam,
627 2227 779 2297 quasi
810 2228 1134 2298 quibusdam
1176 2231 1533 2288 carniﬁcibus
1572 2240 1814 2289 utentem
1855 2232 1982 2288 illis.

480 2500 751 2568 Quoniam
800 2517 931 2557 vero
971 2502 1217 2558 nonnulli
1261 2514 1535 2573 quaerunt,
1572 2509 1844 2562 undenam
1875 2506 1981 2562 Sa-

414 2595 628 2648 marita:
660 2595 802 2649 hanc
857 2595 1275 2664 appellationem
1319 2597 1641 2664 habuerint,
1672 2613 1738 2653 ex
1781 2613 1981 2670 propo-

414 2685 520 2740 sita
553 2686 781 2741 historia
819 2688 923 2744 hoc
954 2688 1237 2743 addiscere
1278 2704 1506 2757 pronum
1548 2699 1654 2746 est.
1689 2690 1981 2761 Acquiaitvt't

408 2778 583 2844 enim,
608 2778 807 2848 inquit,
856 2776 1073 2833 Zumbri
1126 2791 1352 2834 montem
1376 2779 1625 2837 Semeron
1667 2800 1701 2837 α
1746 2782 1983 2839 Semmer

409 2871 625 2924 domino
652 2870 768 2941 ejus
799 2882 1023 2941 argento
1047 2880 1210 2926 duum
1240 2873 1577 2940 talentorum,
1603 2884 1653 2929 et
1694 2874 1980 2944 (edi/ienuit

408 2966 663 3026 montem,
685 2973 732 3018 et
760 2963 1043 3033 appellavit
1074 2980 1263 3019 nomen
1290 2964 1403 3034 ejus
1430 2967 1644 3030 montis,
1671 2983 1825 3038 quem
1845 2967 1979 3021 tedi-

410 3057 683 3125 ﬁcarerat,
711 3056 775 3110 de
800 3058 1008 3110 nomine
1036 3054 1271 3111 Sentmer
1305 3059 1506 3113 domini
1541 3063 1754 3125 montis,
1800 3058 1979 3115 Seme-

410 3164 508 3201 ron
531 3145 601 3202 ".
629 3146 709 3201 Ex
743 3157 928 3201 monte
960 3148 1159 3204 civitas
1189 3149 1440 3204 Samaria
1476 3151 1619 3205 dicta
1649 3161 1754 3207 est.
1789 3152 1981 3205 Sama-

410 3241 488 3293 ria
523 3254 687 3309 porro
712 3249 816 3303 est,
852 3254 972 3305 quae
1020 3256 1162 3295 nunc
1212 3240 1439 3297 Sebaste
1466 3252 1710 3299 vocatur.
1753 3241 1832 3299 lbi
1862 3253 1982 3299 erat

410 3335 558 3402 regia
602 3333 789 3388 decem
822 3332 1084 3387 tribuum.
1123 3334 1194 3389 At
1233 3334 1425 3389 decem
1482 3336 1731 3391 tribubus
1777 3339 1831 3391 in
1888 3353 1981 3393 ca-

407 3423 708 3493 ptivitatem
764 3422 1031 3490 abductis,
1070 3434 1125 3481 et
1173 3434 1320 3481 terra
1355 3425 1445 3481 illa
1500 3425 1689 3483 effecta
1721 3429 1976 3496 deserta;

408 3515 654 3570 translati
698 3527 825 3571 sunt
865 3517 1086 3586 quidam
1133 3517 1200 3574 de
1253 3519 1611 3576 orientalibus
1644 3521 1887 3590 partibus
1924 3522 1978 3576 in

400 3618 468 3658 ea
500 3606 695 3676 oppida
722 3604 791 3661 ab
817 3607 1170 3677 Assyriorum
1227 3611 1465 3683 regibus.
1504 3611 1596 3667 Isti
1645 3627 1775 3683 ergo
1816 3625 1847 3666 a
1878 3610 1978 3666 Sa-

407 3699 578 3754 maria
612 3698 743 3754 dicti
773 3708 902 3754 sunt
940 3700 1244 3757 Samaritae.

2005 3100 2049 3159 C

478 3882 571 3938 His
602 3883 670 3937 de
701 3881 924 3937 Zamhri
978 3884 1235 3948 narratis,
1286 3885 1352 3938 ad
1401 3883 1592 3939 Judam
1646 3886 1884 3950 transiit,
1922 3896 1974 3940 et

404 3975 709 4030 admiratus
738 3983 823 4029 est
847 3974 1225 4044 Josaphatum.
1261 3974 1406 4029 Inter
1446 3976 1551 4028 alia
1585 3976 1782 4042 inquit,
1806 3977 1976 4046 ipsum

413 4068 601 4137 fecisse
637 4066 776 4136 quod
804 4075 1006 4120 rectum
1030 4076 1143 4120 erat
1176 4082 1353 4119 coram
1390 4066 1617 4121 Domino
1644 4067 1715 4121 ".
1745 4073 1977 4133 Questus

407 4168 592 4212 tamen
642 4165 727 4211 est
784 4158 851 4212 de
902 4171 987 4220 eo,
1021 4156 1168 4226 quod
1196 4172 1303 4211 non
1331 4157 1618 4213 abstulerit
1646 4160 1854 4213 cultum
1883 4160 1974 4227 qui

403 4250 461 4305 in
496 4249 632 4305 locis
661 4249 822 4305 editis
850 4251 1247 4314 exercebatur;
1277 4250 1407 4318 quin
1447 4259 1503 4305 et
1546 4250 1753 4305 Achabi
1799 4250 1976 4305 alIini-

406 4351 571 4398 tatem
595 4342 936 4412 amplexatus
961 4342 1057 4397 sit.
1089 4341 1217 4396 Haec
1250 4357 1413 4411 porro
1440 4342 1771 4399 luculentius
1810 4343 1975 4397 Parao

2098 488 2198 553 τὰς
2224 489 2451 561 βοτάνας
2486 490 2648 556 αὐτὸς
2691 494 2753 546 ἐκ
2792 493 2895 563 τῆς
2926 494 3029 565 γῆς
3081 492 3421 563 βλαστῆσαι
3457 500 3730 562 προσετα-

2100 578 2210 645 ξεν.
2244 582 2420 635 Ἴσασι
2448 582 2507 636 δὲ
2539 582 2687 653 ὅμως
2707 623 2723 647 ,
2753 583 2829 645 ὡς
2856 582 3008 635 οὐδὲν
3043 581 3233 653 ἰσχύει
3269 580 3390 635 τῶν
3442 581 3651 653 ἱατρῶν
3695 584 3728 653 ή

2097 672 2292 744 τέχνη,
2325 672 2399 745 μὴ
2427 673 2746 746 βουλομένου
2774 672 2909 727 Θεοῦ
2980 674 3118 727 ἀλλὰ
3165 672 3434 727 τοσαῦτα
3478 672 3727 735 δύναται,

2096 764 2196 818 ὅσα
2232 765 2394 829 αὐτὸς
2436 764 2702 836 βούλεται.
2750 764 2856 819 Τοῦ
2907 765 2966 819 δὲ
3009 764 3320 836 Ἰεροϐοὰμ
3363 765 3396 817 ὁ
3436 759 3600 828 οἶκος
3631 764 3730 834 τὴν

2096 857 2471 930 πανωλεθρίαν
2533 859 2791 930 ὑπέμεινε
2839 858 2977 912 κατὰ
3020 857 3119 930 τὴν
3170 857 3515 929 πρόρρησιν
3573 857 3729 926 Ἀχιᾶ

2094 946 2189 1001 τοῦ
2213 948 2530 1020 Σηλωνίτου.
2574 949 2858 1014 Ἐπὰταξε
2894 948 3025 1021 γάρ,
3057 948 3201 1019 φησὶ
3222 989 3239 1014 ,
3275 948 3516 1002 Βαασὰ
3541 947 3728 1013 ,Βασι-

2093 1039 2242 1108 λεὺς
2287 1040 2533 1109 Ἰσραὴλ
2565 1041 2712 1095 ὅλον
2739 1040 2846 1095 τὸν
2877 1036 3047 1094 οἷκον
3082 1039 3438 1108 ἰεροϐοὰμ,
3472 1038 3581 1092 καὶ
3611 1041 3728 1108 οὐκ

2092 1133 2450 1189 ὑπελείπετο
2489 1132 2696 1190 πᾶσαν
2733 1132 2932 1202 πνοὴν
2975 1133 3045 1187 ἐν
3084 1132 3165 1198 τῷ
3208 1129 3541 1201 Ἰεροϐοὰμ
3560 1173 3577 1197 ,
3610 1130 3727 1198 ἕως

2094 1224 2200 1281 τοῦ
2239 1224 2667 1295 ἐξολοορεῦσαι
2705 1226 2892 1281 αὐτὸν
2924 1223 3187 1291 πάντας,
3230 1224 3407 1277 κατὰ
3450 1222 3523 1276 τὸ
3555 1222 3727 1292 ῥῆμα

2092 1318 2312 1387 Κυρίου
2352 1316 2384 1372 ὃ
2422 1316 2724 1386 ἐλάλησεν
2761 1318 2832 1372 ἐν
2873 1316 3024 1386 χειρὶ
3067 1316 3173 1370 τοῦ
3222 1315 3484 1368 δούλου
3530 1313 3723 1368 αὐτοῦ

2107 1405 2263 1472 Ἆχιὰ
2284 1404 2390 1459 τοῦ
2413 1405 2775 1473 Σηλωνίτου.
2797 1403 2981 1458 Ταῦτα
3005 1403 3063 1457 δὲ
3083 1403 3179 1457 καὶ
3208 1401 3424 1456 Βαασὰ
3454 1401 3719 1455 πέπονθε.

2092 1497 2203 1569 Τὴν
2248 1497 2358 1567 γὰρ
2390 1496 2560 1568 αὐτὴν
2593 1498 2689 1550 καὶ
2722 1491 2873 1559 οὗτος
2905 1495 3160 1549 ἀσέϐειαν
3193 1494 3307 1549 καὶ⁵
3347 1493 3721 1568 παρανομίαν

2091 1589 2393 1660 ἠσπάσατο.
2428 1588 2540 1645 Καὶ
2583 1588 2716 1642 Ἠλὰ
2739 1588 2796 1641 δὲ
2829 1589 2857 1641 ὁ
2888 1587 3077 1641 τούτου
3110 1589 3247 1651 παῖς
3292 1587 3468 1658 παρὰ
3494 1585 3721 1657 Ζαμϐρὶ

2092 1682 2305 1750 ἐδέξατο
2327 1683 2424 1755 τήν
2457 1683 2690 1756 πληγήν.
2718 1675 2886 1746 Οὗτος
2915 1681 2972 1735 δὲ
3004 1680 3145 1735 κατὰ
3166 1681 3279 1752 τὴν
3316 1680 3720 1751 γεγενημένην

2020 1740 2065 1799 Β
2096 1740 2400 1847 πρύρῤησιν
2430 1740 2591 1829 πάλίᾀ
2626 1740 2638 1755 ⁸
2660 1774 2839 1828 πάντα
2864 1740 2982 1828 ’τὸν
3044 1772 3139 1828 τοῦ
3177 1740 3419 1827 Βαασὰ-
3475 1740 3716 1827 κατέλυ-

2096 1882 2190 1920 σεν
2232 1862 2399 1921 οἷκον.
2426 1865 2535 1921 Τοῦ
2591 1865 2649 1919 δὲ
2691 1864 2823 1920 λαοῦ
2873 1866 2964 1920 τὸν
2998 1865 3215 1938 Ζαμϐρὶ
3269 1868 3719 1937 χειροτονήσαν-

2092 1976 2184 2023 τος
2218 1958 2467 2030 βασιλέα,
2513 1958 2964 2031 πολιορκούμενος
2995 1961 3024 2012 ὁ
3053 1958 3278 2029 Ζαμϐρὶ
3311 1958 3415 2010 τὸν
3462 1953 3624 2011 οἷκον
3656 1957 3716 2009 ἐν

2159 2051 2344 2122 διῆγεν
2371 2050 2668 2122 ἐνέπρησε,
2694 2049 2788 2104 καὶ
2821 2050 2917 2103 σὺν
2949 2049 3143 2118 ἐκείνῳ
3174 2047 3422 2111 καυθεὶς
3458 2044 3714 2101 τετελεύ·

2091 2160 2248 2214 τηκε.
2282 2142 2654 2214 Διδασκόμεθα
2676 2142 2734 2197 δὲ
2765 2141 2851 2196 διὰ
2879 2141 3084 2198 τούτων
3113 2143 3304 2213 ἡμεῖς,
3328 2140 3415 2205 ὡς
3445 2141 3583 2205 τοὺς
3615 2157 3713 2193 πο-

2090 2235 2255 2306 νηρίᾳ
2286 2233 2562 2299 συζῶντας
2582 2235 2648 2288 δι’
2674 2233 2916 2305 ἀλλήλων
2947 2233 3262 2302 ὁΔεσπότης
3287 2231 3531 2297 κολάζει
3550 2231 3705 2295 Θεὸς,

2090 2326 2185 2379 καὶ
2220 2325 2300 2397 τῷ
2341 2325 2687 2399 πονηροτέρῳ
2724 2326 2816 2379 τὸν
2855 2326 3091 2397 πονηρὸν
3130 2324 3560 2397 παραδίδωσιν,
3594 2319 3707 2377 οἷόν

2090 2434 2199 2473 τισι
2231 2417 2445 2489 δημίοις
2475 2417 2812 2489 κεχρημένος
2838 2416 3040 2480 αὐτοῖς.

2171 2509 2388 2581 Ἐπειδὴ
2437 2508 2495 2562 δέ
2535 2524 2681 2571 τινες
2729 2505 2981 2578 ζητοῦσι,
3027 2505 3193 2559 πόθεν
3229 2505 3285 2559 οἱ
3339 2504 3701 2575 Σαμαρεῖται

2087 2599 2246 2673 τήνδε
2267 2599 2364 2672 τὴν
2395 2597 2760 2672 προσηγορίαν
2788 2601 3114 2671 ἐσχήκασιν,
3141 2598 3207 2650 ἐκ
3232 2597 3344 2669 τῆς
3385 2593 3702 2666 προκειμέ-

2088 2710 2185 2765 νης
2218 2691 2452 2764 ἱστορίας
2486 2691 2643 2745 τοῦτο
2677 2691 2866 2762 μαθεῖν
2894 2689 3138 2753 εὐπετές.
3180 2689 3540 2758 Ἐκτήσατο
3562 2685 3695 2758 γὰρ,

2088 2786 2241 2858 φησι,
2281 2784 2499 2856 Ζαμϐρὶ
2530 2784 2597 2839 τὸ
2644 2783 2781 2854 ὄρος
2813 2782 2878 2837 τὸ
2905 2781 3176 2851 Σεμέρων
3215 2783 3391 2850 παρὰ
3439 2779 3696 2850 Σεμμὴρ

2086 2876 2193 2931 τοῦ
2228 2877 2436 2944 κυρίου
2475 2875 2661 2931 αὐτοῦ
2703 2874 2813 2929 δύο
2842 2872 3154 2927 ταλάντων
3185 2872 3496 2942 ἀργυρίου
3520 2911 3537 2935 ,
3590 2870 3693 2924 καὶ

2084 2967 2429 3038 ᾠκοδόμησε
2460 2966 2526 3021 τὸ
2555 2966 2712 3035 ὄρος,
2754 2966 2853 3020 καί
2880 2964 3211 3019 ὲπεκάλεσε
3247 2964 3320 3018 τὸ
3353 2964 3557 3033 ὄνομα
3586 2963 3693 3015 αὑ-

2084 3059 2190 3114 τοῦ
2216 3059 2391 3129 ὄρους
2410 3055 2481 3115 οὗ
2500 3058 2905 3128 ᾠκοδόμησεν,
2928 3056 3028 3110 ἐπὶ
3057 3054 3138 3121 τῷ
3159 3056 3417 3124 ὀνόματι
3441 3053 3688 3124 Σεμμὴρ

2082 3149 2189 3205 τοῦ
2213 3150 2423 3219 κυρίου
2449 3148 2555 3203 τοῦ
2583 3150 2776 3218 ὅρους,
2807 3147 3096 3218 Σεμέρων.
3135 3147 3267 3200 Ἀπὸ
3290 3147 3354 3201 δὲ
3388 3146 3491 3199 τοῦ
3523 3146 3688 3216 ὅρους

2082 3246 2116 3317 ή
2148 3243 2300 3307 πόλις
2328 3242 2629 3315 Σαμάρεια.
2658 3240 2943 3312 Σαμάρεια
2974 3239 3031 3293 δέ
3064 3241 3210 3292 ἐστιν
3235 3239 3268 3309 ή
3292 3238 3398 3293 νῦν
3431 3235 3684 3305 Σεϐαστὴ

2081 3332 2617 3406 προσαγορευομένη.
2661 3331 2749 3384 Ἐν
2790 3332 2926 3401 αὐτῇ
2977 3329 3035 3382 δὲ
3074 3325 3144 3400 ἦν
3186 3328 3295 3382 τῶν
3345 3327 3570 3382 δώδεκα
3604 3324 3684 3397 (‘2)

2079 3425 2261 3496 φυλῶν
2288 3425 2358 3480 τὰ
2385 3423 2649 3496 βασίλεια.
2680 3420 3299 3495 Ἐξανδραποδισθεισῶν
3318 3421 3381 3475 δὲ
3407 3421 3524 3476 τῶν
3545 3419 3683 3474 δέκα

2079 3516 2259 3588 φυλῶν
2283 3556 2298 3582 ,
2332 3516 2427 3570 καὶ
2465 3516 2566 3587 τῆς
2601 3514 2707 3587 γῆς
2743 3514 2961 3586 ἐκείνης
3012 3515 3219 3586 ἐρήμου
3265 3513 3679 3585 γεγενημένης,

2082 3609 2417 3682 μετέστησάν
2441 3626 2594 3673 τινας
2623 3610 2688 3662 ἐκ
2711 3607 2820 3661 τῶν
2842 3605 2993 3678 ἐῴων
3021 3606 3204 3679 μερῶν
3224 3607 3306 3669 εἱς
3327 3607 3558 3671 ἐκείνας
3579 3605 3679 3666 τάς

2077 3702 2259 3767 πόλεις
2298 3701 2407 3757 τῶν
2450 3699 2748 3771 Ἀσσυρίων
2786 3701 2835 3753 οἱ
2874 3698 3129 3769 βασιλεῖς.
3164 3690 3326 3752 Οὗτοι
3359 3698 3421 3752 δὲ
3462 3700 3532 3752 ἐκ
3573 3695 3679 3766 τῆς

2076 3793 2387 3865 Σαμαρείας
2417 3792 2814 3865 ὠνομάσθησαν
2844 3793 3197 3864 Σαμαρεῖται.

2146 3882 2332 3938 Ταῦτα
2359 3883 2488 3954 περὶ
2512 3881 2607 3936 τοῦ
2654 3883 2871 3954 Ζαμϐρὶ
2902 3880 3139 3953 εἰρηκὼς
3163 3921 3178 3944 ,
3209 3880 3302 3934 ἐπὶ
3330 3881 3428 3935 τὸν
3467 3879 3677 3933 Ἰούδαν

2079 3954 2302 4046 μετέϐη,
2327 3975 2424 4028 καὶ¹
2453 3972 2616 4027 τεθαύ
2625 3990 2767 4043 μακε
2790 3974 2879 4026 τὸν
2915 3971 3200 4043 Ἰωσαφάτ.
3237 3973 3326 4024 Ἐν
3345 3975 3461 4035 τοῖς
3487 3969 3673 4031 ἄλλοις

2076 4065 2179 4137 ἔφη
2209 4065 2395 4119 αὐτὸν
2430 4065 2498 4119 τὸ
2522 4063 2695 4131 εὐοὲς
2717 4064 2973 4119 ἐνώπιον
2994 4064 3216 4132 Κυρίου
3244 4059 3670 4129 πεποιηκέναι.

2089 4156 2405 4228 Ἐμέμψατο
2430 4156 2487 4210 δὲ
2526 4157 2602 4221 ὡς
2628 4156 2726 4229 τὴν
2771 4158 2829 4211 ἐν
2857 4158 2973 4219 τοῖς
3018 4155 3240 4227 ὑψηλοῖς
3282 4154 3546 4225 λατρείαν
3592 4150 3667 4220 μὴ

2076 4249 2402 4316 παύσαντα,
2450 4247 2587 4305 ἀλλὰ
2632 4249 2727 4303 καὶ
2772 4247 2867 4301 τοῦ
2919 4246 3121 4317 Ἀχαάϐ
3164 4244 3263 4317 τὴν
3330 4244 3667 4315 συγγένειαν

2076 4337 2481 4409 ἀσπασάμενον.
2551 4337 2736 4392 Ταῦτα
2794 4338 2852 4392 δὲ
2907 4337 3236 4408 σαφέστερον
3292 4336 3403 4391 τῶν
3461 4339 3663 4401 Παρα-

405 4434 715 4505 lipomeuon
741 4433 879 4489 liber
903 4433 1135 4491 edocuit.
1176 4434 1343 4515 Cujus
1372 4435 1448 4491 rei
1483 4436 1658 4505 gratia
1694 4445 1751 4490 et
1770 4436 1863 4506 qui
1893 4436 1974 4490 hi—

2089 4429 2447 4501 λειπομένων
2477 4431 2512 4502 ή
2550 4429 2731 4501 βιϐλος
2768 4429 3024 4497 ἐδίδαξεν.
3065 4422 3143 4483 Oi:
3181 4427 3246 4499 δὴ
3291 4429 3457 4499 χάριν
3505 4426 3603 4481 καὶ
3634 4426 3663 4477 ὁ

402 4528 629 4583 storiam
662 4527 1009 4597 conscripsit,
1041 4530 1109 4585 ad
1144 4528 1293 4584 illuni
1327 4543 1429 4584 nos
1459 4528 1689 4585 remisit.

474 4706 693 4764 Tertius
723 4714 916 4777 regnat
939 4707 1112 4762 Baasa
1147 4707 1200 4763 in
1254 4708 1436 4764 Israel.
1466 4707 1643 4763 Nabat
1683 4708 1828 4764 enim
1863 4709 1974 4766 lilio

366 4796 369 4801 ’
400 4799 688 4857 Jcroboam
723 4809 990 4872 regnante
1019 4809 1145 4870 post
1175 4812 1407 4869 patrem,
1429 4803 1761 4858 interﬁcitur
1791 4804 1861 4859 ab
1882 4820 1969 4870 eo,

401 4902 458 4944 et
490 4891 604 4958 ipse
636 4907 864 4962 regnum
892 4891 1192 4959 usurpavit.
1215 4892 1372 4948 Cura:
1401 4908 1563 4961 porro
1589 4894 1691 4948 luit
1722 4894 1967 4950 historize

402 4980 612 5033 auctori
641 4980 890 5036 narranti
916 4996 979 5036 ea
1007 4995 1130 5050 quae
1157 4981 1211 5037 in
1246 4983 1353 5036 vita
1390 4982 1498 5036 Asa
1523 4984 1885 5051 obvenerant,
1912 4986 1966 5039 in

402 5071 640 5126 medium
686 5074 933 5142 proferre
981 5075 1167 5130 Baasa:
1217 5089 1524 5143 personam.
1579 5077 1658 5130 Ac
1707 5078 1968 5148 deinceps

401 5176 525 5217 cum
571 5164 871 5234 hyperbato
908 5168 1149 5236 procedit
1180 5166 1443 5221 narratio.
1477 5166 1531 5222 in
1575 5168 1727 5223 libris
1763 5168 1969 5241 Regum

400 5270 509 5312 non
540 5256 769 5313 all'ertur
794 5259 1100 5317 Jeroboami
1133 5274 1315 5324 mors,
1362 5260 1458 5315 sed
1489 5260 1542 5314 in
1585 5264 1826 5319 secundo
1865 5266 1967 5319 Pa-

401 5349 771 5419 ralipomenon
797 5351 1049 5416 habetur,
1079 5350 1225 5422 quod
1257 5361 1560 5416 persecutus
1589 5362 1669 5406 est
1692 5355 1827 5407 Abia
1848 5365 1967 5425 post

400 5438 707 5510 Jeroboam,
758 5453 807 5498 et
852 5447 1123 5513 prwriputt
1179 5444 1245 5497 ab
1302 5441 1395 5495 illo
1443 5444 1677 5499 civitates
1730 5446 1865 5499 hanc
1916 5459 1965 5501 et

2080 4525 2180 4597 τὴν
2213 4524 2451 4596 ἱστορίαν
2485 4522 2882 4596 συγγεγραφὼς
2926 4524 3006 4585 εἱς
3042 4520 3258 4592 ἐκείνην
3294 4522 3443 4592 ἡμᾶς
3483 4515 3661 4590 παρέ-

2081 4617 2315 4688 πέμψεν.

2150 4660 2151 4665 η
2267 4636 2315 4671 ν,

2150 4636 2446 4781 ἓῒετρίτος
2481 4708 2582 4780 μὲν
2611 4706 2883 4779 βασιλεύει
2931 4704 3119 4775 Βαασὰ
3146 4705 3238 4757 ἐπὶ
3277 4703 3517 4776 Ἰσραήλ.
3547 4701 3655 4754 Τοῦ

2079 4806 2187 4878 γὰρ
2226 4803 2414 4859 Ναϐὰτ
2444 4802 2562 4856 υἱοῦ
2602 4800 2880 4874 Ἱεροϐοὰμ
2920 4798 3332 4869 βασιλεύσαντος
3376 4796 3516 4868 μετὰ
3566 4794 3657 4847 τὸν

2079 4895 2292 4969 πατέρα
2314 4935 2330 4960 ,
2366 4894 2741 4948 ἀποκτείνεται
2771 4892 2862 4945 ὑπ’
2908 4889 3071 4945 αὐτοῦ
3091 4906 3106 4920 “
3142 4889 3303 4951 αὐτὸς
3328 4890 3387 4943 δὲ
3418 4889 3519 4960 τὴν
3552 4886 3650 4959 βα-

2080 4988 2282 5043 σιλείαν
2314 4987 2655 5059 ὑφήρπασεν.
2695 4982 3027 5038 Ἑσπούδασε
3064 4981 3123 5036 δὲ
3160 4983 3190 5035 ὁ
3239 4979 3651 5053 ἱστοριογράφος

2075 5078 2146 5133 τὰ
2181 5081 2240 5132 ἐν
2268 5080 2334 5149 τῇ
2366 5076 2479 5149 ζωῇ
2520 5077 2614 5130 τοῦ
2660 5074 2791 5129 Ἀσὰ
2835 5074 3133 5144 γιγνόμενα
3179 5074 3378 5143 λέγων,
3422 5088 3649 5144 παρεισ-

2076 5174 2316 5241 ενεγκεῖν
2338 5170 2431 5224 τοῦ
2449 5167 2633 5223 Βαασὰ
2656 5165 2961 5239 πρόσωπον.
2986 5166 3095 5221 Καὶ
3123 5166 3308 5220 λοιπὸν
3344 5166 3461 5235 μεθ’
3489 5164 3651 5231 ὑπερ,

2077 5264 2242 5318 ϐατοῦ
2273 5262 2494 5332 γέγονεν
2526 5262 2560 5332 ή
2601 5257 2878 5329 ἐξήγησις.
2910 5258 2998 5312 Ἐν
3028 5260 3146 5321 ταῖς
3172 5255 3514 5320 Βασιλείαις
3550 5251 3647 5321 μὲν

2074 5356 2175 5409 οὐκ
2219 5353 2514 5424 ἐμφέρεται
2555 5351 2584 5402 ὁ
2632 5347 2859 5411 θάνατος
2900 5348 2995 5402 τοῦ
3038 5345 3349 5419 Ἱεροϐοάμ⁶
3395 5345 3453 5397 ἐν
3480 5342 3537 5395 δὲ
3577 5342 3641 5410 τῇ

2072 5446 2299 5517 δευτέρᾳ
2330 5444 2435 5500 τῶν
2462 5441 2998 5511 Παραλειπομένων
3027 5437 3367 5511 περιέχεται,
3399 5437 3483 5491 ὅτι
3513 5450 3645 5488 κατ-

471 5579 516 5610 ⁸⁶
549 5579 612 5633 Ill
639 5579 774 5647 Reg.
801 5595 890 5648 av,
921 5580 1011 5636 29.
1086 5581 1126 5613 ⁸⁷
1151 5582 1367 5652 lllllcg.
1393 5575 1603 5651 μοιβ-ί.
1634 5583 1677 5616 ³⁵
1727 5584 1768 5641 ll
1804 5585 1979 5643 Paral.
2019 5603 2111 5646 xx.

472 5717 551 5787 (ε)
582 5715 741 5769 Δίκα.

2154 5718 2229 5791 (3)
2268 5716 2389 5775 llaec
2418 5729 2707 5790 sequentes
2738 5735 2923 5777 versus
2947 5716 3259 5791 respiciunt.
