4012 6340
608 351 678 406 59
1511 345 2072 406 SUPPLEMENTUM
2113 347 2206 402 AD
2239 346 2566 406 ORIGENIS
2601 343 3014 403 EXEGETICA.
3764 345 3818 398 60

609 485 728 523 rens
776 469 1033 540 deglutire
1058 468 1281 541 aliquem
1303 469 1370 526 ".
1404 467 1566 524 Venit
1614 485 1747 541 ergo
1787 478 1843 527 et
1875 470 2021 526 circa
2059 469 2159 526 Job

2286 485 2399 534 ται,
2433 468 2621 536 ζητῶν
2658 469 2965 522 καταπιεῖν
3012 483 3164 520 τινα.
3225 459 3433 517 Ἦλθεν
3473 457 3564 516 οὖν
3605 463 3692 517 καὶ
3722 468 3824 536 περὶ

608 560 797 616 volens
823 562 1014 616 eadem
1040 560 1239 616 facere.
1272 560 1462 616 Postea
1492 571 1714 633 accepta
1753 561 2034 630 facultate,
2065 562 2182 618 haec

607 652 757 708 fecit.
795 653 901 708 Sed
924 657 1050 723 quia
1071 655 1252 708 omnia
1279 653 1702 710 circummunita
1724 663 1880 711 erant
1912 657 2014 727 (sic
2036 655 2180 710 enim

608 741 875 808 reputavit
920 757 989 795 ex
1033 755 1100 795 eo
1152 742 1298 810 quod
1331 743 1638 813 prohibitus
1671 744 1831 813 fuit);
1868 760 1990 800 cum
2021 745 2181 801 vellet

606 831 873 899 perlicere
904 849 966 888 ea
990 848 1110 903 quae
1139 834 1207 889 de
1230 831 1370 893 ano
1395 849 1575 904 erant,
1599 837 1775 908 inquit
1798 857 1812 894 :
1842 837 1921 894 Tu
1955 839 2181 893 circum-

605 923 821 976 munisti
854 923 1106 977 interiora
1133 922 1250 992 ejus
1282 937 1330 980 et
1364 930 1630 982 exteriora
1663 928 1777 998 ejus
1809 929 1874 983 ⁸⁸.
1915 928 2180 986 Uuiverse

606 1009 788 1079 igitur,
814 1024 1086 1080 quatenus
1115 1033 1222 1074 non
1252 1018 1489 1074 traditur
1516 1017 1832 1086 diabolo,tu
1861 1018 2178 1074 circummu-

603 1101 748 1156 nisti.

601 1193 665 1251 V.
704 1195 789 1250 l8.
825 1197 1015 1267 Adhuc
1049 1200 1148 1252 isto
1177 1199 1438 1267 loquente.
1477 1202 1615 1257 alius
1647 1204 1865 1258 nuntius
1893 1203 2060 1262 adest.
2089 1204 2174 1258 di-

666 1266 943 1340 censlobo
966 1284 984 1320 :
1022 1267 1178 1322 Filiis
1205 1273 1313 1324 tuis
1347 1282 1394 1325 et
1417 1273 1630 1340 ﬁliabus
1652 1275 1760 1327 tuis
1787 1275 2174 1329 comedentibus

667 1347 714 1390 et
749 1338 1065 1406 bibentibus,
1089 1341 1231 1409 apud
1255 1338 1479 1411 fratrem
1505 1360 1660 1397 suum
1681 1345 1982 1409 seniorem;

595 1521 661 1576 γ.
701 1522 789 1577 l9.
820 1521 1043 1588 Repente
1077 1534 1258 1579 ventus
1292 1543 1511 1594 magnus
1545 1526 1839 1592 supervenit
1885 1542 1912 1578 e
1945 1527 2165 1589 deserto,

664 1605 712 1645 et
753 1594 920 1651 tetigit
953 1604 1181 1663 quatuor
1219 1596 1440 1663 angulos
1469 1597 1677 1659 domus,
1711 1607 1756 1646 et
1777 1596 1959 1648 cecidit
1985 1595 2170 1648 domus

665 1679 825 1729 super
849 1663 1044 1731 ﬁliolus
1075 1677 1212 1722 mos.
1236 1676 1282 1718 et
1314 1667 1505 1718 mortui
1531 1676 1672 1720 sunt.
1701 1663 1862 1720 Evasi
1883 1677 2054 1720 autem
2075 1681 2169 1735 ego

666 1737 832 1797 solus,
859 1747 904 1788 et
928 1735 1044 1788 veni
1069 1745 1125 1788 ut
1155 1737 1508 1790 renuntiarem
1545 1736 1663 1790 tibi.

668 1895 922 1950 Camelos
949 1910 1070 1951 esse
1113 1895 1242 1950 fecit
1287 1895 1338 1950 in
1371 1906 1637 1966 potestate
1677 1897 1945 1967 equitum,
1987 1898 2170 1954 asinos

592 1999 648 2042 et
667 1988 796 2057 luga
848 1989 1011 2042 boum
1067 1989 1120 2042 in
1151 1998 1424 2057 potestate
1456 1990 1887 2060 captivantium,
1931 2007 2062 2047 oves
2107 2007 2168 2046 o-

598 2081 693 2134 dio
732 2079 946 2136 habuit.
992 2079 1282 2150 Pr0pterea
1331 2081 1506 2151 ignem
1548 2096 1713 2150 super
1747 2081 1895 2151 ipsas
1920 2081 2163 2136 deduxit.

591 2171 732 2238 Quin
765 2174 931 2228 etiam
960 2172 1148 2229 liberis
1194 2174 1422 2229 insidias
1467 2175 1688 2238 struxit,
1715 2183 1925 2243 tempus
1956 2189 2168 2243 quazre-

591 2265 683 2317 bat
726 2279 822 2321 eos
870 2264 1150 2333 perdendi.
1203 2266 1260 2321 Si
1298 2267 1601 2321 invenisset
1636 2265 1904 2336 legentes.
1946 2266 2164 2320 domum

591 2357 781 2424 utique
828 2371 934 2410 non
976 2357 1262 2427 tetigisset,
1311 2372 1490 2418 nenue
1533 2357 1710 2412 locum
1738 2357 2015 2412 habuisset
2045 2356 2166 2411 illos

585 2449 970 2505 interﬁciendi.
1001 2449 1058 2504 Si
1105 2449 1405 2504 invenisset
1432 2449 1667 2505 orationi
1708 2457 1965 2504 vacantes
1985 2488 2000 2514 ,
2028 2447 2164 2503 nihil

584 2541 856 2610 potuisset
886 2549 1076 2594 contra
1112 2554 1208 2594 eos
1235 2539 1435 2594 facere.
1476 2539 1584 2594 Sed
1625 2540 1752 2608 quia
1781 2542 2163 2609 opportunita-

585 2641 695 2686 tem
751 2631 978 2699 reperit,
1033 2630 1335 2700 praevaluit.
1365 2630 1687 2700 Cujusmodi
1733 2631 1900 2702 igitur
1947 2640 2162 2697 tempus

582 2726 741 2779 erat?
791 2723 1040 2779 Ebrietas
1067 2734 1208 2790 erat,
1259 2725 1567 2779 convivium
1609 2735 1750 2778 erat.
1784 2724 1937 2792 Quod
1961 2709 2165 2780 ventus

587 2815 820 2884 angulos
858 2814 1050 2869 domus
1095 2815 1367 2885 tetigerit;
1397 2815 1536 2871 scito
1567 2817 1712 2886 quod
1752 2816 1804 2871 in
1835 2816 2158 2886 angulorum

584 2905 777 2976 plateis
828 2906 1125 2978 hypocrita:
1159 2914 1370 2963 stantes
1421 2916 1600 2964 orant.
1656 2908 1982 2979 Quicunque
2027 2922 2159 2962 vero

585 3015 692 3052 non
718 3007 800 3052 est
829 2997 1104 3068 ingressus
1124 3009 1330 3054 rectam
1356 3003 1525 3064 viam,
1549 3001 1761 3070 angulis
1776 3000 1966 3055 utitur.
1991 2999 2156 3054 Latus

580 3099 760 3144 autem
792 3090 1042 3163 angulus,
1069 3099 1153 3147 est
1182 3090 1352 3146 multa
1389 3107 1454 3149 ac
1486 3093 1749 3149 dissoluta
1773 3093 2116 3165 improbitas.

1243 3273 1400 3330 CAP.
1442 3273 1507 3328 ll.

641 3365 698 3421 V.
731 3369 787 3422 2.
829 3366 897 3422 Et
929 3366 1064 3422 dixit
1091 3366 1346 3423 Dominus
1371 3367 1586 3422 diabolo
1618 3384 1636 3422 :
1667 3366 1818 3422 Unde
1841 3378 1897 3422 tu
1922 3369 2064 3423 venis
2082 3369 2112 3424 τ

650 3521 1021 3592 Prospiciebat
1057 3525 1218 3589 Deus,
1253 3534 1314 3580 ut
1341 3525 1604 3582 confusus
1625 3525 2019 3595 deiatigaretur
2049 3526 2152 3582 Sa-

581 3624 755 3669 tanas.
779 3614 1012 3682 Quando
1042 3626 1220 3673 autem
1246 3619 1591 3689 interrogans
1609 3618 1756 3673 novit
1785 3619 2151 3675 insensibiles]

575 3721 722 3772 csse,
774 3715 903 3763 tunc
949 3709 1391 3766 maleiacientem
1456 3709 1661 3782 arguit,
1713 3710 1858 3767 sicut
1898 3719 2155 3783 arguerat

576 3795 830 3850 Caiuum.

581 3886 645 3941 ν.
679 3889 734 3943 9.
770 3887 1022 3960 Tempore
1050 3899 1226 3942 autem
1250 3891 1582 3960 procedente,
1613 3895 1747 3950 dixit
1774 3898 1826 3952 ei
1853 3913 1990 3952 uxor
2014 3897 2150 3962 ejus.

646 4043 783 4100 Vide
824 4045 1111 4101 malitiam.
1137 4048 1270 4102 Cum
1297 4049 1524 4102 multum
1557 4058 1772 4118 tempus
1795 4053 2150 4119 praeterisset,

579 4148 707 4195 tunc
747 4139 975 4208 impetit.
995 4139 1148 4195 Tunc
1170 4142 1316 4194 enim
1345 4141 1580 4196 maxime
1602 4141 1800 4195 virtute
1825 4143 2150 4204 inﬁrmatur.

580 4229 696 4283 Duo
724 4239 882 4284 erant
907 4245 1026 4300 quae
1050 4231 1406 4286 inﬁrmiorem
1439 4231 1687 4286 iacerent
1714 4250 1727 4286 :
1765 4242 1876 4288 tum
1907 4236 2032 4304 quia
2072 4237 2150 4292 fe-

583 4321 751 4378 rendo
781 4322 1088 4394 languidior
1116 4323 1448 4378 reddebatur
1474 4323 1833 4380 diuturnitate
1871 4329 2150 4397 temporis,

577 4422 692 4466 tum
713 4412 836 4481 quia
855 4414 1027 4481 magis
1050 4414 1415 4486 despondebat
1437 4413 1697 4470 animum.
1720 4413 1788 4469 Et
1810 4415 1968 4484 paulo
1990 4428 2106 4485 post
2129 4433 2149 4472 :

2279 561 2375 617 τὸν
2434 561 2575 628 Ἰὼϐ,
2634 561 2954 633 βουλόμενος
3000 558 3068 612 τὰ
3116 557 3257 611 αὐτὰ
3312 556 3557 626 ποιῆσαι.
3596 556 3825 625 Ὕστερον

2280 653 2459 708 λαϐὼν
2487 654 2757 720 ἐξουσίαν,
2788 652 2962 708 ταῦτα
2989 651 3275 722 πεποίηκε.
3313 649 3426 702 Καὶ
3458 648 3540 701 ὅτι
3563 648 3725 702 πάντα
3753 667 3829 702 πε-

2283 745 2702 816 ριπεφραγμένοι
2723 739 2812 816 ἦν,
2846 744 2941 797 καὶ
2975 741 3149 797 ταῦτα
3179 741 3385 811 νοήσας
3411 741 3476 792 ὲκ
3506 739 3598 791 τοῦ
3627 739 3833 791 κεκωλύ-

2282 835 2425 890 σθαι·
2465 836 2788 907 βουλόμενος
2816 837 2990 888 ποιεῖν
3019 833 3088 886 τὰ
3125 831 3258 904 περὶ
3285 829 3382 884 τοῦ
3430 828 3571 894 Ἰὼϐ,
3602 825 3728 882 εἷπε·
3764 833 3832 884 Σὺ

2277 927 2674 997 περιέφραξας
2697 928 2770 981 τὰ
2787 926 2910 981 ἔσω
2935 923 3123 980 αὐτοῦ
3147 923 3248 977 καὶ
3264 921 3340 976 τὰ
3363 921 3481 986 ἔξω
3498 922 3696 976 αὑτοῦ.
3721 923 3832 975 Πάν-

2275 1035 2347 1072 τα
2387 1015 2480 1073 οὖν
2529 1019 2618 1089 ἐφ’
2653 1019 2778 1073 ὅσον
2816 1018 2878 1072 οὐ
2927 1016 3124 1071 δίδοται
3155 1014 3235 1086 τῷ
3280 1013 3535 1085 διαϐόλῳ,
3561 1013 3640 1069 σὺ
3665 1018 3829 1084 περιέ-

2276 1201 2377 1276 Στ.
2390 1208 2480 1276 ιη’.
2510 1203 2643 1276 "Erg
2651 1200 3242 1276 τοῄτρυλέιλοῦντος,
3269 1197 3468 1276 ἄλλος
3483 1195 3722 1276 ἄπεδος
3735 1195 3750 1266 (
3761 1196 3829 1276 Ill)

2570 1271 2652 1338 τῷ
2687 1271 2824 1326 Ἰὡϐο
2867 1271 2990 1326 Τῶν
3018 1268 3163 1342 υἱῶν
3190 1285 3311 1342 σου
3345 1268 3448 1321 καὶ
3477 1268 3593 1342 τῶν
3615 1269 3828 1342 θῃπατέ-

2334 1335 2463 1408 ρων
2477 1358 2594 1396 σου
2614 1335 2940 1396 ἐσθιόντων
2963 1340 3061 1393 καὶ
3087 1340 3413 1407 πινόντων,
3427 1338 3587 1406 παρὰ
3602 1335 3675 1402 τῷ
3688 1336 3830 1390 ἀδελ-

2341 1411 2435 1480 φῷ
2463 1411 2664 1467 αὐτῶν
2682 1410 2763 1478 τῷ
2785 1409 3184 1480 πρεσϐυτέρῳ,

2272 1503 2364 1583 Στἶ
2400 1503 2484 1583 ιϐ’.
2545 1504 2864 1583 TEd-5.97:1};
2896 1501 3133 1583 πνεῦμα
3163 1500 3328 1583 μέγα,
3357 1497 3626 1568 ἐπῆλθεν
3648 1497 3715 1576 ἐκ
3739 1496 3830 1576 τῆς

2339 1572 2586 1642 ἐρήμου,
2618 1569 2723 1629 καῖ
2766 1569 2966 1642 ἥψατο
2993 1569 3112 1626 τῶν
3135 1569 3458 1642 τεσσάρων
3497 1569 3714 1642 ’γωνιῶν
3741 1569 3823 1634 τῆς

2341 1638 2558 1710 οἰκίας,
2591 1646 2690 1698 καὶ
2720 1638 2943 1699 ἔπεσεν
2977 1643 3015 1708 ἡ
3057 1644 3214 1695 οἰκία
3230 1638 3344 1694 ἐπί·
3364 1641 3440 1694 τὰ
3468 1638 3671 1710 παιδία
3713 1655 3827 1710 σου,

2335 1715 2435 1782 καὶ
2485 1709 2907 1782 ἐτελεύτησαν.
2955 1713 3221 1779 Ἐσώθην
3250 1710 3321 1764 δὲ
3351 1710 3469 1781 ἐγὼ
3498 1709 3700 1780 μόνος,
3746 1709 3826 1761 καὶ

2197 1829 2240 1886 Β
2275 1792 2282 1803 ‘
2338 1781 2530 1856 ἦλθον
2559 1785 2666 1840 τοῦ
2698 1781 3055 1854 ἀπαγγεῖλαι
3069 1797 3188 1836 σοι.

2340 1875 2454 1947 (ll)
2485 1877 2596 1939 Τὰς
2621 1875 2720 1948 μὲν
2750 1871 2842 1930 οὖν
2874 1873 3150 1946 καμήλους
3171 1872 3444 1942 πεποίηκε
3473 1868 3717 1938 γενέσθαι
3742 1867 3830 1919 ὑπὸ

2267 1966 2395 2030 τοὺς
2424 1967 2633 2029 ἱππεῖς,
2664 1967 2792 2030 τοὺς
2838 1965 2992 2028 ὅνους
3014 1963 3070 2016 δὲ
3103 1963 3199 2016 καὶ
3244 1962 3317 2016 τὰ
3364 1960 3534 2031 ζεύγη
3577 1959 3680 2012 τῶν
3710 1958 3827 2028 βοῶν

2268 2059 2374 2112 ὑπὸ
2424 2058 2551 2122 τοὺς
2593 2056 3105 2128 αίχμαλωτίζοντας·
3142 2054 3210 2109 τὰ
3259 2054 3517 2126 πρόϐατα
3562 2053 3618 2106 δὲ
3650 2051 3823 2122 ἐμίσει.

2265 2149 2364 2203 Διὰ
2391 2149 2551 2203 τοῦτο
2583 2149 2696 2224 πῦρ
2731 2152 2815 2202 ἐπ’
2845 2149 2986 2204 αὐτὰ
3031 2149 3370 2220 κατήγαγεν.
3417 2145 3576 2200 Ἀλλὰ
3619 2145 3706 2199 καὶ
3733 2145 3825 2206 τοῖς

2266 2244 2404 2306 υἱοῖς
2431 2241 2814 2304 ἐπεϐούλευσε,
2847 2240 3036 2313 καιρὸν
3069 2241 3249 2312 ἐζήτει
3284 2239 3383 2294 τοῦ
3428 2237 3626 2300 αὐτοὺς
3656 2235 3824 2290 ἁπολέ-

2267 2351 2379 2388 σαι.
2419 2335 2483 2388 Εί
2514 2334 2737 2406 εὑρήκει
2771 2331 3259 2402 ἀναγινώσκοντας,
3295 2332 3401 2387 οὐκ
3441 2332 3507 2386 ἂν
3539 2330 3706 2416 ἥψατο
3740 2327 3823 2395 τῆς

2263 2423 2463 2490 οἰκίας,
2512 2423 2634 2477 οὐδὲ
2681 2423 2846 2478 τόπον
2883 2417 2997 2494 εἶχε
3035 2421 3129 2475 τοῦ
3168 2421 3369 2486 αὐτοὺς
3408 2421 3735 2474 ἀποκτεῖναι.
3774 2416 3824 2468 El

2261 2516 2488 2587 εὑρήκει
2522 2514 3009 2586 προσευχομένους,
3044 2511 3196 2566 οὐδὲν
3225 2511 3463 2582 ἠδύνατο
3492 2510 3704 2580 ποιῆσαι
3723 2505 3823 2560 κατ’

2261 2608 2461 2663 αὐτῶν.
2503 2608 2642 2661 Ἀλλ’
2665 2609 2752 2662 ὅτε
2777 2607 2887 2678 (12)
2922 2600 3078 2678 εὗρεν
3112 2605 3422 2676 εὐκαιρίαν,
3454 2603 3655 2674 ἴσχυσε.
3689 2601 3822 2660 Ποῖος

2259 2697 2353 2755 οὖν
2381 2701 2410 2754 ὸ
2453 2700 2676 2772 καιρὸς;
2718 2699 2874 2770 Μέθη
2903 2693 2994 2769 ἦν,
3032 2696 3336 2768 συμπόσιον
3372 2691 3462 2769 ἦν.
3491 2695 3583 2760 Τὸ,
3611 2692 3710 2746 τῶν
3733 2707 3822 2758 γω-

2258 2791 2388 2848 νιῶν
2425 2792 2523 2863 τῆς
2555 2790 2734 2855 οἰκίας
2766 2788 3007 2860 ἅψασθαι
3038 2787 3100 2842 τὸ
3138 2788 3382 2860 πνεῦμα,
3418 2788 3724 2856 ἐπίστησον,
3751 2781 3822 2833 ὅτι

2258 2886 2318 2940 ὲν
2347 2886 2468 2948 ταῖς
2497 2883 2604 2936 τῶν
2635 2881 2844 2951 γωνιῶν
2879 2882 3158 2946 πλατείαις
3186 2884 3235 2935 οἱ
3279 2879 3575 2951 ὑποκριταὶ
3611 2874 3819 2934 ἑστῶτες

2258 2975 2673 3049 προσεύχονται·
2705 2977 2813 3038 πᾶς
2841 2976 2898 3029 δὲ
2937 2977 2967 3029 ό
2993 2975 3066 3046 μὴ
3087 2973 3438 3044 ἐπιϐεϐηκὼς
3465 2969 3672 3032 εὐθείας
3697 2963 3819 3026 ὁδοῦ,

2255 3071 2380 3132 ταῖς
2411 3068 2634 3137 γωνίαις
2667 3067 2952 3140 κέχρηται.
3007 3067 3241 3120 Πλατεῖα
3280 3065 3340 3119 δὲ
3385 3064 3556 3136 γωνία
3596 3063 3626 3133 ἡ
3673 3053 3818 3124 πολλὴ

2181 3161 2226 3224 C
2257 3160 2352 3214 καὶ
2372 3159 2630 3230 ἀνειμένη
2651 3159 2838 3214 κακία.

2920 3251 3076 3305 ΚΕΦ.
3109 3251 3186 3303 B'.

2256 3342 2373 3417 (l5)
2402 3342 2548 3415 Στίχ.
2583 3341 2648 3414 β’.
2683 3341 2792 3397 Kal
2821 3338 2993 3417 εἶπεν
3016 3345 3060 3417 ’ὁ
3087 3341 3300 3417 ζίύριος
3329 3339 3414 3406 τῷ
3441 3336 3705 3400 διαϐόλῳο
3727 3331 3820 3385 Πό-

2825 3414 2930 3465 θεν
2960 3411 3042 3465 σὺ
3086 3412 3273 3480 ἐρχῃ;

2338 3501 2516 3579 Ἐὡρα
2539 3506 2568 3558 ὁ
2588 3505 2740 3570 Θεὸς,
2763 3504 2912 3569 ὅπως
2943 3503 3254 3576 αἰσχυνθεὶς
3287 3503 3586 3557 διεπονεῖτο
3609 3500 3636 3552 ὁ
3665 3497 3814 3549 Σατα-

2253 3601 2370 3665 νᾶς.
2414 3601 2580 3655 Ὅταν
2625 3599 2681 3654 δὲ
2737 3598 3030 3670 ἐπερωτῶν
3076 3597 3162 3670 ίδῃ
3220 3595 3659 3668 ἀγνωμονοῦντα,
3711 3587 3815 3641 τότε

2253 3693 2466 3764 ἐλέγχει
2499 3691 2932 3763 κακουργοῦντα,
2961 3690 3038 3754 ὡς
3063 3689 3257 3762 ῆλεγξε
3280 3689 3372 3743 τὸν
3394 3689 3554 3745 Κάῖν.

2255 3870 2364 3945 (14)
2385 3874 2477 3930 Στ.
2506 3873 2570 3928 θ’.
2601 3872 2830 3942 Χρόνου
2856 3871 2925 3926 δὲ
2945 3872 3400 3945 προϐεϐηκότος,
3431 3867 3600 3928 εἶπεν
3626 3862 3821 3931 αὐτῷή

2858 3943 3014 4014 γυνὴ
3030 3943 3236 3997 αὐτοῦ.

2326 4034 2468 4104 Ὅρα
2483 4033 2544 4087 τὸ
2557 4032 2885 4104 κακοῦργον.
2924 4034 3052 4088 Ὅτε
3081 4032 3248 4096 πολὺς
3269 4032 3454 4104 διῆλθε
3483 4032 3689 4106 χρόνος,
3709 4025 3816 4080 τότε

2253 4123 2573 4178 ἐπιτίθεταιο
2603 4124 2724 4178 τότε
2765 4123 2876 4195 γὰρ
2911 4123 3146 4194 μάλιστα
3175 4123 3276 4195 τῆς
3296 4123 3582 4196 δυνάμεως
3615 4115 3819 4186 ἐξασθε-

2252 4217 2352 4269 νεῖ.
2395 4215 2572 4269 Διπλᾶ
2603 4215 2675 4270 τὰ
2705 4217 2805 4287 τῆς
2851 4214 3135 4280 ἀσθενείας
3170 4211 3260 4287 ἦν,
3301 4213 3380 4286 τῷ
3406 4233 3470 4269 τε
3494 4215 3584 4269 τὸν
3606 4213 3818 4283 φέροντα

2255 4304 2645 4378 ἀσθενέστερον
2669 4305 2921 4375 γενέσθαι
2947 4305 3026 4377 τῷ
3061 4305 3338 4378 μήκειτοῦ
3373 4307 3590 4378 χρόνου,
3627 4303 3715 4358 καὶ
3751 4297 3819 4368 τῷ

2252 4395 2350 4466 τὴν
2393 4395 2584 4450 ἐλπίδα
2627 4394 3050 4466 ἀπογνωσθῆναι
3079 4397 3298 4468 μᾶλλον.
3337 4397 3453 4451 Καὶ
3477 4399 3606 4468 μετ’
3636 4393 3814 4460 ὀλίγα

579 4505 657 4558 Ne
691 4504 855 4575 igitur
892 4507 1239 4560 attendamus
1264 4484 1392 4576 quia
1415 4521 1554 4561 uxor
1582 4517 1721 4570 erat.
1749 4509 1842 4564 sed
1867 4510 1993 4580 quid
2016 4524 2148 4565 con-

2262 4487 2343 4557 Μὴ
2380 4486 2560 4541 τοίνυν
2587 4487 2744 4542 τοῦτο
2781 4488 3002 4559 ῐδωμεν,
3031 4489 3112 4542 ὅτι
3140 4487 3299 4560 γυνὴ,
3333 4488 3473 4544 ἀλλὰ
3512 4489 3565 4543 τί
3599 4484 3820 4580 συμϐου-

574 4597 738 4652 sulat.
771 4596 885 4653 Hoc
936 4605 991 4652 et
1029 4608 1227 4654 nostra:
1257 4599 1433 4654 aetatis
1463 4599 1773 4656 hominibus
1808 4617 2029 4668 moneo,
2076 4617 2144 4658 ne

571 4690 640 4744 ad
664 4705 1017 4760 personarum
1045 4689 1336 4762 dignitates
1367 4691 1686 4762 respiciant,
1715 4694 1806 4749 sed
1840 4694 1906 4748 ad
1928 4695 2146 4752 consilii

573 4782 816 4838 modum.
853 4781 999 4838 Uxor
1025 4791 1129 4850 est,
1166 4791 1225 4838 ut
1254 4782 1498 4854 adjuvet,
1523 4801 1630 4841 non
1668 4795 1726 4841 ut
1750 4787 2077 4857 supplantct.

660 4948 726 5003 V.
757 4947 813 5004 9.
849 4945 998 5003 Dixit
1027 4949 1077 5004 ei
1105 4964 1240 5004 uxor
1269 4948 1387 5020 ejus
1412 4965 1434 5004 :
1467 4949 1718 5016 Quandiu
1742 4951 2024 5006 sustinebis
2046 4951 2073 5006 7

640 5101 892 5158 Omnium
918 5105 1341 5174 praecedentium
1381 5108 1758 5164 machinarum
1787 5108 2136 5164 fortissimam

2250 4578 2414 4633 λεύει.
2460 4580 2630 4634 Τοῦτο
2673 4581 2769 4634 καὶ
2811 4584 2926 4646 τοῖς
2951 4580 3050 4635 νῦν
3081 4580 3393 4654 ἀνθρώποις
3439 4579 3704 4655 παραινῶ,
3748 4572 3816 4644 μὴ

2247 4671 2385 4741 πρὸς
2407 4670 2477 4724 τὰ
2496 4671 2603 4724 τῶν
2628 4671 2934 4743 προσώπων
2959 4672 3246 4744 ἀξιώματα
3265 4673 3503 4744 βλέπειν,
3527 4671 3660 4728 ἀλλὰ
3693 4665 3818 4738 πρὸς

2245 4763 2337 4816 τὸν
2369 4764 2569 4835 τρόπον
2614 4765 2713 4835 τῆς
2764 4765 3095 4836 συμϐουλῆς.
3135 4766 3276 4838 Γυνή
3323 4767 3472 4820 ἐστιν
3511 4767 3595 4820 ἵνα
3635 4760 3814 4834 βοηθῇ,

2246 4857 2344 4926 οὐχ
2373 4857 2459 4910 ἴνα
2480 4856 2833 4930 ὑποσκελίζῃ.

2247 4947 2357 5019 (15)
2386 4947 2477 5001 Στ.
2515 4947 2580 5002 θ’.
2613 4943 2804 5002 Εἶπεν
2823 4943 2984 5011 αὐτῷ
3018 4946 3057 5014 ἠ
3094 4945 3250 5019 γυνὴ
3292 4946 3500 5002 αὐτοῦ·
3529 4945 3712 5015 Μέχρι
3738 4938 3815 4992 τί·

2755 5034 2863 5082 νος
2893 5017 3320 5086 καρτερήσεις;

2314 5109 2388 5164 Τὸ
2418 5109 2637 5164 πάντων
2683 5106 3094 5180 μηχανημάτων
3134 5108 3245 5163 τῶν
3279 5110 3654 5182 προλαϐόντων
3683 5105 3815 5170 laxu-

569 5203 846 5262 postremo
895 5195 1013 5253 loco
1058 5197 1306 5253 diabolus
1347 5198 1584 5254 adhibet.
1643 5199 1861 5256 Utinam
1899 5211 1956 5256 et
1997 5201 2139 5257 hanc

2262 5201 2459 5273 θάτερον
2503 5199 2727 5272 ὕστερον
2756 5201 2784 5254 ὁ
2825 5198 3070 5262 διάϐολος
3098 5202 3386 5274 προσάγει.
3421 5200 3546 5256 Εἴθε
3572 5199 3663 5254 καὶ
3686 5192 3812 5248 ταύ-

570 5285 912 5353 accepissesl
945 5286 1167 5343 Utinam
1199 5303 1324 5343 cum
1355 5288 1539 5346 liberis
1561 5291 1869 5348 obruisses!
1905 5291 2135 5361 Quidam

2262 5311 2335 5366 ην
2364 5293 2585 5357 ἐλαϐεςι
2617 5291 2744 5346 Εἴθε
2766 5290 2904 5362 μετὰ
2930 5288 3038 5347 τῶν
3065 5294 3272 5348 παίδων
3291 5294 3633 5366 κατέχωσαςί
3661 5286 3808 5347 Τινὲς

569 5391 700 5432 vero
735 5377 938 5441 dicunt,
965 5395 1070 5434 non
1112 5394 1234 5436 esse
1280 5381 1472 5437 uxoris
1504 5397 1567 5437 ea
1617 5385 1802 5452 verba,
1832 5386 1926 5440 sed
1958 5385 2134 5456 ipsum

2262 5385 2295 5439 ἱέ
2321 5402 2482 5456 φασιν
2510 5383 2630 5438 οὐδὲ
2643 5383 2743 5453 τῆς
2767 5383 3026 5452 γυναικὸς
3046 5379 3184 5439 εἶναι
3211 5386 3280 5440 τὰ
3308 5387 3550 5457 ῥήματα,
3577 5382 3689 5439 ἀλλ’
3721 5378 3810 5431 αὐ·

642 5496 686 5528 ⁸⁸
713 5494 731 5549 Ι
763 5494 914 5552 Petr.
948 5511 1002 5562 v,
1020 5497 1074 5552 8.
1152 5500 1200 5533 ⁸²
1225 5499 1328 5557 Job
1379 5518 1419 5568 t,
1451 5503 1539 5558 10.

640 5613 1186 5690 (I0)_D_qesl_€pxe'r_at
1215 5619 1296 5672 vel
1323 5615 1474 5690 ἦλθε.
1503 5621 1570 5672 ili
1618 5621 1723 5678 duo
1769 5638 1957 5681 versus
2012 5633 2138 5682 sunt

569 5701 632 5740 es
662 5682 786 5736 and.
820 5682 1068 5739 Naniaito
1094 5682 1446 5752 (,‘ommentar.
1474 5692 1527 5744 in
1553 5691 1677 5749 Job.

643 5753 754 5829 (il)
778 5753 998 5829 (Ennfer.
1035 5767 1073 5809 t.
1105 5755 1214 5829 XII,
1241 5760 1345 5815 col.
1377 5762 1532 5817 1051.

644 5825 755 5896 (12)
777 5824 939 5884 Forte
958 5824 1059 5881 ὃτι.

2320 5625 2435 5692 (15)
2471 5625 2547 5678 Ex
2578 5623 2766 5692 eodem
2794 5627 2917 5682 cod.
2941 5623 3107 5694 Nam,
3135 5623 3223 5680 ubi
3255 5623 3594 5688 inscribitur,
3632 5619 3800 5686 Ὀλυμ-

2251 5693 2536 5768 πιοδῴρου,
2585 5695 2910 5768 Ὠριγᾴνους.

2319 5761 2429 5836 (ibi
2455 5766 2529 5836 ljlx
2561 5761 2682 5836 cod.
2716 5761 2847 5836 Yen.
2887 5762 3225 5836 xxitdloufer
3251 5774 3306 5822 et
3337 5761 3701 5836 Olympiodor.

2321 5833 2432 5906 (l5)
2461 5833 2537 5890 Ex
2566 5835 2687 5894 cod.
2725 5833 2913 5891 Vcnct.
2950 5834 3052 5889 558
