4012 6340
257 394 327 452 GI
1506 395 1822 454 ENARIKA'I

1927 397 2044 457 uss
2078 400 2148 457 IN
2185 366 2365 460 JOB.
3457 406 3529 461 es

249 510 351 564 τὸν
373 508 452 572 είς
480 505 656 581 αὐτὴν
680 509 1003 566 τυπωθέντα
1029 510 1200 565 ταῦτα
1217 511 1575 581 φθέγγεσθαι·
1596 512 1720 566 οὐδὲ
1742 513 1815 581 γά

1956 531 2075 572 earn
2109 524 2590 588 repraesentantem
2641 516 2756 571 hac
2805 516 2970 571 fuisse
3023 516 3304 582 loculum;
3348 533 3529 588 neque

250 597 329 674 ἦν
358 602 461 674 τὴν
480 605 715 671 γυναῖκα
741 602 837 657 τοῦ
874 603 994 658 ’1ὼό
1022 605 1280 676 τοιαύτην
1309 599 1469 658 εἶναι’
1502 604 1647 676 πλὴν
1686 604 1740 658 εῐ
1763 622 1818 658 τι

1950 607 2096 662 enim
2125 616 2339 679 poterat
2385 622 2524 663 uxor
2549 605 2669 662 Johi
2702 621 2824 662 esse
2859 607 3190 678 hujusmodi.
3239 607 3352 662 Nisi
3400 609 3525 678 quis

248 695 435 764 λέγοι,
465 695 719 766 συμφορᾷ
739 697 1198 767 περιτραπεῖσαν,
1220 695 1476 769 τοιαύτην
1496 696 1668 768 αὐτὴν
1698 695 1822 766 γενέ

1950 697 2123 764 dicat,
2151 697 2467 753 calamitate
2502 707 2787 766 mutatam,
2824 712 2943 753 eam
2972 700 3134 754 talem
3157 700 3421 756 evasisse.
3456 699 3523 754 Et

247 787 409 843 σθαι.
443 785 554 842 Kal
585 788 711 857 μετ’
736 787 930 857 ὀλίγαο
967 788 1131 851 Εἰκὸς
1172 787 1233 841 οὐ
1265 786 1472 859 ταύτην
1503 786 1730 860 πρώτην
1756 803 1821 856 γε

1948 800 2066 860 post
2091 806 2262 859 pauca
2287 804 2306 843 :
2332 789 2564 845 Videtur
2589 804 2697 844 non
2730 789 2840 845 hoc
2886 789 3116 859 primum
3146 789 3314 845 fuisse
3341 791 3521 845 consi-

245 876 529 949 γενῆσθαι
558 878 656 950 τὴν
682 877 1013 951 συμϐουλὴν,
1058 877 1197 933 ἀλλὰ
1225 878 1484 944 πολλάκις
1512 878 1683 933 πολλὰ
1725 878 1822 933 τού

1949 881 2107 947 lium,
2131 881 2225 938 sed
2256 895 2403 953 saepe
2442 881 2608 937 multa
2644 881 2769 936 istis
2798 881 3052 952 graviora
3084 881 3150 937 ab
3177 897 3343 937 uxore
3366 883 3523 936 inau-

254 988 367 1025 των
419 968 657 1025 ἀκοῦσαι
696 969 1057 1045 χαλεπώτερα
1092 970 1243 1044 παρά
1269 972 1367 1043 τῆς
1396 971 1674 1041 γυναικός.
1705 972 1822 1044 Ὅρι

1947 973 2170 1030 divisse.
2204 973 2438 1030 Attende
2466 972 2788 1029 diabolicam
2812 972 3209 1029 seductionem.
3232 972 3518 1042 Recogita-

260 1063 577 1135 διαδολικὴν
591 1064 828 1136 ἀπάτην.
861 1063 1142 1136 Ἑνενόησε
1157 1063 1257 1135 τὴν
1279 1064 1444 1120 Εὕαν.
1463 1064 1654 1131 Τοῦτο,
1690 1065 1822 1137 φησὶ

1944 1064 2026 1120 vit
2061 1064 2251 1121 Evam.
2293 1065 2431 1132 Hoc,
2457 1066 2657 1136 inquit,
2683 1067 2921 1136 primum
2956 1063 3319 1135 praecipitavit
3346 1064 3522 1118 homi-

255 1157 349 1210 τὸν
377 1156 605 1229 πρῶτον
632 1158 970 1228 κατήνεγκεν
1007 1155 1104 1214 ἀνθ
1112 1172 1313 1228 ρωπον·
1337 1156 1495 1211 τοῦτο
1524 1157 1619 1211 καὶ
1650 1156 1822 1211 τούτοι

1943 1171 2109 1212 nem:
2142 1157 2243 1214 hoc
2292 1158 2457 1213 istum
2508 1172 2730 1229 quoque
2770 1173 3032 1230 superare
3082 1157 3299 1226 poterit.
3334 1157 3519 1221 Sed,o

253 1247 647 1320 περιγενέσθαι
685 1249 993 1320 δυνήσεται.
1040 1248 1200 1314 Ἀλλ’,
1230 1241 1277 1304 ὦ
1305 1247 1457 1305 ἀθλιε
1486 1250 1582 1305 καὶ
1610 1249 1805 1322 ἀνόητε

1944 1247 2112 1303 miser
2132 1257 2189 1303 et
2218 1246 2447 1304 stolide!
2486 1243 2641 1303 illum
2674 1250 2855 1305 ventri
2891 1250 3189 1305 obnoxium
3216 1256 3393 1311 nacta,
3424 1262 3518 1302 ve-

248 1337 465 1390 ικετνον
491 1338 693 1408 ἥττονα
715 1336 951 1409 γαστρὸς
978 1336 1232 1408 εὑροῦσα,
1258 1338 1334 1393 ἰὸν
1352 1337 1575 1410 ἔσπειρε
1596 1338 1693 1409 τὸν
1716 1340 1822 1393 ὲαυ

1942 1353 2138 1395 nenum
2162 1339 2451 1408 inspiravit
2480 1354 2663 1395 suum.
2696 1341 2769 1396 At
2808 1341 2955 1395 hunc
2983 1339 3138 1395 vides
3176 1338 3364 1393 virtuti
3396 1352 3521 1406 ope-

247 1427 371 1499 τῆς.
415 1426 623 1483 Τοῦτον
658 1428 717 1482 δὲ
757 1429 890 1500 ὁρᾷς
922 1426 1339 1499 φιλοσοφοῦντα,
1372 1428 1467 1482 καὶ
1494 1429 1664 1499 αὐτῆς
1687 1446 1822 1501 περι

1942 1444 2059 1484 ram
2080 1429 2321 1495 dantem,
2351 1442 2408 1486 et
2430 1430 2720 1501 ipsammet
2742 1443 3084 1502 superantem
3109 1439 3379 1485 naturam.
3400 1427 3514 1482 Non

248 1520 551 1592 γενόμενον
592 1522 693 1593 τῆς
745 1519 980 1592 φύσεως.
1012 1522 1127 1577 Οὐκ
1160 1522 1480 1593 ὲπέκαμψεν
1508 1521 1676 1577 αὑτὸν
1701 1540 1822 1594 χρη-

1939 1533 2065 1576 eum
2115 1521 2326 1577 inﬂexit
2378 1520 2695 1577 facultatum
2752 1523 2999 1588 amissio,
3047 1538 3152 1577 non
3213 1522 3509 1577 liberorum

254 1609 447 1681 μάτων
486 1609 754 1677 ἀπώλεια,
786 1611 909 1665 οὐδὲ
956 1610 1164 1665 παίδων
1197 1610 1426 1673 θάνατος
1466 1608 1666 1680 ἀωρος,
1716 1610 1822 1663 οὐδὲ

1940 1624 2091 1665 mors
2118 1610 2432 1680 immatura,
2455 1627 2564 1668 non
2582 1613 2831 1684 corporis
2855 1624 3061 1669 tortura
3083 1613 3514 1677 inconsolabilis,

253 1700 491 1772 βάσανος
519 1701 769 1774 σώματος
803 1701 1257 1775 ἀπαραμύθητος,
1293 1701 1416 1755 οὐδὲ
1448 1702 1643 1772 χρόνου
1666 1700 1822 1772 μῆκος

1938 1714 2042 1756 nec
2090 1702 2357 1772 temporis
2402 1712 2552 1759 tanta
2607 1705 2960 1760 diuturnitas.
3002 1704 3219 1774 Ergone
3264 1705 3513 1774 eumqui

249 1793 529 1849 τοσοῦτον.
562 1795 677 1850 Kal.
704 1794 796 1849 τὸν
828 1794 935 1849 ὑπὸ
968 1796 1309 1868 πραγμάτων
1340 1794 1441 1865 οὐχ
1467 1793 1687 1860 ἁλόντα,
1711 1792 1822 1847 τοῦ·

1942 1794 2102 1848 rebus
2131 1793 2263 1864 ipsis
2297 1795 2476 1852 victus
2506 1811 2610 1852 non
2650 1797 2777 1865 fuit,
2801 1797 2987 1855 verbis
3016 1806 3070 1853 te
3100 1800 3310 1854 huncce
3352 1800 3517 1853 suba-

247 1904 345 1941 τον
375 1886 487 1943 ὑπὸ
512 1886 689 1957 λόγων
715 1886 1020 1958 προσδοκᾷς
1051 1884 1447 1958 χειρώσασθαι;

1940 1894 2157 1940 cturum
2197 1886 2521 1943 existimas?

863 1977 976 2032 Τοῦ
1029 1978 1237 2032 αὑτοῦ.

2590 1977 2867 2048 Ejusdem.

324 2071 395 2124 Τί
413 2069 512 2124 τὸν
537 2067 775 2141 ἀθλητὴν
813 2067 1055 2137 ἒκλύειςς
1085 2068 1153 2122 Τί
1182 2068 1567 2132 καταστέλλεις
1597 2067 1699 2130 τὰς
1725 2068 1836 2137 χεῖ-

232 2179 395 2232 pag;
428 2160 547 2215 δέον
566 2162 740 2216 εἰπεῖν
774 2160 916 2216 κατά
943 2161 1037 2216 τὸν
1078 2157 1420 2216 ’Δπόοτολονο
1456 2162 1581 2215 Ἔτι
1596 2159 1833 2230 μικρὸν,

228 2254 343 2308 ἔτι
357 2253 599 2323 μικρόν.

233 2347 344 2404 Στ,
378 2346 445 2403 θ’.
490 2344 642 2400 Ἀλλ’
665 2340 841 2400 σῖπόν
887 2363 944 2400 τι
967 2345 1149 2470 ἐξέλω
1185 2345 1300 2419 (16)
1339 2348 1426 2415 εἰς
1453 2346 1693 2415 Κύριον,
1733 2343 1833 2399 καί

902 2432 968 2470 τε
1084 2433 1175 2470 τα.

902 2432 1175 2470 ramea.

322 2504 481 2561 Μετά
498 2505 561 2559 τὸ
587 2507 686 2579 τὴν
699 2506 1005 2579 τραγῳδίαν
1031 2506 1277 2579 ἀκριϐῶς
1304 2507 1685 2579 διηγήσασθαι,
1707 2510 1827 2565 τότε

237 2598 348 2670 τὴν
373 2598 725 2669 ἀναίσχυντον
771 2600 1023 2669 ἐπιφέρει
1064 2598 1397 2671 συμϐουλήν.
1429 2602 1540 2655 Καὶ
1574 2602 1694 2656 οὐδὲ
1733 2604 1830 2656 αὑ-

238 2689 327 2761 τῷ
358 2690 607 2763 φανερῶς
627 2686 771 2757 εἶπε,
798 2691 1218 2764 Βλασφήμησον.
1243 2692 1306 2745 Οἱ
1330 2692 1436 2765 γάρ
1458 2695 1669 2766 πονηρὰ
1692 2713 1829 2769 συμ-

241 2783 595 2849 ὁουλεύοντες
643 2786 705 2837 οὐ
752 2784 1025 2855 τολμῶσιν
1082 2775 1610 2858 ἀνακεκαλυμμένην
1673 2788 1825 2842 εἰσά-

242 2892 366 2943 γειν
403 2876 503 2949 τὴν
536 2875 866 2947 συμϐουλήν.
909 2876 974 2929 Τί
1011 2875 1210 2944 λέγεις,
1242 2870 1288 2929 ὦ
1316 2875 1506 2945 γύναι;
1542 2878 1671 2933 Δέον
1715 2877 1827 2946 ἐξι-

244 2963 575 3031 λεώσασθαι,
610 2965 729 3021 δέον
757 2964 1105 3032 καταλλάξαι,
1129 2965 1429 3037 παροξῦναι
1458 2968 1656 3039 μᾶλλον
1686 2987 1828 3042 παρ-

240 3060 449 3123 αινεῖς;
500 3058 564 3111 Εί
595 3056 704 3130 γὰρ
743 3059 773 3111 ὁ
807 3058 941 3122 Θεὸς
970 3057 1145 3111 ταῦτα
1176 3058 1423 3131 ἐποίησε,
1451 3062 1826 3134 παρακαλέσαι

2012 2067 2154 2134 Quid
2188 2068 2452 2123 athletam
2480 2067 3249 2137 labefactasiQuidcontrahis
3287 2083 3500 2134 manus,

1942 2174 2065 2215 cum
2103 2166 2384 2229 Oporteret
2410 2160 2589 2214 dicere
2631 2174 2758 2213 cum
2798 2160 3057 2230 Apostolo
3084 2179 3100 2216 :
3131 2163 3313 2214 Adhuc
3340 2162 3509 2215 modi-

1940 2268 2082 2315 cum,
2113 2252 2288 2306 adhuc
2315 2252 2580 2306 modicum
2610 2250 2769 2305 "'“i

1940 2342 2004 2398 ν.
2025 2344 2081 2399 9.
2106 2342 2215 2400 Sed
2233 2344 2323 2398 dic
2345 2343 2559 2410 aliquod
2581 2344 2791 2398 verbum
2818 2360 2873 2397 ιη
2896 2342 3201 2410 Dominum,
3227 2354 3272 2397 et
3290 2360 3512 2400 morere.

2005 2499 2298 2572 Postquam
2320 2499 2626 2556 luctuosum
2647 2509 2903 2556 eventum
2930 2501 3223 2572 diligenter
3244 2500 3514 2569 exposuit,

1939 2602 2070 2648 tunc
2100 2591 2386 2663 impudens
2436 2591 2648 2663 profert
2672 2593 2989 2650 consilium.
3039 2592 3227 2663 Neque
3253 2592 3302 2647 ei
3335 2592 3514 2645 mani~

1938 2686 2079 2741 teste
2101 2686 2272 2743 dixit:
2294 2686 2640 2757 Blasphema.
2655 2685 2755 2753 Qui
2774 2686 2920 2741 enim
2946 2683 3178 2754 maligna
3198 2684 3510 2744 consulunt,

1933 2795 2041 2835 non
2075 2780 2272 2835 audent
2316 2790 2565 2852 apertum
2612 2780 2810 2834 all‘erre
2835 2777 3149 2835 consilium.
3178 2776 3317 2842 Quid
3344 2775 3447 2838 ais,
3479 2791 3515 2826 υ

1934 2872 2109 2930 uxor?
2131 2872 2264 2927 Cum
2307 2887 2532 2929 necesse
2565 2872 2746 2942 potius
2773 2879 2922 2926 esset
2951 2868 3226 2938 placatum
3256 2864 3508 2929 reddere,

1930 2979 2057 3021 cum
2090 2978 2314 3021 necesse
2341 2972 2490 3019 esset
2525 2962 2856 3027 conciliare,
2901 2959 3119 3015 irritare
3158 2958 3337 3028 potius
3382 2970 3510 3010 sua-

1932 3059 2064 3114 des?
2088 3057 2145 3113 Si
2179 3058 2327 3112 enim
2360 3057 2476 3111 hmo
2509 3056 2652 3111 Deus
2703 3054 2861 3118 fecit,
2899 3066 3132 3107 exorare
3178 3050 3354 3116 illum,
3399 3064 3505 3102 non

240 3150 426 3216 αὑτὸν,
466 3150 530 3204 οῦ
575 3150 969 3223 βλασφημῆσαι
994 3151 1095 3205 δεῖ.
1130 3149 1300 3205 Πόθεν
1336 3152 1394 3205 δὲ
1419 3150 1600 3222 δῆλον,
1628 3155 1712 3207 ὅτι
1733 3155 1822 3209 καὶ

1932 3150 2318 3221 blasphemare
2339 3156 2573 3218 oportet.
2602 3146 2757 3203 Unde
2790 3155 2970 3200 autem
3015 3143 3207 3211 liquet,
3237 3138 3379 3211 quod
3411 3139 3500 3192 ubi

242 3243 520 3315 ἐρώμενον
560 3244 671 3315 (17)
705 3244 1045 3315 τελευτήσω;
1072 3242 1216 3314 Πλὴν
1249 3243 1351 3315 ὅρα
1381 3244 1530 3308 ὅπως
1556 3241 1669 3317 εἶχε
1702 3248 1822 3320 περὶ

1929 3250 2249 3299 exsecratus
2266 3240 2441 3306 fuero,
2468 3237 2718 3295 moriar?
2739 3236 3124 3292 Verumtamen
3151 3232 3370 3287 attende
3400 3246 3505 3300 qua

241 3335 341 3405 τῆς
371 3335 720 3406 βλασφημίας
746 3336 781 3407 ἡ
833 3337 993 3408 γυνήο
1034 3336 1244 3408 Ὠσπερ
1286 3336 1632 3409 παραχρῆμα
1659 3338 1828 3410 αὐτὴν

241 3426 472 3483 θάνατον
497 3428 727 3497 ἐπάγειν
763 3428 955 3499 ἱκανὴν
986 3430 1195 3500 ἡγεῖτο.

242 3518 359 3589 (ιδ)
386 3519 477 3573 ac.
508 3525 561 3573 ι’.
594 3520 667 3591 Et
696 3519 778 3591 re,
797 3520 989 3589 ἀγαθὰ
1018 3521 1347 3590 ἐδεξάμεθα
1375 3522 1445 3575 ἐκ
1478 3521 1679 3591 χειρός
1706 3524 1826 3576 Κυ-

533 3590 695 3659 ρίου,
724 3589 795 3644 τὰ
830 3591 983 3645 κακὰ
1020 3593 1132 3661 οὐχ
1156 3589 1528 3661 euoluam}

323 3682 380 3736 ’0
420 3683 530 3755 γὰρ
582 3683 852 3755 μακάριος
892 3677 1067 3748 οὗτος,
1110 3683 1446 3756 πανταχόθεν
1481 3681 1824 3753 βαλλόμενος,

240 3775 645 3849 ἀσφαλέστερον
675 3778 880 3843 ἵστατο,
911 3776 1007 3832 καί
1040 3777 1209 3850 μυρία
1234 3777 1362 3849 βέλη
1393 3776 1703 3847 δεχόμενος,
1728 3776 1827 3829 οὐκ

241 3864 492 3919 ἐνεδίδου.
538 3867 674 3919 Ἀλλ’
698 3867 932 3921 ὲκένωσε
964 3867 1063 3938 μὲν
1093 3866 1186 3921 τοῦ
1215 3865 1463 3921 διαῦόλου
1489 3864 1588 3937 τὴν
1614 3864 1828 3937 βελοθή-

241 3972 364 4025 κην,
393 3956 555 4020 αὐτὸς
577 3956 634 4009 δὲ
655 3957 716 4010 οὐ
753 3958 1071 4025 κατέπεσεν,
1098 3958 1218 4011 οὐδὲ
1242 3956 1627 4027 ὑπεσκελίσθη.
1675 3956 1827 4009 Ἀλλ’

238 4045 428 4120 ῶσπερ
458 4046 681 4117 ἀριστος
710 4047 1210 4120 κυϐερνήτης,οῦτε
1246 4049 1578 4120 μαινομένης
1600 4048 1699 4119 τῆς
1736 4047 1828 4102 θα-

240 4138 469 4209 λάσσης,
504 4139 599 4192 καὶ
636 4140 744 4193 τῶν
765 4140 1025 4211 κυμάτων
1050 4140 1461 4212 διεγειρομένων
1504 4141 1825 4194 κατεποντί-

239 4231 381 4295 ζετο,
422 4230 548 4285 οὔτε
578 4231 821 4305 γαλήνης
841 4232 1009 4304 οῦσης
1032 4233 1399 4306 ρᾳθυμότερος
1419 4233 1647 4301 ἐγίνετο.
1681 4234 1823 4287 Ἀλλ’

241 4325 299 4377 ὲν
329 4325 571 4397 ἑκατέρᾳ
597 4328 664 4397 τῇ
705 4324 813 4379 τῶν
846 4326 1056 4399 καιρῶν
1088 4326 1323 4398 διαφορᾷ
1355 4325 1477 4397 ῐσην
1502 4327 1601 4397 τὴν
1625 4325 1820 4381 ἑαυτοῦ

238 4416 435 4487 τέχνην
466 4415 775 4488 διετήρησε.
804 4416 914 4472 Καὶ
929 4415 1052 4469 οὔτε
1086 4415 1315 4480 πλοῦτος
1336 4417 1526 4471 ἑαυτὸν
1552 4417 1661 4489 (19)
1700 4417 1822 4488 ἐφύ-

242 4523 424 4577 σησεν,
461 4504 586 4560 οὔτε
610 4506 769 4560 πενία
800 4505 1178 4569 ἐταπείνωσεν,
1203 4504 1346 4570 οὔτε,
1386 4506 1529 4560 κατά
1555 4506 1681 4578 ῥοῦν
1710 4508 1820 4563 τῶν

241 4597 582 4669 πραγμάτων
603 4599 941 4670 φερομένων,
959 4597 1148 4661 ῦπτιος
1173 4593 1242 4669 ἦν
1269 4599 1361 4652 καὶ⁹
1383 4598 1814 4665 ἀναπεπτωκὼς,

240 4688 382 4753 οὔτε,
412 4690 545 4763 ὅλης
574 4690 761 4762 σχεδὸν
788 4690 887 4760 τῆς
918 4689 1124 4754 οίκείας
1148 4690 1259 4759 (20)
1281 4690 1704 4763 ἀνατραπείσης,
1724 4692 1819 4745 καὶ

241 4779 599 4852 πανολεθρίας
632 4779 949 4852 γενομένης,
977 4779 1324 4851 διεταράχθη,
1352 4782 1445 4834 καὶ
1468 4781 1565 4853 τὴν
1596 4781 1819 4854 ἀνδρίαν

240 4872 428 4943 ήλεγξε
455 4870 554 4943 τὴν
584 4870 798 4927 ἑαυτοῦ.
843 4870 1213 4926 Ἀκουέτωσαν
1247 4868 1509 4937 πλούσιοι,
1543 4872 1817 4926 ἀκουέτω-

241 4976 338 5019 σαν
368 4957 623 5031 πένητες·
657 4959 941 5028 ἑκατέροις
990 4958 1101 5030 γὰρ
1142 4960 1204 5012 τὸ
1236 4959 1478 5032 διήγημα
1526 4962 1815 5034 χρήσιμον,

240 5051 331 5105 καὶ
375 5052 545 5107 πᾶσιν
576 5049 885 5122 ἀνθρώποις
916 5052 950 5123 ἡ
987 5050 1202 5124 ἱστορία
1232 5050 1538 5123 λυσιτελής·
1568 5052 1663 5107 καὶ
1703 5055 1817 5118 τοῖς

238 5146 293 5197 ὲν
322 5142 618 5216 εὐημερίᾳ,
664 5144 760 5197 καὶ
790 5146 904 5207 τοῖς
945 5145 1003 5199 ὲν
1034 5147 1361 5216 συμφοραῖς.
1409 5144 1678 5216 Ἐκάτερα
1707 5148 1815 5219 γὰρ

237 5236 304 5289 ea
332 5234 474 5289 ὅπλα
500 5233 888 5307 μεταχειρίσας
917 5236 946 5288 ό
968 5235 1068 5305 τῆς
1094 5234 1376 5300 εὐσεῦείας
1412 5236 1735 5309 ἀγωνιστὴς,
1785 5240 1816 5292 ὁ

236 5327 334 5397 τῆς
351 5326 679 5399 οίκουμένης
700 5324 1045 5398 στεφανίτης,
1071 5327 1130 5379 ἐν
1150 5325 1433 5398 ἑκατέροις
1468 5326 1530 5380 τὸ
1558 5328 1815 5399 τρόπαιον

237 5416 453 5489 ἔστησεν
505 5419 603 5473 καὶ
655 5418 795 5488 πρὸς
842 5418 952 5471 πᾶν
976 5413 1116 5481 εἶδος
1152 5417 1391 5489 πολέμου
1427 5418 1524 5472 τοῦ
1566 5419 1815 5490 δαίμονος

306 5556 427 5588 ⁸³·’δ
453 5541 619 5611 Hebr.
648 5571 702 5621 x,
727 5554 819 5613 37.

336 5675 425 5739 16)
452 5675 587 5746 Cod.
632 5676 804 5746 Ὦριγ.
831 5676 911 5739 εἰς
930 5674 1007 5729 τό·
1051 5674 1212 5729 Ἀλλ’
1232 5668 1405 5729 εἶπόν
1433 5688 1484 5725 τι
1502 5668 1689 5740 ῥῆμα.

338 5746 424 5813 l7)
454 5745 617 5803 Forte
646 5744 947 5816 ἀρῲμενον.

312 5811 427 5887 (l8)
459 5816 534 5868 Ex
561 5811 699 5870 eod.—
728 5811 862 5870 Nan.
902 5818 989 5869 ubi
1042 5815 1228 5872 titulus
1262 5814 1671 5887 Χρυσοστόμου,
1724 5811 1804 5862 Ὠ-

242 5904 351 5965 ριγ.
391 5886 764 5958 Chrysostomi
791 5888 968 5963 potius
1001 5888 1228 5959 videtur,
1258 5886 1323 5946 de
1351 5888 1505 5956 cuius
1530 5892 1800 5941 commcn-

1928 3332 2198 3389 sententia
2228 3340 2376 3386 esset
2422 3331 2611 3387 isthmc
2646 3330 2842 3385 mulier
2878 3329 3055 3399 quoad
3094 3324 3500 3396 blasphemiam.

1928 3424 2232 3497 Reputabat
2260 3425 2470 3481 scilicet
2491 3440 2611 3481 eam
2632 3440 2791 3495 posse
2812 3423 2995 3479 statim
3018 3430 3245 3475 mortem
3281 3417 3503 3472 inferre.

1928 3519 1994 3574 ν.
2029 3517 2117 3573 10.
2146 3518 2203 3573 Si
2249 3518 2386 3572 bona
2420 3518 2746 3586 suscepimus
2785 3516 2848 3568 de
2888 3529 3048 3586 ntauu
3090 3510 3330 3575 Domini,
3360 3506 3503 3560 mala

2445 3605 2549 3641 non
2574 3582 2994 3639 sustinebimus?

2006 3679 2209 3736 Beatus
2239 3680 2341 3735 iste
2364 3679 2603 3747 undique
2622 3671 3102 3743 circumpulsatus,
3131 3667 3377 3725 securius
3392 3676 3506 3722 sta-

1927 3773 2044 3839 bat,
2078 3780 2134 3827 et
2170 3772 2381 3826 inﬁnita
2433 3769 2737 3838 suscipiens
2779 3765 2908 3830 tela,
2958 3778 3063 3818 non
3099 3761 3344 3817 cedebat.
3397 3760 3505 3816 Sed

1926 3864 2214 3921 evacuavit
2244 3861 2464 3931 quidem
2488 3857 2688 3914 diaboli
2728 3858 3066 3930 pharetram,
3106 3854 3223 3924 ipse
3249 3867 3379 3907 vero
3406 3867 3505 3905 ne—

1926 3969 2195 4025 quaquam
2224 3950 2483 4019 concidit,
2515 3965 2688 4018 neque
2724 3947 3024 4003 subversus
3056 3957 3162 4002 est.
3190 3945 3297 4000 Sed
3334 3944 3500 3998 veluti

1924 4045 2165 4115 optimus
2215 4053 2454 4116 proreta,
2486 4056 2661 4110 neque
2715 4040 2931 4095 furente
2980 4038 3095 4093 salo
3143 4037 3504 4104 excitatisque

1923 4132 2177 4189 ﬂuctibus
2209 4133 2696 4203 submergebatur;
2728 4146 2902 4200 neque
2929 4127 3210 4183 obtinente
3242 4124 3497 4193 malacia,

1922 4227 2281 4299 negligentior
2312 4235 2450 4282 erat.
2492 4224 2597 4280 Sed
2636 4224 2688 4278 in
2738 4233 2967 4290 utraque
3012 4230 3319 4289 temporum
3344 4219 3499 4285 .vice,

1882 4310 1887 4315 ’
1920 4322 2185 4391 aequalem
2225 4329 2400 4375 artem
2434 4334 2589 4374 suam
2625 4316 3005 4373 conservabat.
3044 4315 3111 4369 Et
3152 4326 3328 4382 neque
3361 4312 3500 4365 divi-

1923 4403 2011 4469 tia:
2040 4413 2186 4467 illum
2222 4412 2502 4477 inllavere,
2544 4425 2718 4479 neque
2745 4417 3041 4479 paupertas
3069 4405 3264 4477 dejecit
3290 4403 3498 4467 animo,

1922 4521 2099 4575 neque
2137 4521 2310 4576 prono
2354 4506 2511 4559 alveo
2560 4507 2726 4559 rebus
2755 4502 2869 4557 suis
2908 4498 3235 4561 liuentibus,
3267 4495 3499 4566 supinus

1924 4609 2045 4655 erat
2074 4609 2131 4656 et
2166 4614 2382 4670 segnes.
2424 4596 2679 4664 Quinimo
2731 4609 2799 4648 ne
2848 4602 2959 4647 tota
2976 4592 3192 4660 quidem
3218 4601 3501 4658 propemo-

1922 4693 2049 4747 dum
2081 4706 2273 4745 eversa
2305 4691 2489 4755 domo,
2520 4698 2575 4740 et
2598 4686 2820 4740 interitu
2866 4683 3235 4753 contingente,
3272 4687 3501 4734 contur-

1922 4782 2080 4834 batus
2106 4789 2213 4843 est,
2242 4788 2299 4833 et
2331 4792 2442 4832 sum
2474 4775 2691 4829 virtutis
2724 4772 3003 4828 luculenta
3045 4770 3217 4825 edidit
3247 4768 3496 4822 testimo-

1921 4869 2031 4922 nia.
2057 4868 2335 4923 Audiunto
2365 4864 2582 4930 divites,
2613 4862 2875 4917 audiunto
2910 4874 3178 4930 pauperes
3207 4875 3222 4911 :
3249 4856 3497 4922 utrisque

1919 4958 2068 5012 enim
2092 4957 2338 5011 narratio
2368 4954 2637 5025 perutilis,
2671 4961 2728 5008 et
2764 4952 3015 5007 omnibus
3059 4947 3368 5005 hominibus
3402 4945 3486 5000 hi-

1921 5049 2096 5105 storia
2120 5057 2204 5103 est
2229 5048 2494 5117 proficua,
2522 5046 2635 5102 sive
2658 5045 2710 5099 in
2733 5042 3093 5113 prcsperitate
3121 5040 3255 5103 sint,
3286 5038 3401 5091 sive
3430 5037 3485 5093 in

1918 5143 2345 5201 calamitatibus.
2378 5141 2620 5212 Utraque
2638 5139 2785 5196 enim
2816 5152 2967 5190 arma
2992 5134 3255 5189 adhibens
3276 5131 3363 5187 hic
3384 5132 3495 5200 pie-

1920 5238 2048 5294 tatis
2074 5238 2348 5308 agonista.
2382 5237 2472 5292 hic
2501 5235 2650 5291 orbis
2675 5240 2969 5289 coronatus
2992 5226 3192 5283 athleta
3213 5267 3229 5293 ,
3256 5226 3307 5281 iu
3336 5228 3493 5281 utris.

1914 5346 2023 5402 que
2082 5340 2344 5401 tropaeum
2390 5330 2566 5386 erexit
2598 5347 2613 5385 :
2644 5340 2701 5385 et
2750 5327 2817 5383 ad
2864 5341 3026 5383 omne
3062 5338 3231 5394 genus
3264 5320 3389 5376 belli
3420 5320 3491 5373 ir-

1918 5434 2111 5480 ruente
2139 5426 2383 5480 damione
2406 5424 2518 5489 illo,
2542 5434 2736 5480 contra
2774 5421 2956 5479 omnia
2982 5418 3037 5475 in
3063 5416 3234 5473 aciem
3259 5413 3485 5469 descen-

1919 5670 2076 5724 tariis
2108 5669 2160 5722 in
2196 5667 2391 5724 Johum
2416 5668 2636 5726 consule
2659 5670 2735 5726 sis
2771 5681 2969 5730 nostra
2999 5666 3139 5725 Bibl.
3172 5674 3303 5720 tom.
3357 5659 3489 5730 νιιιι

1916 5757 1968 5810 p.
1996 5740 2214 5813 βίβλοι
2239 5742 2444 5813 pruleg.
2502 5743 2723 5798 Ibidem.

1987 5810 2095 5877 (ιθ)
2123 5809 2311 5864 Αὐτόν.

1984 5881 2093 5950 (20)
2123 5880 2323 5945 Οἰκίας.
