4012 6340
178 334 248 392 6‘5
1447 335 1672 392 ENARB
1681 332 1977 390 ATIONES
2012 332 2078 387 IN
2114 332 2258 389 10B.
3380 335 3451 383 οδ

188 453 280 508 καὶ
320 452 776 528 ἀνεπικούρητος
832 457 1080 526 κάθηται.
1135 457 1245 510 Καὶ
1310 458 1634 528 περιέμενον
1694 454 1785 508 διά

1900 453 2122 516 sederet,
2176 461 2233 506 et
2261 449 2629 506 inauxiliatus.
2679 445 2862 519 Itaque
2898 455 3354 517 exspectaverunt
3393 459 3452 502 ut.

185 543 447 596 πλειόνων
482 545 875 598 πιστώσασθαι
907 545 1003 616 τὴν
1048 544 1236 616 ἀκοὴν,
1287 546 1322 617 ἢ
1379 546 1476 598 καὶ
1507 545 1786 614 ἐκπέμψαι

188 636 287 690 καὶ
308 634 463 698 ἰδεῖν,
486 636 539 687 εἱ
566 636 666 688 καὶ
692 635 865 708 ἀληθῆ
887 635 956 688 τὰ
986 636 1274 707 λεγόμενα.
1328 636 1417 690 Ἐν
1458 635 1665 699 τούτοις
1695 631 1788 688 οὖν

185 729 218 780 ὁ
261 726 457 796 χρόνος
491 725 757 796 ἐτρίϐετο.
805 727 947 798 Πρὸς
990 727 1054 799 δὴ
1098 726 1327 789 τούτοις,
1377 727 1467 780 ὅτε
1497 726 1559 780 τὸ
1589 725 1790 796 ἀληθὲς

185 819 473 886 ἔγνωσαν,
525 817 764 888 βασιλεῖς
810 819 959 882 ὄντες
1020 819 1116 873 καὶ
1168 819 1425 890 ἐκδημεῖν
1482 818 1785 891 μέλλοντες,

184 905 465 974 ἀνάγκην.
495 900 638 975 εἶχον
677 906 942 978 πρότερον
987 903 1045 960 εὖ
1093 907 1358 961 διαθεῖναι
1393 908 1462 962 τά
1502 909 1644 963 κατά
1696 908 1790 962 τὸν

189 993 383 1058 οἷιων,
434 996 534 1049 καὶ
590 996 884 1066 ἐπιστῆσαι
934 1000 1048 1061 τοῖς
1113 997 1437 1069 ἀρχομένοις
1497 1000 1623 1064 τοὺς
1669 999 1788 1054 ἀνθ’

198 1086 435 1142 ιαυτῶν.
484 1087 670 1142 Ταῦτα
714 1088 895 1143 πάντα
937 1089 1136 1153 αὐτοὺς
1174 1091 1492 1162 ἀπησχόλει,
1531 1092 1627 1146 καὶ
1668 1093 1789 1146 ἐνε-

203 1178 491 1248 ὃρόδυνον.
515 1178 624 1231 Καὶ
651 1180 699 1232 εί
728 1179 802 1250 μὴ
837 1179 1042 1250 σφόδρα
1065 1196 1129 1249 γε
1157 1181 1432 1252 ἀγαπητοί
1463 1199 1610 1246 τινες
1646 1179 1790 1253 ἦσαν

201 1268 292 1322 καὶ
320 1267 551 1332 δίκαιοι,
584 1269 683 1322 οὐκ
709 1268 796 1332 ἂν,
829 1269 924 1333 τὰς
955 1270 1161 1334 οἰκείας
1199 1271 1576 1336 καταλιπόντες
1607 1272 1790 1345 χώρας

201 1358 295 1409 καὶ
322 1357 629 1427 βασιλείας,
664 1359 988 1428 ἀφικνοῦντο
1021 1361 1156 1432 πρὸς
1188 1362 1287 1434 τὴν
1317 1363 1619 1434 ἐπίσκεψιν,
1655 1365 1792 1420 ἀλλὰ

199 1449 263 1501 δι’
305 1450 522 1520 ἐτέρων
561 1451 660 1521 τὴν
706 1450 895 1521 χρείαν
928 1452 1222 1524 ἐπλήρουν.
1273 1455 1428 1508 Ἐστι
1465 1456 1522 1510 δὲ
1559 1457 1784 1520 ἐννοεῖν,

203 1539 276 1603 ὡς
303 1543 404 1592 καὶ
428 1541 707 1612 οἰκονομία
729 1559 814 1605 τις
843 1538 911 1614 ἦν
937 1543 1056 1597 θεία
1088 1545 1187 1615 τῆς
1209 1546 1447 1616 ἀφίξεως
1468 1551 1500 1619 ἡ
1526 1548 1785 1620 ἀναϐολή.

215 1632 440 1704 Ἐπειδὴ
464 1633 574 1704 γάρ
595 1633 729 1703 ὁμοῦ
761 1636 827 1705 τῇ
855 1633 962 1690 τῶν
995 1636 1165 1706 φίλων
1195 1636 1425 1705 διαλέξει
1465 1640 1558 1692 καὶ
1585 1641 1646 1694 τὸ
1681 1643 1792 1695 πᾶν

1888 543 2130 612 pluribus
2156 541 2572 596 conﬁrmaretur
2629 540 2796 604 fama;
2828 539 2913 592 vel
2960 542 3124 594 etiam
3157 549 3212 592 ιιι
3259 539 3448 592 mitte-

1889 645 2010 690 rent
2041 649 2106 689 ac
2140 633 2404 695 viderent,
2427 631 2470 686 si
2504 631 2722 700 quidem
2747 646 2874 687 vera
2912 631 3077 685 relata
3122 638 3326 684 essent.
3362 629 3449 683 ln-

1890 735 2035 779 terea
2069 724 2230 794 igitur
2254 733 2468 790 tempus
2501 721 2797 776 terebatur.
2831 721 2910 774 Ad
2943 721 3085 782 hmc,
3119 719 3206 772 ubi
3257 733 3446 772 verum

1888 829 2008 870 esse
2032 814 2398 876 resciverunt;
2429 826 2552 866 cum
2583 827 2739 882 reges
2766 819 2966 874 essent,
2995 826 3056 864 ac
3085 825 3306 881 peregre
3324 826 3423 878 pro

1888 904 2105 967 lecturi,
2131 917 2350 959 necesse
2383 904 2692 957 habuerunt
2724 901 2876 971 prius
2917 916 3004 955 res
3033 915 3158 954 suas
3192 901 3448 956 domesti-

1888 1008 1980 1048 cas
2019 1005 2164 1048 recte
2191 994 2498 1063 disponere,
2526 1008 2590 1047 ac
2636 992 2915 1063 prwlicere
2958 991 3188 1047 subditis
3218 991 3449 1047 vicarios

1887 1097 2035 1138 suos.
2090 1083 2217 1138 Hch
2264 1085 2446 1138 omnia
2479 1084 2624 1152 ipsos
2656 1092 2949 1153 occupatos
2977 1083 3249 1148 tenebant,
3279 1093 3335 1138 et
3362 1098 3448 1136 re-

1889 1175 2255 1229 morabautur.
2292 1176 2370 1229 Ac
2404 1175 2507 1228 nisi
2541 1174 2889 1228 vehementer
2917 1173 3099 1227 dilecti
3139 1171 3365 1228 fuissent
3395 1187 3450 1228 et

1885 1265 2038 1335 justi,
2075 1281 2180 1320 non
2213 1267 2401 1335 utique
2424 1267 2615 1320 domos
2639 1281 2762 1320 suas
2797 1266 3183 1335 relinquentes,
3211 1265 3453 1334 regiones

1889 1373 1952 1414 ac
2011 1374 2194 1428 regna,
2229 1359 2513 1413 venissent
2542 1359 2609 1412 ad
2641 1359 2974 1412 invisendmn
3021 1357 3192 1422 illum,
3222 1358 3314 1412 sed
3361 1371 3455 1426 per
3485 1365 3491 1368 ·

1890 1450 2025 1503 alios
2058 1451 2156 1504 hoc
2186 1449 2418 1504 ollicimn
2460 1449 2853 1516 implevissent.
2886 1447 3239 1516 Cogitandum
3273 1456 3452 1500 autem

1890 1551 1994 1608 est,
2028 1542 2303 1612 cujusdam
2336 1543 2501 1595 etiam
2559 1542 2756 1596 divinm
2806 1540 3226 1609 dispensationis
3260 1538 3452 1607 fuisse,

1891 1645 1952 1690 ut
1986 1636 2244 1688 adventus
2269 1648 2456 1687 eormn
2485 1634 2808 1689 dill‘erretnr.
2846 1631 2980 1699 Quia
3007 1633 3149 1686 enim
3183 1648 3285 1686 una
3314 1648 3437 1686 cum

207 1719 303 1772 τοῦ
332 1722 548 1789 ἀγῶνος
575 1722 758 1792 ἐλύθη,
783 1723 876 1776 τοῦ
910 1724 1044 1778 Θεοῦ
1071 1729 1530 1798 χρηματίσαντος,
1561 1731 1655 1783 καὶ
1696 1730 1790 1786 τὸν

1900 1725 2193 1779 amicorum
2228 1723 2592 1793 disputatione
2626 1725 2790 1778 etiam
2843 1734 3113 1777 certamen
3143 1713 3452 1777 universum

211 1811 418 1866 δίκαιον
457 1815 903 1885 ἀνακτησαμένου
959 1817 1054 1870 καὶ
1093 1818 1551 1888 στεφανώσαντος,
1596 1824 1794 1876 οἰκονο-

1900 1815 2218 1884 diremptum
2245 1823 2349 1875 est,
2376 1815 2734 1882 respondente
2785 1813 2924 1877 Deo,
2971 1823 3022 1866 et
3054 1813 3256 1882 justum
3310 1813 3454 1867 hunc

215 1904 315 1972 μία
352 1923 439 1968 τις
496 1905 689 1973 γέγονε
740 1906 880 1968 θεία,
925 1907 1253 1978 ἐμϐραδῦναι
1287 1912 1412 1974 τοὺς
1458 1911 1663 1979 φίλους,
1708 1914 1796 1968 ἵνα

1900 1907 2110 1959 l‘ovente
2141 1912 2196 1960 et
2226 1914 2555 1969 coronante;
2585 1904 2766 1958 divina
2812 1904 3078 1972 quaepiam
3119 1905 3452 1971 providentia

212 1995 512 2066 παραταθῇ
547 1995 616 2047 τά
666 1994 759 2048 τοῦ
801 1997 1137 2067 νοσήματος,
1187 2001 1282 2053 καὶ
1320 1999 1582 2070 μειζόνως
1626 2003 1796 2074 ἀθλή-

211 2102 316 2150 σας
376 2089 407 2140 ὁ
454 2087 683 2150 δίκαιος,
758 2086 1088 2162 δικαιότερον
1163 2092 1442 2165 ἀναρρηθῇ
1499 2094 1650 2166 παρά
1704 2094 1799 2148 τοῦ

206 2176 384 2230 Θεοῦ.

201 2267 337 2338 (26)
363 2267 508 2343 Σᾲτίχ.
541 2274 624 2322 ια’.
646 2270 759 2343 _Kal
786 2271 1177 2343 παρεγένοντο
1207 2273 1356 2343 πρὸς
1375 2273 1572 2343 αὐτότί
1587 2276 1798 2343 ὁμοθυ-

280 2329 520 2425 pacati,
568 2339 672 2393 τοῦ
730 2329 1143 2407 παρᾶκὰλέσαι
1195 2329 1294 2396 κᾶὶ
1331 2329 1796 2412 ’ἐπισκὲψὶισθὰι

293 2425 374 2460 av
383 2425 505 2459 τον.

305 2499 366 2552 '0
411 2501 701 2572 Σύμμαχος
735 2501 908 2567 οὕτως
948 2502 1177 2568 ἐξέδωκε
1197 2521 1212 2536 ·
1249 2505 1662 2570 Συνετάξαντο
1687 2505 1797 2577 γὰρ

215 2594 379 2665 ἐμοῦ
410 2595 688 2663 ἐλθόντες
727 2598 1120 2682 συμπαθῆσαι
1165 2599 1344 2665 αὐτῷ,
1385 2600 1482 2653 καὶ
1528 2616 1797 2670 παραμυ-

218 2685 529 2752 Θήσασθαι
557 2689 763 2742 αὐτόν.
798 2689 939 2760 Ὅρα
971 2689 1064 2742 καὶ
1088 2687 1358 2751 ἐντεῦθεν,
1389 2688 1466 2752 ὡς
1492 2690 1588 2742 καὶ
1613 2689 1798 2760 ἕτερος

219 2778 470 2850 παρῆλθε
498 2779 705 2849 χρόνος,
748 2779 852 2843 ἕως
882 2781 993 2843 ὅτε,
1024 2779 1159 2850 πρὸς
1201 2779 1458 2850 ἀλλήλους
1493 2779 1800 2851 διαπεμψά-

226 2888 405 2942 μενοι,
432 2872 531 2942 τὴν
563 2873 655 2925 ἐπὶ
688 2871 750 2925 τὸ
776 2871 906 2924 αὐτὸ
955 2871 1166 2926 σύνοδόν
1197 2889 1256 2926 τε
1285 2872 1380 2926 καὶ
1406 2871 1585 2943 ἄφιξιν
1618 2874 1801 2946 ἐποιή-

227 2979 415 3016 σαντο.

225 3053 341 3124 (27)
390 3055 539 3126 Στίχ.
585 3054 671 3109 ιϐ’.
713 3056 823 3109 Kal
887 3041 1366 3134 κᾳὲτὰπασιίμενοι
1402 3055 1519 3127 γῆν
1565 3057 1662 3110 ἐπὶ
1695 3057 1802 3124 τὰς

748 3130 1012 3194 κεφαλὰς
1053 3129 1269 3180 αὐτῶν.

1898 1994 2019 2059 fuit,
2060 2003 2118 2047 ut
2152 2008 2333 2048 moras
2377 1996 2660 2048 traherent
2708 1995 2888 2057 amici,
2931 2009 3038 2063 quo
3089 1994 3455 2049 intenderetur

1900 2087 2142 2150 morbus,
2174 2096 2230 2138 et
2257 2085 2442 2152 justus
2493 2086 2578 2137 vir
2634 2085 2898 2138 illustrius
2941 2100 3210 2154 pugnans,
3258 2087 3451 2155 potiori

1893 2176 2017 2246 jure
2043 2191 2072 2229 a
2109 2175 2220 2230 Deo
2257 2175 2433 2229 victor
2459 2173 2908 2244 proclamaretur.
3014 2191 3020 2202 ·

1899 2269 1966 2327 γ.
2003 2270 2088 2326 ll.
2133 2270 2204 2323 Et
2242 2279 2488 2324 venerunt
2518 2269 2586 2320 ad
2624 2267 2776 2320 illum
2807 2269 3150 2336 concorditer,
3179 2279 3235 2324 ut
3272 2266 3473 2324 causa?

2265 2339 2500 2392 [urentur
2519 2347 2568 2391 et
2596 2337 2876 2391 inviserent
2905 2338 3079 2392 illum.

1968 2489 2326 2560 Symmachus
2375 2487 2446 2541 ita
2470 2487 2679 2544 edidit:
2730 2487 3086 2544 Condia'erant
3115 2491 3275 2554 enim,
3304 2502 3358 2544 ut
3387 2494 3462 2546 si-

1896 2584 2009 2636 mul
2048 2586 2309 2637 venientes
2338 2591 2762 2650 campaterentur
2781 2583 2848 2643 ei,
2894 2594 2943 2636 et
2974 2584 3373 2637 consolarentur
3400 2584 3466 2637 il-

1899 2676 2030 2731 lum.
2061 2675 2191 2730 Vide
2223 2686 2279 2730 et
2307 2677 2460 2740 hinc,
2491 2673 2584 2742 qui
2613 2674 2758 2730 aliud
2791 2677 2952 2731 etiam
2982 2677 3300 2745 praeterierit
3328 2687 3465 2730 tem-

1899 2781 2031 2836 pus;
2063 2769 2234 2821 donec
2261 2768 2328 2821 ad
2363 2783 2421 2822 se
2452 2767 2682 2821 invicem
2719 2769 3019 2836 mittentes,
3040 2783 3360 2824 c0ncursutn
3391 2769 3466 2825 si-

1901 2860 2010 2916 mul
2035 2869 2090 2914 et
2116 2861 2406 2915 adventum
2443 2861 2710 2918 fecerunt.

1976 3040 2039 3097 V.
2081 3041 2164 3096 12.
2199 3038 2267 3094 Et
2298 3049 2598 3111 spargentes
2624 3051 2817 3094 terram
2846 3054 3003 3107 super
3027 3038 3201 3106 cupita
3230 3055 3327 3093 sua
3351 3076 3368 3092 .

227 3215 378 3288 Στίχ.
429 3224 517 3286 ιγ’.
569 3191 983 3288 Παρεκάῥισαν
1031 3214 1190 3280 αὐτῷ
1227 3216 1375 3270 ἑπτὰ
1415 3214 1656 3285 ἡμέρας,
1699 3215 1798 3271 καί

1905 3193 1969 3252 ν.
2005 3198 2092 3254 l3.
2129 3196 2384 3252 Sederunt
2415 3211 2552 3262 apua
2597 3195 2762 3258 ipsum
2807 3204 2999 3264 septem
3037 3193 3169 3258 dies,
3197 3204 3246 3248 et
3273 3205 3466 3262 septem.

801 3286 950 3340 ἑπτὰ
998 3287 1240 3353 νύκτας.

300 3377 418 3430 οὐκ
461 3372 581 3430 εἷπε
635 3377 692 3430 δὲ
747 3379 780 3449 ή
828 3378 1039 3449 Γραφὴ,
1096 3377 1178 3430 ὄτι
1226 3375 1608 3448 παρεκάθηντο
1663 3374 1803 3430 ἑπτὰ

228 3469 442 3538 ἡμέρας
475 3469 712 3540 πρωῒθεν
748 3468 848 3533 ἕως
880 3469 1132 3542 ἑσπέρας,
1163 3468 1280 3521 οὐδὲ
1313 3468 1452 3521 ἐπτά
1479 3467 1678 3531 νύκτας
1709 3467 1802 3536 ἀφ’

230 3558 469 3628 ἑσπέρας
505 3559 665 3630 μέχρι
693 3560 859 3631 πρωϊ.
903 3559 1070 3630 Δῆλον
1103 3556 1217 3624 οὖν,
1257 3559 1359 3623 ὅτι,
1399 3559 1460 3610 τὸ
1489 3559 1668 3611 πλεῖον
1703 3559 1804 3628 τῆς

231 3650 444 3720 ἡμέρας
474 3649 997 3722 παρακαθεζόμενοι,
1028 3649 1343 3722 ὑπεχώρουν
1377 3649 1478 3712 τὰς
1500 3648 1804 3716 ἀναγκαίας

232 3738 676 3809 ὲκπληρὼσοντες
716 3739 903 3811 χρείας
925 3756 938 3769 ·
976 3739 1068 3792 καὶ
1098 3738 1258 3791 πάλιν
1288 3739 1673 3808 ἐπανήκοντες,
1712 3736 1806 3807 μέ-

231 3847 324 3900 χρι
373 3827 568 3884 πολλοῦ
609 3831 707 3902 τῆς
765 3830 955 3893 νυκτὸς
1007 3829 1461 3900 παρεκαθέζοντο,
1508 3829 1600 3881 καὶ
1653 3824 1807 3892 αὖθις

233 3922 502 3987 ἀπιόντες,
550 3923 710 3977 πάλιν
745 3921 1012 3995 ὥρθριζον
1062 3922 1196 3992 πρὸς
1250 3921 1430 3975 αὐτόν.
1483 3923 1548 3974 Ὃ
1590 3920 1654 3992 δὴ
1697 3921 1804 3973 τῶν

234 4017 618 4083 γνησιωτάτων
653 4015 745 4068 καὶ
779 4012 1241 4084 ωμπαθεστάτων
1270 4012 1438 4081 φίλων
1467 4012 1614 4066 ἴδιον.
1645 4013 1723 4084 Τῇ
1749 4011 1805 4064 δὲ

237 4109 384 4178 κοινῇ
417 4107 672 4178 συνηθείᾳ
700 4107 952 4178 χρωμένη
985 4108 1017 4176 ἡ
1054 4103 1265 4177 Γραφὴ,
1311 4103 1484 4167 οὕτως
1521 4102 1805 4166 ἀπολύτως

237 4193 377 4250 εἴπεο
417 4198 837 4266 Παρεκὰθισαν
876 4196 1035 4263 αὐτῷ
1068 4195 1218 4250 ἑπτὰ
1262 4194 1485 4264 ἡμέρας
1527 4195 1623 4248 καὶ
1655 4195 1806 4248 ἑπτὰ

237 4291 477 4356 νύκτας.
516 4291 668 4343 Ἐπεὶ
694 4291 787 4343 καὶ
811 4291 898 4344 ὅτε
917 4289 1064 4358 λέγει
1088 4289 1179 4341 τὸν
1218 4287 1410 4340 Ἰακὼϐ
1435 4287 1804 4356 δεκατέσσαρα

239 4381 330 4454 ἐτη
395 4380 711 4445 δουλεῦσαι,
762 4381 856 4434 καὶ¹
910 4381 1258 4450 συγκαίεσθαι
1314 4379 1394 4450 τῷ
1442 4378 1660 4432 καύσονι
1705 4380 1806 4450 τῆς

2585 3277 2778 3318 noctes.

1970 3360 2087 3417 Non
2119 3359 2252 3415 dixit
2280 3373 2408 3413 vero
2433 3356 2740 3424 Scriptura,
2761 3355 2902 3426 quod
2927 3356 3230 3411 assederint
3257 3367 3464 3425 septem

1903 3454 2044 3528 dies,
2073 3467 2101 3506 a
2130 3465 2289 3505 mane
2322 3465 2494 3518 usque
2525 3450 2588 3502 ad
2613 3463 2914 3518 vesperam,
2935 3462 3108 3515 neque
3129 3458 3335 3517 septem
3364 3463 3466 3501 no-

1904 3554 2041 3607 ctes,
2065 3559 2094 3596 a
2125 3557 2347 3612 vespera
2391 3541 2456 3593 ad
2517 3554 2693 3593 mane.
2737 3538 2932 3606 Liquet
2961 3553 3112 3606 ergo,
3163 3539 3306 3605 quod
3343 3552 3476 3592 cum

1905 3635 2192 3691 maximam
2224 3633 2329 3687 diei
2357 3637 2563 3698 partem
2611 3628 2980 3691 assedissent,
3009 3627 3335 3679 recedebant
3372 3640 3473 3678 ne-

1905 3727 2155 3784 cessariis
2183 3726 2369 3779 usibus
2405 3720 2688 3788 explendis
2722 3733 2736 3771 :
2770 3731 2834 3771 ac
2869 3716 3069 3770 iterum
3117 3723 3472 3778 revertentes,

1906 3833 2078 3888 usque
2140 3820 2205 3872 ad
2252 3817 2474 3871 multam
2533 3821 2742 3868 noctem
2794 3809 3131 3874 assidebant,
3175 3817 3231 3862 et
3273 3805 3470 3860 iterum

1907 3907 2186 3974 abeuntes,
2237 3921 2428 3961 rursus
2474 3919 2631 3960 mane
2677 3903 2967 3958 veniebant
3001 3899 3066 3954 ad
3114 3914 3262 3956 eum.
3317 3897 3477 3964 Quod

1905 4016 2037 4056 sane
2059 3999 2458 4054 verissimorum
2483 3995 3156 4062 aﬂ'ectuosissimorumque
3175 3989 3477 4046 amicorum

1905 4091 2179 4161 proprium
2208 4087 2607 4144 est.Connnuni
2641 4096 2820 4140 autem
2887 4083 3276 4137 consuetudine
3316 4089 3476 4133 utens

1907 4181 2209 4251 Scriptura,
2256 4180 2324 4234 ita
2364 4180 2611 4234 absolute
2662 4180 2840 4233 locuta
2885 4183 3005 4228 est:
3037 4173 3294 4227 Sederunt
3335 4169 3478 4239 apud

1906 4275 2073 4344 ipsum
2103 4281 2299 4341 septem
2323 4271 2518 4337 dies,et
2541 4280 2733 4338 septem
2767 4276 2964 4321 noctes.
3002 4264 3268 4330 Quoniam
3309 4262 3473 4315 etiam

1904 4363 2118 4434 quando
2150 4361 2307 4426 dicit,
2342 4359 2606 4415 Jacobum
2639 4355 3049 4428 quattuordecim
3079 4367 3249 4406 annos
3275 4350 3476 4405 servis-

236 4442 444 4544 ἡμέρας
466 4472 562 4525 καὶ
597 4469 675 4542 τῷ
699 4442 918 4539 παγετῷ
967 4442 1065 4541 τῆς
1109 4469 1322 4531 νυκτὸς,
1365 4442 1481 4538 ’ἆρα
1529 4466 1634 4519 ύπὺ
1686 4442 1798 4518 στέέ

1907 4471 1986 4521 se,
2021 4465 2076 4508 et
2126 4464 2376 4508 exustum
2408 4451 2602 4520 {fuisse
2661 4458 2794 4504 a2stu
2840 4445 2970 4510 diei,
3019 4456 3073 4498 et
3109 4443 3230 4514 gelu
3263 4442 3472 4504 noctis;

238 4581 335 4637 γην
381 4565 485 4620 trba:
537 4563 707 4635 εἰσῄει
763 4562 926 4628 ποτέ;
978 4557 1088 4634 ἆρα
1139 4561 1396 4632 οὐδεμιᾶς
1447 4556 1802 4622 ἀναπαύσεως

241 4657 421 4728 ἔτυχεν
446 4657 553 4728 ὅλῳ
579 4655 658 4726 τῷ
685 4655 894 4726 χρόνῳ;
926 4653 1110 4707 Ταῦτα
1149 4653 1246 4724 μὲν
1296 4647 1388 4705 οὖν
1432 4651 1525 4704 καὶ
1555 4649 1805 4703 λεπτολο-

241 4751 350 4815 γεῖν
385 4746 646 4818 φλύαρον.
698 4745 784 4808 Ὡς
817 4745 924 4816 γὰρ
947 4743 1103 4816 ἔφην,
1145 4745 1178 4813 ὴ
1210 4742 1400 4814 Γραφὴ
1440 4744 1592 4812 κοινῇ
1640 4758 1804 4811 συνη-

243 4838 354 4911 θείᾳ
391 4839 613 4910 χρῆται.
682 4837 896 4906 Ἐπειδὴ
942 4835 999 4888 δέ
1046 4853 1224 4901 τινες,
1266 4832 1652 4904 κωμῳδοῦντες
1703 4832 1805 4904 τὴν

243 4929 476 5001 Γραφὴν,
507 4929 604 4983 καὶ
623 4926 870 4982 ἐντεῦθεν
895 4926 1063 4997 αὐτὴν
1095 4924 1168 4988 ὡς
1201 4922 1375 4994 ψευδῆ
1421 4921 1769 4993 διασύρουσιν
1789 4935 1804 4949 ⁸

254 5020 489 5094 ὭςβΤ)
526 5019 634 5091 γὰρ
664 5021 751 5084 ἂν,
788 5019 970 5089 φασιν,
995 5019 1167 5072 ἄσιτοι
1191 5013 1458 5068 διετέλουν
1485 5013 1578 5066 καὶ⁵
1616 5012 1810 5065 ἄϋπνοι

247 5115 328 5168 ἐπὶ
347 5114 632 5176 τοσαύταις
671 5111 936 5184 ἡμέραις;
972 5106 1395 5179 ἠναγκάσθημεν
1421 5102 1598 5160 αὐτῶν
1648 5119 1810 5156 συνα-

250 5205 510 5277 πραχθῆναι
538 5207 604 5276 τῇ
633 5202 847 5274 ἀκαίρῳ
881 5199 1228 5272 στενοχωρίᾳ.

895 5384 1052 5438 ΚΕΦ.
1087 5383 1138 5436 Γ’
1151 5423 1164 5439 .

319 5479 424 5553 ἧ28)
452 5481 591 5534 Ἀλλ’
621 5483 679 5535 ὲν
697 5479 904 5544 τούτοις
922 5477 1018 5549 μὲν
1041 5476 1100 5530 τὸ
1129 5474 1374 5548 δεύτερον
1394 5471 1620 5545 ἧνυσται
1643 5465 1814 5537 κεφά-

253 5587 409 5629 λαιον·
435 5575 528 5628 τοῦ
553 5573 736 5650 τρίτου
767 5573 824 5626 δὲ
871 5567 1210 5643 προθεωρίαν
1242 5563 1578 5636 ποιούμενοι,
1611 5558 1811 5630 φαμὲν,

1768 5697 1804 5714 η

312 5717 424 5784 (9.6)
454 5715 584 5784 tbtd.
615 5710 803 5784 eodem
842 5709 922 5784 tit.
945 5706 1215 5784 ascripta.

313 5779 423 5844 (‘27)
453 5783 584 5838 Ibid.
620 5782 809 5839 eodem
840 5779 1016 5836 titulo.

1910 4546 2148 4614 nunquid
2180 4554 2378 4600 tectum
2415 4556 2690 4612 nunquam
2728 4537 2982 4594 subibat?
3008 4535 3246 4603 nunquid
3275 4534 3480 4588 nullam

1911 4636 2101 4692 habuit
2127 4636 2372 4705 requiem
2403 4641 2515 4687 toto
2548 4631 2638 4684 illo
2669 4627 2949 4697 tempore?
2985 4627 3058 4681 De
3095 4625 3179 4678 his
3207 4624 3480 4678 subtiliter

1911 4731 2262 4797 pertractare,
2314 4720 2660 4793 nugatorium
2709 4727 2872 4773 esset.
2924 4716 2992 4772 Ut
3052 4716 3197 4769 enim
3249 4713 3480 4772 aiebam.

1915 4819 2191 4888 Scriptura
2225 4813 2504 4870 communi
2540 4809 2928 4864 consuetudine
2984 4808 3173 4860 utitur.
3213 4803 3480 4870 Quoniatn

1913 4925 2044 4965 vero
2070 4909 2290 4980 quidam
2343 4906 2696 4977 suggillantes
2741 4900 3102 4968 Scripturam,
3133 4896 3214 4950 vel
3251 4896 3376 4949 hinc
3404 4895 3482 4962 ip-

1916 5017 2031 5057 sam
2057 5015 2154 5055 ceu
2185 4999 2497 5052 mendacem
2533 4994 2863 5048 traducunt:
2893 4987 3175 5056 Quomodo
3204 4985 3370 5050 enim,
3394 4984 3484 5038 di-

1916 5083 2064 5156 eunt,
2112 5092 2229 5144 sine
2279 5088 2401 5142 cibo
2439 5089 2931 5158 perseveraverunt
2970 5088 3026 5133 et
3064 5078 3338 5132 insomnes
3389 5090 3485 5145 per

1921 5192 2000 5237 tot
2043 5180 2192 5237 dies?
2224 5178 2395 5234 coacti
2451 5191 2638 5233 sumus
2691 5186 2878 5230 eorum
2930 5184 3031 5226 nos
3077 5168 3487 5224 accommodare

1919 5275 2241 5345 importunae
2266 5269 2576 5326 subtilitati.

1934 5376 1941 5382 '
2567 5357 2720 5414 CAP.
2755 5354 2844 5412 ΙΙΙ.

1989 5459 2067 5513 Ac
2094 5456 2146 5511 in
2181 5455 2266 5510 bis
2295 5452 2512 5524 quidem
2545 5451 2842 5507 secundum
2871 5454 3034 5519 caput
3062 5443 3481 5511 absolutnmest.

1919 5550 2091 5610 Tertii
2128 5563 2259 5603 vero
2287 5545 2574 5616 quemdam
2608 5543 2770 5600 veluti
2803 5551 3146 5614 prospectum
3193 5536 3481 5598 facientes,

1985 5683 2307 5757 (27')_Forte
2336 5682 2440 5757 leg.
2467 5680 2613 5745 Πῶς.

1990 5752 2098 5829 (:28)
2130 5752 2260 5811 Ibid.
2291 5755 2414 5809 cod.
2461 5757 2542 5808 tit.
