4012 6340
616 319 684 375 67
1514 311 2078 374 SUPPLEMENTUM
2115 309 2206 365 AD
2243 307 2569 366 ORIGENIS
2611 305 3025 364 EXEGETICA.
3770 309 3826 362 88

615 438 878 506 dicimus,
930 437 1073 508 quod
1101 437 1244 495 dolet
1271 435 1488 507 quidem
1521 396 1607 490 vir
1649 435 1850 502 iustus,
1877 442 1934 489 et
1972 433 2040 487 de
2082 431 2175 484 hoc

2285 425 2361 490 ὡς
2398 425 2555 495 ἀλγεῖ
2589 426 2689 498 μὲν
2721 427 2751 480 ὁ
2787 425 3012 490 δίκαιος,
3058 424 3154 479 καὶ
3175 423 3283 478 οὐκ
3319 423 3387 479 ἄν
3425 439 3509 486 τις
3536 422 3827 494 ἀρνήσαιτο·

617 547 778 587 nemo
805 531 1017 588 inﬁcias
1038 533 1143 588 iret
1172 550 1188 588 :
1227 545 1336 587 non
1367 529 1511 584 enim
1538 529 1936 584 inseusatorum
1958 535 2044 582 est
2071 528 2186 581 vir~

617 625 847 689 tus,.sed
877 639 1067 680 eorum
1109 625 1200 694 qui
1235 623 1288 676 in
1317 620 1668 690 passionibus
1692 621 1758 675 ad
1791 635 1912 675 eam
1947 618 2188 674 studiose

617 715 977 771 contendunt.
1014 714 1168 769 Dolet
1194 725 1348 779 vero,
1383 720 1708 781 apparenter
1727 709 1968 777 quidem,
1999 722 2030 762 a
2059 722 2186 763 cor-

618 811 788 881 porali
819 810 972 881 plaga
1001 807 1312 865 acutissime
1334 805 1686 871 stimulatus;
1722 812 1778 858 at
1811 800 2187 858 intellectuali-

617 912 725 967 ter,
755 898 1206 972 tanquam’justus
1235 909 1289 955 et
1318 899 1410 955 Dei
1435 913 1645 961 amans,
1676 897 1771 967 qui
1797 895 2019 951 videbat
2049 908 2185 949 non-

616 997 795 1052 nuHos
825 995 1221 1050 scandalizatos
1267 1003 1494 1064 propter
1536 991 1819 1061 passiones
1859 1002 2010 1052 suas,
2050 994 2109 1041 ut
2136 985 2182 1042 si

617 1087 710 1142 Dei
737 1086 918 1157 gloria:
945 1086 1000 1139 in
1035 1085 1153 1156 ipso
1179 1084 1579 1146 detraheretur,
1595 1081 1743 1152 justo
1769 1079 1887 1135 haec
1911 1077 2184 1134 sustinen-

613 1186 685 1233 te.
721 1177 854 1232 Cum
882 1179 1027 1232 enim
1057 1175 1189 1231 dicit
1217 1195 1230 1230 :
1271 1172 1469 1244 thut'd
1516 1172 1739 1242 posuisti
1779 1187 1859 1224 me
1892 1169 2180 1223 obviorum

612 1272 706 1326 tibi
733 1271 816 1325 “‘l
852 1285 959 1326 non
989 1271 1104 1339 ipse
1145 1270 1254 1324 Deo
1289 1267 1548 1330 obviavit,
1573 1265 1744 1321 absit!
1779 1264 1865 1320 cui
1901 1263 2046 1319 enim
2087 1276 2183 1333 po-

613 1373 754 1418 terat
799 1361 1063 1417 obviare?
1101 1360 1211 1416 Sed
1255 1360 1398 1430 quod
1431 1357 1606 1421 dicit,
1643 1355 1775 1410 illud
1813 1363 1937 1410 est:
1979 1351 2181 1423 thuid

608 1466 834 1526 propter
863 1468 972 1518 me,
1021 1452 1266 1520 Domine,
1311 1467 1507 1507 nomen
1542 1459 1692 1505 tuum
1739 1445 2183 1518 blasphematur?

608 1544 886 1598 Turbatur
941 1552 1118 1598 tamen
1168 1541 1524 1598 nihilominus
1572 1550 1628 1598 et
1668 1548 1883 1606 aestuat,
1916 1554 1984 1594 ne
2038 1538 2182 1593 forte

607 1635 832 1688 omnino
863 1649 892 1688 a
942 1634 1052 1688 Deo
1086 1634 1334 1689 desertus
1365 1631 1578 1689 fuisset.
1607 1631 1752 1686 Nihil
1798 1630 1942 1686 enim
1993 1637 2181 1684 tanto-

608 1739 739 1794 pere
759 1724 1038 1779 excruciat
1059 1724 1293 1778 animam
1320 1723 1410 1779 Dei
1435 1731 1806 1790 amantem,ut
1831 1720 2095 1790 suspicari
2119 1733 2179 1775 se

2287 519 2348 572 οὑ
2375 517 2484 590 γὰρ
2510 517 2618 572 τῶν
2664 517 3004 590 ἀναισθήτων
3041 519 3075 588 ἡ
3111 516 3311 589 ἀρετὴ,
3350 515 3488 570 ἀλλὰ
3516 515 3620 568 τῶν
3656 517 3710 569 ὲν
3741 520 3832 581 τοῖς

2288 610 2485 664 πάθεσι
2535 609 2987 680 φιλοσοφούντων.
3036 610 3112 664 Οὐ
3152 609 3385 664 δύναται
3435 607 3546 677 (29)
3592 607 3668 673 δὲ,
3716 615 3835 664 κατὰ

2289 703 2386 773 μὲν
2417 702 2480 756 τὺ
2510 698 2851 774 φαξνόμενον,
2878 701 2984 756 ὑπὸ
3013 702 3112 774 τῆς
3141 703 3202 755 ἐν
3238 701 3409 774 σαρκὶ
3443 699 3650 772 πληγῆς
3673 699 3836 771 δριμυ-

2283 795 2460 860 τάτως
2493 793 2872 866 κεντούμενος’
2919 795 3063 850 κατὰ
3093 795 3151 848 δὲ
3189 793 3256 848 τὸ
3295 793 3607 864 νοούμενον,
3651 785 3730 846 οἶα
3767 792 3835 846 δί-

2285 905 2439 953 καιος
2463 888 2558 943 xal.
2593 887 2836 959 φιλόθεος
2875 888 3016 959 ἀνὴρ
3054 887 3197 960 ὁρῶν
3241 903 3403 951 τινας
3446 885 3836 956 σκανδαλιζομέ·

2285 999 2409 1046 νους
2456 981 2550 1035 ἐπὶ
2584 983 2697 1046 τοῖς
2741 979 2920 1035 αὐτῶν
2959 979 3069 1051 (50)
3118 979 3467 1051 παθήμασιν,
3510 978 3586 1041 ὡς
3623 978 3719 1048 τῆς
3757 977 3837 1032 τοῦ

2283 1075 2420 1129 Θεοῦ
2470 1073 2629 1146 δόξης
2693 1074 2780 1128 ἐπ’
2827 1073 2978 1145 αὐτῷ
3017 1071 3446 1143 διασυρομένης,
3501 1070 3550 1123 ει
3595 1072 3623 1124 ό
3661 1069 3840 1134 δίκαιος

2282 1165 2456 1221 ταῦτα
2480 1166 2756 1238 ὑπομένει.
2789 1166 2900 1220 Καὶ
2915 1167 3023 1238 γὰρ
3047 1165 3136 1219 ὅτε
3162 1163 3347 1233 λέγει’
3385 1164 3513 1218 ἰνα
3541 1162 3599 1216 τί
3625 1163 3753 1218 ἔθου
3771 1179 3837 1232 με

2283 1263 2412 1315 κατ’
2437 1261 2766 1329 ἐντευκτήν
2793 1261 2903 1332 (51)
2937 1275 3087 1323 σου;
3106 1258 3206 1312 οὐκ
3232 1256 3407 1320 αὐτὸς
3437 1254 3584 1308 κατὰ
3612 1254 3700 1308 τοῦ
3721 1253 3838 1309 Θεοῦ

2282 1353 2564 1425 ἐτύγχανε,
2598 1354 2671 1428 μὴ
2715 1353 2950 1423 γένοιτοί
2994 1351 3100 1407 τίνι
3137 1351 3245 1424 γὰρ
3293 1344 3447 1421 εῖχεν
3483 1348 3836 1419 ἐντυγχάνεινς

2295 1447 2455 1501 Ἀλλά
2479 1446 2637 1502 τοῦτό
2664 1450 2808 1502 ἐστιν
2827 1447 2855 1500 ὃ
2884 1461 3065 1518 φησιν·
3103 1445 3220 1498 Ἵνα
3240 1442 3297 1496 τί
3326 1442 3398 1496 δι’
3435 1441 3560 1512 ἐμὲ,
3598 1441 3834 1505 Δέσποτα,

2279 1540 2342 1594 τὸ
2381 1540 2550 1612 δνομά
2599 1557 2692 1594 σου
2737 1538 3168 1610 βλασφημεῖταις
3226 1535 3562 1609 Θορυὸεἷται
3612 1535 3667 1588 δὲ
3709 1534 3836 1588 οὐδὲν

2278 1629 2440 1705 ἦττον
2516 1633 2611 1688 καὶ
2667 1633 2870 1704 ίλιγγιᾷ
2889 1671 2905 1695 ,
2967 1631 3162 1703 μήπως
3209 1628 3420 1693 πλείως
3489 1627 3837 1697 ὲγκατάλειψιν

2280 1727 2488 1798 ὑπέστη
2521 1725 2672 1797 παρὰ
2694 1725 2850 1780 Θεοῦ.
2890 1724 3026 1778 Οὐδὲ
3051 1722 3160 1793 γὰρ
3188 1720 3336 1776 οὕτω
3362 1722 3684 1792 τιμωρεῖται
3712 1717 3833 1790 ψυχὴ

607 1830 638 1868 a
671 1816 778 1870 Deo
817 1830 938 1870 esse
963 1814 1236 1870 desertam
1271 1833 1285 1870 :
1317 1816 1445 1885 quin
1501 1815 1762 1870 inlluities
1806 1814 1941 1869 mori
1971 1812 2174 1877 mallet,

2281 1817 2545 1889 φιλόθεος,
2569 1817 2646 1881 ὡς
2664 1816 2726 1869 τὸ
2751 1814 2862 1886 (52)
2889 1812 3216 1869 ὑποπτεύειν
3261 1810 3685 1880 καταλελεῖφθαι
3708 1808 3835 1880 παρὰ

606 1924 769 1977 quam
800 1923 922 1962 cum
950 1906 1248 1978 angoribus
1273 1916 1327 1961 et
1355 1907 1663 1976 suspicione
1690 1905 1998 1974 huiusmodi
2033 1904 2180 1959 inter

603 2001 756 2055 vivos
805 1999 1097 2054 recenseri.
1141 1999 1325 2068 Itaque
1348 2010 1567 2071 propter
1594 1998 1968 2068 iumentorum
2007 2000 2178 2056 amis-

604 2091 836 2153 sionem,
857 2097 912 2144 et
940 2089 1170 2145 liliorum
1197 2089 1500 2144 confertam
1527 2100 1787 2156 mortem,
1821 2090 2010 2159 quales
2037 2091 2177 2146 emi-

603 2185 739 2240 serit
775 2184 963 2254 plenas
998 2184 1298 2254 gratiarum
1337 2183 1571 2238 actionis
1617 2199 1783 2239 voces
1827 2185 2174 2240 audivimus:

601 2277 874 2345 quomodo
907 2275 1072 2331 etiam
1128 2291 1354 2332 uxorem
1383 2275 1672 2338 erudierit,
1715 2290 1838 2346 quae
1891 2275 2174 2347 indignum

603 2368 784 2423 nescio
833 2369 976 2438 quod
1002 2368 1069 2424 de
1115 2369 1344 2424 Domino
1379 2376 1727 2438 reputaverat
1763 2385 1779 2423 :
1814 2368 1997 2437 qualia
2043 2367 2174 2423 item

599 2465 723 2522 post
753 2458 1110 2514 tentationem
1134 2467 1189 2512 et
1214 2456 1646 2513 exinanitionem
1667 2456 2032 2528 acerbamque
2057 2471 2177 2528 pas-

599 2550 806 2606 sionem
847 2552 1308 2619 pronuutiaverit,
1345 2559 1400 2606 et
1446 2565 1555 2625 quo
1595 2558 1753 2620 pacto
1801 2549 1954 2606 illum
1992 2549 2176 2608 nullus

599 2644 962 2698 humanorum
993 2652 1284 2697 eventuum
1325 2642 1742 2712 perturbaverit.
1786 2641 2015 2710 Quando
2042 2657 2175 2699 vem

597 2734 758 2789 amici
789 2734 1147 2799 advenerunt,
1180 2733 1428 2790 homines
1466 2733 1598 2802 justi
1643 2743 1700 2789 et
1731 2733 2035 2798 aﬂ'ectuosi,
2071 2748 2173 2803 op—

599 2836 890 2895 portunum
921 2826 1219 2880 arbitratus
1242 2833 1350 2891 est,
1382 2826 1572 2880 videns
1597 2839 1784 2880 eorum
1821 2824 2170 2880 tolerantiam

597 2929 655 2974 et
707 2918 1055 2974 dilectionem
1089 2932 1220 2988 erga
1268 2933 1353 2983 se,
1389 2933 1653 2972 enarrare
1701 2927 1867 2987 atque
1897 2931 2172 2988 exponere

596 3010 762 3065 animi
785 3011 868 3064 sui
897 3009 1135 3072 dolores,
1172 3009 1402 3079 illosque
1433 3009 1696 3064 historice
1724 3007 1932 3064 referre
1956 3009 2172 3078 putavit

594 3117 716 3158 esse
741 3103 862 3158 sine
885 3102 1142 3172 periculo.
1174 3081 1405 3158 Unicum
1434 3117 1668 3171 namque
1693 3112 1812 3156 erat
1836 3101 2034 3158 diaboli
2057 3111 2170 3157 stu-

595 3193 766 3257 dium,
794 3192 1006 3248 ellicere
1033 3201 1094 3246 ut
1117 3191 1297 3262 iustus
1327 3192 1430 3246 iste
1455 3191 1622 3245 Deum
1652 3191 2076 3262 blasphemaret.
2101 3193 2170 3248 At

591 3299 722 3338 vero
748 3283 1052 3338 nullatenus
1086 3291 1310 3366 apparet
1345 3296 1469 3335 eum
1507 3281 1651 3336 istud
1679 3282 1894 3346 fecisse,
1921 3283 2050 3353 quin
2077 3297 2171 3352 po-

594 3375 702 3430 tius
727 3375 1070 3430 benedixisse
1095 3383 1150 3429 et
1180 3373 1480 3445 gratiarum
1513 3375 1750 3430 actionis
1779 3383 1946 3429 testes
1981 3385 2171 3444 protu-

590 3465 721 3522 lisse
763 3482 948 3521 voces.
985 3465 1262 3520 Maledicit
1309 3473 1490 3520 autem
1548 3465 1692 3520 diem
1741 3466 2062 3527 nativitatis.
2114 3476 2170 3523 et

590 3567 826 3613 mortem
872 3557 1182 3621 desiderat,
1230 3567 1452 3627 propter
1492 3557 1743 3626 superius
1774 3557 1968 3614 allatas
2001 3558 2170 3613 ratio-

589 3666 708 3708 nes.
729 3651 799 3705 At
828 3651 989 3705 rebus
1032 3650 1100 3704 ad
1134 3659 1373 3705 mentem
1405 3649 1616 3713 relatis,
1657 3651 1918 3722 mysteria
1954 3650 2165 3721 eloqui-

587 3753 718 3800 tur:
750 3752 807 3798 et
856 3743 923 3798 de
972 3743 1038 3798 iis
1072 3743 1292 3812 quidem
1335 3758 1460 3812 quae
1499 3742 1610 3812 iam
1657 3753 1820 3797 antea
1846 3753 2162 3811 evenerant,

587 3835 1035 3903 philosophatur;
1086 3835 1153 3889 de
1204 3834 1408 3889 futuris
1465 3850 1594 3890 vero
1649 3835 1917 3892 certiores
1962 3836 2160 3893 reddit.

587 3925 904 3995 Huiusmodi
949 3927 1096 3980 enim
1127 3941 1342 3995 semper
1366 3937 1495 3982 sunt
1523 3938 1836 3983 sanctorum
1865 3921 2163 3998 prOpheta-

587 4033 706 4071 rum
745 4017 908 4070 dicta.
945 4015 1024 4069 Ad
1050 4017 1165 4086 ipsa
1207 4017 1373 4086 igitur
1410 4019 1574 4072 verba
1607 4021 1954 4082 accedentes,
1985 4020 2164 4074 decla-

589 4124 770 4163 remus
804 4122 1024 4164 sensum
1069 4123 1281 4173 eorum,
1309 4123 1375 4163 eo
1420 4108 1486 4162 ad
1529 4109 2030 4176 interpretationem
2064 4128 2164 4167 nos

586 4200 913 4268 deducente,
959 4200 1053 4271 qui
1106 4209 1355 4255 sanctum
1405 4199 1570 4253 etiam
1617 4197 1720 4254 Job
1751 4199 1821 4254 ad
1860 4202 2162 4258 certamina

584 4290 885 4348 roboravit.

827 4385 889 4440 V.
928 4385 978 4440 ι.
1012 4383 1142 4440 Post
1175 4385 1274 4438 hoc
1303 4383 1510 4453 aperuit
1538 4383 1642 4438 Job
1667 4400 1726 4438 os
1750 4399 1927 4437 suum.

653 4475 790 4545 Quia
815 4476 995 4547 iustus
1021 4492 1085 4531 os
1114 4477 1313 4547 aperit,
1357 4490 1464 4529 non
1503 4475 1971 4531 inconsiderantcr
1997 4490 2159 4546 Opor-
2188 4491 2233 4549 ι)

582 4577 662 4624 tet
691 4569 932 4623 animum
967 4568 1032 4622 iis
1060 4583 1182 4638 qua:
1207 4568 1467 4623 dicuntur
1492 4567 1802 4632 advertere,
1834 4567 1928 4623 sed
1972 4568 2156 4634 requi-

2279 1911 2414 1966 Θεοῦ
2433 1928 2447 1942 ·
2498 1911 2592 1965 καὶ
2636 1909 2893 1982 μυριάκις
2935 1907 3170 1978 αἱρεῖται
3210 1907 3306 1961 τδν
3363 1905 3617 1972 θάνατον,
3655 1903 3687 1975 ἢ
3722 1901 3836 1975 μετὰ

2277 2004 2586 2076 ἀλγηδόνων
2607 2003 2700 2057 καὶ
2718 2001 2974 2074 τοιαύτης
3001 2000 3238 2072 ὑποψίας
3284 2000 3404 2063 τοῖς
3433 1997 3600 2065 ζῶσιν
3635 1997 3834 2066 ἔγκατα·

2277 2095 2550 2166 λέγεσθαι.
2593 2095 2716 2150 Ἐπὶ
2761 2095 2859 2166 μὲν
2899 2089 2992 2148 οῦν
3020 2096 3087 2165 τῇ
3122 2091 3232 2147 τῶν
3276 2091 3582 2162 κτημάτων
3619 2086 3836 2158 ἀπωλείᾳ

2277 2189 2372 2244 καὶ
2409 2191 2476 2261 τῇ
2517 2188 2625 2243 τῶν
2657 2187 2860 2242 παίδων
2895 2185 3067 2258 ἀθρόᾳ
3101 2185 3329 2257 τελευτῇ
3368 2184 3488 2248 οἵας
3535 2183 3708 2252 ἀφῆκε
3748 2197 3833 2251 χα-

2280 2282 2586 2354 ριστηρίως
2612 2279 2793 2350 φωνὰς
2828 2277 3159 2350 ἠκούσαμεν,
3191 2278 3289 2332 καὶ
3327 2279 3480 2341 ὅπως
3507 2276 3604 2348 τὴν
3628 2275 3832 2345 γυναῖκα

2275 2371 2653 2438 ὲξεπαίδευσεν
2681 2370 2926 2444 ἀπρεπές
2949 2387 3002 2424 τι
3030 2371 3158 2442 περὶ
3187 2368 3284 2424 τοῦ
3342 2368 3616 2424 Δεσπότου
3646 2366 3832 2435 λογισα-

2279 2466 2468 2538 μένην,
2500 2465 2594 2519 καὶ
2619 2467 2744 2519 ποῖα
2780 2463 2918 2536 μετὰ
2945 2465 3138 2536 πεῖραν
3169 2463 3265 2517 καὶ
3301 2462 3650 2529 ὲξουδένωσιν
3679 2456 3831 2514 καὶτὸ

2273 2559 2438 2630 δριμὺ
2467 2557 2638 2621 πάθος
2662 2556 2982 2627 ἐφθέγξατο,
3016 2555 3109 2610 καὶ
3135 2556 3212 2619 ὡς
3248 2555 3407 2609 οὐδὲν
3439 2554 3600 2609 αὐτὸν
3633 2551 3733 2606 τῶν
3753 2551 3829 2604 ἁν-

2274 2649 2558 2722 θρωπίνων
2598 2649 3015 2720 συμπτωμάτων
3037 2647 3460 2721 διεθορύϐησενο
3490 2647 3566 2711 ὡς
3595 2644 3652 2698 δὲ
3677 2643 3723 2697 oi
3755 2639 3828 2712 φί-

2270 2738 2354 2793 λοι
2395 2740 2753 2810 παρεγένοντο
2786 2739 2980 2811 άνδρες
3013 2739 3212 2794 δίκαιοι
3253 2741 3355 2794 καὶ
3395 2736 3713 2809 συμπαθεῖς,
3751 2729 3827 2786 εὖ·

2273 2845 2464 2900 καιρον
2503 2827 2678 2900 ᾠήθη,
2714 2827 2932 2900 θεωρῶν
2963 2827 3140 2882 αὐτῶν
3174 2827 3273 2899 τὴν
3306 2826 3590 2899 ὑπομονὴν
3626 2824 3712 2879 καὶ
3745 2820 3826 2891 τὴν

2271 2919 2490 2990 ἀγάπην
2517 2921 2603 2972 ἐπ’
2633 2919 2812 2974 αὐτῶν
2850 2917 2983 2988 (55),
3013 2921 3189 2972 εἰπεῖν
3225 2920 3326 2974 καὶ
3368 2917 3716 2994 δημοσιεῦσαι
3743 2913 3826 2976 τὰς

2269 3012 2412 3067 κατὰ
2428 3012 2605 3084 ψυχὴν
2629 3012 2948 3083 ἀλγηδόνας,
2977 3013 3071 3066 καὶ
3098 3011 3400 3082 φθέγγεται
3435 3011 3534 3083 μὲν
3565 3008 3681 3064 καθ’
3713 3008 3830 3060 ίστο-

2273 3104 2394 3177 ρίαν
2438 3105 2734 3160 ἀκίνδυνον.
2787 3107 2884 3160 Ἕν
2917 3105 3026 3177 γάρ
3053 3101 3120 3176 ἦν
3159 3105 3253 3160 τοῦ
3293 3105 3548 3160 διαϐόλου
3592 3103 3651 3156 τὸ
3677 3097 3825 3154 σπού-

2273 3195 2474 3267 δασμα,
2517 3197 2576 3250 τὸ
2617 3197 3028 3266 παρασκευάσαι
3070 3196 3162 3251 τὸν
3201 3197 3415 3252 δίκαιον
3460 3192 3822 3269 βλασφημῆσαι

2271 3286 2424 3342 Θεόν.
2460 3289 2517 3343 '0
2549 3289 2606 3342 δὲ
2631 3290 2883 3362 οὐδαμῶς
2909 3291 3157 3360 φαίνεται
3184 3289 3347 3344 τοῦτο
3389 3287 3823 3361 διαπραξάμενος.

2270 3381 2406 3436 ἀλλὰ
2427 3381 2522 3436 καὶ
2558 3382 2756 3453 μᾶλλον
2783 3383 3126 3455 εὐφημῆσας,
3168 3385 3262 3436 καὶ
3293 3381 3679 3456 χαριστηρίους
3712 3375 3826 3429 dva-

2270 3471 2492 3544 πέμψας
2541 3472 2744 3542 φωνάς.
2808 3473 3130 3543 Καταρᾶται
3194 3472 3251 3525 δὲ
3311 3473 3416 3545 τὴν
3479 3469 3690 3542 ἡμέραν
3737 3462 3824 3532 τῆς

2269 3565 2595 3637 γεννήσεως,
2633 3562 2846 3618 καὶτὸν
2876 3563 3102 3618 θάνατον
3139 3561 3418 3626 ἐπιποθεῖ,
3458 3561 3547 3616 διὰ
3582 3558 3680 3621 τὰς
3716 3557 3831 3609 ἀνω·

2266 3656 2411 3729 τέρω
2450 3657 2735 3728 λεχθείσας
2771 3655 2970 3720 αἰτίας.
3007 3654 3152 3727 Πρὸς
3197 3653 3254 3707 δὲ
3293 3653 3545 3708 διάνοιαν
3585 3647 3830 3723 μυστήρια

2265 3750 2451 3805 λαλεῖ·
2502 3750 2596 3805 καὶ
2635 3751 2763 3821 περὶ
2798 3748 2906 3802 τῶν
2949 3748 3049 3819 ῆδη
3089 3747 3509 3820 προγεγονότων
3553 3737 3827 3813 φιλοσοφεῖν

2265 3845 2360 3897 καὶ
2397 3843 2732 3914 πληροφορεῖ
2769 3840 2831 3894 τὸ
2883 3839 3097 3911 μέλλον.
3140 3837 3410 3892 Τοιαῦται
3462 3838 3569 3909 γὰρ
3617 3833 3699 3888 ἀεὶ
3735 3828 3828 3883 τῶν

2265 3934 2433 4002 ἁγίων
2459 3933 2755 4005 προφητῶν
2793 3933 2850 3986 αἱ
2892 3934 3094 4004 ῥήσεις·
3133 3930 3256 3984 Ἐπὶ
3288 3931 3345 3984 δὲ
3379 3930 3570 3985 αὐτῶν
3610 3926 3714 3981 τῶν
3745 3921 3825 3974 λέ-

2265 4025 2400 4091 ξεων
2445 4027 2748 4097 γενόμενοι,
2795 4024 3184 4097 σαφηνίσωμεν
3227 4024 3328 4096 τὴν
3375 4024 3641 4086 διάνοιαν,
3675 4012 3824 4072 αὐτοῦ

2263 4117 2624 4190 ποδηγοῦντος
2651 4117 2787 4188 πρὸς
2815 4117 2916 4188 τὴν
2945 4117 3148 4188 έρμηνε
3159 4116 3262 4179 ίαν,
3298 4113 3393 4168 τοῦ
3434 4115 3531 4171 κα)⁸
3559 4113 3647 4169 τὸν
3686 4109 3825 4177 ἅγιον

2273 4209 2394 4265 Ἰὼϐ
2429 4210 2564 4283 πρὸς
2600 4210 2727 4274 τοὺς
2755 4208 2971 4279 ἀγῶνας
3012 4207 3414 4280 ὲνισχύσαντος.

2260 4387 2407 4459 Στίχ.
2431 4394 2498 4444 α’.
2521 4388 2683 4444 Μετὰ
2703 4388 2877 4443 τοῦτο
2899 4387 3144 4458 ἤνοιξεν
3179 4387 3300 4442 Ἰὼϐ
3315 4388 3384 4442 τὸ
3412 4389 3609 4454 στόμα
3628 4376 3818 4437 αὐτοῦ.

2335 4483 2456 4535 Ὅτι
2489 4481 2696 4544 δίκαιος
2721 4481 2926 4550 ἀνοίγει
2954 4481 3016 4534 τὸ
3047 4480 3242 4551 στόμα,
3279 4481 3377 4552 οὐχ
3411 4479 3601 4542 ἁπλῶς
3637 4467 3820 4530 οὑτωσὶ

2256 4573 2522 4646 προσήκει
2551 4571 2836 4645 προσέχειν
2868 4575 2982 4638 τοῖς
3015 4573 3347 4644 λεγομένοις,
3378 4573 3514 4628 ἀλλὰ
3539 4571 3607 4625 τὰ
3635 4566 3738 4638 (54)
3761 4565 3819 4615 ἐκ

583 4675 705 4716 rere
729 4660 869 4730 quod
921 4675 987 4716 ex
1039 4660 1222 4715 verbis
1262 4661 1445 4730 prodit
1492 4659 1940 4716 emolumentum.
1985 4659 2152 4714 Plena

2275 4665 2364 4718 τῶν
2395 4665 2570 4734 λόγων
2598 4665 2886 4736 ἀναζητεῖν
2912 4666 3198 4736 ὠφέλειαν.
3234 4665 3426 4720 Μεστὰ
3453 4665 3561 4736 γὰρ
3584 4661 3668 4716 ἀεὶ
3688 4658 3819 4724 ti)?“

579 4752 724 4807 enim
759 4763 977 4819 semper
1013 4760 1139 4804 sunt
1198 4750 1452 4806 utilitatis
1489 4749 1797 4818 huiusmodi
1839 4761 2151 4806 sanctorum

2275 4756 2404 4819 tela;
2435 4755 2502 4810 τά
2532 4754 2755 4810 τοιαῦτα
2791 4757 3017 4829 ῥήματα,
3061 4757 3170 4810 τῶν
3215 4757 3418 4826 ἁγίων·
3463 4757 3558 4810 καὶ
3601 4749 3818 4817 ἀνοίγων

579 4846 724 4901 dicta
752 4862 766 4900 :
794 4854 850 4900 et
871 4845 1128 4914 aperiens
1151 4845 1330 4916 iustus
1357 4862 1441 4912 os,
1461 4845 1704 4901 occultos
1728 4843 2006 4914 depromit
2034 4845 2152 4900 the-

2275 4847 2314 4900 τὸ
2358 4847 2530 4920 στόμα
2557 4847 2782 4915 δίκαιος,
2827 4849 3246 4921 κεκρυμμένους
3287 4847 3601 4920 δημοσιεύει
3636 4843 3821 4912 θησαυ-

577 4953 789 4993 sauros.
821 4937 1008 5008 itaque
1041 4948 1097 4993 et
1126 4954 1222 4994 vas
1260 4939 1541 4994 electionis
1567 4937 1768 4993 Paulus
1797 4938 2043 4994 scribens
2065 4938 2149 4992 di-

2275 4936 2399 5002 ιούς.
2436 4938 2528 4992 Διὸ
2557 4940 2653 4993 καὶ
2688 4939 2749 4993 τὸ
2767 4987 2770 4989 .
2788 4939 2980 5002 σκεῦος
3013 4939 3112 5011 τῆς
3142 4939 3371 5010 ἐκλογῆς
3401 4942 3429 4994 ὁ
3457 4936 3662 4998 Παῦλος
3703 4934 3816 4984 ἑπι-

575 5028 652 5083 cit
685 5053 696 5085 :
727 5028 801 5084 0s
831 5047 1003 5084 meum
1039 5031 1243 5100 aperuit
1273 5047 1330 5085 se
1365 5031 1434 5084 ad
1467 5048 1576 5095 vos,
1599 5029 1861 5085 Corinthii
1883 5030 1951 5084 ".
1987 5029 2052 5083 Et
2079 5030 2147 5086 de

2275 5031 2484 5085 ττέλλων
2515 5031 2647 5104 φησί
2659 5047 2674 5062 ο
2715 5031 2786 5086 Τὸ
2822 5031 3019 5100 στόμα
3058 5049 3179 5101 μου
3221 5031 3445 5104 ἀνέῳγε
3476 5029 3624 5099 πρὸς
3648 5020 3814 5094 ὑμᾶςν

577 5121 806 5177 Domino
833 5123 1097 5194 scriptum
1125 5131 1210 5177 est
1233 5140 1247 5176 :
1274 5123 1524 5190 Aperiens
1555 5139 1612 5175 os
1640 5138 1814 5185 suum,
1841 5122 2057 5176 docebat
2075 5122 2136 5176 ⁸⁷.
2164 5181 2175 5193 ,

2275 5123 2563 5192 Κορίνθιοι.
2626 5123 2738 5177 Καὶ
2791 5122 2918 5193 περὶ
2963 5121 3058 5175 τοῦ
3122 5123 3330 5196 Κυρίου
3385 5124 3692 5194 γέγραπται
3740 5114 3815 5166 ὅτι

575 5212 654 5266 Ac
682 5212 1002 5282 simpliciter
1034 5215 1102 5268 de
1128 5227 1194 5268 eo
1229 5212 1597 5268 testimoniqu
1627 5212 1970 5282 perhibetur,
1999 5215 2144 5283 quod

2275 5214 2526 5282 Ανοιξας
2563 5215 2632 5270 τὸ
2664 5215 2861 5285 στόμα
2898 5214 3087 5269 αὐτοῦ
3133 5215 3436 5271 ἐδίδασκε.
3483 5213 3593 5266 Καὶ
3639 5203 3816 5263 ἁπλῶς

573 5321 636 5362 os
676 5307 904 5374 aperiat,
937 5307 1030 5376 qui
1079 5305 1282 5361 silentii
1319 5305 1509 5358 modus
1554 5315 1714 5360 antea
1757 5306 1980 5362 edoctus
2013 5309 2138 5362 fuit.

2277 5310 2452 5373 κεῖνος
2485 5310 2839 5380 μαρτυρεῖται
2866 5307 3041 5378 στόμα
3072 5308 3328 5378 ἀνοίγειν,
3361 5308 3390 5360 ὁ
3417 5305 3622 5375 σιωπῆς
3652 5298 3814 5372 μέτρα

574 5397 757 5468 Itaque
781 5410 836 5453 et
860 5397 960 5454 Job
980 5415 1042 5455 os
1087 5399 1262 5470 aperit
1291 5408 1475 5470 postea
1501 5418 1512 5453 :
1540 5402 1592 5454 id
1632 5408 1716 5455 est
1742 5409 1861 5469 post
1892 5416 2143 5470 magnum

2275 5402 2512 5474 πρότερον
2534 5400 2820 5471 διδαχθείς.
2847 5401 3056 5456 υὺκοῦν
3080 5402 3174 5456 κα).
3211 5399 3330 5455 Ἰὼϐ
3347 5399 3550 5468 ἀνοίγει
3567 5395 3624 5449 τὸ
3648 5388 3812 5458 στόμα

639 5537 685 5569 ³⁸
716 5533 814 5588 Job
845 5549 942 5598 vn,
971 5534 1062 5588 εο.
1136 5537 1183 5569 ³⁸
1215 5533 1256 5590 ll
1283 5535 1407 5588 Cor.
1443 5550 1518 5600 vt,
1539 5533 1624 5589 ll.
1700 5534 1743 5565 "
1773 5532 1962 5590 Matth.
1995 5551 2045 5602 ι’,
2069 5535 2122 5590 2.

642 5631 754 5696 (:29)
792 5628 1095 5699 Legendum
1125 5630 1401 5685 ὀδυνᾶται.

645 5704 756 5770 (50)
785 5701 943 5755 Forte
970 5699 1156 5753 αὑτοῦ.

640 5775 752 5846 (51)
778 5773 1212 5842 Κατεντευκτήν.

2322 5627 2435 5694 (52)
2471 5625 2580 5696 Τῷ.

2322 5698 2436 5764 (55)
2474 5694 2638 5750 Forte
2676 5694 2816 5749 αὑτά
2849 5737 2859 5753 .

2326 5769 2438 5839 (54)
2477 5766 2632 5821 Ι⁴ἰιιίυ
2660 5768 2779 5837 τήν.
