  <div class='ocr_page' id='page_1' title='image "/cluster/home/n/w/nwhite01/storage/ocr_20150623/17/mdp.39015031604831/040.png"; bbox 0 0 4012 6340; ppageno 0'>
   <div class='ocr_carea' id='block_1_1' title="bbox 196 319 3461 398">
    <p class='ocr_par' dir='ltr' id='par_1_1' title="bbox 196 319 3461 398">
     <span class='ocr_line' id='line_1_1' title="bbox 196 319 3461 398; baseline -0.008 0"><span class='ocrx_word' id='word_1_1' title='bbox 196 340 258 398; x_wconf 76' lang='lat'><em>69</em></span> <span class='ocrx_word' id='word_1_2' title='bbox 1451 327 1983 388; x_wconf 77' lang='lat' dir='ltr'><strong>ENARRATIONES</strong></span> <span class='ocrx_word' id='word_1_3' title='bbox 2022 328 2088 383; x_wconf 82' lang='lat' dir='ltr'><strong>IN</strong></span> <span class='ocrx_word' id='word_1_4' title='bbox 2127 326 2271 384; x_wconf 81' lang='lat' dir='ltr'><strong>JOB.</strong></span> <span class='ocrx_word' id='word_1_5' title='bbox 3396 319 3461 374; x_wconf 75' lang='grc' dir='ltr'><strong>το</strong></span> 
     </span>
    </p>
   </div>
   <div class='ocr_carea' id='block_1_2' title="bbox 208 435 1813 539">
    <p class='ocr_par' dir='ltr' id='par_1_2' title="bbox 208 453 1792 539">
     <span class='ocr_line' id='line_1_2' title="bbox 208 453 1792 539; baseline -0.009 -20"><span class='ocrx_word' id='word_1_6' title='bbox 208 463 334 539; x_wconf 71' lang='grc' dir='ltr'><strong>μετὰ</strong></span> <span class='ocrx_word' id='word_1_7' title='bbox 356 462 553 517; x_wconf 76' lang='grc' dir='ltr'><strong>τοῦτο·</strong></span> <span class='ocrx_word' id='word_1_8' title='bbox 597 462 859 516; x_wconf 80' lang='grc' dir='ltr'>τουτέστι</span> <span class='ocrx_word' id='word_1_9' title='bbox 902 458 1034 531; x_wconf 83' lang='grc' dir='ltr'><strong>μετὰ</strong></span> <span class='ocrx_word' id='word_1_10' title='bbox 1067 457 1129 511; x_wconf 78' lang='grc' dir='ltr'><strong>τὸ</strong></span> <span class='ocrx_word' id='word_1_11' title='bbox 1170 456 1310 528; x_wconf 84' lang='grc' dir='ltr'><strong>μέγα</strong></span> <span class='ocrx_word' id='word_1_12' title='bbox 1349 454 1626 527; x_wconf 82' lang='grc' dir='ltr'><strong>τρόπαιον,</strong></span> <span class='ocrx_word' id='word_1_13' title='bbox 1676 453 1792 523; x_wconf 84' lang='grc' dir='ltr'><strong>μετ’</strong></span> 
     </span>
    </p>
   </div>
   <div class='ocr_carea' id='block_1_3' title="bbox 1914 435 3467 539">
    <p class='ocr_par' dir='ltr' id='par_1_3' title="bbox 1914 435 3467 516">
     <span class='ocr_line' id='line_1_3' title="bbox 1914 435 3467 516; baseline -0.009 -14"><span class='ocrx_word' id='word_1_14' title='bbox 1914 462 2185 516; x_wconf 70' lang='grc' dir='ltr'><strong>,ι-οῃτειιηι,</strong></span> <span class='ocrx_word' id='word_1_15' title='bbox 2213 449 2335 514; x_wconf 86' lang='lat' dir='ltr'><strong>post</strong></span> <span class='ocrx_word' id='word_1_16' title='bbox 2355 441 2632 512; x_wconf 90' lang='lat' dir='ltr'><strong>passiones</strong></span> <span class='ocrx_word' id='word_1_17' title='bbox 2655 439 2799 503; x_wconf 91' lang='lat' dir='ltr'><strong>illas,</strong></span> <span class='ocrx_word' id='word_1_18' title='bbox 2823 452 2931 493; x_wconf 90' lang='lat' dir='ltr'><strong>non</strong></span> <span class='ocrx_word' id='word_1_19' title='bbox 2960 451 3082 492; x_wconf 84' lang='lat' dir='ltr'><strong>stne</strong></span> <span class='ocrx_word' id='word_1_20' title='bbox 3112 435 3362 490; x_wconf 80' lang='lat' dir='ltr'><strong>examine</strong></span> <span class='ocrx_word' id='word_1_21' title='bbox 3386 435 3467 488; x_wconf 81' lang='lat' dir='ltr'><strong>lo-</strong></span> 
     </span>
    </p>
   </div>
   <div class='ocr_carea' id='block_1_4' title="bbox 205 526 1813 628">
    <p class='ocr_par' dir='ltr' id='par_1_4' title="bbox 205 526 1795 628">
     <span class='ocr_line' id='line_1_4' title="bbox 205 526 1795 628; baseline -0.011 -14"><span class='ocrx_word' id='word_1_22' title='bbox 205 526 381 615; x_wconf 76' lang='grc' dir='ltr'><strong>ἐκεῖνα</strong></span> <span class='ocrx_word' id='word_1_23' title='bbox 402 557 477 611; x_wconf 83' lang='grc' dir='ltr'><strong>τὰ</strong></span> <span class='ocrx_word' id='word_1_24' title='bbox 499 557 685 628; x_wconf 78' lang='grc' dir='ltr'><strong>πάθη,</strong></span> <span class='ocrx_word' id='word_1_25' title='bbox 721 558 821 609; x_wconf 83' lang='grc' dir='ltr'><strong>οὐκ</strong></span> <span class='ocrx_word' id='word_1_26' title='bbox 850 526 1216 612; x_wconf 65' lang='grc' dir='ltr'><strong>ἀέασανίστως</strong></span> <span class='ocrx_word' id='word_1_27' title='bbox 1246 549 1547 619; x_wconf 78' lang='grc' dir='ltr'><strong>φθέγγεται</strong></span> <span class='ocrx_word' id='word_1_28' title='bbox 1570 544 1795 616; x_wconf 88' lang='grc' dir='ltr'><strong>περιαλ-</strong></span> 
     </span>
    </p>
   </div>
   <div class='ocr_carea' id='block_1_5' title="bbox 1914 526 3435 628">
    <p class='ocr_par' dir='ltr' id='par_1_5' title="bbox 1914 526 3435 611">
     <span class='ocr_line' id='line_1_5' title="bbox 1914 526 3435 611; baseline -0.01 -17"><span class='ocrx_word' id='word_1_29' title='bbox 1914 542 2086 611; x_wconf 67' lang='lat' dir='ltr'><strong>luitur</strong></span> <span class='ocrx_word' id='word_1_30' title='bbox 2110 546 2220 592; x_wconf 90' lang='lat' dir='ltr'><strong>toto</strong></span> <span class='ocrx_word' id='word_1_31' title='bbox 2248 548 2481 604; x_wconf 89' lang='lat' dir='ltr'><strong>corpore</strong></span> <span class='ocrx_word' id='word_1_32' title='bbox 2502 532 2709 596; x_wconf 83' lang='lat' dir='ltr'><strong>dolens,</strong></span> <span class='ocrx_word' id='word_1_33' title='bbox 2734 529 3101 601; x_wconf 68' lang='lat' dir='ltr'><strong>praeveniente</strong></span> <span class='ocrx_word' id='word_1_34' title='bbox 3127 526 3305 595; x_wconf 85' lang='lat' dir='ltr'><strong>lingua</strong></span> <span class='ocrx_word' id='word_1_35' title='bbox 3336 542 3435 596; x_wconf 87' lang='lat' dir='ltr'><strong>prn</strong></span> 
     </span>
    </p>
   </div>
   <div class='ocr_carea' id='block_1_6' title="bbox 212 620 1813 723">
    <p class='ocr_par' dir='ltr' id='par_1_6' title="bbox 212 620 1797 723">
     <span class='ocr_line' id='line_1_6' title="bbox 212 620 1797 723; baseline -0.011 -17"><span class='ocrx_word' id='word_1_36' title='bbox 212 654 318 723; x_wconf 76' lang='grc' dir='ltr'><strong>γῶν</strong></span> <span class='ocrx_word' id='word_1_37' title='bbox 341 649 418 722; x_wconf 79' lang='grc' dir='ltr'><strong>τῷ</strong></span> <span class='ocrx_word' id='word_1_38' title='bbox 438 620 689 721; x_wconf 61' lang='grc' dir='ltr'><strong>σώματί,</strong></span> <span class='ocrx_word' id='word_1_39' title='bbox 714 649 813 718; x_wconf 83' lang='grc' dir='ltr'><strong>τῆς</strong></span> <span class='ocrx_word' id='word_1_40' title='bbox 836 646 1082 715; x_wconf 79' lang='grc' dir='ltr'><strong>γλώσσης</strong></span> <span class='ocrx_word' id='word_1_41' title='bbox 1108 639 1415 712; x_wconf 84' lang='grc' dir='ltr'><strong>φθανούσης</strong></span> <span class='ocrx_word' id='word_1_42' title='bbox 1441 639 1503 692; x_wconf 81' lang='grc' dir='ltr'><strong>τὸ</strong></span> <span class='ocrx_word' id='word_1_43' title='bbox 1532 637 1633 707; x_wconf 79' lang='grc' dir='ltr'><strong>τῆς</strong></span> <span class='ocrx_word' id='word_1_44' title='bbox 1663 653 1797 708; x_wconf 82' lang='grc' dir='ltr'><strong>φρο-</strong></span> 
     </span>
    </p>
   </div>
   <div class='ocr_carea' id='block_1_7' title="bbox 1914 620 3461 723">
    <p class='ocr_par' dir='ltr' id='par_1_7' title="bbox 1914 620 3461 698">
     <span class='ocr_line' id='line_1_7' title="bbox 1914 620 3461 698; baseline -0.012 -9"><span class='ocrx_word' id='word_1_45' title='bbox 1914 634 2098 689; x_wconf 76' lang='lat' dir='ltr'><strong>lentia:</strong></span> <span class='ocrx_word' id='word_1_46' title='bbox 2122 631 2288 698; x_wconf 86' lang='lat' dir='ltr'><strong>leges,</strong></span> <span class='ocrx_word' id='word_1_47' title='bbox 2316 628 2410 682; x_wconf 89' lang='lat' dir='ltr'><strong>sed</strong></span> <span class='ocrx_word' id='word_1_48' title='bbox 2434 625 2519 679; x_wconf 85' lang='lat' dir='ltr'><strong>vel</strong></span> <span class='ocrx_word' id='word_1_49' title='bbox 2548 625 2599 678; x_wconf 93' lang='lat' dir='ltr'><strong>in</strong></span> <span class='ocrx_word' id='word_1_50' title='bbox 2633 624 2766 693; x_wconf 90' lang='lat' dir='ltr'><strong>ipsis</strong></span> <span class='ocrx_word' id='word_1_51' title='bbox 2788 623 3014 678; x_wconf 82' lang='lat' dir='ltr'><strong>vocibus</strong></span> <span class='ocrx_word' id='word_1_52' title='bbox 3033 620 3251 675; x_wconf 89' lang='lat' dir='ltr'><strong>sobrius</strong></span> <span class='ocrx_word' id='word_1_53' title='bbox 3281 627 3461 673; x_wconf 56' lang='lat' dir='ltr'><strong>osten-</strong></span> 
     </span>
    </p>
   </div>
   <div class='ocr_carea' id='block_1_8' title="bbox 210 709 1813 817">
    <p class='ocr_par' dir='ltr' id='par_1_8' title="bbox 210 709 1799 817">
     <span class='ocr_line' id='line_1_8' title="bbox 210 709 1799 817; baseline -0.014 -19"><span class='ocrx_word' id='word_1_54' title='bbox 465 709 756 811; x_wconf 73' lang='grc' dir='ltr'><strong>ἔνθεσμον,</strong></span> <span class='ocrx_word' id='word_1_55' title='bbox 977 709 1271 803; x_wconf 77' lang='grc' dir='ltr'><strong>σωφρονῶν</strong></span> <span class='ocrx_word' id='word_1_56' title='bbox 1308 709 1403 782; x_wconf 75' lang='grc' dir='ltr'><strong>καὶ</strong></span> <span class='ocrx_word' id='word_1_57' title='bbox 1441 728 1563 790; x_wconf 82' lang='grc' dir='ltr'><strong>ταῖς</strong></span> <span class='ocrx_word' id='word_1_58' title='bbox 1593 726 1799 795; x_wconf 84' lang='grc' dir='ltr'>φωναῖς</span> 
     </span>
    </p>
   </div>
   <div class='ocr_carea' id='block_1_9' title="bbox 1914 709 3465 817">
    <p class='ocr_par' dir='ltr' id='par_1_9' title="bbox 1914 709 3465 781">
     <span class='ocr_line' id='line_1_9' title="bbox 1914 709 3465 781; baseline -0.013 -2"><span class='ocrx_word' id='word_1_59' title='bbox 1914 725 2068 780; x_wconf 86' lang='lat' dir='ltr'><strong>litur.</strong></span> <span class='ocrx_word' id='word_1_60' title='bbox 2112 720 2314 775; x_wconf 79' lang='lat' dir='ltr'><strong>lndicat</strong></span> <span class='ocrx_word' id='word_1_61' title='bbox 2355 717 2520 771; x_wconf 90' lang='lat' dir='ltr'><strong>etiam</strong></span> <span class='ocrx_word' id='word_1_62' title='bbox 2558 715 2753 768; x_wconf 74' lang='lat' dir='ltr'><strong>animae</strong></span> <span class='ocrx_word' id='word_1_63' title='bbox 2792 710 3266 781; x_wconf 90' lang='lat' dir='ltr'><strong>tranquillitatem,</strong></span> <span class='ocrx_word' id='word_1_64' title='bbox 3318 709 3465 776; x_wconf 81' lang='lat' dir='ltr'><strong>ipso-</strong></span> 
     </span>
    </p>
   </div>
   <div class='ocr_carea' id='block_1_10' title="bbox 210 801 1813 901">
    <p class='ocr_par' dir='ltr' id='par_1_10' title="bbox 210 801 1799 901">
     <span class='ocr_line' id='line_1_10' title="bbox 210 801 1799 901; baseline -0.013 -10"><span class='ocrx_word' id='word_1_65' title='bbox 210 801 614 891; x_wconf 63' lang='grc' dir='ltr'><strong>ὑποδείκνυται.</strong></span> <span class='ocrx_word' id='word_1_66' title='bbox 633 801 813 901; x_wconf 43' lang='grc' dir='ltr'><strong>’Δηλοῖ</strong></span> <span class='ocrx_word' id='word_1_67' title='bbox 843 827 900 880; x_wconf 84' lang='grc' dir='ltr'><strong>δὲ</strong></span> <span class='ocrx_word' id='word_1_68' title='bbox 942 824 1035 879; x_wconf 75' lang='grc' dir='ltr'><strong>καὶ</strong></span> <span class='ocrx_word' id='word_1_69' title='bbox 1066 801 1165 894; x_wconf 63' lang='grc' dir='ltr'><strong>τήν</strong></span> <span class='ocrx_word' id='word_1_70' title='bbox 1202 820 1441 891; x_wconf 78' lang='grc' dir='ltr'><strong>γαλήνην</strong></span> <span class='ocrx_word' id='word_1_71' title='bbox 1489 819 1589 889; x_wconf 85' lang='grc' dir='ltr'><strong>τῆς</strong></span> <span class='ocrx_word' id='word_1_72' title='bbox 1620 817 1799 888; x_wconf 79' lang='grc' dir='ltr'><strong>ψυχῆς</strong></span> 
     </span>
    </p>
   </div>
   <div class='ocr_carea' id='block_1_11' title="bbox 1914 801 3465 901">
    <p class='ocr_par' dir='ltr' id='par_1_11' title="bbox 1914 801 3465 884">
     <span class='ocr_line' id='line_1_11' title="bbox 1914 801 3465 884; baseline -0.009 -17"><span class='ocrx_word' id='word_1_73' title='bbox 1914 829 2129 884; x_wconf 68' lang='lat' dir='ltr'><strong>numque</strong></span> <span class='ocrx_word' id='word_1_74' title='bbox 2162 812 2450 867; x_wconf 85' lang='lat' dir='ltr'><strong>verborum</strong></span> <span class='ocrx_word' id='word_1_75' title='bbox 2490 806 2767 873; x_wconf 82' lang='lat' dir='ltr'><strong>decorem,</strong></span> <span class='ocrx_word' id='word_1_76' title='bbox 2796 803 2941 875; x_wconf 89' lang='lat' dir='ltr'><strong>quod</strong></span> <span class='ocrx_word' id='word_1_77' title='bbox 2963 804 3029 859; x_wconf 84' lang='lat' dir='ltr'><strong>de</strong></span> <span class='ocrx_word' id='word_1_78' title='bbox 3053 801 3148 858; x_wconf 91' lang='lat' dir='ltr'><strong>illo</strong></span> <span class='ocrx_word' id='word_1_79' title='bbox 3175 801 3465 872; x_wconf 83' lang='lat' dir='ltr'><strong>perhibea-</strong></span> 
     </span>
    </p>
   </div>
   <div class='ocr_carea' id='block_1_12' title="bbox 210 905 1813 997">
    <p class='ocr_par' dir='ltr' id='par_1_12' title="bbox 210 909 1799 997">
     <span class='ocr_line' id='line_1_12' title="bbox 210 909 1799 997; baseline -0.014 -14"><span class='ocrx_word' id='word_1_80' title='bbox 210 927 438 983; x_wconf 77' lang='grc' dir='ltr'><strong>καὶτῶν</strong></span> <span class='ocrx_word' id='word_1_81' title='bbox 464 925 726 997; x_wconf 78' lang='grc' dir='ltr'><strong>ῥημάτων</strong></span> <span class='ocrx_word' id='word_1_82' title='bbox 745 920 808 974; x_wconf 79' lang='grc' dir='ltr'><strong>τὸ</strong></span> <span class='ocrx_word' id='word_1_83' title='bbox 830 915 1111 990; x_wconf 88' lang='grc' dir='ltr'><strong>ἐμπρεπές</strong></span> <span class='ocrx_word' id='word_1_84' title='bbox 1138 915 1173 986; x_wconf 82' lang='grc' dir='ltr'><strong>ή</strong></span> <span class='ocrx_word' id='word_1_85' title='bbox 1194 912 1288 967; x_wconf 79' lang='grc' dir='ltr'><strong>τοῦ</strong></span> <span class='ocrx_word' id='word_1_86' title='bbox 1313 912 1518 979; x_wconf 75' lang='grc' dir='ltr'><strong>ἀνοῖξαι</strong></span> <span class='ocrx_word' id='word_1_87' title='bbox 1542 910 1602 965; x_wconf 79' lang='grc' dir='ltr'><strong>τὸ</strong></span> <span class='ocrx_word' id='word_1_88' title='bbox 1624 909 1799 981; x_wconf 83' lang='grc' dir='ltr'><strong>στόμα</strong></span> 
     </span>
    </p>
   </div>
   <div class='ocr_carea' id='block_1_13' title="bbox 1914 905 2409 997">
    <p class='ocr_par' dir='ltr' id='par_1_13' title="bbox 1914 905 2409 975">
     <span class='ocr_line' id='line_1_13' title="bbox 1914 905 2409 975; baseline -0.014 -13"><span class='ocrx_word' id='word_1_89' title='bbox 1914 920 1986 962; x_wconf 70' lang='lat' dir='ltr'><strong>tur</strong></span> <span class='ocrx_word' id='word_1_90' title='bbox 2017 905 2295 975; x_wconf 90' lang='lat' dir='ltr'><strong>aperuisse</strong></span> <span class='ocrx_word' id='word_1_91' title='bbox 2326 914 2409 956; x_wconf 89' lang='lat' dir='ltr'><strong>os.</strong></span> 
     </span>
    </p>
   </div>
   <div class='ocr_carea' id='block_1_14' title="bbox 217 1012 858 1089">
    <p class='ocr_par' dir='ltr' id='par_1_14' title="bbox 217 1012 858 1089">
     <span class='ocr_line' id='line_1_14' title="bbox 217 1012 858 1089; baseline -0.014 -15"><span class='ocrx_word' id='word_1_92' title='bbox 217 1018 383 1074; x_wconf 76' lang='grc' dir='ltr'><strong>αὐτοῦ</strong></span> <span class='ocrx_word' id='word_1_93' title='bbox 414 1015 696 1089; x_wconf 86' lang='grc' dir='ltr'><strong>μαρτυρία</strong></span> <span class='ocrx_word' id='word_1_94' title='bbox 724 1012 858 1084; x_wconf 77' lang='grc'><strong>(55).</strong></span> 
     </span>
    </p>
   </div>
   <div class='ocr_carea' id='block_1_15' title="bbox 859 1081 1813 1154">
    <p class='ocr_par' dir='ltr' id='par_1_15' title="bbox 859 1098 1165 1154">
     <span class='ocr_line' id='line_1_15' title="bbox 859 1098 1165 1154; baseline -0.013 0"><span class='ocrx_word' id='word_1_95' title='bbox 859 1101 1015 1154; x_wconf 80' lang='grc' dir='ltr'><strong>ΚΕΦ.</strong></span> <span class='ocrx_word' id='word_1_96' title='bbox 1060 1098 1165 1152; x_wconf 85' lang='grc' dir='ltr'><strong>ΙΘ’.</strong></span> 
     </span>
    </p>
   </div>
   <div class='ocr_carea' id='block_1_16' title="bbox 1914 1081 2847 1154">
    <p class='ocr_par' dir='ltr' id='par_1_16' title="bbox 2507 1081 2847 1141">
     <span class='ocr_line' id='line_1_16' title="bbox 2507 1081 2847 1141; baseline -0.003 -2"><span class='ocrx_word' id='word_1_97' title='bbox 2507 1082 2660 1141; x_wconf 78' lang='lat' dir='ltr'><strong>CAP.</strong></span> <span class='ocrx_word' id='word_1_98' title='bbox 2704 1081 2847 1138; x_wconf 80' lang='lat' dir='ltr'><strong>XIX.</strong></span> 
     </span>
    </p>
   </div>
   <div class='ocr_carea' id='block_1_17' title="bbox 224 1171 1813 1274">
    <p class='ocr_par' dir='ltr' id='par_1_17' title="bbox 224 1182 1802 1274">
     <span class='ocr_line' id='line_1_17' title="bbox 224 1182 1802 1274; baseline -0.032 2"><span class='ocrx_word' id='word_1_99' title='bbox 224 1202 324 1274; x_wconf 70' lang='grc'><strong>(⁵6)</strong></span> <span class='ocrx_word' id='word_1_100' title='bbox 356 1200 512 1271; x_wconf 74' lang='grc' dir='ltr'><strong>Στίχο</strong></span> <span class='ocrx_word' id='word_1_101' title='bbox 541 1203 612 1253; x_wconf 79' lang='grc' dir='ltr'><strong>α’·</strong></span> <span class='ocrx_word' id='word_1_102' title='bbox 644 1196 792 1260; x_wconf 84' lang='grc' dir='ltr'><strong>Ἕως</strong></span> <span class='ocrx_word' id='word_1_103' title='bbox 814 1194 980 1258; x_wconf 69' lang='grc' dir='ltr'><strong>τινος</strong></span> <span class='ocrx_word' id='word_1_104' title='bbox 1008 1190 1270 1261; x_wconf 76' lang='grc' dir='ltr'><strong>ἔγκωπον</strong></span> <span class='ocrx_word' id='word_1_105' title='bbox 1284 1185 1564 1253; x_wconf 77' lang='grc' dir='ltr'><strong>ποιήσετε</strong></span> <span class='ocrx_word' id='word_1_106' title='bbox 1588 1182 1802 1253; x_wconf 65' lang='grc' dir='ltr'><strong><em>ψυχήν</em></strong></span> 
     </span>
    </p>
   </div>
   <div class='ocr_carea' id='block_1_18' title="bbox 1914 1171 3469 1274">
    <p class='ocr_par' dir='ltr' id='par_1_18' title="bbox 1914 1171 3469 1248">
     <span class='ocr_line' id='line_1_18' title="bbox 1914 1171 3469 1248; baseline -0.006 -16"><span class='ocrx_word' id='word_1_107' title='bbox 1914 1176 1969 1232; x_wconf 67' lang='grc' dir='ltr'><strong>ν.</strong></span> <span class='ocrx_word' id='word_1_108' title='bbox 2007 1177 2058 1231; x_wconf 77' lang='grc'><strong>1.</strong></span> <span class='ocrx_word' id='word_1_109' title='bbox 2094 1175 2376 1248; x_wconf 83' lang='lat' dir='ltr'><strong>Quousque</strong></span> <span class='ocrx_word' id='word_1_110' title='bbox 2406 1174 2723 1228; x_wconf 74' lang='lat' dir='ltr'><strong>laboriosam</strong></span> <span class='ocrx_word' id='word_1_111' title='bbox 2754 1172 2964 1242; x_wconf 86' lang='lat' dir='ltr'><strong>facietis</strong></span> <span class='ocrx_word' id='word_1_112' title='bbox 3007 1173 3239 1225; x_wconf 75' lang='lat' dir='ltr'><strong>quintam</strong></span> <span class='ocrx_word' id='word_1_113' title='bbox 3264 1171 3469 1225; x_wconf 84' lang='lat' dir='ltr'><strong>meam?</strong></span> 
     </span>
    </p>
   </div>
   <div class='ocr_carea' id='block_1_19' title="bbox 1012 1277 1087 1324">
    <p class='ocr_par' dir='ltr' id='par_1_19' title="bbox 1012 1277 1087 1324">
     <span class='ocr_line' id='line_1_19' title="bbox 1012 1277 1087 1324; baseline -0.013 1"><span class='ocrx_word' id='word_1_114' title='bbox 1012 1277 1087 1324; x_wconf 70' lang='grc' dir='ltr'><em>υέ</em></span> 
     </span>
    </p>
   </div>
   <div class='ocr_carea' id='block_1_20' title="bbox 287 1280 1813 1434">
    <p class='ocr_par' dir='ltr' id='par_1_20' title="bbox 287 1280 1803 1434">
     <span class='ocr_line' id='line_1_20' title="bbox 1012 1280 1087 1324; baseline -0.013 1"><span class='ocrx_word' id='word_1_115' title='bbox 1012 1280 1087 1324; x_wconf 66' lang='lat' dir='ltr'><strong>vi</strong></span> 
     </span>
     <span class='ocr_line' id='line_1_21' title="bbox 287 1280 1803 1434; baseline -0.013 -17"><span class='ocrx_word' id='word_1_116' title='bbox 287 1366 506 1434; x_wconf 85' lang='grc' dir='ltr'><strong>Ὠσπερ</strong></span> <span class='ocrx_word' id='word_1_117' title='bbox 548 1359 776 1431; x_wconf 81' lang='grc' dir='ltr'><strong>σώματα</strong></span> <span class='ocrx_word' id='word_1_118' title='bbox 823 1280 1010 1429; x_wconf 55' lang='grc' dir='ltr'><strong>βαρέῗ</strong></span> <span class='ocrx_word' id='word_1_119' title='bbox 1035 1351 1388 1423; x_wconf 78' lang='grc' dir='ltr'><strong>ἐπιτιθέμενα</strong></span> <span class='ocrx_word' id='word_1_120' title='bbox 1425 1347 1581 1413; x_wconf 80' lang='grc' dir='ltr'><strong>ζώων</strong></span> <span class='ocrx_word' id='word_1_121' title='bbox 1622 1345 1803 1416; x_wconf 86' lang='grc' dir='ltr'><strong>σώμα-</strong></span> 
     </span>
    </p>
   </div>
   <div class='ocr_carea' id='block_1_21' title="bbox 1914 1280 3468 1434">
    <p class='ocr_par' dir='ltr' id='par_1_21' title="bbox 1968 1323 3468 1399">
     <span class='ocr_line' id='line_1_22' title="bbox 1968 1323 3468 1399; baseline -0.006 -14"><span class='ocrx_word' id='word_1_122' title='bbox 1968 1330 2435 1399; x_wconf 84' lang='lat' dir='ltr'><strong>Quemadmodum</strong></span> <span class='ocrx_word' id='word_1_123' title='bbox 2488 1342 2717 1397; x_wconf 90' lang='lat' dir='ltr'><strong>corpora</strong></span> <span class='ocrx_word' id='word_1_124' title='bbox 2762 1326 2949 1397; x_wconf 87' lang='lat' dir='ltr'><strong>gravia</strong></span> <span class='ocrx_word' id='word_1_125' title='bbox 2989 1323 3241 1394; x_wconf 84' lang='lat' dir='ltr'><strong>imposita</strong></span> <span class='ocrx_word' id='word_1_126' title='bbox 3269 1325 3468 1377; x_wconf 87' lang='lat' dir='ltr'><strong>anima-</strong></span> 
     </span>
    </p>
   </div>
   <div class='ocr_carea' id='block_1_22' title="bbox 222 1416 1813 1526">
    <p class='ocr_par' dir='ltr' id='par_1_22' title="bbox 222 1416 1801 1526">
     <span class='ocr_line' id='line_1_23' title="bbox 476 1416 1263 1434; baseline -0.014 0"><span class='ocrx_word' id='word_1_127' title='bbox 476 1416 488 1434; x_wconf 84' lang='lat'><strong>.</strong></span> <span class='ocrx_word' id='word_1_128' title='bbox 631 1416 643 1431; x_wconf 91' lang='lat'><strong>.</strong></span> <span class='ocrx_word' id='word_1_129' title='bbox 824 1416 835 1427; x_wconf 93' lang='lat'><strong>.</strong></span> <span class='ocrx_word' id='word_1_130' title='bbox 898 1416 910 1429; x_wconf 90' lang='lat'><strong>.</strong></span> <span class='ocrx_word' id='word_1_131' title='bbox 1251 1416 1263 1423; x_wconf 90' lang='lat'><strong>.</strong></span> 
     </span>
     <span class='ocr_line' id='line_1_24' title="bbox 222 1436 1801 1526; baseline -0.015 -15"><span class='ocrx_word' id='word_1_132' title='bbox 222 1475 325 1521; x_wconf 67' lang='grc' dir='ltr'><strong>σιν,</strong></span> <span class='ocrx_word' id='word_1_133' title='bbox 368 1456 613 1526; x_wconf 73' lang='grc' dir='ltr'><strong>κάμνειν⁸</strong></span> <span class='ocrx_word' id='word_1_134' title='bbox 642 1452 816 1505; x_wconf 84' lang='grc' dir='ltr'>ποιεῖν</span> <span class='ocrx_word' id='word_1_135' title='bbox 856 1447 925 1501; x_wconf 78' lang='grc' dir='ltr'><strong>τὰ</strong></span> <span class='ocrx_word' id='word_1_136' title='bbox 971 1444 1339 1516; x_wconf 80' lang='grc' dir='ltr'><strong>βαστάζοντα’</strong></span> <span class='ocrx_word' id='word_1_137' title='bbox 1385 1440 1557 1503; x_wconf 77' lang='grc' dir='ltr'><strong>οὓτως</strong></span> <span class='ocrx_word' id='word_1_138' title='bbox 1587 1436 1692 1491; x_wconf 83' lang='grc' dir='ltr'><strong>εἰσί</strong></span> <span class='ocrx_word' id='word_1_139' title='bbox 1721 1454 1801 1489; x_wconf 86' lang='grc' dir='ltr'><strong>τι-</strong></span> 
     </span>
    </p>
   </div>
   <div class='ocr_carea' id='block_1_23' title="bbox 1914 1416 3469 1526">
    <p class='ocr_par' dir='ltr' id='par_1_23' title="bbox 1914 1416 3469 1494">
     <span class='ocr_line' id='line_1_25' title="bbox 1914 1416 3469 1494; baseline -0.007 -14"><span class='ocrx_word' id='word_1_140' title='bbox 1914 1426 2031 1480; x_wconf 75' lang='lat' dir='ltr'><strong>lium</strong></span> <span class='ocrx_word' id='word_1_141' title='bbox 2059 1424 2402 1494; x_wconf 87' lang='lat' dir='ltr'><strong>corporibus,</strong></span> <span class='ocrx_word' id='word_1_142' title='bbox 2425 1422 2690 1493; x_wconf 80' lang='lat' dir='ltr'><strong>gestantia</strong></span> <span class='ocrx_word' id='word_1_143' title='bbox 2719 1418 3150 1488; x_wconf 80' lang='lat' dir='ltr'><strong>defatigantzsic</strong></span> <span class='ocrx_word' id='word_1_144' title='bbox 3183 1425 3313 1473; x_wconf 91' lang='lat' dir='ltr'><strong>sunt</strong></span> <span class='ocrx_word' id='word_1_145' title='bbox 3347 1416 3469 1485; x_wconf 87' lang='lat' dir='ltr'><strong>qui-</strong></span> 
     </span>
    </p>
   </div>
   <div class='ocr_carea' id='block_1_24' title="bbox 222 1508 1813 1616">
    <p class='ocr_par' dir='ltr' id='par_1_24' title="bbox 222 1508 1803 1616">
     <span class='ocr_line' id='line_1_26' title="bbox 222 1508 1803 1616; baseline -0.015 -13"><span class='ocrx_word' id='word_1_146' title='bbox 222 1514 321 1612; x_wconf 33' lang='lat' dir='ltr'><strong>vsg.</strong></span> <span class='ocrx_word' id='word_1_147' title='bbox 344 1508 496 1616; x_wconf 72' lang='grc' dir='ltr'><strong>λόγοι</strong></span> <span class='ocrx_word' id='word_1_148' title='bbox 532 1545 741 1616; x_wconf 84' lang='grc' dir='ltr'><strong>βαρεῖς,</strong></span> <span class='ocrx_word' id='word_1_149' title='bbox 784 1541 876 1605; x_wconf 84' lang='grc' dir='ltr'><strong>οὒς</strong></span> <span class='ocrx_word' id='word_1_150' title='bbox 908 1508 1148 1601; x_wconf 75' lang='grc' dir='ltr'><strong>ἀκούσας</strong></span> <span class='ocrx_word' id='word_1_151' title='bbox 1176 1553 1260 1599; x_wconf 89' lang='grc' dir='ltr'><strong>τις</strong></span> <span class='ocrx_word' id='word_1_152' title='bbox 1300 1535 1522 1605; x_wconf 83' lang='grc' dir='ltr'><strong>κάμνει.</strong></span> <span class='ocrx_word' id='word_1_153' title='bbox 1573 1531 1662 1594; x_wconf 87' lang='grc' dir='ltr'><strong>Ὧς</strong></span> <span class='ocrx_word' id='word_1_154' title='bbox 1696 1527 1803 1581; x_wconf 77' lang='grc' dir='ltr'><strong>ὑπὸ</strong></span> 
     </span>
    </p>
   </div>
   <div class='ocr_carea' id='block_1_25' title="bbox 1914 1508 3469 1616">
    <p class='ocr_par' dir='ltr' id='par_1_25' title="bbox 1914 1508 3469 1585">
     <span class='ocr_line' id='line_1_27' title="bbox 1914 1508 3469 1585; baseline -0.008 -13"><span class='ocrx_word' id='word_1_155' title='bbox 1914 1518 2023 1573; x_wconf 75' lang='lat' dir='ltr'><strong>iam</strong></span> <span class='ocrx_word' id='word_1_156' title='bbox 2049 1531 2325 1571; x_wconf 85' lang='lat' dir='ltr'><strong>sermones</strong></span> <span class='ocrx_word' id='word_1_157' title='bbox 2365 1530 2580 1585; x_wconf 81' lang='lat' dir='ltr'><strong>graves,</strong></span> <span class='ocrx_word' id='word_1_158' title='bbox 2610 1528 2745 1583; x_wconf 90' lang='lat' dir='ltr'><strong>quos</strong></span> <span class='ocrx_word' id='word_1_159' title='bbox 2780 1513 3010 1566; x_wconf 88' lang='lat' dir='ltr'><strong>audiens</strong></span> <span class='ocrx_word' id='word_1_160' title='bbox 3035 1510 3161 1579; x_wconf 89' lang='lat' dir='ltr'><strong>quis</strong></span> <span class='ocrx_word' id='word_1_161' title='bbox 3190 1508 3469 1577; x_wconf 71' lang='lat' dir='ltr'><strong>fatigatur.</strong></span> 
     </span>
    </p>
   </div>
   <div class='ocr_carea' id='block_1_26' title="bbox 225 1603 1813 1713">
    <p class='ocr_par' dir='ltr' id='par_1_26' title="bbox 225 1603 1800 1713">
     <span class='ocr_line' id='line_1_28' title="bbox 225 1603 1800 1713; baseline -0.015 -18"><span class='ocrx_word' id='word_1_162' title='bbox 225 1603 434 1713; x_wconf 74' lang='grc' dir='ltr'><strong>βάρους⁵</strong></span> <span class='ocrx_word' id='word_1_163' title='bbox 454 1603 794 1708; x_wconf 69' lang='grc' dir='ltr'><strong>πιεζόμενος,</strong></span> <span class='ocrx_word' id='word_1_164' title='bbox 823 1603 921 1703; x_wconf 55' lang='grc' dir='ltr'><strong>τῆς</strong></span> <span class='ocrx_word' id='word_1_165' title='bbox 952 1630 1233 1699; x_wconf 86' lang='grc' dir='ltr'><strong>δυνάμεως</strong></span> <span class='ocrx_word' id='word_1_166' title='bbox 1268 1603 1389 1679; x_wconf 84' lang='grc' dir='ltr'><strong>τῶν</strong></span> <span class='ocrx_word' id='word_1_167' title='bbox 1409 1625 1582 1693; x_wconf 90' lang='grc' dir='ltr'><strong>λόγων</strong></span> <span class='ocrx_word' id='word_1_168' title='bbox 1611 1621 1718 1675; x_wconf 85' lang='grc' dir='ltr'><strong>τῶν</strong></span> <span class='ocrx_word' id='word_1_169' title='bbox 1739 1620 1800 1672; x_wconf 83' lang='grc' dir='ltr'><strong>οὐ</strong></span> 
     </span>
    </p>
   </div>
   <div class='ocr_carea' id='block_1_27' title="bbox 1914 1603 3468 1713">
    <p class='ocr_par' dir='ltr' id='par_1_27' title="bbox 1914 1603 3468 1713">
     <span class='ocr_line' id='line_1_29' title="bbox 1914 1603 3468 1678; baseline -0.008 -15"><span class='ocrx_word' id='word_1_170' title='bbox 1914 1609 2183 1678; x_wconf 80' lang='lat' dir='ltr'><strong>Tanquam</strong></span> <span class='ocrx_word' id='word_1_171' title='bbox 2219 1624 2248 1663; x_wconf 87' lang='lat' dir='ltr'><strong>a</strong></span> <span class='ocrx_word' id='word_1_172' title='bbox 2298 1608 2511 1662; x_wconf 85' lang='lat' dir='ltr'><strong>sarcina</strong></span> <span class='ocrx_word' id='word_1_173' title='bbox 2563 1619 2887 1675; x_wconf 85' lang='lat' dir='ltr'><strong>oppressus,</strong></span> <span class='ocrx_word' id='word_1_174' title='bbox 2914 1603 2966 1656; x_wconf 90' lang='lat' dir='ltr'><strong>vi</strong></span> <span class='ocrx_word' id='word_1_175' title='bbox 3014 1615 3327 1657; x_wconf 88' lang='lat' dir='ltr'><strong>sermonum</strong></span> <span class='ocrx_word' id='word_1_176' title='bbox 3361 1613 3468 1652; x_wconf 90' lang='lat' dir='ltr'><strong>nou</strong></span> 
     </span>
     <span class='ocr_line' id='line_1_30' title="bbox 1998 1690 3466 1713; baseline 0 0"><span class='ocrx_word' id='word_1_177' title='bbox 1998 1702 2010 1713; x_wconf 75' lang='grc' dir='ltr'>ι</span> <span class='ocrx_word' id='word_1_178' title='bbox 2248 1700 2259 1713; x_wconf 81' lang='grc' dir='ltr'><strong>ι</strong></span> <span class='ocrx_word' id='word_1_179' title='bbox 2330 1710 2339 1713; x_wconf 94' lang='grc'><strong>-</strong></span> <span class='ocrx_word' id='word_1_180' title='bbox 2497 1697 2510 1713; x_wconf 87' lang='lat' dir='ltr'><strong>I</strong></span> <span class='ocrx_word' id='word_1_181' title='bbox 2544 1712 2551 1713; x_wconf 32' lang='grc' dir='ltr'><em>κ</em></span> <span class='ocrx_word' id='word_1_182' title='bbox 2590 1699 2603 1713; x_wconf 81' lang='grc' dir='ltr'>ι</span> <span class='ocrx_word' id='word_1_183' title='bbox 2644 1711 2685 1713; x_wconf 32' lang='grc' dir='ltr'><strong>κ,</strong></span> <span class='ocrx_word' id='word_1_184' title='bbox 2742 1696 2933 1713; x_wconf 59' lang='lat'><strong>_,9,-,__._</strong></span> <span class='ocrx_word' id='word_1_185' title='bbox 2970 1694 3227 1713; x_wconf 40' lang='lat' dir='ltr'><strong>,l!_.-_.-__.A</strong></span> <span class='ocrx_word' id='word_1_186' title='bbox 3258 1692 3319 1713; x_wconf 66' lang='lat' dir='ltr'><strong>--l-</strong></span> <span class='ocrx_word' id='word_1_187' title='bbox 3357 1690 3466 1713; x_wconf 64' lang='grc' dir='ltr'><strong>Δ122,-</strong></span> 
     </span>
    </p>
   </div>
   <div class='ocr_carea' id='block_1_28' title="bbox 226 1690 1813 1800">
    <p class='ocr_par' dir='ltr' id='par_1_28' title="bbox 226 1690 1803 1800">
     <span class='ocr_line' id='line_1_31' title="bbox 226 1690 1803 1800; baseline -0.015 -14"><span class='ocrx_word' id='word_1_188' title='bbox 226 1690 434 1795; x_wconf 52' lang='grc' dir='ltr'><strong>ἱξξεὲξξ,</strong></span> <span class='ocrx_word' id='word_1_189' title='bbox 610 1690 1028 1800; x_wconf 39' lang='lat' dir='ltr'><strong>insinuet?!»</strong></span> <span class='ocrx_word' id='word_1_190' title='bbox 1137 1690 1230 1774; x_wconf 65' lang='grc' dir='ltr'><strong>ἐπι</strong></span> <span class='ocrx_word' id='word_1_191' title='bbox 1279 1690 1542 1789; x_wconf 82' lang='grc' dir='ltr'><strong>λοιδορίας</strong></span> <span class='ocrx_word' id='word_1_192' title='bbox 1581 1711 1803 1785; x_wconf 81' lang='grc' dir='ltr'><strong>εἰρημέ-</strong></span> 
     </span>
    </p>
   </div>
   <div class='ocr_carea' id='block_1_29' title="bbox 1914 1690 3469 1800">
    <p class='ocr_par' dir='ltr' id='par_1_29' title="bbox 1914 1690 3469 1763">
     <span class='ocr_line' id='line_1_32' title="bbox 1914 1690 3469 1763; baseline -0.011 -5"><span class='ocrx_word' id='word_1_193' title='bbox 1914 1702 2048 1758; x_wconf 90' lang='lat' dir='ltr'><strong>male</strong></span> <span class='ocrx_word' id='word_1_194' title='bbox 2068 1716 2132 1755; x_wconf 91' lang='lat' dir='ltr'><strong>ac</strong></span> <span class='ocrx_word' id='word_1_195' title='bbox 2155 1700 2399 1763; x_wconf 88' lang='lat' dir='ltr'><strong>moleste,</strong></span> <span class='ocrx_word' id='word_1_196' title='bbox 2426 1697 2510 1750; x_wconf 88' lang='lat' dir='ltr'><strong>vel</strong></span> <span class='ocrx_word' id='word_1_197' title='bbox 2537 1699 2603 1751; x_wconf 89' lang='lat' dir='ltr'><strong>ad</strong></span> <span class='ocrx_word' id='word_1_198' title='bbox 2632 1696 2938 1750; x_wconf 88' lang='lat' dir='ltr'><strong>convicium</strong></span> <span class='ocrx_word' id='word_1_199' title='bbox 2961 1694 3230 1748; x_wconf 83' lang='lat' dir='ltr'><strong>dictorum</strong></span> <span class='ocrx_word' id='word_1_200' title='bbox 3256 1692 3323 1746; x_wconf 87' lang='lat' dir='ltr'><strong>ab</strong></span> <span class='ocrx_word' id='word_1_201' title='bbox 3349 1690 3469 1743; x_wconf 85' lang='lat' dir='ltr'><strong>aliis</strong></span> 
     </span>
    </p>
   </div>
   <div class='ocr_carea' id='block_1_30' title="bbox 225 1783 1813 1884">
    <p class='ocr_par' dir='ltr' id='par_1_30' title="bbox 225 1783 1803 1884">
     <span class='ocr_line' id='line_1_33' title="bbox 225 1783 1803 1884; baseline -0.013 -9"><span class='ocrx_word' id='word_1_202' title='bbox 225 1783 330 1875; x_wconf 54' lang='grc' dir='ltr'><strong>ι...</strong></span> <span class='ocrx_word' id='word_1_203' title='bbox 364 1783 468 1876; x_wconf 48' lang='lat' dir='ltr'><strong>ita.</strong></span> <span class='ocrx_word' id='word_1_204' title='bbox 493 1818 601 1873; x_wconf 84' lang='grc' dir='ltr'><strong>τῶν</strong></span> <span class='ocrx_word' id='word_1_205' title='bbox 613 1783 819 1871; x_wconf 46' lang='grc' dir='ltr'><strong>ἢᾶλλων</strong></span> <span class='ocrx_word' id='word_1_206' title='bbox 843 1783 965 1868; x_wconf 59' lang='grc' dir='ltr'><strong>’δὺο</strong></span> <span class='ocrx_word' id='word_1_207' title='bbox 989 1783 1150 1884; x_wconf 55' lang='grc' dir='ltr'><strong>’μεξά</strong></span> <span class='ocrx_word' id='word_1_208' title='bbox 1203 1783 1803 1877; x_wconf 64' lang='grc' dir='ltr'><strong>Βαλδάδ“έληλυιάτων,</strong></span> 
     </span>
    </p>
   </div>
   <div class='ocr_carea' id='block_1_31' title="bbox 1914 1783 3473 1884">
    <p class='ocr_par' dir='ltr' id='par_1_31' title="bbox 1914 1783 3473 1863">
     <span class='ocr_line' id='line_1_34' title="bbox 1914 1783 3473 1863; baseline -0.01 -12"><span class='ocrx_word' id='word_1_209' title='bbox 1914 1794 2138 1859; x_wconf 83' lang='lat' dir='ltr'><strong>duobus,</strong></span> <span class='ocrx_word' id='word_1_210' title='bbox 2171 1794 2262 1863; x_wconf 91' lang='lat' dir='ltr'><strong>qui</strong></span> <span class='ocrx_word' id='word_1_211' title='bbox 2294 1807 2415 1848; x_wconf 92' lang='lat' dir='ltr'><strong>cum</strong></span> <span class='ocrx_word' id='word_1_212' title='bbox 2438 1789 2680 1844; x_wconf 84' lang='lat' dir='ltr'><strong>Baldado</strong></span> <span class='ocrx_word' id='word_1_213' title='bbox 2703 1799 2988 1855; x_wconf 89' lang='lat' dir='ltr'><strong>venerant,</strong></span> <span class='ocrx_word' id='word_1_214' title='bbox 3008 1797 3264 1857; x_wconf 87' lang='lat' dir='ltr'><strong>tanquam</strong></span> <span class='ocrx_word' id='word_1_215' title='bbox 3287 1783 3473 1840; x_wconf 84' lang='lat' dir='ltr'><strong>oneris</strong></span> 
     </span>
    </p>
   </div>
   <div class='ocr_carea' id='block_1_32' title="bbox 222 1883 1813 1980">
    <p class='ocr_par' dir='ltr' id='par_1_32' title="bbox 222 1883 1802 1980">
     <span class='ocr_line' id='line_1_35' title="bbox 222 1883 1802 1980; baseline -0.013 -17"><span class='ocrx_word' id='word_1_216' title='bbox 222 1910 389 1963; x_wconf 72' lang='grc' dir='ltr'><strong>οἱονεὶ</strong></span> <span class='ocrx_word' id='word_1_217' title='bbox 430 1908 651 1980; x_wconf 81' lang='grc' dir='ltr'><strong>φορτίου</strong></span> <span class='ocrx_word' id='word_1_218' title='bbox 700 1904 952 1973; x_wconf 86' lang='grc' dir='ltr'><strong>αἴσθησις</strong></span> <span class='ocrx_word' id='word_1_219' title='bbox 983 1883 1095 1973; x_wconf 74' lang='lat'><strong>(38)</strong></span> <span class='ocrx_word' id='word_1_220' title='bbox 1150 1899 1368 1971; x_wconf 80' lang='grc' dir='ltr'><strong>βαρέος,</strong></span> <span class='ocrx_word' id='word_1_221' title='bbox 1414 1899 1444 1950; x_wconf 94' lang='lat'><strong>6</strong></span> <span class='ocrx_word' id='word_1_222' title='bbox 1500 1893 1619 1947; x_wconf 76' lang='grc' dir='ltr'><strong>’ίώϐ</strong></span> <span class='ocrx_word' id='word_1_223' title='bbox 1670 1909 1802 1963; x_wconf 84' lang='grc' dir='ltr'><strong>φησι</strong></span> 
     </span>
    </p>
   </div>
   <div class='ocr_carea' id='block_1_33' title="bbox 1914 1883 3472 1980">
    <p class='ocr_par' dir='ltr' id='par_1_33' title="bbox 1914 1883 3472 1958">
     <span class='ocr_line' id='line_1_36' title="bbox 1914 1883 3472 1958; baseline -0.008 -15"><span class='ocrx_word' id='word_1_224' title='bbox 1914 1904 2066 1943; x_wconf 75' lang='lat' dir='ltr'><strong>sensu</strong></span> <span class='ocrx_word' id='word_1_225' title='bbox 2120 1889 2322 1958; x_wconf 90' lang='lat' dir='ltr'><strong>gravis,</strong></span> <span class='ocrx_word' id='word_1_226' title='bbox 2364 1886 2495 1940; x_wconf 88' lang='lat' dir='ltr'><strong>dicit</strong></span> <span class='ocrx_word' id='word_1_227' title='bbox 2522 1883 2623 1938; x_wconf 80' lang='lat' dir='ltr'><strong>Job</strong></span> <span class='ocrx_word' id='word_1_228' title='bbox 2654 1884 2981 1954; x_wconf 77' lang='lat' dir='ltr'><strong>defatigatus</strong></span> <span class='ocrx_word' id='word_1_229' title='bbox 3028 1883 3214 1938; x_wconf 92' lang='lat' dir='ltr'><strong>animo</strong></span> <span class='ocrx_word' id='word_1_230' title='bbox 3245 1889 3472 1950; x_wconf 81' lang='lat' dir='ltr'><strong>propter</strong></span> 
     </span>
    </p>
   </div>
   <div class='ocr_carea' id='block_1_34' title="bbox 224 1972 1813 2071">
    <p class='ocr_par' dir='ltr' id='par_1_34' title="bbox 224 1972 1806 2071">
     <span class='ocr_line' id='line_1_37' title="bbox 224 1972 1806 2071; baseline -0.013 -17"><span class='ocrx_word' id='word_1_231' title='bbox 224 1972 545 2071; x_wconf 36' lang='grc' dir='ltr'><strong>καμὼν-τῇ</strong></span> <span class='ocrx_word' id='word_1_232' title='bbox 597 1997 744 2066; x_wconf 78' lang='grc' dir='ltr'>ψυχῇ</span> <span class='ocrx_word' id='word_1_233' title='bbox 800 1972 886 2063; x_wconf 69' lang='grc' dir='ltr'><strong>ἐφ’</strong></span> <span class='ocrx_word' id='word_1_234' title='bbox 945 1972 1028 2055; x_wconf 79' lang='grc' dir='ltr'><strong>οἷς</strong></span> <span class='ocrx_word' id='word_1_235' title='bbox 1082 1992 1395 2062; x_wconf 83' lang='grc' dir='ltr'><strong>εἰρήκασιν·</strong></span> <span class='ocrx_word' id='word_1_236' title='bbox 1446 1987 1595 2069; x_wconf 67' lang='grc' dir='ltr'><strong>Ἕως</strong></span> <span class='ocrx_word' id='word_1_237' title='bbox 1642 1983 1806 2047; x_wconf 82' lang='grc' dir='ltr'><strong>τίνος</strong></span> 
     </span>
    </p>
   </div>
   <div class='ocr_carea' id='block_1_35' title="bbox 1914 1972 3471 2071">
    <p class='ocr_par' dir='ltr' id='par_1_35' title="bbox 1914 1972 3471 2049">
     <span class='ocr_line' id='line_1_38' title="bbox 1914 1972 3471 2049; baseline -0.01 -12"><span class='ocrx_word' id='word_1_238' title='bbox 1914 1998 1966 2037; x_wconf 77' lang='lat' dir='ltr'><strong>ea</strong></span> <span class='ocrx_word' id='word_1_239' title='bbox 2002 1996 2121 2049; x_wconf 72' lang='lat' dir='ltr'><strong>qua:</strong></span> <span class='ocrx_word' id='word_1_240' title='bbox 2152 1981 2442 2035; x_wconf 76' lang='lat' dir='ltr'><strong>dixerant:</strong></span> <span class='ocrx_word' id='word_1_241' title='bbox 2471 1978 2748 2047; x_wconf 78' lang='lat' dir='ltr'><strong>Quousque</strong></span> <span class='ocrx_word' id='word_1_242' title='bbox 2771 1977 3086 2029; x_wconf 79' lang='lat' dir='ltr'><strong>laboriosam</strong></span> <span class='ocrx_word' id='word_1_243' title='bbox 3123 1974 3325 2043; x_wconf 81' lang='lat' dir='ltr'><strong>facietis</strong></span> <span class='ocrx_word' id='word_1_244' title='bbox 3353 1972 3471 2024; x_wconf 86' lang='lat' dir='ltr'><strong>ani-</strong></span> 
     </span>
    </p>
   </div>
   <div class='ocr_carea' id='block_1_36' title="bbox 216 2064 1813 2161">
    <p class='ocr_par' dir='ltr' id='par_1_36' title="bbox 216 2064 1805 2161">
     <span class='ocr_line' id='line_1_39' title="bbox 216 2064 1805 2161; baseline -0.012 -16"><span class='ocrx_word' id='word_1_245' title='bbox 216 2064 491 2161; x_wconf 64' lang='grc' dir='ltr'><strong>ἐγκοπον</strong></span> <span class='ocrx_word' id='word_1_246' title='bbox 512 2064 791 2154; x_wconf 47' lang='lat' dir='ltr'><strong>accudere</strong></span> <span class='ocrx_word' id='word_1_247' title='bbox 815 2083 1023 2154; x_wconf 66' lang='grc' dir='ltr'><strong>ψυχήν</strong></span> <span class='ocrx_word' id='word_1_248' title='bbox 1036 2101 1154 2152; x_wconf 90' lang='grc' dir='ltr'><strong>μου</strong></span> <span class='ocrx_word' id='word_1_249' title='bbox 1171 2099 1268 2145; x_wconf 91' lang='grc'><strong>;-</strong></span> <span class='ocrx_word' id='word_1_250' title='bbox 1282 2080 1390 2134; x_wconf 87' lang='lat' dir='ltr'><strong>Kal</strong></span> <span class='ocrx_word' id='word_1_251' title='bbox 1413 2064 1537 2148; x_wconf 67' lang='grc' dir='ltr'><strong>μετ’</strong></span> <span class='ocrx_word' id='word_1_252' title='bbox 1569 2077 1805 2146; x_wconf 66' lang='grc' dir='ltr'><strong>ὀλίγον·</strong></span> 
     </span>
    </p>
   </div>
   <div class='ocr_carea' id='block_1_37' title="bbox 1914 2064 3469 2161">
    <p class='ocr_par' dir='ltr' id='par_1_37' title="bbox 1914 2064 3469 2141">
     <span class='ocr_line' id='line_1_40' title="bbox 1914 2064 3469 2141; baseline -0.006 -15"><span class='ocrx_word' id='word_1_253' title='bbox 1914 2089 2046 2126; x_wconf 83' lang='lat' dir='ltr'><strong>mam</strong></span> <span class='ocrx_word' id='word_1_254' title='bbox 2067 2075 2278 2127; x_wconf 83' lang='lat' dir='ltr'><strong>meam?</strong></span> <span class='ocrx_word' id='word_1_255' title='bbox 2302 2099 2373 2112; x_wconf 88' lang='lat'><strong>-—-</strong></span> <span class='ocrx_word' id='word_1_256' title='bbox 2404 2072 2470 2125; x_wconf 80' lang='lat' dir='ltr'><strong>Et</strong></span> <span class='ocrx_word' id='word_1_257' title='bbox 2494 2083 2606 2141; x_wconf 86' lang='lat' dir='ltr'><strong>post</strong></span> <span class='ocrx_word' id='word_1_258' title='bbox 2633 2086 2805 2138; x_wconf 86' lang='lat' dir='ltr'><strong>pauca</strong></span> <span class='ocrx_word' id='word_1_259' title='bbox 2837 2082 2855 2121; x_wconf 90' lang='lat'><strong><em>:</em></strong></span> <span class='ocrx_word' id='word_1_260' title='bbox 2892 2067 3052 2121; x_wconf 77' lang='lat' dir='ltr'><strong>Vides</strong></span> <span class='ocrx_word' id='word_1_261' title='bbox 3075 2066 3218 2135; x_wconf 90' lang='lat' dir='ltr'><strong>quod</strong></span> <span class='ocrx_word' id='word_1_262' title='bbox 3262 2064 3435 2118; x_wconf 88' lang='lat' dir='ltr'><strong>deseri</strong></span> <span class='ocrx_word' id='word_1_263' title='bbox 3458 2093 3469 2100; x_wconf 86' lang='lat'><strong>-</strong></span> 
     </span>
    </p>
   </div>
   <div class='ocr_carea' id='block_1_38' title="bbox 227 2157 1813 2254">
    <p class='ocr_par' dir='ltr' id='par_1_38' title="bbox 227 2157 1811 2254">
     <span class='ocr_line' id='line_1_41' title="bbox 227 2157 1811 2254; baseline -0.013 -18"><span class='ocrx_word' id='word_1_264' title='bbox 227 2157 411 2254; x_wconf 53' lang='grc' dir='ltr'><strong>’ὁρᾷς</strong></span> <span class='ocrx_word' id='word_1_265' title='bbox 458 2181 534 2243; x_wconf 82' lang='grc' dir='ltr'><strong>ὡς</strong></span> <span class='ocrx_word' id='word_1_266' title='bbox 580 2177 998 2250; x_wconf 83' lang='grc' dir='ltr'><strong>προγέγραπται</strong></span> <span class='ocrx_word' id='word_1_267' title='bbox 1024 2175 1052 2226; x_wconf 98' lang='lat'><strong>6</strong></span> <span class='ocrx_word' id='word_1_268' title='bbox 1080 2171 1364 2243; x_wconf 89' lang='grc' dir='ltr'><strong>Σαυχαίων</strong></span> <span class='ocrx_word' id='word_1_269' title='bbox 1401 2168 1678 2239; x_wconf 84' lang='grc' dir='ltr'><strong>τύραννος.</strong></span> <span class='ocrx_word' id='word_1_270' title='bbox 1706 2164 1811 2216; x_wconf 83' lang='grc' dir='ltr'><strong>Τυ-</strong></span> 
     </span>
    </p>
   </div>
   <div class='ocr_carea' id='block_1_39' title="bbox 1914 2157 3472 2254">
    <p class='ocr_par' dir='ltr' id='par_1_39' title="bbox 1914 2157 3472 2234">
     <span class='ocr_line' id='line_1_42' title="bbox 1914 2157 3472 2234; baseline -0.007 -17"><span class='ocrx_word' id='word_1_271' title='bbox 1914 2172 2035 2234; x_wconf 91' lang='lat' dir='ltr'><strong>ptus</strong></span> <span class='ocrx_word' id='word_1_272' title='bbox 2082 2163 2249 2217; x_wconf 88' lang='lat' dir='ltr'><strong>fuerit</strong></span> <span class='ocrx_word' id='word_1_273' title='bbox 2284 2162 2665 2218; x_wconf 64' lang='lat' dir='ltr'><strong>Sauchaaorum</strong></span> <span class='ocrx_word' id='word_1_274' title='bbox 2694 2171 2974 2227; x_wconf 80' lang='lat' dir='ltr'><strong>tyrannus.</strong></span> <span class='ocrx_word' id='word_1_275' title='bbox 3010 2157 3302 2228; x_wconf 83' lang='lat' dir='ltr'><strong>Tyrannici</strong></span> <span class='ocrx_word' id='word_1_276' title='bbox 3345 2162 3472 2209; x_wconf 87' lang='lat' dir='ltr'><strong>sunt</strong></span> 
     </span>
    </p>
   </div>
   <div class='ocr_carea' id='block_1_40' title="bbox 215 2257 1811 2347">
    <p class='ocr_par' dir='ltr' id='par_1_40' title="bbox 215 2257 1811 2347">
     <span class='ocr_line' id='line_1_43' title="bbox 215 2257 1811 2347; baseline -0.012 -19"><span class='ocrx_word' id='word_1_277' title='bbox 215 2274 480 2347; x_wconf 83' lang='grc' dir='ltr'><strong>ραννικοὶ</strong></span> <span class='ocrx_word' id='word_1_278' title='bbox 503 2270 665 2325; x_wconf 78' lang='grc' dir='ltr'><strong>αὑτοῦ</strong></span> <span class='ocrx_word' id='word_1_279' title='bbox 690 2272 826 2323; x_wconf 79' lang='grc' dir='ltr'><strong>εἰσιν</strong></span> <span class='ocrx_word' id='word_1_280' title='bbox 850 2270 900 2321; x_wconf 80' lang='grc' dir='ltr'><strong>οἱ</strong></span> <span class='ocrx_word' id='word_1_281' title='bbox 928 2266 1094 2335; x_wconf 89' lang='grc' dir='ltr'><strong>λόγοι,</strong></span> <span class='ocrx_word' id='word_1_282' title='bbox 1116 2264 1209 2328; x_wconf 80' lang='grc' dir='ltr'><strong>οὓς</strong></span> <span class='ocrx_word' id='word_1_283' title='bbox 1242 2260 1481 2324; x_wconf 83' lang='grc' dir='ltr'><strong>ἀκούσας</strong></span> <span class='ocrx_word' id='word_1_284' title='bbox 1497 2262 1525 2314; x_wconf 90' lang='lat'><strong>6</strong></span> <span class='ocrx_word' id='word_1_285' title='bbox 1565 2258 1703 2323; x_wconf 77' lang='grc' dir='ltr'><strong>Ἰὼϐ,</strong></span> <span class='ocrx_word' id='word_1_286' title='bbox 1728 2257 1811 2310; x_wconf 84' lang='grc' dir='ltr'><strong>λέ·-</strong></span> 
     </span>
    </p>
   </div>
   <div class='ocr_carea' id='block_1_41' title="bbox 213 2349 1807 2435">
    <p class='ocr_par' dir='ltr' id='par_1_41' title="bbox 213 2349 1807 2435">
     <span class='ocr_line' id='line_1_44' title="bbox 213 2349 1807 2435; baseline -0.012 -16"><span class='ocrx_word' id='word_1_287' title='bbox 213 2366 471 2435; x_wconf 85' lang='grc' dir='ltr'><strong>γει·Ἔω</strong></span> <span class='ocrx_word' id='word_1_288' title='bbox 521 2363 686 2427; x_wconf 80' lang='grc' dir='ltr'><strong>τίνος</strong></span> <span class='ocrx_word' id='word_1_289' title='bbox 702 2361 959 2431; x_wconf 77' lang='grc' dir='ltr'><strong>ἔγκοπσν</strong></span> <span class='ocrx_word' id='word_1_290' title='bbox 983 2355 1265 2422; x_wconf 79' lang='grc' dir='ltr'><strong>ποιήσετε</strong></span> <span class='ocrx_word' id='word_1_291' title='bbox 1296 2353 1412 2421; x_wconf 80' lang='grc' dir='ltr'><strong>τὴν</strong></span> <span class='ocrx_word' id='word_1_292' title='bbox 1424 2349 1637 2420; x_wconf 65' lang='grc' dir='ltr'><strong>ψυχήν</strong></span> <span class='ocrx_word' id='word_1_293' title='bbox 1655 2364 1807 2419; x_wconf 72' lang='grc' dir='ltr'><strong>μους</strong></span> 
     </span>
    </p>
   </div>
   <div class='ocr_carea' id='block_1_42' title="bbox 217 2440 1808 2528">
    <p class='ocr_par' dir='ltr' id='par_1_42' title="bbox 217 2440 1808 2528">
     <span class='ocr_line' id='line_1_45' title="bbox 217 2440 1808 2528; baseline -0.013 -17"><span class='ocrx_word' id='word_1_294' title='bbox 217 2458 345 2528; x_wconf 80' lang='grc' dir='ltr'><strong>Οὐχ</strong></span> <span class='ocrx_word' id='word_1_295' title='bbox 374 2455 545 2518; x_wconf 78' lang='grc' dir='ltr'><strong>οὕτως</strong></span> <span class='ocrx_word' id='word_1_296' title='bbox 582 2453 916 2507; x_wconf 83' lang='grc' dir='ltr'><strong>καθικνεῖται</strong></span> <span class='ocrx_word' id='word_1_297' title='bbox 946 2449 1124 2520; x_wconf 81' lang='grc' dir='ltr'><strong>ψυχῆς</strong></span> <span class='ocrx_word' id='word_1_298' title='bbox 1160 2444 1445 2519; x_wconf 79' lang='grc' dir='ltr'><strong>ἀνθρώπου</strong></span> <span class='ocrx_word' id='word_1_299' title='bbox 1482 2443 1608 2499; x_wconf 79' lang='grc' dir='ltr'><strong>ἄλλο</strong></span> <span class='ocrx_word' id='word_1_300' title='bbox 1635 2460 1705 2505; x_wconf 90' lang='grc' dir='ltr'><strong>τι,</strong></span> <span class='ocrx_word' id='word_1_301' title='bbox 1731 2440 1808 2503; x_wconf 86' lang='grc' dir='ltr'><strong>ὼς</strong></span> 
     </span>
    </p>
   </div>
   <div class='ocr_carea' id='block_1_43' title="bbox 220 2532 1807 2617">
    <p class='ocr_par' dir='ltr' id='par_1_43' title="bbox 220 2532 1807 2617">
     <span class='ocr_line' id='line_1_46' title="bbox 220 2532 1807 2617; baseline -0.009 -17"><span class='ocrx_word' id='word_1_302' title='bbox 220 2550 390 2617; x_wconf 80' lang='grc' dir='ltr'><strong>λόγος</strong></span> <span class='ocrx_word' id='word_1_303' title='bbox 436 2545 689 2617; x_wconf 80' lang='grc' dir='ltr'><strong>σκληρός.</strong></span> <span class='ocrx_word' id='word_1_304' title='bbox 746 2542 1015 2604; x_wconf 84' lang='grc' dir='ltr'><strong>Πολλάκις</strong></span> <span class='ocrx_word' id='word_1_305' title='bbox 1059 2538 1357 2609; x_wconf 84' lang='grc' dir='ltr'><strong>ὑπομείνας</strong></span> <span class='ocrx_word' id='word_1_306' title='bbox 1400 2536 1497 2598; x_wconf 85' lang='grc' dir='ltr'><strong>τὰς</strong></span> <span class='ocrx_word' id='word_1_307' title='bbox 1541 2532 1807 2604; x_wconf 82' lang='grc' dir='ltr'><strong>βασάνους</strong></span> 
     </span>
    </p>
   </div>
   <div class='ocr_carea' id='block_1_44' title="bbox 226 2623 1809 2710">
    <p class='ocr_par' dir='ltr' id='par_1_44' title="bbox 226 2623 1809 2710">
     <span class='ocr_line' id='line_1_47' title="bbox 226 2623 1809 2710; baseline -0.011 -17"><span class='ocrx_word' id='word_1_308' title='bbox 226 2639 448 2710; x_wconf 84' lang='grc' dir='ltr'><strong>σώματι</strong></span> <span class='ocrx_word' id='word_1_309' title='bbox 497 2633 967 2709; x_wconf 80' lang='grc' dir='ltr'><strong>προσφερομένας,</strong></span> <span class='ocrx_word' id='word_1_310' title='bbox 1005 2631 1198 2700; x_wconf 85' lang='grc' dir='ltr'><strong>λόγους</strong></span> <span class='ocrx_word' id='word_1_311' title='bbox 1249 2630 1347 2698; x_wconf 82' lang='grc' dir='ltr'><strong>οὐχ</strong></span> <span class='ocrx_word' id='word_1_312' title='bbox 1389 2626 1698 2697; x_wconf 85' lang='grc' dir='ltr'><strong>ὑπέμεινεν.</strong></span> <span class='ocrx_word' id='word_1_313' title='bbox 1749 2623 1809 2676; x_wconf 89' lang='grc' dir='ltr'>Ὀ</span> 
     </span>
    </p>
   </div>
   <div class='ocr_carea' id='block_1_45' title="bbox 230 2716 1809 2803">
    <p class='ocr_par' dir='ltr' id='par_1_45' title="bbox 230 2716 1809 2803">
     <span class='ocr_line' id='line_1_48' title="bbox 230 2716 1809 2803; baseline -0.011 -18"><span class='ocrx_word' id='word_1_314' title='bbox 230 2732 483 2803; x_wconf 82' lang='grc' dir='ltr'><strong>μέντοιγε</strong></span> <span class='ocrx_word' id='word_1_315' title='bbox 506 2729 709 2790; x_wconf 85' lang='grc' dir='ltr'><strong>τέλειος</strong></span> <span class='ocrx_word' id='word_1_316' title='bbox 735 2725 993 2798; x_wconf 83' lang='grc' dir='ltr'><strong>ἀθλητὴς,</strong></span> <span class='ocrx_word' id='word_1_317' title='bbox 1039 2725 1088 2776; x_wconf 84' lang='grc' dir='ltr'><strong>εί</strong></span> <span class='ocrx_word' id='word_1_318' title='bbox 1121 2724 1215 2776; x_wconf 77' lang='grc' dir='ltr'><strong>καὶ</strong></span> <span class='ocrx_word' id='word_1_319' title='bbox 1243 2721 1488 2791; x_wconf 84' lang='grc' dir='ltr'><strong>κάμνων,</strong></span> <span class='ocrx_word' id='word_1_320' title='bbox 1523 2717 1640 2771; x_wconf 85' lang='grc' dir='ltr'><strong>ἀλλ’</strong></span> <span class='ocrx_word' id='word_1_321' title='bbox 1672 2716 1809 2768; x_wconf 84' lang='grc' dir='ltr'><strong>ὐπο-</strong></span> 
     </span>
    </p>
   </div>
   <div class='ocr_carea' id='block_1_46' title="bbox 231 2809 1810 2894">
    <p class='ocr_par' dir='ltr' id='par_1_46' title="bbox 231 2809 1810 2894">
     <span class='ocr_line' id='line_1_49' title="bbox 231 2809 1810 2894; baseline -0.013 -15"><span class='ocrx_word' id='word_1_322' title='bbox 231 2824 385 2894; x_wconf 85' lang='grc' dir='ltr'><strong>μένει</strong></span> <span class='ocrx_word' id='word_1_323' title='bbox 420 2822 548 2885; x_wconf 81' lang='grc' dir='ltr'><strong>τοὺς</strong></span> <span class='ocrx_word' id='word_1_324' title='bbox 587 2820 854 2891; x_wconf 77' lang='grc' dir='ltr'><strong>χαλεποὺς</strong></span> <span class='ocrx_word' id='word_1_325' title='bbox 888 2816 1098 2885; x_wconf 84' lang='grc' dir='ltr'><strong>λόγους.</strong></span> <span class='ocrx_word' id='word_1_326' title='bbox 1134 2815 1331 2885; x_wconf 81' lang='grc' dir='ltr'><strong>Ὕϐριν</strong></span> <span class='ocrx_word' id='word_1_327' title='bbox 1371 2813 1478 2884; x_wconf 84' lang='grc' dir='ltr'><strong>γὰρ</strong></span> <span class='ocrx_word' id='word_1_328' title='bbox 1523 2809 1810 2879; x_wconf 82' lang='grc' dir='ltr'><strong>ὑπομένειν</strong></span> 
     </span>
    </p>
   </div>
   <div class='ocr_carea' id='block_1_47' title="bbox 235 2900 1814 2989">
    <p class='ocr_par' dir='ltr' id='par_1_47' title="bbox 235 2900 1814 2989">
     <span class='ocr_line' id='line_1_50' title="bbox 235 2900 1814 2989; baseline -0.012 -18"><span class='ocrx_word' id='word_1_329' title='bbox 235 2916 475 2989; x_wconf 82' lang='grc' dir='ltr'><strong>μεγάλου</strong></span> <span class='ocrx_word' id='word_1_330' title='bbox 506 2914 695 2985; x_wconf 84' lang='grc' dir='ltr'><strong>ἀνδρός</strong></span> <span class='ocrx_word' id='word_1_331' title='bbox 720 2913 887 2965; x_wconf 88' lang='grc' dir='ltr'><strong>ἐστιν.</strong></span> <span class='ocrx_word' id='word_1_332' title='bbox 920 2910 1119 2980; x_wconf 86' lang='grc' dir='ltr'><strong>Διόπερ</strong></span> <span class='ocrx_word' id='word_1_333' title='bbox 1159 2909 1215 2961; x_wconf 82' lang='grc' dir='ltr'><strong>ἐν</strong></span> <span class='ocrx_word' id='word_1_334' title='bbox 1244 2908 1355 2972; x_wconf 79' lang='grc' dir='ltr'><strong>τοῖς</strong></span> <span class='ocrx_word' id='word_1_335' title='bbox 1393 2900 1814 2975; x_wconf 81' lang='grc' dir='ltr'><strong>ἀνδραγαθήμα-</strong></span> 
     </span>
    </p>
   </div>
   <div class='ocr_carea' id='block_1_48' title="bbox 236 2995 1816 3070">
    <p class='ocr_par' dir='ltr' id='par_1_48' title="bbox 236 2995 1816 3070">
     <span class='ocr_line' id='line_1_51' title="bbox 236 2995 1816 3070; baseline -0.009 -8"><span class='ocrx_word' id='word_1_336' title='bbox 236 3026 318 3062; x_wconf 84' lang='grc' dir='ltr'><strong>σιν</strong></span> <span class='ocrx_word' id='word_1_337' title='bbox 342 3006 534 3061; x_wconf 84' lang='grc' dir='ltr'><strong>ἐαυτοῦ</strong></span> <span class='ocrx_word' id='word_1_338' title='bbox 559 3008 588 3059; x_wconf 92' lang='lat'><strong>6</strong></span> <span class='ocrx_word' id='word_1_339' title='bbox 629 3003 947 3067; x_wconf 84' lang='grc' dir='ltr'><strong>Ἀπόστολος</strong></span> <span class='ocrx_word' id='word_1_340' title='bbox 969 3002 1116 3070; x_wconf 80' lang='grc' dir='ltr'><strong>λέγει</strong></span> <span class='ocrx_word' id='word_1_341' title='bbox 1135 3017 1150 3033; x_wconf 79' lang='grc' dir='ltr'><strong><em>ο</em></strong></span> <span class='ocrx_word' id='word_1_342' title='bbox 1173 2997 1622 3065; x_wconf 77' lang='grc' dir='ltr'><strong>Λοιδορούμενοι</strong></span> <span class='ocrx_word' id='word_1_343' title='bbox 1649 2995 1816 3047; x_wconf 72' lang='grc' dir='ltr'><strong>εὐλο-</strong></span> 
     </span>
    </p>
   </div>
   <div class='ocr_carea' id='block_1_49' title="bbox 1907 2246 3474 2325">
    <p class='ocr_par' dir='ltr' id='par_1_49' title="bbox 1907 2246 3474 2325">
     <span class='ocr_line' id='line_1_52' title="bbox 1907 2246 3474 2325; baseline -0.008 -16"><span class='ocrx_word' id='word_1_344' title='bbox 1907 2255 2024 2325; x_wconf 88' lang='lat' dir='ltr'><strong>ejus</strong></span> <span class='ocrx_word' id='word_1_345' title='bbox 2058 2269 2358 2317; x_wconf 88' lang='lat' dir='ltr'><strong>sermones,</strong></span> <span class='ocrx_word' id='word_1_346' title='bbox 2386 2268 2524 2323; x_wconf 90' lang='lat' dir='ltr'><strong>quos</strong></span> <span class='ocrx_word' id='word_1_347' title='bbox 2562 2252 2789 2307; x_wconf 85' lang='lat' dir='ltr'><strong>audiens</strong></span> <span class='ocrx_word' id='word_1_348' title='bbox 2815 2249 2915 2304; x_wconf 80' lang='lat' dir='ltr'><strong>Job</strong></span> <span class='ocrx_word' id='word_1_349' title='bbox 2946 2251 3058 2303; x_wconf 87' lang='lat' dir='ltr'><strong>ait:</strong></span> <span class='ocrx_word' id='word_1_350' title='bbox 3088 2248 3370 2316; x_wconf 74' lang='lat' dir='ltr'><strong>Quousque</strong></span> <span class='ocrx_word' id='word_1_351' title='bbox 3398 2246 3474 2298; x_wconf 83' lang='lat' dir='ltr'><strong>la-</strong></span> 
     </span>
    </p>
   </div>
   <div class='ocr_carea' id='block_1_50' title="bbox 1908 2337 3476 2416">
    <p class='ocr_par' dir='ltr' id='par_1_50' title="bbox 1908 2337 3476 2416">
     <span class='ocr_line' id='line_1_53' title="bbox 1908 2337 3476 2416; baseline -0.008 -14"><span class='ocrx_word' id='word_1_352' title='bbox 1908 2348 2169 2402; x_wconf 84' lang='lat' dir='ltr'><strong>boriosam</strong></span> <span class='ocrx_word' id='word_1_353' title='bbox 2201 2346 2407 2416; x_wconf 74' lang='lat' dir='ltr'><strong>facietis</strong></span> <span class='ocrx_word' id='word_1_354' title='bbox 2427 2346 2660 2399; x_wconf 83' lang='lat' dir='ltr'><strong>animam</strong></span> <span class='ocrx_word' id='word_1_355' title='bbox 2693 2358 2862 2396; x_wconf 70' lang='lat' dir='ltr'><strong>aream</strong></span> <span class='ocrx_word' id='word_1_356' title='bbox 2883 2342 2908 2395; x_wconf 84' lang='lat'><strong><em>?</em></strong></span> <span class='ocrx_word' id='word_1_357' title='bbox 2926 2340 3043 2395; x_wconf 88' lang='lat' dir='ltr'><strong>Non</strong></span> <span class='ocrx_word' id='word_1_358' title='bbox 3072 2341 3149 2393; x_wconf 81' lang='lat' dir='ltr'><strong>ita</strong></span> <span class='ocrx_word' id='word_1_359' title='bbox 3177 2337 3340 2392; x_wconf 76' lang='lat' dir='ltr'><strong>allicit</strong></span> <span class='ocrx_word' id='word_1_360' title='bbox 3366 2339 3476 2390; x_wconf 90' lang='lat' dir='ltr'><strong>ani-</strong></span> 
     </span>
    </p>
   </div>
   <div class='ocr_carea' id='block_1_51' title="bbox 1908 2428 3478 2505">
    <p class='ocr_par' dir='ltr' id='par_1_51' title="bbox 1908 2428 3478 2505">
     <span class='ocr_line' id='line_1_54' title="bbox 1908 2428 3478 2505; baseline -0.008 -12"><span class='ocrx_word' id='word_1_361' title='bbox 1908 2452 2052 2493; x_wconf 90' lang='lat' dir='ltr'><strong>mam</strong></span> <span class='ocrx_word' id='word_1_362' title='bbox 2087 2437 2323 2491; x_wconf 83' lang='lat' dir='ltr'><strong>hominis</strong></span> <span class='ocrx_word' id='word_1_363' title='bbox 2352 2436 2495 2489; x_wconf 89' lang='lat' dir='ltr'><strong>aliud</strong></span> <span class='ocrx_word' id='word_1_364' title='bbox 2520 2434 2675 2505; x_wconf 92' lang='lat' dir='ltr'><strong>quid,</strong></span> <span class='ocrx_word' id='word_1_365' title='bbox 2706 2439 2767 2487; x_wconf 87' lang='lat' dir='ltr'><strong>ut</strong></span> <span class='ocrx_word' id='word_1_366' title='bbox 2791 2446 2974 2487; x_wconf 86' lang='lat' dir='ltr'><strong>sermo</strong></span> <span class='ocrx_word' id='word_1_367' title='bbox 2998 2430 3300 2499; x_wconf 70' lang='lat' dir='ltr'><strong>prmdurus.</strong></span> <span class='ocrx_word' id='word_1_368' title='bbox 3324 2428 3478 2497; x_wconf 67' lang='lat' dir='ltr'><strong>Saepe</strong></span> 
     </span>
    </p>
   </div>
   <div class='ocr_carea' id='block_1_52' title="bbox 1908 2523 3479 2611">
    <p class='ocr_par' dir='ltr' id='par_1_52' title="bbox 1908 2523 3479 2611">
     <span class='ocr_line' id='line_1_55' title="bbox 1908 2523 3479 2611; baseline -0.008 -29"><span class='ocrx_word' id='word_1_369' title='bbox 1908 2529 1998 2598; x_wconf 91' lang='lat' dir='ltr'><strong>qui</strong></span> <span class='ocrx_word' id='word_1_370' title='bbox 2030 2528 2288 2611; x_wconf 79' lang='lat' dir='ltr'><strong>sustinuit</strong></span> <span class='ocrx_word' id='word_1_371' title='bbox 2318 2536 2591 2581; x_wconf 86' lang='lat' dir='ltr'><strong>tormenta</strong></span> <span class='ocrx_word' id='word_1_372' title='bbox 2627 2524 2847 2594; x_wconf 82' lang='lat' dir='ltr'><strong>corpori</strong></span> <span class='ocrx_word' id='word_1_373' title='bbox 2895 2523 3173 2585; x_wconf 90' lang='lat' dir='ltr'><strong>adhibita,</strong></span> <span class='ocrx_word' id='word_1_374' title='bbox 3199 2534 3479 2573; x_wconf 79' lang='lat' dir='ltr'><strong>sermones</strong></span> 
     </span>
    </p>
   </div>
   <div class='ocr_carea' id='block_1_53' title="bbox 1907 2610 3479 2676">
    <p class='ocr_par' dir='ltr' id='par_1_53' title="bbox 1907 2610 3479 2676">
     <span class='ocr_line' id='line_1_56' title="bbox 1907 2610 3479 2676; baseline -0.008 0"><span class='ocrx_word' id='word_1_375' title='bbox 1907 2635 2016 2676; x_wconf 88' lang='lat' dir='ltr'><strong>non</strong></span> <span class='ocrx_word' id='word_1_376' title='bbox 2049 2619 2330 2674; x_wconf 88' lang='lat' dir='ltr'><strong>sustinuit.</strong></span> <span class='ocrx_word' id='word_1_377' title='bbox 2367 2617 2647 2672; x_wconf 87' lang='lat' dir='ltr'><strong>Perfectus</strong></span> <span class='ocrx_word' id='word_1_378' title='bbox 2675 2626 2852 2670; x_wconf 89' lang='lat' dir='ltr'><strong>tamen</strong></span> <span class='ocrx_word' id='word_1_379' title='bbox 2886 2614 2974 2669; x_wconf 87' lang='lat' dir='ltr'><strong>hic</strong></span> <span class='ocrx_word' id='word_1_380' title='bbox 3007 2612 3238 2676; x_wconf 84' lang='lat' dir='ltr'><strong>athleta,</strong></span> <span class='ocrx_word' id='word_1_381' title='bbox 3267 2610 3369 2666; x_wconf 90' lang='lat' dir='ltr'><strong>etsi</strong></span> <span class='ocrx_word' id='word_1_382' title='bbox 3388 2611 3479 2664; x_wconf 87' lang='lat' dir='ltr'><strong>de-</strong></span> 
     </span>
    </p>
   </div>
   <div class='ocr_carea' id='block_1_54' title="bbox 1911 2706 3475 2782">
    <p class='ocr_par' dir='ltr' id='par_1_54' title="bbox 1911 2706 3475 2782">
     <span class='ocr_line' id='line_1_57' title="bbox 1911 2706 3475 2782; baseline -0.008 -17"><span class='ocrx_word' id='word_1_383' title='bbox 1911 2712 2187 2782; x_wconf 85' lang='lat' dir='ltr'><strong>fatigatus,</strong></span> <span class='ocrx_word' id='word_1_384' title='bbox 2224 2709 2457 2765; x_wconf 90' lang='lat' dir='ltr'><strong>sustinet</strong></span> <span class='ocrx_word' id='word_1_385' title='bbox 2488 2708 2849 2762; x_wconf 82' lang='lat' dir='ltr'><strong>nihilominus</strong></span> <span class='ocrx_word' id='word_1_386' title='bbox 2882 2706 3140 2760; x_wconf 89' lang='lat' dir='ltr'><strong>molestos</strong></span> <span class='ocrx_word' id='word_1_387' title='bbox 3176 2716 3475 2758; x_wconf 75' lang='lat' dir='ltr'><strong>sermones.</strong></span> 
     </span>
    </p>
   </div>
   <div class='ocr_carea' id='block_1_55' title="bbox 1911 2792 3480 2869">
    <p class='ocr_par' dir='ltr' id='par_1_55' title="bbox 1911 2792 3480 2869">
     <span class='ocr_line' id='line_1_58' title="bbox 1911 2792 3480 2869; baseline -0.008 -13"><span class='ocrx_word' id='word_1_388' title='bbox 1911 2800 2300 2856; x_wconf 89' lang='lat' dir='ltr'><strong>Contumeliam</strong></span> <span class='ocrx_word' id='word_1_389' title='bbox 2330 2800 2475 2854; x_wconf 91' lang='lat' dir='ltr'><strong>enim</strong></span> <span class='ocrx_word' id='word_1_390' title='bbox 2500 2798 2747 2862; x_wconf 80' lang='lat' dir='ltr'><strong>sufferre,</strong></span> <span class='ocrx_word' id='word_1_391' title='bbox 2768 2797 2944 2869; x_wconf 84' lang='lat' dir='ltr'><strong>magni</strong></span> <span class='ocrx_word' id='word_1_392' title='bbox 2976 2804 3060 2851; x_wconf 89' lang='lat' dir='ltr'><strong>est</strong></span> <span class='ocrx_word' id='word_1_393' title='bbox 3083 2794 3205 2849; x_wconf 90' lang='lat' dir='ltr'><strong>viri.</strong></span> <span class='ocrx_word' id='word_1_394' title='bbox 3226 2792 3480 2861; x_wconf 79' lang='lat' dir='ltr'><strong>Propter—</strong></span> 
     </span>
    </p>
   </div>
   <div class='ocr_carea' id='block_1_56' title="bbox 1911 2881 3476 2956">
    <p class='ocr_par' dir='ltr' id='par_1_56' title="bbox 1911 2881 3476 2956">
     <span class='ocr_line' id='line_1_59' title="bbox 1911 2881 3476 2956; baseline -0.008 -11"><span class='ocrx_word' id='word_1_395' title='bbox 1911 2906 1974 2945; x_wconf 89' lang='lat' dir='ltr'><strong>ea</strong></span> <span class='ocrx_word' id='word_1_396' title='bbox 2017 2890 2070 2944; x_wconf 95' lang='lat' dir='ltr'><strong>in</strong></span> <span class='ocrx_word' id='word_1_397' title='bbox 2103 2892 2215 2945; x_wconf 85' lang='lat' dir='ltr'><strong>suis</strong></span> <span class='ocrx_word' id='word_1_398' title='bbox 2245 2890 2540 2943; x_wconf 88' lang='lat' dir='ltr'><strong>virtutibus</strong></span> <span class='ocrx_word' id='word_1_399' title='bbox 2573 2887 2866 2956; x_wconf 75' lang='lat' dir='ltr'><strong>Apostolus</strong></span> <span class='ocrx_word' id='word_1_400' title='bbox 2899 2896 3151 2941; x_wconf 87' lang='lat' dir='ltr'><strong>recenset</strong></span> <span class='ocrx_word' id='word_1_401' title='bbox 3177 2904 3189 2939; x_wconf 88' lang='lat'><strong>:</strong></span> <span class='ocrx_word' id='word_1_402' title='bbox 3213 2881 3476 2937; x_wconf 80' lang='lat' dir='ltr'><strong>Conviciis</strong></span> 
     </span>
    </p>
   </div>
   <div class='ocr_carea' id='block_1_57' title="bbox 1914 2975 3479 3045">
    <p class='ocr_par' dir='ltr' id='par_1_57' title="bbox 1914 2975 3479 3045">
     <span class='ocr_line' id='line_1_60' title="bbox 1914 2975 3479 3045; baseline -0.006 -10"><span class='ocrx_word' id='word_1_403' title='bbox 1914 2982 2167 3044; x_wconf 74' lang='lat' dir='ltr'><strong>lacessiti,</strong></span> <span class='ocrx_word' id='word_1_404' title='bbox 2202 2980 2593 3043; x_wconf 84' lang='lat' dir='ltr'><strong>benedicimus;</strong></span> <span class='ocrx_word' id='word_1_405' title='bbox 2620 2980 3030 3041; x_wconf 74' lang='lat' dir='ltr'><strong>persecutionem</strong></span> <span class='ocrx_word' id='word_1_406' title='bbox 3052 2977 3328 3045; x_wconf 82' lang='lat' dir='ltr'><strong>patientes,</strong></span> <span class='ocrx_word' id='word_1_407' title='bbox 3356 2975 3479 3028; x_wconf 81' lang='lat' dir='ltr'><strong>tole-</strong></span> 
     </span>
    </p>
   </div>
   <div class='ocr_carea' id='block_1_58' title="bbox 233 3068 1813 3170">
    <p class='ocr_par' dir='ltr' id='par_1_58' title="bbox 233 3068 1813 3170">
     <span class='ocr_line' id='line_1_61' title="bbox 233 3068 1813 3170; baseline -0.011 -16"><span class='ocrx_word' id='word_1_408' title='bbox 233 3100 477 3170; x_wconf 77' lang='grc' dir='ltr'><strong>τοῦμεν,</strong></span> <span class='ocrx_word' id='word_1_409' title='bbox 528 3096 872 3164; x_wconf 78' lang='grc' dir='ltr'><strong>διωκόμενοι</strong></span> <span class='ocrx_word' id='word_1_410' title='bbox 928 3068 1291 3161; x_wconf 61' lang='grc' dir='ltr'><strong>ἀνεχόμεθα,</strong></span> <span class='ocrx_word' id='word_1_411' title='bbox 1325 3085 1813 3155; x_wconf 70' lang='grc' dir='ltr'><strong>δυσφημούμενοι</strong></span> 
     </span>
    </p>
   </div>
   <div class='ocr_carea' id='block_1_59' title="bbox 1914 3068 3474 3170">
    <p class='ocr_par' dir='ltr' id='par_1_59' title="bbox 1915 3068 3474 3144">
     <span class='ocr_line' id='line_1_62' title="bbox 1915 3068 3474 3144; baseline -0.006 -16"><span class='ocrx_word' id='word_1_412' title='bbox 1915 3090 2132 3140; x_wconf 84' lang='lat' dir='ltr'><strong>ramus;</strong></span> <span class='ocrx_word' id='word_1_413' title='bbox 2166 3074 2503 3144; x_wconf 81' lang='lat' dir='ltr'><strong>blasphemiis</strong></span> <span class='ocrx_word' id='word_1_414' title='bbox 2532 3073 3184 3143; x_wconf 82' lang='lat' dir='ltr'><strong>proscissi,deprecamur.</strong></span> <span class='ocrx_word' id='word_1_415' title='bbox 3205 3068 3474 3137; x_wconf 82' lang='lat' dir='ltr'><strong>Tanquam</strong></span> 
     </span>
    </p>
   </div>
   <div class='ocr_carea' id='block_1_60' title="bbox 235 3160 1813 3257">
    <p class='ocr_par' dir='ltr' id='par_1_60' title="bbox 235 3160 1809 3257">
     <span class='ocr_line' id='line_1_63' title="bbox 235 3160 1809 3257; baseline -0.013 -14"><span class='ocrx_word' id='word_1_416' title='bbox 235 3160 720 3257; x_wconf 58' lang='grc' dir='ltr'><strong>παοακαλοῦμεν.</strong></span> <span class='ocrx_word' id='word_1_417' title='bbox 772 3185 998 3250; x_wconf 83' lang='grc' dir='ltr'><strong>’Ὠσπερ</strong></span> <span class='ocrx_word' id='word_1_418' title='bbox 1047 3160 1387 3247; x_wconf 82' lang='grc' dir='ltr'><strong>καθάρματα</strong></span> <span class='ocrx_word' id='word_1_419' title='bbox 1426 3174 1532 3228; x_wconf 86' lang='grc' dir='ltr'><strong>τοῦ</strong></span> <span class='ocrx_word' id='word_1_420' title='bbox 1578 3173 1809 3241; x_wconf 81' lang='grc' dir='ltr'><strong>κόσμου</strong></span> 
     </span>
    </p>
   </div>
   <div class='ocr_carea' id='block_1_61' title="bbox 1914 3160 3480 3257">
    <p class='ocr_par' dir='ltr' id='par_1_61' title="bbox 1914 3162 3480 3239">
     <span class='ocr_line' id='line_1_64' title="bbox 1914 3162 3480 3239; baseline -0.004 -19"><span class='ocrx_word' id='word_1_421' title='bbox 1914 3175 2258 3238; x_wconf 85' lang='lat' dir='ltr'><strong>purgamenta</strong></span> <span class='ocrx_word' id='word_1_422' title='bbox 2283 3167 2464 3220; x_wconf 77' lang='lat' dir='ltr'><strong>mutuli</strong></span> <span class='ocrx_word' id='word_1_423' title='bbox 2493 3166 2663 3235; x_wconf 79' lang='lat' dir='ltr'><strong>effecti</strong></span> <span class='ocrx_word' id='word_1_424' title='bbox 2692 3180 2893 3227; x_wconf 85' lang='lat' dir='ltr'><strong>sumus,</strong></span> <span class='ocrx_word' id='word_1_425' title='bbox 2934 3163 3166 3239; x_wconf 78' lang='lat' dir='ltr'><strong>omnium</strong></span> <span class='ocrx_word' id='word_1_426' title='bbox 3188 3162 3480 3230; x_wconf 81' lang='lat' dir='ltr'><strong>peripsema</strong></span> 
     </span>
    </p>
   </div>
   <div class='ocr_carea' id='block_1_62' title="bbox 234 3263 1809 3349">
    <p class='ocr_par' dir='ltr' id='par_1_62' title="bbox 234 3263 1809 3349">
     <span class='ocr_line' id='line_1_65' title="bbox 234 3263 1809 3349; baseline -0.012 -15"><span class='ocrx_word' id='word_1_427' title='bbox 234 3279 624 3349; x_wconf 74' lang='grc' dir='ltr'><strong>ἐγενήθημεν,</strong></span> <span class='ocrx_word' id='word_1_428' title='bbox 647 3275 888 3329; x_wconf 78' lang='grc' dir='ltr'><strong>πάντων</strong></span> <span class='ocrx_word' id='word_1_429' title='bbox 918 3272 1223 3341; x_wconf 74' lang='grc' dir='ltr'><strong>περίψημα</strong></span> <span class='ocrx_word' id='word_1_430' title='bbox 1244 3269 1354 3335; x_wconf 79' lang='grc' dir='ltr'><strong>ἕως</strong></span> <span class='ocrx_word' id='word_1_431' title='bbox 1374 3267 1519 3336; x_wconf 80' lang='grc' dir='ltr'><strong>ἄρτι.</strong></span> <span class='ocrx_word' id='word_1_432' title='bbox 1548 3264 1659 3320; x_wconf 80' lang='grc' dir='ltr'><strong>Καὶ</strong></span> <span class='ocrx_word' id='word_1_433' title='bbox 1691 3263 1809 3335; x_wconf 82' lang='grc' dir='ltr'><strong>μετ’</strong></span> 
     </span>
    </p>
   </div>
   <div class='ocr_carea' id='block_1_63' title="bbox 236 3352 1811 3439">
    <p class='ocr_par' dir='ltr' id='par_1_63' title="bbox 236 3352 1811 3439">
     <span class='ocr_line' id='line_1_66' title="bbox 236 3352 1811 3439; baseline -0.011 -15"><span class='ocrx_word' id='word_1_434' title='bbox 236 3372 415 3439; x_wconf 80' lang='grc' dir='ltr'><strong>ὀλίγον</strong></span> <span class='ocrx_word' id='word_1_435' title='bbox 451 3369 614 3438; x_wconf 76' lang='grc' dir='ltr'><strong>φησὶν</strong></span> <span class='ocrx_word' id='word_1_436' title='bbox 636 3363 775 3431; x_wconf 78' lang='grc' dir='ltr'><strong>εἶτα,</strong></span> <span class='ocrx_word' id='word_1_437' title='bbox 796 3364 883 3419; x_wconf 82' lang='grc' dir='ltr'><strong>διὰ</strong></span> <span class='ocrx_word' id='word_1_438' title='bbox 901 3365 981 3427; x_wconf 86' lang='grc' dir='ltr'><strong>τὸ,</strong></span> <span class='ocrx_word' id='word_1_439' title='bbox 1015 3363 1162 3426; x_wconf 83' lang='grc' dir='ltr'><strong>Ἕως</strong></span> <span class='ocrx_word' id='word_1_440' title='bbox 1180 3361 1343 3425; x_wconf 84' lang='grc' dir='ltr'><strong>τίνος</strong></span> <span class='ocrx_word' id='word_1_441' title='bbox 1362 3360 1619 3429; x_wconf 61' lang='lat' dir='ltr'><strong>ﬁrmator</strong></span> <span class='ocrx_word' id='word_1_442' title='bbox 1641 3352 1811 3420; x_wconf 82' lang='grc' dir='ltr'><strong>ποιή-</strong></span> 
     </span>
    </p>
   </div>
   <div class='ocr_carea' id='block_1_64' title="bbox 236 3442 1813 3531">
    <p class='ocr_par' dir='ltr' id='par_1_64' title="bbox 236 3442 1813 3531">
     <span class='ocr_line' id='line_1_67' title="bbox 236 3442 1813 3531; baseline -0.013 -13"><span class='ocrx_word' id='word_1_443' title='bbox 236 3480 375 3518; x_wconf 83' lang='grc' dir='ltr'><strong>σετε</strong></span> <span class='ocrx_word' id='word_1_444' title='bbox 401 3460 614 3531; x_wconf 62' lang='grc' dir='ltr'><strong>ψυχήν</strong></span> <span class='ocrx_word' id='word_1_445' title='bbox 639 3474 797 3529; x_wconf 84' lang='grc' dir='ltr'><strong>μου;</strong></span> <span class='ocrx_word' id='word_1_446' title='bbox 838 3458 1032 3528; x_wconf 81' lang='grc' dir='ltr'><strong>Ὀρᾷς;</strong></span> <span class='ocrx_word' id='word_1_447' title='bbox 1081 3452 1199 3508; x_wconf 83' lang='grc' dir='ltr'>Ἱὡὸ</span> <span class='ocrx_word' id='word_1_448' title='bbox 1230 3454 1399 3514; x_wconf 83' lang='grc' dir='ltr'><strong>ἐστιν,</strong></span> <span class='ocrx_word' id='word_1_449' title='bbox 1428 3442 1489 3502; x_wconf 72' lang='grc' dir='ltr'><strong>οὗ</strong></span> <span class='ocrx_word' id='word_1_450' title='bbox 1524 3448 1619 3501; x_wconf 79' lang='grc' dir='ltr'><strong>καὶ</strong></span> <span class='ocrx_word' id='word_1_451' title='bbox 1644 3447 1704 3499; x_wconf 84' lang='grc' dir='ltr'><strong>τὸ</strong></span> <span class='ocrx_word' id='word_1_452' title='bbox 1734 3445 1813 3516; x_wconf 82' lang='grc' dir='ltr'><strong>βι-</strong></span> 
     </span>
    </p>
   </div>
   <div class='ocr_carea' id='block_1_65' title="bbox 240 3540 1813 3621">
    <p class='ocr_par' dir='ltr' id='par_1_65' title="bbox 240 3540 1813 3621">
     <span class='ocr_line' id='line_1_68' title="bbox 240 3540 1813 3621; baseline -0.011 -13"><span class='ocrx_word' id='word_1_453' title='bbox 240 3556 385 3608; x_wconf 78' lang='grc' dir='ltr'><strong>ϐλίον</strong></span> <span class='ocrx_word' id='word_1_454' title='bbox 414 3555 566 3607; x_wconf 80' lang='grc' dir='ltr'><strong>οὐδὲν</strong></span> <span class='ocrx_word' id='word_1_455' title='bbox 621 3552 748 3607; x_wconf 84' lang='grc' dir='ltr'><strong>ἄλλο</strong></span> <span class='ocrx_word' id='word_1_456' title='bbox 776 3550 1067 3621; x_wconf 81' lang='grc' dir='ltr'><strong>ἐξαιρέτως</strong></span> <span class='ocrx_word' id='word_1_457' title='bbox 1098 3546 1340 3618; x_wconf 84' lang='grc' dir='ltr'><strong>περιέχει</strong></span> <span class='ocrx_word' id='word_1_458' title='bbox 1386 3543 1420 3614; x_wconf 82' lang='grc' dir='ltr'>ἢ</span> <span class='ocrx_word' id='word_1_459' title='bbox 1462 3543 1563 3612; x_wconf 81' lang='grc' dir='ltr'><strong>τὴν</strong></span> <span class='ocrx_word' id='word_1_460' title='bbox 1593 3540 1813 3612; x_wconf 82' lang='grc' dir='ltr'><strong>ἀνδρίαν</strong></span> 
     </span>
    </p>
   </div>
   <div class='ocr_carea' id='block_1_66' title="bbox 239 3632 1812 3715">
    <p class='ocr_par' dir='ltr' id='par_1_66' title="bbox 239 3632 1812 3715">
     <span class='ocr_line' id='line_1_69' title="bbox 239 3632 1812 3715; baseline -0.011 -15"><span class='ocrx_word' id='word_1_461' title='bbox 239 3646 403 3700; x_wconf 75' lang='grc' dir='ltr'><strong>αὐτοῦ</strong></span> <span class='ocrx_word' id='word_1_462' title='bbox 455 3646 550 3699; x_wconf 76' lang='grc' dir='ltr'><strong>καὶ</strong></span> <span class='ocrx_word' id='word_1_463' title='bbox 594 3644 693 3715; x_wconf 80' lang='grc' dir='ltr'><strong>τὴν</strong></span> <span class='ocrx_word' id='word_1_464' title='bbox 751 3642 1046 3712; x_wconf 82' lang='grc' dir='ltr'><strong>ὑπομονήν.</strong></span> <span class='ocrx_word' id='word_1_465' title='bbox 1116 3637 1253 3690; x_wconf 81' lang='grc' dir='ltr'><strong>Ἀλλ’</strong></span> <span class='ocrx_word' id='word_1_466' title='bbox 1294 3636 1444 3705; x_wconf 82' lang='grc' dir='ltr'><strong>ὅμως</strong></span> <span class='ocrx_word' id='word_1_467' title='bbox 1500 3632 1812 3685; x_wconf 74' lang='grc' dir='ltr'><strong>αἰσθάνεται</strong></span> 
     </span>
    </p>
   </div>
   <div class='ocr_carea' id='block_1_67' title="bbox 240 3722 1814 3809">
    <p class='ocr_par' dir='ltr' id='par_1_67' title="bbox 240 3722 1814 3809">
     <span class='ocr_line' id='line_1_70' title="bbox 240 3722 1814 3809; baseline -0.013 -16"><span class='ocrx_word' id='word_1_468' title='bbox 240 3740 347 3792; x_wconf 84' lang='grc' dir='ltr'><strong>τῶν</strong></span> <span class='ocrx_word' id='word_1_469' title='bbox 363 3738 650 3809; x_wconf 85' lang='grc' dir='ltr'><strong>καμάτων,</strong></span> <span class='ocrx_word' id='word_1_470' title='bbox 681 3729 755 3788; x_wconf 83' lang='grc' dir='ltr'><strong>ὧν</strong></span> <span class='ocrx_word' id='word_1_471' title='bbox 778 3736 1052 3804; x_wconf 86' lang='grc' dir='ltr'><strong>κεκμήκει</strong></span> <span class='ocrx_word' id='word_1_472' title='bbox 1076 3729 1185 3782; x_wconf 84' lang='grc' dir='ltr'><strong>ἀπὸ</strong></span> <span class='ocrx_word' id='word_1_473' title='bbox 1204 3726 1297 3780; x_wconf 79' lang='grc' dir='ltr'><strong>τοῦ</strong></span> <span class='ocrx_word' id='word_1_474' title='bbox 1325 3725 1488 3794; x_wconf 83' lang='grc' dir='ltr'><strong>λόγου</strong></span> <span class='ocrx_word' id='word_1_475' title='bbox 1525 3722 1619 3776; x_wconf 80' lang='grc' dir='ltr'><strong>τοῦ</strong></span> <span class='ocrx_word' id='word_1_476' title='bbox 1648 3722 1814 3792; x_wconf 89' lang='grc' dir='ltr'><strong>σκλη-</strong></span> 
     </span>
    </p>
   </div>
   <div class='ocr_carea' id='block_1_68' title="bbox 244 3818 1500 3903">
    <p class='ocr_par' dir='ltr' id='par_1_68' title="bbox 244 3818 1500 3903">
     <span class='ocr_line' id='line_1_71' title="bbox 244 3818 1500 3903; baseline -0.013 -18"><span class='ocrx_word' id='word_1_477' title='bbox 244 3831 338 3903; x_wconf 77' lang='grc' dir='ltr'><strong>ροῦ</strong></span> <span class='ocrx_word' id='word_1_478' title='bbox 387 3830 497 3883; x_wconf 78' lang='grc' dir='ltr'><strong>τῶν</strong></span> <span class='ocrx_word' id='word_1_479' title='bbox 544 3825 879 3897; x_wconf 76' lang='grc' dir='ltr'><strong>ἐληλυθότων</strong></span> <span class='ocrx_word' id='word_1_480' title='bbox 913 3821 1077 3876; x_wconf 80' lang='grc' dir='ltr'><strong>αὐτὸν</strong></span> <span class='ocrx_word' id='word_1_481' title='bbox 1112 3818 1500 3887; x_wconf 85' lang='grc' dir='ltr'><strong>ἐπισκοπῆσαι.</strong></span> 
     </span>
    </p>
   </div>
   <div class='ocr_carea' id='block_1_69' title="bbox 243 3908 1818 4000">
    <p class='ocr_par' dir='ltr' id='par_1_69' title="bbox 243 3908 1818 4000">
     <span class='ocr_line' id='line_1_72' title="bbox 243 3908 1818 4000; baseline -0.009 -24"><span class='ocrx_word' id='word_1_482' title='bbox 243 3923 351 3993; x_wconf 78' lang='grc'><strong>(59)</strong></span> <span class='ocrx_word' id='word_1_483' title='bbox 384 3921 535 3991; x_wconf 87' lang='grc' dir='ltr'><strong>Στίχ.</strong></span> <span class='ocrx_word' id='word_1_484' title='bbox 564 3926 634 3989; x_wconf 84' lang='grc' dir='ltr'><strong>γ’.</strong></span> <span class='ocrx_word' id='word_1_485' title='bbox 668 3914 867 3972; x_wconf 82' lang='grc' dir='ltr'><strong>Γνῶτε</strong></span> <span class='ocrx_word' id='word_1_486' title='bbox 887 3916 1103 4000; x_wconf 66' lang='grc' dir='ltr'><strong>μόνον,</strong></span> <span class='ocrx_word' id='word_1_487' title='bbox 1138 3910 1226 3965; x_wconf 81' lang='grc' dir='ltr'><strong>ὅτι</strong></span> <span class='ocrx_word' id='word_1_488' title='bbox 1261 3912 1295 3965; x_wconf 82' lang='grc' dir='ltr'><em>ὁ</em></span> <span class='ocrx_word' id='word_1_489' title='bbox 1317 3910 1534 3978; x_wconf 81' lang='grc' dir='ltr'><strong>Κύριος</strong></span> <span class='ocrx_word' id='word_1_490' title='bbox 1564 3908 1818 3977; x_wconf 79' lang='grc' dir='ltr'><strong>ἐποίησέ</strong></span> 
     </span>
    </p>
   </div>
   <div class='ocr_carea' id='block_1_70' title="bbox 867 4000 1182 4055">
    <p class='ocr_par' dir='ltr' id='par_1_70' title="bbox 867 4000 1182 4055">
     <span class='ocr_line' id='line_1_73' title="bbox 867 4000 1182 4055; baseline -0.019 -14"><span class='ocrx_word' id='word_1_491' title='bbox 867 4003 945 4055; x_wconf 82' lang='grc' dir='ltr'><strong>με</strong></span> <span class='ocrx_word' id='word_1_492' title='bbox 973 4000 1182 4049; x_wconf 84' lang='grc' dir='ltr'><strong>ουτως.</strong></span> 
     </span>
    </p>
   </div>
   <div class='ocr_carea' id='block_1_71' title="bbox 318 4068 1817 4152">
    <p class='ocr_par' dir='ltr' id='par_1_71' title="bbox 318 4068 1817 4152">
     <span class='ocr_line' id='line_1_74' title="bbox 318 4068 1817 4152; baseline -0.009 -17"><span class='ocrx_word' id='word_1_493' title='bbox 318 4085 387 4135; x_wconf 76' lang='grc' dir='ltr'><strong>Ἀ</strong></span> <span class='ocrx_word' id='word_1_494' title='bbox 418 4080 641 4152; x_wconf 83' lang='grc' dir='ltr'><strong>βλέπετε</strong></span> <span class='ocrx_word' id='word_1_495' title='bbox 665 4077 796 4149; x_wconf 70' lang='grc' dir='ltr'><strong>περ).</strong></span> <span class='ocrx_word' id='word_1_496' title='bbox 819 4075 940 4147; x_wconf 71' lang='grc' dir='ltr'><strong>ἐμὲ,</strong></span> <span class='ocrx_word' id='word_1_497' title='bbox 980 4073 1053 4145; x_wconf 83' lang='grc' dir='ltr'><strong>μὴ</strong></span> <span class='ocrx_word' id='word_1_498' title='bbox 1079 4071 1337 4142; x_wconf 78' lang='grc' dir='ltr'><strong>νομίσητε</strong></span> <span class='ocrx_word' id='word_1_499' title='bbox 1369 4068 1591 4124; x_wconf 80' lang='grc' dir='ltr'><strong>ἄλλοθεν</strong></span> <span class='ocrx_word' id='word_1_500' title='bbox 1625 4068 1817 4141; x_wconf 88' lang='grc' dir='ltr'><strong>ἐληλυ-</strong></span> 
     </span>
    </p>
   </div>
   <div class='ocr_carea' id='block_1_72' title="bbox 245 4157 1815 4240">
    <p class='ocr_par' dir='ltr' id='par_1_72' title="bbox 245 4157 1815 4240">
     <span class='ocr_line' id='line_1_75' title="bbox 245 4157 1815 4240; baseline -0.009 -17"><span class='ocrx_word' id='word_1_501' title='bbox 245 4172 395 4225; x_wconf 82' lang='grc' dir='ltr'><strong>θέναι</strong></span> <span class='ocrx_word' id='word_1_502' title='bbox 432 4187 520 4240; x_wconf 81' lang='grc' dir='ltr'><strong>μοι</strong></span> <span class='ocrx_word' id='word_1_503' title='bbox 549 4168 582 4239; x_wconf 83' lang='grc' dir='ltr'>ἢ</span> <span class='ocrx_word' id='word_1_504' title='bbox 614 4166 723 4220; x_wconf 83' lang='grc' dir='ltr'><strong>ἀπὸ</strong></span> <span class='ocrx_word' id='word_1_505' title='bbox 743 4164 833 4218; x_wconf 83' lang='grc' dir='ltr'><strong>τοῦ</strong></span> <span class='ocrx_word' id='word_1_506' title='bbox 861 4162 1016 4217; x_wconf 80' lang='grc' dir='ltr'><strong>Θεοῦ.</strong></span> <span class='ocrx_word' id='word_1_507' title='bbox 1057 4159 1333 4231; x_wconf 77' lang='grc' dir='ltr'><strong>Φοϐήθητε</strong></span> <span class='ocrx_word' id='word_1_508' title='bbox 1365 4158 1562 4211; x_wconf 81' lang='grc' dir='ltr'><strong>τοίνυν.</strong></span> <span class='ocrx_word' id='word_1_509' title='bbox 1620 4157 1679 4210; x_wconf 88' lang='lat'><strong>&#39;0</strong></span> <span class='ocrx_word' id='word_1_510' title='bbox 1710 4158 1815 4229; x_wconf 81' lang='grc' dir='ltr'><strong>γὰρ</strong></span> 
     </span>
    </p>
   </div>
   <div class='ocr_carea' id='block_1_73' title="bbox 246 4247 1688 4332">
    <p class='ocr_par' dir='ltr' id='par_1_73' title="bbox 246 4247 1688 4332">
     <span class='ocr_line' id='line_1_76' title="bbox 246 4247 1688 4332; baseline -0.01 -18"><span class='ocrx_word' id='word_1_511' title='bbox 246 4262 368 4332; x_wconf 69' lang='grc' dir='ltr'><strong>ἐμοὶ</strong></span> <span class='ocrx_word' id='word_1_512' title='bbox 395 4259 568 4313; x_wconf 78' lang='grc' dir='ltr'><strong>ταῦτα</strong></span> <span class='ocrx_word' id='word_1_513' title='bbox 593 4256 813 4324; x_wconf 85' lang='grc' dir='ltr'><strong>ἐπάγων</strong></span> <span class='ocrx_word' id='word_1_514' title='bbox 840 4253 1062 4307; x_wconf 79' lang='grc' dir='ltr'><strong>δύναται</strong></span> <span class='ocrx_word' id='word_1_515' title='bbox 1093 4250 1189 4304; x_wconf 73' lang='grc' dir='ltr'><strong>καὶ</strong></span> <span class='ocrx_word' id='word_1_516' title='bbox 1219 4249 1347 4318; x_wconf 80' lang='grc' dir='ltr'><strong>ὑμῖν</strong></span> <span class='ocrx_word' id='word_1_517' title='bbox 1369 4247 1688 4314; x_wconf 80' lang='grc' dir='ltr'><strong>ἐπαγαγεῖν.</strong></span> 
     </span>
    </p>
   </div>
   <div class='ocr_carea' id='block_1_74' title="bbox 246 4336 1814 4422">
    <p class='ocr_par' dir='ltr' id='par_1_74' title="bbox 246 4336 1814 4422">
     <span class='ocr_line' id='line_1_77' title="bbox 246 4336 1814 4422; baseline -0.012 -15"><span class='ocrx_word' id='word_1_518' title='bbox 246 4355 395 4421; x_wconf 83' lang='grc' dir='ltr'><strong>Στίχ.</strong></span> <span class='ocrx_word' id='word_1_519' title='bbox 426 4352 497 4422; x_wconf 85' lang='grc' dir='ltr'><strong>γ’.</strong></span> <span class='ocrx_word' id='word_1_520' title='bbox 525 4346 922 4422; x_wconf 68' lang='grc' dir='ltr'><strong>Καταλαλεῒτέ</strong></span> <span class='ocrx_word' id='word_1_521' title='bbox 943 4344 1236 4422; x_wconf 27' lang='grc' dir='ltr'><strong>μουᾳχοὺκ</strong></span> <span class='ocrx_word' id='word_1_522' title='bbox 1268 4336 1694 4408; x_wconf 70' lang='grc' dir='ltr'><strong>αἰσχυνόμενοι</strong></span> <span class='ocrx_word' id='word_1_523' title='bbox 1717 4353 1814 4407; x_wconf 86' lang='grc' dir='ltr'><strong>με,</strong></span> 
     </span>
    </p>
   </div>
   <div class='ocr_carea' id='block_1_75' title="bbox 809 4413 1258 4481">
    <p class='ocr_par' dir='ltr' id='par_1_75' title="bbox 809 4413 1258 4481">
     <span class='ocr_line' id='line_1_78' title="bbox 809 4413 1258 4481; baseline -0.011 -11"><span class='ocrx_word' id='word_1_524' title='bbox 809 4413 1112 4470; x_wconf 82' lang='grc' dir='ltr'><strong>ἐπίκεισθέ</strong></span> <span class='ocrx_word' id='word_1_525' title='bbox 1135 4429 1258 4481; x_wconf 85' lang='grc' dir='ltr'><strong>μοι.</strong></span> 
     </span>
    </p>
   </div>
   <div class='ocr_carea' id='block_1_76' title="bbox 1911 3255 3481 3330">
    <p class='ocr_par' dir='ltr' id='par_1_76' title="bbox 1911 3255 3481 3330">
     <span class='ocr_line' id='line_1_79' title="bbox 1911 3255 3481 3330; baseline -0.006 -16"><span class='ocrx_word' id='word_1_526' title='bbox 1911 3278 2072 3330; x_wconf 82' lang='lat' dir='ltr'><strong>usque</strong></span> <span class='ocrx_word' id='word_1_527' title='bbox 2094 3261 2248 3314; x_wconf 85' lang='lat' dir='ltr'><strong>modo</strong></span> <span class='ocrx_word' id='word_1_528' title='bbox 2276 3260 2347 3313; x_wconf 80' lang='grc'><strong>⁸⁸.</strong></span> <span class='ocrx_word' id='word_1_529' title='bbox 2376 3259 2441 3313; x_wconf 88' lang='lat' dir='ltr'><strong>Et</strong></span> <span class='ocrx_word' id='word_1_530' title='bbox 2472 3258 2633 3329; x_wconf 92' lang='lat' dir='ltr'><strong>paulo</strong></span> <span class='ocrx_word' id='word_1_531' title='bbox 2656 3270 2776 3329; x_wconf 92' lang='lat' dir='ltr'><strong>post</strong></span> <span class='ocrx_word' id='word_1_532' title='bbox 2800 3256 3058 3326; x_wconf 87' lang='lat' dir='ltr'><strong>deinceps</strong></span> <span class='ocrx_word' id='word_1_533' title='bbox 3081 3255 3234 3320; x_wconf 88' lang='lat' dir='ltr'><strong>dicit,</strong></span> <span class='ocrx_word' id='word_1_534' title='bbox 3263 3263 3481 3321; x_wconf 82' lang='lat' dir='ltr'><strong>propter</strong></span> 
     </span>
    </p>
   </div>
   <div class='ocr_carea' id='block_1_77' title="bbox 1912 3345 3483 3422">
    <p class='ocr_par' dir='ltr' id='par_1_77' title="bbox 1912 3345 3483 3422">
     <span class='ocr_line' id='line_1_80' title="bbox 1912 3345 3483 3422; baseline -0.006 -15"><span class='ocrx_word' id='word_1_535' title='bbox 1912 3353 2038 3407; x_wconf 90' lang='lat' dir='ltr'><strong>illud</strong></span> <span class='ocrx_word' id='word_1_536' title='bbox 2068 3370 2081 3406; x_wconf 95' lang='lat'>:</span> <span class='ocrx_word' id='word_1_537' title='bbox 2121 3351 2398 3422; x_wconf 87' lang='lat' dir='ltr'><strong>Usquequo</strong></span> <span class='ocrx_word' id='word_1_538' title='bbox 2428 3348 2743 3404; x_wconf 86' lang='lat' dir='ltr'><strong>laboriosam</strong></span> <span class='ocrx_word' id='word_1_539' title='bbox 2779 3349 2980 3416; x_wconf 79' lang='lat' dir='ltr'><strong>facietis</strong></span> <span class='ocrx_word' id='word_1_540' title='bbox 3012 3347 3241 3401; x_wconf 85' lang='lat' dir='ltr'><strong>animam</strong></span> <span class='ocrx_word' id='word_1_541' title='bbox 3272 3360 3436 3397; x_wconf 82' lang='lat' dir='ltr'><strong>meam</strong></span> <span class='ocrx_word' id='word_1_542' title='bbox 3458 3345 3483 3397; x_wconf 83' lang='lat'><strong><em>?</em></strong></span> 
     </span>
    </p>
   </div>
   <div class='ocr_carea' id='block_1_78' title="bbox 1918 3435 3484 3511">
    <p class='ocr_par' dir='ltr' id='par_1_78' title="bbox 1918 3435 3484 3511">
     <span class='ocr_line' id='line_1_81' title="bbox 1918 3435 3484 3511; baseline -0.008 -13"><span class='ocrx_word' id='word_1_543' title='bbox 1918 3443 2146 3499; x_wconf 76' lang='lat' dir='ltr'><strong>Viden’?</strong></span> <span class='ocrx_word' id='word_1_544' title='bbox 2170 3442 2269 3497; x_wconf 80' lang='lat' dir='ltr'><strong>Job</strong></span> <span class='ocrx_word' id='word_1_545' title='bbox 2296 3451 2380 3497; x_wconf 89' lang='lat' dir='ltr'><strong>est</strong></span> <span class='ocrx_word' id='word_1_546' title='bbox 2404 3458 2419 3497; x_wconf 78' lang='grc' dir='ltr'><strong><em>τ</em></strong></span> <span class='ocrx_word' id='word_1_547' title='bbox 2442 3442 2596 3511; x_wconf 85' lang='lat' dir='ltr'><strong>cujus</strong></span> <span class='ocrx_word' id='word_1_548' title='bbox 2620 3441 2781 3494; x_wconf 90' lang='lat' dir='ltr'><strong>etiam</strong></span> <span class='ocrx_word' id='word_1_549' title='bbox 2798 3440 2932 3506; x_wconf 72' lang='lat' dir='ltr'><strong>liber</strong></span> <span class='ocrx_word' id='word_1_550' title='bbox 2951 3437 3086 3491; x_wconf 87' lang='lat' dir='ltr'><strong>nihil</strong></span> <span class='ocrx_word' id='word_1_551' title='bbox 3119 3435 3263 3489; x_wconf 87' lang='lat' dir='ltr'><strong>aliud</strong></span> <span class='ocrx_word' id='word_1_552' title='bbox 3295 3436 3484 3504; x_wconf 79' lang='lat' dir='ltr'><strong>praeci-</strong></span> 
     </span>
    </p>
   </div>
   <div class='ocr_carea' id='block_1_79' title="bbox 1911 3526 3480 3607">
    <p class='ocr_par' dir='ltr' id='par_1_79' title="bbox 1911 3526 3480 3607">
     <span class='ocr_line' id='line_1_82' title="bbox 1911 3526 3480 3607; baseline -0.009 -16"><span class='ocrx_word' id='word_1_553' title='bbox 1911 3552 2015 3607; x_wconf 85' lang='lat' dir='ltr'><strong>pue</strong></span> <span class='ocrx_word' id='word_1_554' title='bbox 2063 3536 2325 3601; x_wconf 90' lang='lat' dir='ltr'><strong>continet,</strong></span> <span class='ocrx_word' id='word_1_555' title='bbox 2374 3549 2538 3602; x_wconf 89' lang='lat' dir='ltr'><strong>quam</strong></span> <span class='ocrx_word' id='word_1_556' title='bbox 2592 3531 2760 3587; x_wconf 92' lang='lat' dir='ltr'><strong>robur</strong></span> <span class='ocrx_word' id='word_1_557' title='bbox 2804 3541 2860 3584; x_wconf 89' lang='lat' dir='ltr'><strong>et</strong></span> <span class='ocrx_word' id='word_1_558' title='bbox 2904 3528 3246 3584; x_wconf 87' lang='lat' dir='ltr'><strong>tolerantiam</strong></span> <span class='ocrx_word' id='word_1_559' title='bbox 3316 3526 3480 3578; x_wconf 89' lang='lat' dir='ltr'><strong>illius.</strong></span> 
     </span>
    </p>
   </div>
   <div class='ocr_carea' id='block_1_80' title="bbox 1914 3619 3482 3689">
    <p class='ocr_par' dir='ltr' id='par_1_80' title="bbox 1914 3619 3482 3689">
     <span class='ocr_line' id='line_1_83' title="bbox 1914 3619 3482 3689; baseline -0.009 -7"><span class='ocrx_word' id='word_1_560' title='bbox 1914 3627 2280 3682; x_wconf 82' lang='lat' dir='ltr'><strong>Nihilominus</strong></span> <span class='ocrx_word' id='word_1_561' title='bbox 2307 3625 2476 3681; x_wconf 89' lang='lat' dir='ltr'><strong>sentit</strong></span> <span class='ocrx_word' id='word_1_562' title='bbox 2498 3624 2737 3685; x_wconf 86' lang='lat' dir='ltr'><strong>labores,</strong></span> <span class='ocrx_word' id='word_1_563' title='bbox 2767 3620 2962 3689; x_wconf 89' lang='lat' dir='ltr'><strong>quibus</strong></span> <span class='ocrx_word' id='word_1_564' title='bbox 2987 3619 3326 3672; x_wconf 86' lang='lat' dir='ltr'><strong>laboraverat</strong></span> <span class='ocrx_word' id='word_1_565' title='bbox 3352 3630 3482 3684; x_wconf 89' lang='lat' dir='ltr'><strong>pro-</strong></span> 
     </span>
    </p>
   </div>
   <div class='ocr_carea' id='block_1_81' title="bbox 1913 3704 3487 3785">
    <p class='ocr_par' dir='ltr' id='par_1_81' title="bbox 1913 3704 3487 3785">
     <span class='ocr_line' id='line_1_84' title="bbox 1913 3704 3487 3785; baseline -0.008 -15"><span class='ocrx_word' id='word_1_566' title='bbox 1913 3706 2036 3785; x_wconf 85' lang='lat' dir='ltr'><strong>pter</strong></span> <span class='ocrx_word' id='word_1_567' title='bbox 2080 3715 2276 3768; x_wconf 90' lang='lat' dir='ltr'><strong>durum</strong></span> <span class='ocrx_word' id='word_1_568' title='bbox 2311 3724 2618 3767; x_wconf 87' lang='lat' dir='ltr'><strong>sermonem</strong></span> <span class='ocrx_word' id='word_1_569' title='bbox 2650 3723 2870 3773; x_wconf 87' lang='lat' dir='ltr'><strong>eorum,</strong></span> <span class='ocrx_word' id='word_1_570' title='bbox 2895 3705 2987 3777; x_wconf 92' lang='lat' dir='ltr'><strong>qui</strong></span> <span class='ocrx_word' id='word_1_571' title='bbox 3020 3712 3283 3760; x_wconf 84' lang='lat' dir='ltr'><strong>venerant</strong></span> <span class='ocrx_word' id='word_1_572' title='bbox 3308 3705 3375 3758; x_wconf 89' lang='lat' dir='ltr'><strong>ad</strong></span> <span class='ocrx_word' id='word_1_573' title='bbox 3406 3704 3487 3758; x_wconf 83' lang='lat' dir='ltr'><strong>in—</strong></span> 
     </span>
    </p>
   </div>
   <div class='ocr_carea' id='block_1_82' title="bbox 1914 3804 2393 3860">
    <p class='ocr_par' dir='ltr' id='par_1_82' title="bbox 1914 3804 2393 3860">
     <span class='ocr_line' id='line_1_85' title="bbox 1914 3804 2393 3860; baseline -0.004 -2"><span class='ocrx_word' id='word_1_574' title='bbox 1914 3807 2195 3860; x_wconf 87' lang='lat' dir='ltr'><strong>visendum</strong></span> <span class='ocrx_word' id='word_1_575' title='bbox 2222 3804 2393 3859; x_wconf 91' lang='lat' dir='ltr'><strong>illum.</strong></span> 
     </span>
    </p>
   </div>
   <div class='ocr_carea' id='block_1_83' title="bbox 1916 3890 3483 3967">
    <p class='ocr_par' dir='ltr' id='par_1_83' title="bbox 1916 3890 3483 3967">
     <span class='ocr_line' id='line_1_86' title="bbox 1916 3890 3483 3967; baseline -0.006 -13"><span class='ocrx_word' id='word_1_576' title='bbox 1916 3897 1982 3953; x_wconf 76' lang='grc' dir='ltr'><strong>ν.</strong></span> <span class='ocrx_word' id='word_1_577' title='bbox 2008 3899 2062 3953; x_wconf 84' lang='grc'><strong>5.</strong></span> <span class='ocrx_word' id='word_1_578' title='bbox 2092 3896 2370 3967; x_wconf 81' lang='lat' dir='ltr'><strong>Agnoscite</strong></span> <span class='ocrx_word' id='word_1_579' title='bbox 2387 3898 2667 3960; x_wconf 72' lang='lat' dir='ltr'><strong>duntaxat,</strong></span> <span class='ocrx_word' id='word_1_580' title='bbox 2690 3892 2829 3963; x_wconf 85' lang='lat' dir='ltr'><strong>quod</strong></span> <span class='ocrx_word' id='word_1_581' title='bbox 2853 3891 3111 3946; x_wconf 80' lang='lat' dir='ltr'><strong>Dominus</strong></span> <span class='ocrx_word' id='word_1_582' title='bbox 3136 3890 3259 3960; x_wconf 81' lang='lat' dir='ltr'><strong>fecit</strong></span> <span class='ocrx_word' id='word_1_583' title='bbox 3285 3907 3364 3945; x_wconf 86' lang='lat' dir='ltr'><strong>me</strong></span> <span class='ocrx_word' id='word_1_584' title='bbox 3388 3892 3483 3945; x_wconf 79' lang='lat' dir='ltr'><strong>sic.</strong></span> 
     </span>
    </p>
   </div>
   <div class='ocr_carea' id='block_1_84' title="bbox 1986 4076 3486 4148">
    <p class='ocr_par' dir='ltr' id='par_1_84' title="bbox 1986 4076 3486 4148">
     <span class='ocr_line' id='line_1_87' title="bbox 1986 4076 3486 4148; baseline -0.001 -16"><span class='ocrx_word' id='word_1_585' title='bbox 1986 4079 2118 4147; x_wconf 65' lang='lat' dir='ltr'><strong>Quae</strong></span> <span class='ocrx_word' id='word_1_586' title='bbox 2160 4078 2304 4133; x_wconf 88' lang='lat' dir='ltr'><strong>circa</strong></span> <span class='ocrx_word' id='word_1_587' title='bbox 2349 4091 2437 4132; x_wconf 90' lang='lat' dir='ltr'><strong>me</strong></span> <span class='ocrx_word' id='word_1_588' title='bbox 2488 4076 2735 4142; x_wconf 89' lang='lat' dir='ltr'><strong>cernitis,</strong></span> <span class='ocrx_word' id='word_1_589' title='bbox 2780 4091 2850 4130; x_wconf 86' lang='lat' dir='ltr'><strong>ne</strong></span> <span class='ocrx_word' id='word_1_590' title='bbox 2903 4076 3227 4148; x_wconf 83' lang='lat' dir='ltr'><strong>putaveritis</strong></span> <span class='ocrx_word' id='word_1_591' title='bbox 3272 4076 3486 4131; x_wconf 86' lang='lat' dir='ltr'><strong>aliunde</strong></span> 
     </span>
    </p>
   </div>
   <div class='ocr_carea' id='block_1_85' title="bbox 1915 4167 3486 4240">
    <p class='ocr_par' dir='ltr' id='par_1_85' title="bbox 1915 4167 3486 4240">
     <span class='ocr_line' id='line_1_88' title="bbox 1915 4167 3486 4240; baseline -0.003 -15"><span class='ocrx_word' id='word_1_592' title='bbox 1915 4172 2161 4227; x_wconf 87' lang='lat' dir='ltr'><strong>evenisse</strong></span> <span class='ocrx_word' id='word_1_593' title='bbox 2186 4169 2339 4235; x_wconf 91' lang='lat' dir='ltr'><strong>mihi,</strong></span> <span class='ocrx_word' id='word_1_594' title='bbox 2364 4184 2526 4240; x_wconf 89' lang='lat' dir='ltr'><strong>quam</strong></span> <span class='ocrx_word' id='word_1_595' title='bbox 2555 4183 2586 4223; x_wconf 86' lang='lat' dir='ltr'><strong>a</strong></span> <span class='ocrx_word' id='word_1_596' title='bbox 2614 4170 2746 4225; x_wconf 88' lang='lat' dir='ltr'><strong>Deo.</strong></span> <span class='ocrx_word' id='word_1_597' title='bbox 2785 4167 3008 4223; x_wconf 75' lang='lat' dir='ltr'><strong>Metuite</strong></span> <span class='ocrx_word' id='word_1_598' title='bbox 3028 4183 3179 4238; x_wconf 87' lang='lat' dir='ltr'><strong>ergo.</strong></span> <span class='ocrx_word' id='word_1_599' title='bbox 3210 4168 3313 4234; x_wconf 77' lang='lat' dir='ltr'><strong>Qui</strong></span> <span class='ocrx_word' id='word_1_600' title='bbox 3341 4169 3486 4223; x_wconf 87' lang='lat' dir='ltr'><strong>enim</strong></span> 
     </span>
    </p>
   </div>
   <div class='ocr_carea' id='block_1_86' title="bbox 1917 4260 3323 4330">
    <p class='ocr_par' dir='ltr' id='par_1_86' title="bbox 1917 4260 3323 4330">
     <span class='ocr_line' id='line_1_89' title="bbox 1917 4260 3323 4330; baseline -0.004 -13"><span class='ocrx_word' id='word_1_601' title='bbox 1917 4262 2047 4317; x_wconf 92' lang='lat' dir='ltr'><strong>mihi</strong></span> <span class='ocrx_word' id='word_1_602' title='bbox 2079 4262 2266 4317; x_wconf 71' lang='lat' dir='ltr'><strong>isthmc</strong></span> <span class='ocrx_word' id='word_1_603' title='bbox 2289 4262 2529 4327; x_wconf 87' lang='lat' dir='ltr'><strong>adducit,</strong></span> <span class='ocrx_word' id='word_1_604' title='bbox 2561 4271 2737 4330; x_wconf 82' lang='lat' dir='ltr'><strong>potest</strong></span> <span class='ocrx_word' id='word_1_605' title='bbox 2772 4268 2827 4315; x_wconf 87' lang='lat' dir='ltr'><strong>et</strong></span> <span class='ocrx_word' id='word_1_606' title='bbox 2857 4260 3013 4315; x_wconf 88' lang='lat' dir='ltr'><strong>vobis</strong></span> <span class='ocrx_word' id='word_1_607' title='bbox 3038 4261 3323 4313; x_wconf 83' lang='lat' dir='ltr'><strong>adducere.</strong></span> 
     </span>
    </p>
   </div>
   <div class='ocr_carea' id='block_1_87' title="bbox 1920 4348 3491 4473">
    <p class='ocr_par' dir='ltr' id='par_1_87' title="bbox 1920 4348 3491 4473">
     <span class='ocr_line' id='line_1_90' title="bbox 1920 4348 3491 4473; baseline -0.004 -66"><span class='ocrx_word' id='word_1_608' title='bbox 1920 4351 1982 4407; x_wconf 85' lang='lat' dir='ltr'><strong>V.</strong></span> <span class='ocrx_word' id='word_1_609' title='bbox 2001 4352 2055 4408; x_wconf 76' lang='lat'><strong>3.</strong></span> <span class='ocrx_word' id='word_1_610' title='bbox 2078 4350 2441 4418; x_wconf 86' lang='lat' dir='ltr'><strong>Obloquimini</strong></span> <span class='ocrx_word' id='word_1_611' title='bbox 2465 4352 2529 4405; x_wconf 87' lang='lat' dir='ltr'><strong>de</strong></span> <span class='ocrx_word' id='word_1_612' title='bbox 2556 4366 2638 4405; x_wconf 86' lang='lat' dir='ltr'><strong>me</strong></span> <span class='ocrx_word' id='word_1_613' title='bbox 2659 4366 2807 4473; x_wconf 51' lang='grc' dir='ltr'><strong>εὗιιοη</strong></span> <span class='ocrx_word' id='word_1_614' title='bbox 2835 4349 3040 4405; x_wconf 76' lang='lat' dir='ltr'><strong>reveriti</strong></span> <span class='ocrx_word' id='word_1_615' title='bbox 3068 4365 3169 4415; x_wconf 88' lang='lat' dir='ltr'><strong>me,</strong></span> <span class='ocrx_word' id='word_1_616' title='bbox 3190 4348 3491 4401; x_wconf 84' lang='lat' dir='ltr'><strong>incumbitis</strong></span> 
     </span>
     <span class='ocr_line' id='line_1_91' title="bbox 2631 4437 2781 4473; baseline 0 0"><span class='ocrx_word' id='word_1_617' title='bbox 2631 4437 2702 4473; x_wconf 77' lang='lat' dir='ltr'><strong>mi</strong></span> <span class='ocrx_word' id='word_1_618' title='bbox 2747 4439 2781 4473; x_wconf 80' lang='grc' dir='ltr'><strong>ι.</strong></span> 
     </span>
    </p>
   </div>
   <div class='ocr_carea' id='block_1_88' title="bbox 2631 4437 2781 4474">
    <p class='ocr_par' dir='ltr' id='par_1_88' title="bbox 2631 4437 2781 4474">
     <span class='ocr_line' id='line_1_92' title="bbox 2631 4437 2781 4474; baseline 0 0"><span class='ocrx_word' id='word_1_619' title='bbox 2631 4437 2781 4474; x_wconf 76' lang='grc' dir='ltr'><strong>ηιιηι.</strong></span> 
     </span>
    </p>
   </div>
   <div class='ocr_carea' id='block_1_89' title="bbox 318 4498 1813 4587">
    <p class='ocr_par' dir='ltr' id='par_1_89' title="bbox 318 4498 1807 4587">
     <span class='ocr_line' id='line_1_93' title="bbox 318 4498 1807 4587; baseline -0.012 -18"><span class='ocrx_word' id='word_1_620' title='bbox 318 4513 432 4587; x_wconf 63' lang='grc'><strong>(40)</strong></span> <span class='ocrx_word' id='word_1_621' title='bbox 465 4510 733 4575; x_wconf 84' lang='grc' dir='ltr'><strong>Πολλάκις</strong></span> <span class='ocrx_word' id='word_1_622' title='bbox 769 4510 864 4565; x_wconf 77' lang='grc' dir='ltr'><strong>καὶ</strong></span> <span class='ocrx_word' id='word_1_623' title='bbox 910 4504 1205 4562; x_wconf 86' lang='grc' dir='ltr'><strong>καταλαλεῖ</strong></span> <span class='ocrx_word' id='word_1_624' title='bbox 1239 4519 1323 4566; x_wconf 85' lang='grc' dir='ltr'><strong>τις</strong></span> <span class='ocrx_word' id='word_1_625' title='bbox 1372 4501 1559 4564; x_wconf 81' lang='grc' dir='ltr'><strong>κακῶς</strong></span> <span class='ocrx_word' id='word_1_626' title='bbox 1619 4498 1807 4553; x_wconf 82' lang='grc' dir='ltr'><strong>ποιῶν.</strong></span> 
     </span>
    </p>
   </div>
   <div class='ocr_carea' id='block_1_90' title="bbox 1914 4498 3493 4587">
    <p class='ocr_par' dir='ltr' id='par_1_90' title="bbox 1984 4508 3493 4583">
     <span class='ocr_line' id='line_1_94' title="bbox 1984 4508 3493 4583; baseline -0.004 -16"><span class='ocrx_word' id='word_1_627' title='bbox 1984 4513 2138 4583; x_wconf 67' lang='lat' dir='ltr'><strong>Saepe</strong></span> <span class='ocrx_word' id='word_1_628' title='bbox 2157 4521 2212 4569; x_wconf 91' lang='lat' dir='ltr'><strong>et</strong></span> <span class='ocrx_word' id='word_1_629' title='bbox 2233 4512 2548 4581; x_wconf 89' lang='lat' dir='ltr'><strong>obloquitur</strong></span> <span class='ocrx_word' id='word_1_630' title='bbox 2575 4512 2697 4582; x_wconf 85' lang='lat' dir='ltr'><strong>quis</strong></span> <span class='ocrx_word' id='word_1_631' title='bbox 2736 4524 3016 4582; x_wconf 77' lang='lat' dir='ltr'><strong>perperam</strong></span> <span class='ocrx_word' id='word_1_632' title='bbox 3044 4524 3232 4578; x_wconf 90' lang='lat' dir='ltr'><strong>agens.</strong></span> <span class='ocrx_word' id='word_1_633' title='bbox 3264 4508 3493 4576; x_wconf 86' lang='lat' dir='ltr'><strong>Quando</strong></span> 
     </span>
    </p>
   </div>
   <div class='ocr_carea' id='block_1_91' title="bbox 252 4591 1818 4673">
    <p class='ocr_par' dir='ltr' id='par_1_91' title="bbox 252 4591 1818 4673">
     <span class='ocr_line' id='line_1_95' title="bbox 252 4591 1818 4673; baseline -0.012 -11"><span class='ocrx_word' id='word_1_634' title='bbox 252 4607 379 4661; x_wconf 83' lang='grc' dir='ltr'><strong>Ὅτε</strong></span> <span class='ocrx_word' id='word_1_635' title='bbox 413 4608 481 4662; x_wconf 84' lang='grc' dir='ltr'><strong>ἂν</strong></span> <span class='ocrx_word' id='word_1_636' title='bbox 525 4606 584 4659; x_wconf 85' lang='grc' dir='ltr'><strong>δὲ</strong></span> <span class='ocrx_word' id='word_1_637' title='bbox 627 4605 731 4659; x_wconf 81' lang='grc' dir='ltr'><strong>οὐκ</strong></span> <span class='ocrx_word' id='word_1_638' title='bbox 773 4598 1175 4673; x_wconf 81' lang='grc' dir='ltr'><strong>ἀπερυθριάσῃ,</strong></span> <span class='ocrx_word' id='word_1_639' title='bbox 1228 4597 1309 4659; x_wconf 81' lang='grc' dir='ltr'><strong>εἰς</strong></span> <span class='ocrx_word' id='word_1_640' title='bbox 1352 4594 1641 4666; x_wconf 88' lang='grc' dir='ltr'><strong>πρόσωπον</strong></span> <span class='ocrx_word' id='word_1_641' title='bbox 1670 4591 1818 4659; x_wconf 89' lang='grc' dir='ltr'><strong>λέγει</strong></span> 
     </span>
    </p>
   </div>
   <div class='ocr_carea' id='block_1_92' title="bbox 252 4684 1819 4774">
    <p class='ocr_par' dir='ltr' id='par_1_92' title="bbox 252 4684 1819 4774">
     <span class='ocr_line' id='line_1_96' title="bbox 252 4684 1819 4774; baseline -0.013 -17"><span class='ocrx_word' id='word_1_642' title='bbox 252 4704 463 4774; x_wconf 79' lang='grc' dir='ltr'><strong>ἐκείνῳ,</strong></span> <span class='ocrx_word' id='word_1_643' title='bbox 485 4701 607 4771; x_wconf 78' lang='grc' dir='ltr'><strong>οὐχὶ</strong></span> <span class='ocrx_word' id='word_1_644' title='bbox 641 4698 894 4768; x_wconf 84' lang='grc' dir='ltr'><strong>ἐλέγχων,</strong></span> <span class='ocrx_word' id='word_1_645' title='bbox 927 4693 1050 4749; x_wconf 84' lang='grc' dir='ltr'><strong>οὐδὲ</strong></span> <span class='ocrx_word' id='word_1_646' title='bbox 1074 4688 1282 4761; x_wconf 79' lang='grc' dir='ltr'><strong>τάληθῆ</strong></span> <span class='ocrx_word' id='word_1_647' title='bbox 1309 4687 1502 4756; x_wconf 83' lang='grc' dir='ltr'><strong>λέγων,</strong></span> <span class='ocrx_word' id='word_1_648' title='bbox 1532 4684 1645 4741; x_wconf 81' lang='grc' dir='ltr'><strong>ἀλλ’</strong></span> <span class='ocrx_word' id='word_1_649' title='bbox 1678 4684 1819 4737; x_wconf 84' lang='grc' dir='ltr'><strong>ὀνει-</strong></span> 
     </span>
    </p>
   </div>
   <div class='ocr_carea' id='block_1_93' title="bbox 252 4780 1818 4865">
    <p class='ocr_par' dir='ltr' id='par_1_93' title="bbox 252 4780 1818 4865">
     <span class='ocr_line' id='line_1_97' title="bbox 252 4780 1818 4865; baseline -0.014 -13"><span class='ocrx_word' id='word_1_650' title='bbox 252 4797 407 4863; x_wconf 74' lang='grc' dir='ltr'><strong>δίζων</strong></span> <span class='ocrx_word' id='word_1_651' title='bbox 460 4796 560 4850; x_wconf 71' lang='grc' dir='ltr'><strong>καὶ</strong></span> <span class='ocrx_word' id='word_1_652' title='bbox 603 4791 856 4865; x_wconf 77' lang='grc' dir='ltr'><strong>ὑϐρίζων.</strong></span> <span class='ocrx_word' id='word_1_653' title='bbox 896 4789 1022 4852; x_wconf 78' lang='grc' dir='ltr'><strong>Τοῖς</strong></span> <span class='ocrx_word' id='word_1_654' title='bbox 1072 4784 1181 4858; x_wconf 81' lang='grc' dir='ltr'><strong>γὰρ</strong></span> <span class='ocrx_word' id='word_1_655' title='bbox 1224 4783 1329 4837; x_wconf 81' lang='grc' dir='ltr'><strong>ὑπὸ</strong></span> <span class='ocrx_word' id='word_1_656' title='bbox 1364 4780 1499 4835; x_wconf 82' lang='grc' dir='ltr'><strong>Θεοῦ</strong></span> <span class='ocrx_word' id='word_1_657' title='bbox 1543 4796 1818 4852; x_wconf 89' lang='grc' dir='ltr'><strong>τιμωρου-</strong></span> 
     </span>
    </p>
   </div>
   <div class='ocr_carea' id='block_1_94' title="bbox 258 4870 1822 4957">
    <p class='ocr_par' dir='ltr' id='par_1_94' title="bbox 258 4870 1822 4957">
     <span class='ocr_line' id='line_1_98' title="bbox 258 4870 1822 4957; baseline -0.014 -15"><span class='ocrx_word' id='word_1_658' title='bbox 258 4888 433 4957; x_wconf 82' lang='grc' dir='ltr'><strong>μένοις</strong></span> <span class='ocrx_word' id='word_1_659' title='bbox 483 4882 834 4955; x_wconf 80' lang='grc' dir='ltr'><strong>ἐπεμόαίνειν</strong></span> <span class='ocrx_word' id='word_1_660' title='bbox 876 4879 937 4933; x_wconf 85' lang='grc' dir='ltr'><strong>οὐ</strong></span> <span class='ocrx_word' id='word_1_661' title='bbox 980 4876 1107 4949; x_wconf 85' lang='grc' dir='ltr'><strong>χρὴ,</strong></span> <span class='ocrx_word' id='word_1_662' title='bbox 1154 4873 1289 4929; x_wconf 84' lang='grc' dir='ltr'><strong>ἀλλὰ</strong></span> <span class='ocrx_word' id='word_1_663' title='bbox 1337 4870 1555 4944; x_wconf 83' lang='grc' dir='ltr'><strong>θρηνεῖν</strong></span> <span class='ocrx_word' id='word_1_664' title='bbox 1601 4870 1694 4923; x_wconf 71' lang='grc' dir='ltr'><strong>καὶ</strong></span> <span class='ocrx_word' id='word_1_665' title='bbox 1725 4886 1822 4939; x_wconf 79' lang='grc' dir='ltr'><strong>φο-</strong></span> 
     </span>
    </p>
   </div>
   <div class='ocr_carea' id='block_1_95' title="bbox 254 4976 481 5030">
    <p class='ocr_par' dir='ltr' id='par_1_95' title="bbox 254 4976 481 5030">
     <span class='ocr_line' id='line_1_99' title="bbox 254 4976 481 5030; baseline -0.004 0"><span class='ocrx_word' id='word_1_666' title='bbox 254 4976 481 5030; x_wconf 74' lang='grc' dir='ltr'><strong>δεῖσθαι.</strong></span> 
     </span>
    </p>
   </div>
   <div class='ocr_carea' id='block_1_96' title="bbox 257 5048 1822 5188">
    <p class='ocr_par' dir='ltr' id='par_1_96' title="bbox 257 5048 1822 5188">
     <span class='ocr_line' id='line_1_100' title="bbox 257 5048 1822 5188; baseline -0.013 -68"><span class='ocrx_word' id='word_1_667' title='bbox 257 5067 361 5137; x_wconf 76' lang='grc' dir='ltr'><strong>(Μ)</strong></span> <span class='ocrx_word' id='word_1_668' title='bbox 378 5067 527 5188; x_wconf 67' lang='grc' dir='ltr'><strong>Στίῖ</strong></span> <span class='ocrx_word' id='word_1_669' title='bbox 561 5061 601 5116; x_wconf 86' lang='grc' dir='ltr'><strong>δ’</strong></span> <span class='ocrx_word' id='word_1_670' title='bbox 608 5104 623 5118; x_wconf 94' lang='grc'><strong>.</strong></span> <span class='ocrx_word' id='word_1_671' title='bbox 649 5062 760 5116; x_wconf 80' lang='grc' dir='ltr'><strong>Ναί</strong></span> <span class='ocrx_word' id='word_1_672' title='bbox 786 5059 863 5127; x_wconf 81' lang='grc' dir='ltr'><strong>δὴ</strong></span> <span class='ocrx_word' id='word_1_673' title='bbox 880 5058 973 5111; x_wconf 84' lang='grc' dir='ltr'><strong>ἐπ’</strong></span> <span class='ocrx_word' id='word_1_674' title='bbox 1006 5054 1292 5123; x_wconf 78' lang='grc' dir='ltr'><strong>ἀληθείας</strong></span> <span class='ocrx_word' id='word_1_675' title='bbox 1310 5051 1427 5123; x_wconf 78' lang='grc' dir='ltr'><strong>ἐγὼ</strong></span> <span class='ocrx_word' id='word_1_676' title='bbox 1451 5048 1822 5131; x_wconf 63' lang='grc' dir='ltr'><strong>ἐπλανήρην,</strong></span> 
     </span>
     <span class='ocr_line' id='line_1_101' title="bbox 320 5122 1821 5188; baseline -0.011 0"><span class='ocrx_word' id='word_1_677' title='bbox 320 5139 456 5188; x_wconf 73' lang='grc' dir='ltr'><strong>παρ’</strong></span> <span class='ocrx_word' id='word_1_678' title='bbox 518 5136 613 5188; x_wconf 79' lang='lat' dir='ltr'><strong>uol</strong></span> <span class='ocrx_word' id='word_1_679' title='bbox 641 5133 709 5187; x_wconf 81' lang='grc' dir='ltr'><strong>δὲ</strong></span> <span class='ocrx_word' id='word_1_680' title='bbox 735 5129 1029 5188; x_wconf 74' lang='grc' dir='ltr'><strong>αὐλίζεται</strong></span> <span class='ocrx_word' id='word_1_681' title='bbox 1055 5124 1285 5188; x_wconf 77' lang='grc' dir='ltr'><strong>πλάνος</strong></span> <span class='ocrx_word' id='word_1_682' title='bbox 1305 5141 1319 5154; x_wconf 76' lang='grc'><strong>⁸</strong></span> <span class='ocrx_word' id='word_1_683' title='bbox 1348 5125 1615 5188; x_wconf 71' lang='grc' dir='ltr'><strong>λαλησαι</strong></span> <span class='ocrx_word' id='word_1_684' title='bbox 1633 5122 1821 5188; x_wconf 79' lang='grc' dir='ltr'><strong>ρημα,</strong></span> 
     </span>
    </p>
   </div>
   <div class='ocr_carea' id='block_1_97' title="bbox 320 5122 1821 5260">
    <p class='ocr_par' dir='ltr' id='par_1_97' title="bbox 320 5122 1821 5260">
     <span class='ocr_line' id='line_1_102' title="bbox 320 5122 1821 5260; baseline -0.011 -71"><span class='ocrx_word' id='word_1_685' title='bbox 320 5122 456 5260; x_wconf 50' lang='grc' dir='ltr'><strong>ἔαρ</strong></span> <span class='ocrx_word' id='word_1_686' title='bbox 478 5122 613 5259; x_wconf 56' lang='grc' dir='ltr'><strong>’ἒὲἕὶ</strong></span> <span class='ocrx_word' id='word_1_687' title='bbox 641 5133 709 5187; x_wconf 81' lang='grc' dir='ltr'><strong>δὲ</strong></span> <span class='ocrx_word' id='word_1_688' title='bbox 735 5122 1029 5191; x_wconf 66' lang='grc' dir='ltr'><strong>αὐλίζεται</strong></span> <span class='ocrx_word' id='word_1_689' title='bbox 1055 5122 1285 5190; x_wconf 74' lang='grc' dir='ltr'><strong>πλάνος</strong></span> <span class='ocrx_word' id='word_1_690' title='bbox 1305 5141 1319 5154; x_wconf 76' lang='grc'><strong>⁸</strong></span> <span class='ocrx_word' id='word_1_691' title='bbox 1348 5122 1615 5189; x_wconf 71' lang='grc' dir='ltr'><strong>λαλῆσαι</strong></span> <span class='ocrx_word' id='word_1_692' title='bbox 1633 5122 1821 5191; x_wconf 77' lang='grc' dir='ltr'><strong>ῥῆμα,</strong></span> 
     </span>
     <span class='ocr_line' id='line_1_103' title="bbox 381 5222 662 5260; baseline -0.004 0"><span class='ocrx_word' id='word_1_693' title='bbox 381 5224 493 5260; x_wconf 79' lang='grc' dir='ltr'><strong>ουκ</strong></span> <span class='ocrx_word' id='word_1_694' title='bbox 590 5222 662 5259; x_wconf 86' lang='grc' dir='ltr'><strong>ει.</strong></span> 
     </span>
    </p>
   </div>
   <div class='ocr_carea' id='block_1_98' title="bbox 323 5282 1826 5368">
    <p class='ocr_par' dir='ltr' id='par_1_98' title="bbox 323 5282 1826 5368">
     <span class='ocr_line' id='line_1_104' title="bbox 323 5282 1826 5368; baseline -0.011 -17"><span class='ocrx_word' id='word_1_695' title='bbox 323 5296 459 5352; x_wconf 84' lang='grc' dir='ltr'><strong>Εἶτά</strong></span> <span class='ocrx_word' id='word_1_696' title='bbox 486 5312 649 5368; x_wconf 84' lang='grc' dir='ltr'><strong>φησιν</strong></span> <span class='ocrx_word' id='word_1_697' title='bbox 679 5292 803 5348; x_wconf 90' lang='grc' dir='ltr'><strong>καθ’</strong></span> <span class='ocrx_word' id='word_1_698' title='bbox 847 5289 1100 5344; x_wconf 80' lang='grc' dir='ltr'><strong>ὑπόθεσιν</strong></span> <span class='ocrx_word' id='word_1_699' title='bbox 1117 5302 1135 5321; x_wconf 87' lang='grc'><strong>·</strong></span> <span class='ocrx_word' id='word_1_700' title='bbox 1180 5285 1339 5358; x_wconf 84' lang='grc' dir='ltr'><strong>Ὑμῖν</strong></span> <span class='ocrx_word' id='word_1_701' title='bbox 1363 5282 1579 5355; x_wconf 84' lang='grc' dir='ltr'><strong>δίδωμι,</strong></span> <span class='ocrx_word' id='word_1_702' title='bbox 1604 5282 1680 5347; x_wconf 85' lang='grc' dir='ltr'><strong>ὡς</strong></span> <span class='ocrx_word' id='word_1_703' title='bbox 1706 5283 1826 5336; x_wconf 87' lang='grc' dir='ltr'><strong>ὐπο-</strong></span> 
     </span>
    </p>
   </div>
   <div class='ocr_carea' id='block_1_99' title="bbox 327 5410 923 5480">
    <p class='ocr_par' dir='ltr' id='par_1_99' title="bbox 327 5410 923 5480">
     <span class='ocr_line' id='line_1_105' title="bbox 327 5410 923 5480; baseline -0.007 -11"><span class='ocrx_word' id='word_1_704' title='bbox 327 5414 412 5468; x_wconf 82' lang='grc'><strong>¹⁶1</strong></span> <span class='ocrx_word' id='word_1_705' title='bbox 440 5415 565 5471; x_wconf 89' lang='lat' dir='ltr'><strong>Cor.</strong></span> <span class='ocrx_word' id='word_1_706' title='bbox 597 5428 669 5480; x_wconf 80' lang='lat' dir='ltr'><strong>tv,</strong></span> <span class='ocrx_word' id='word_1_707' title='bbox 705 5410 795 5474; x_wconf 75' lang='grc'><strong>12,</strong></span> <span class='ocrx_word' id='word_1_708' title='bbox 836 5411 923 5465; x_wconf 78' lang='grc'><strong>1⁸5.</strong></span> 
     </span>
    </p>
   </div>
   <div class='ocr_carea' id='block_1_100' title="bbox 329 5539 1827 5618">
    <p class='ocr_par' dir='ltr' id='par_1_100' title="bbox 329 5539 1827 5618">
     <span class='ocr_line' id='line_1_106' title="bbox 329 5539 1827 5618; baseline -0.007 -12"><span class='ocrx_word' id='word_1_709' title='bbox 329 5550 442 5618; x_wconf 78' lang='lat'><strong>(&#39;55)</strong></span> <span class='ocrx_word' id='word_1_710' title='bbox 472 5548 617 5604; x_wconf 86' lang='lat' dir='ltr'><strong>Nihil</strong></span> <span class='ocrx_word' id='word_1_711' title='bbox 646 5547 906 5618; x_wconf 84' lang='lat' dir='ltr'><strong>deinceps</strong></span> <span class='ocrx_word' id='word_1_712' title='bbox 931 5558 996 5600; x_wconf 85' lang='lat' dir='ltr'><strong>ex</strong></span> <span class='ocrx_word' id='word_1_713' title='bbox 1049 5546 1151 5618; x_wconf 81' lang='lat' dir='ltr'><strong>hoc</strong></span> <span class='ocrx_word' id='word_1_714' title='bbox 1204 5541 1450 5618; x_wconf 55' lang='lat' dir='ltr'><strong>Naniano</strong></span> <span class='ocrx_word' id='word_1_715' title='bbox 1495 5539 1682 5618; x_wconf 80' lang='lat' dir='ltr'><strong>codice</strong></span> <span class='ocrx_word' id='word_1_716' title='bbox 1739 5541 1827 5595; x_wconf 83' lang='lat' dir='ltr'><strong>de-</strong></span> 
     </span>
    </p>
   </div>
   <div class='ocr_carea' id='block_1_101' title="bbox 267 5611 1825 5691">
    <p class='ocr_par' dir='ltr' id='par_1_101' title="bbox 267 5611 1825 5691">
     <span class='ocr_line' id='line_1_107' title="bbox 267 5611 1825 5691; baseline -0.007 -15"><span class='ocrx_word' id='word_1_717' title='bbox 267 5611 731 5691; x_wconf 65' lang='lat' dir='ltr'><strong>scriptiuninveni</strong></span> <span class='ocrx_word' id='word_1_718' title='bbox 755 5658 771 5682; x_wconf 95' lang='lat'><strong>,</strong></span> <span class='ocrx_word' id='word_1_719' title='bbox 807 5611 910 5671; x_wconf 82' lang='lat' dir='ltr'><strong>nisi</strong></span> <span class='ocrx_word' id='word_1_720' title='bbox 950 5614 1197 5683; x_wconf 69' lang='lat' dir='ltr'><strong>qumdam</strong></span> <span class='ocrx_word' id='word_1_721' title='bbox 1252 5613 1317 5691; x_wconf 70' lang='lat' dir='ltr'><strong>it_1_</strong></span> <span class='ocrx_word' id='word_1_722' title='bbox 1344 5611 1565 5667; x_wconf 81' lang='lat' dir='ltr'><strong>Venetis</strong></span> <span class='ocrx_word' id='word_1_723' title='bbox 1606 5618 1825 5665; x_wconf 77' lang='lat' dir='ltr'><strong>exstan-</strong></span> 
     </span>
    </p>
   </div>
   <div class='ocr_carea' id='block_1_102' title="bbox 268 5683 1543 5757">
    <p class='ocr_par' dir='ltr' id='par_1_102' title="bbox 268 5683 1543 5757">
     <span class='ocr_line' id='line_1_108' title="bbox 268 5683 1543 5757; baseline -0.009 -12"><span class='ocrx_word' id='word_1_724' title='bbox 268 5694 357 5750; x_wconf 87' lang='lat' dir='ltr'><strong>tia.</strong></span> <span class='ocrx_word' id='word_1_725' title='bbox 376 5683 504 5754; x_wconf 66' lang='lat' dir='ltr'><strong>&#39;qua:</strong></span> <span class='ocrx_word' id='word_1_726' title='bbox 534 5690 588 5743; x_wconf 90' lang='lat' dir='ltr'><strong>in</strong></span> <span class='ocrx_word' id='word_1_727' title='bbox 617 5703 683 5743; x_wconf 90' lang='lat' dir='ltr'><strong>eo</strong></span> <span class='ocrx_word' id='word_1_728' title='bbox 708 5700 923 5757; x_wconf 87' lang='lat' dir='ltr'><strong>quoque</strong></span> <span class='ocrx_word' id='word_1_729' title='bbox 948 5698 1242 5757; x_wconf 62' lang='lat' dir='ltr'><strong>occurrere</strong></span> <span class='ocrx_word' id='word_1_730' title='bbox 1268 5683 1543 5757; x_wconf 75' lang='lat' dir='ltr'><strong>dicuntur.</strong></span> 
     </span>
    </p>
   </div>
   <div class='ocr_carea' id='block_1_103' title="bbox 334 5748 1819 5827">
    <p class='ocr_par' dir='ltr' id='par_1_103' title="bbox 334 5748 1819 5827">
     <span class='ocr_line' id='line_1_109' title="bbox 334 5748 1819 5827; baseline -0.011 -11"><span class='ocrx_word' id='word_1_731' title='bbox 334 5748 443 5827; x_wconf 73' lang='grc' dir='ltr'><strong>(ὅθ)</strong></span> <span class='ocrx_word' id='word_1_732' title='bbox 474 5761 548 5814; x_wconf 66' lang='lat' dir='ltr'><strong>Er</strong></span> <span class='ocrx_word' id='word_1_733' title='bbox 582 5748 765 5824; x_wconf 71' lang='lat' dir='ltr'><strong>utroq.</strong></span> <span class='ocrx_word' id='word_1_734' title='bbox 790 5748 921 5827; x_wconf 61' lang='lat' dir='ltr'><strong>cod.</strong></span> <span class='ocrx_word' id='word_1_735' title='bbox 944 5755 1133 5810; x_wconf 86' lang='lat' dir='ltr'><strong>Venet.</strong></span> <span class='ocrx_word' id='word_1_736' title='bbox 1160 5783 1229 5794; x_wconf 90' lang='lat'><strong>—</strong></span> <span class='ocrx_word' id='word_1_737' title='bbox 1253 5752 1473 5810; x_wconf 81' lang='lat' dir='ltr'><strong>Confer.</strong></span> <span class='ocrx_word' id='word_1_738' title='bbox 1524 5762 1651 5810; x_wconf 91' lang='lat' dir='ltr'><strong>tom.</strong></span> <span class='ocrx_word' id='word_1_739' title='bbox 1706 5748 1819 5815; x_wconf 74' lang='lat' dir='ltr'><strong>XII,</strong></span> 
     </span>
    </p>
   </div>
   <div class='ocr_carea' id='block_1_104' title="bbox 269 5826 1071 5887">
    <p class='ocr_par' dir='ltr' id='par_1_104' title="bbox 269 5826 1071 5887">
     <span class='ocr_line' id='line_1_110' title="bbox 269 5826 1071 5887; baseline -0.009 0"><span class='ocrx_word' id='word_1_740' title='bbox 269 5826 367 5887; x_wconf 85' lang='lat' dir='ltr'><strong>col.</strong></span> <span class='ocrx_word' id='word_1_741' title='bbox 406 5832 567 5887; x_wconf 73' lang='lat'><strong>1032.</strong></span> <span class='ocrx_word' id='word_1_742' title='bbox 593 5859 663 5872; x_wconf 90' lang='lat'><strong><em>—</em></strong></span> <span class='ocrx_word' id='word_1_743' title='bbox 696 5828 851 5883; x_wconf 75' lang='lat' dir='ltr'><strong>Em&#39;r.</strong></span> <span class='ocrx_word' id='word_1_744' title='bbox 901 5826 1071 5882; x_wconf 73' lang='lat' dir='ltr'><strong>Pun.</strong></span> 
     </span>
    </p>
   </div>
   <div class='ocr_carea' id='block_1_105' title="bbox 1925 4602 3491 4668">
    <p class='ocr_par' dir='ltr' id='par_1_105' title="bbox 1925 4602 3491 4668">
     <span class='ocr_line' id='line_1_111' title="bbox 1925 4602 3491 4668; baseline -0.003 -8"><span class='ocrx_word' id='word_1_745' title='bbox 1925 4615 2106 4660; x_wconf 87' lang='lat' dir='ltr'><strong>autem</strong></span> <span class='ocrx_word' id='word_1_746' title='bbox 2132 4621 2240 4660; x_wconf 92' lang='lat' dir='ltr'><strong>non</strong></span> <span class='ocrx_word' id='word_1_747' title='bbox 2271 4605 2570 4668; x_wconf 83' lang='lat' dir='ltr'><strong>erubescit,</strong></span> <span class='ocrx_word' id='word_1_748' title='bbox 2603 4607 2657 4658; x_wconf 91' lang='lat' dir='ltr'><strong>in</strong></span> <span class='ocrx_word' id='word_1_749' title='bbox 2695 4604 2887 4658; x_wconf 80' lang='lat' dir='ltr'><strong>faciem</strong></span> <span class='ocrx_word' id='word_1_750' title='bbox 2913 4604 3045 4658; x_wconf 90' lang='lat' dir='ltr'><strong>dicit</strong></span> <span class='ocrx_word' id='word_1_751' title='bbox 3075 4602 3172 4666; x_wconf 91' lang='lat' dir='ltr'><strong>illi,</strong></span> <span class='ocrx_word' id='word_1_752' title='bbox 3201 4617 3307 4657; x_wconf 94' lang='lat' dir='ltr'><strong>non</strong></span> <span class='ocrx_word' id='word_1_753' title='bbox 3335 4602 3491 4655; x_wconf 84' lang='lat' dir='ltr'><strong>evin—</strong></span> 
     </span>
    </p>
   </div>
   <div class='ocr_carea' id='block_1_106' title="bbox 1926 4694 3494 4767">
    <p class='ocr_par' dir='ltr' id='par_1_106' title="bbox 1926 4694 3494 4767">
     <span class='ocr_line' id='line_1_112' title="bbox 1926 4694 3494 4767; baseline -0.003 -18"><span class='ocrx_word' id='word_1_754' title='bbox 1926 4710 2076 4764; x_wconf 78' lang='lat' dir='ltr'><strong>cens,</strong></span> <span class='ocrx_word' id='word_1_755' title='bbox 2112 4710 2287 4767; x_wconf 85' lang='lat' dir='ltr'><strong>neque</strong></span> <span class='ocrx_word' id='word_1_756' title='bbox 2336 4711 2466 4751; x_wconf 89' lang='lat' dir='ltr'><strong>vere</strong></span> <span class='ocrx_word' id='word_1_757' title='bbox 2513 4695 2762 4764; x_wconf 90' lang='lat' dir='ltr'><strong>loquens,</strong></span> <span class='ocrx_word' id='word_1_758' title='bbox 2790 4694 2884 4749; x_wconf 90' lang='lat' dir='ltr'><strong>sed</strong></span> <span class='ocrx_word' id='word_1_759' title='bbox 2938 4694 3204 4750; x_wconf 91' lang='lat' dir='ltr'><strong>conviciis</strong></span> <span class='ocrx_word' id='word_1_760' title='bbox 3250 4701 3407 4747; x_wconf 91' lang='lat' dir='ltr'><strong>utens</strong></span> <span class='ocrx_word' id='word_1_761' title='bbox 3439 4700 3494 4745; x_wconf 87' lang='lat' dir='ltr'><strong>et</strong></span> 
     </span>
    </p>
   </div>
   <div class='ocr_carea' id='block_1_107' title="bbox 1926 4783 3492 4843">
    <p class='ocr_par' dir='ltr' id='par_1_107' title="bbox 1926 4783 3492 4843">
     <span class='ocr_line' id='line_1_113' title="bbox 1926 4783 3492 4843; baseline -0.006 0"><span class='ocrx_word' id='word_1_762' title='bbox 1926 4789 2289 4843; x_wconf 88' lang='lat' dir='ltr'><strong>contumeliis.</strong></span> <span class='ocrx_word' id='word_1_763' title='bbox 2315 4785 2432 4841; x_wconf 89' lang='lat' dir='ltr'><strong>Non</strong></span> <span class='ocrx_word' id='word_1_764' title='bbox 2480 4788 2626 4839; x_wconf 91' lang='lat' dir='ltr'><strong>enim</strong></span> <span class='ocrx_word' id='word_1_765' title='bbox 2662 4800 2692 4839; x_wconf 87' lang='lat' dir='ltr'><strong>a</strong></span> <span class='ocrx_word' id='word_1_766' title='bbox 2721 4786 2830 4841; x_wconf 85' lang='lat' dir='ltr'><strong>Deo</strong></span> <span class='ocrx_word' id='word_1_767' title='bbox 2858 4785 3074 4840; x_wconf 80' lang='lat' dir='ltr'><strong>alliictis</strong></span> <span class='ocrx_word' id='word_1_768' title='bbox 3125 4783 3492 4840; x_wconf 76' lang='lat' dir='ltr'><strong>insultanduui</strong></span> 
     </span>
    </p>
   </div>
   <div class='ocr_carea' id='block_1_108' title="bbox 1927 4878 3265 4948">
    <p class='ocr_par' dir='ltr' id='par_1_108' title="bbox 1927 4878 3265 4948">
     <span class='ocr_line' id='line_1_114' title="bbox 1927 4878 3265 4948; baseline -0.004 -11"><span class='ocrx_word' id='word_1_769' title='bbox 1927 4890 2031 4948; x_wconf 78' lang='lat' dir='ltr'><strong>est,</strong></span> <span class='ocrx_word' id='word_1_770' title='bbox 2058 4881 2152 4937; x_wconf 87' lang='lat' dir='ltr'><strong>sed</strong></span> <span class='ocrx_word' id='word_1_771' title='bbox 2177 4879 2581 4935; x_wconf 91' lang='lat' dir='ltr'><strong>lamentandum</strong></span> <span class='ocrx_word' id='word_1_772' title='bbox 2611 4878 2789 4948; x_wconf 79' lang='lat' dir='ltr'><strong>potius</strong></span> <span class='ocrx_word' id='word_1_773' title='bbox 2814 4887 2871 4935; x_wconf 89' lang='lat' dir='ltr'><strong>et</strong></span> <span class='ocrx_word' id='word_1_774' title='bbox 2894 4878 3265 4934; x_wconf 88' lang='lat' dir='ltr'><strong>metuendum.</strong></span> 
     </span>
    </p>
   </div>
   <div class='ocr_carea' id='block_1_109' title="bbox 1935 5052 3495 5124">
    <p class='ocr_par' dir='ltr' id='par_1_109' title="bbox 1935 5052 3495 5124">
     <span class='ocr_line' id='line_1_115' title="bbox 1935 5052 3495 5124; baseline -0.001 -16"><span class='ocrx_word' id='word_1_775' title='bbox 1935 5054 1995 5109; x_wconf 82' lang='lat' dir='ltr'><strong>V.</strong></span> <span class='ocrx_word' id='word_1_776' title='bbox 2023 5054 2078 5110; x_wconf 74' lang='grc'><strong>4.</strong></span> <span class='ocrx_word' id='word_1_777' title='bbox 2122 5052 2224 5108; x_wconf 65' lang='lat' dir='ltr'><strong>Nae</strong></span> <span class='ocrx_word' id='word_1_778' title='bbox 2260 5068 2388 5107; x_wconf 84' lang='lat' dir='ltr'><strong>sane</strong></span> <span class='ocrx_word' id='word_1_779' title='bbox 2431 5069 2487 5107; x_wconf 81' lang='grc' dir='ltr'><strong>ιη</strong></span> <span class='ocrx_word' id='word_1_780' title='bbox 2537 5054 2754 5108; x_wconf 82' lang='lat' dir='ltr'><strong>veritate</strong></span> <span class='ocrx_word' id='word_1_781' title='bbox 2800 5068 2894 5124; x_wconf 89' lang='lat' dir='ltr'><strong>ego</strong></span> <span class='ocrx_word' id='word_1_782' title='bbox 2941 5053 3207 5116; x_wconf 76' lang='lat' dir='ltr'><strong>aberraui,</strong></span> <span class='ocrx_word' id='word_1_783' title='bbox 3238 5054 3377 5120; x_wconf 71' lang='lat' dir='ltr'><strong>apud</strong></span> <span class='ocrx_word' id='word_1_784' title='bbox 3414 5067 3495 5106; x_wconf 81' lang='lat' dir='ltr'><strong>me</strong></span> 
     </span>
    </p>
   </div>
   <div class='ocr_carea' id='block_1_110' title="bbox 2001 5124 3495 5250">
    <p class='ocr_par' dir='ltr' id='par_1_110' title="bbox 2001 5124 3495 5250">
     <span class='ocr_line' id='line_1_116' title="bbox 2001 5124 3495 5249; baseline -0.002 -71"><span class='ocrx_word' id='word_1_785' title='bbox 2001 5136 2175 5249; x_wconf 53' lang='lat' dir='ltr'><strong>qubtelm</strong></span> <span class='ocrx_word' id='word_1_786' title='bbox 2213 5125 2352 5195; x_wconf 84' lang='lat' dir='ltr'><strong>degit</strong></span> <span class='ocrx_word' id='word_1_787' title='bbox 2398 5140 2516 5179; x_wconf 85' lang='lat' dir='ltr'><strong>erro</strong></span> <span class='ocrx_word' id='word_1_788' title='bbox 2554 5139 2573 5178; x_wconf 91' lang='lat'><strong><em>:</em></strong></span> <span class='ocrx_word' id='word_1_789' title='bbox 2612 5124 2754 5195; x_wconf 85' lang='lat' dir='ltr'><strong>loqui</strong></span> <span class='ocrx_word' id='word_1_790' title='bbox 2784 5128 2997 5178; x_wconf 78' lang='lat' dir='ltr'><strong>verbum</strong></span> <span class='ocrx_word' id='word_1_791' title='bbox 3032 5124 3171 5194; x_wconf 81' lang='lat' dir='ltr'><strong>quod</strong></span> <span class='ocrx_word' id='word_1_792' title='bbox 3205 5140 3308 5177; x_wconf 78' lang='lat' dir='ltr'><strong>non</strong></span> <span class='ocrx_word' id='word_1_793' title='bbox 3340 5139 3495 5193; x_wconf 87' lang='lat' dir='ltr'><strong>opor-</strong></span> 
     </span>
     <span class='ocr_line' id='line_1_117' title="bbox 2026 5212 2386 5250; baseline -0.003 0"><span class='ocrx_word' id='word_1_794' title='bbox 2026 5213 2052 5250; x_wconf 89' lang='lat' dir='ltr'><strong>e</strong></span> <span class='ocrx_word' id='word_1_795' title='bbox 2088 5214 2117 5249; x_wconf 92' lang='lat' dir='ltr'><strong>a</strong></span> <span class='ocrx_word' id='word_1_796' title='bbox 2149 5237 2162 5250; x_wconf 94' lang='lat'><strong>.</strong></span> <span class='ocrx_word' id='word_1_797' title='bbox 2368 5212 2386 5229; x_wconf 85' lang='grc'>·</span> 
     </span>
    </p>
   </div>
   <div class='ocr_carea' id='block_1_111' title="bbox 2000 5287 3495 5364">
    <p class='ocr_par' dir='ltr' id='par_1_111' title="bbox 2000 5287 3495 5364">
     <span class='ocr_line' id='line_1_118' title="bbox 2000 5287 3495 5364; baseline -0.001 -21"><span class='ocrx_word' id='word_1_798' title='bbox 2000 5288 2206 5348; x_wconf 88' lang='lat' dir='ltr'><strong>Deinde</strong></span> <span class='ocrx_word' id='word_1_799' title='bbox 2236 5291 2370 5347; x_wconf 90' lang='lat' dir='ltr'><strong>dicit</strong></span> <span class='ocrx_word' id='word_1_800' title='bbox 2407 5306 2476 5348; x_wconf 82' lang='lat' dir='ltr'><strong>ex</strong></span> <span class='ocrx_word' id='word_1_801' title='bbox 2524 5292 2812 5364; x_wconf 81' lang='lat' dir='ltr'><strong>hypothesi</strong></span> <span class='ocrx_word' id='word_1_802' title='bbox 2838 5311 2856 5350; x_wconf 86' lang='lat'><strong>:</strong></span> <span class='ocrx_word' id='word_1_803' title='bbox 2884 5291 3137 5349; x_wconf 89' lang='lat' dir='ltr'><strong>Concedo</strong></span> <span class='ocrx_word' id='word_1_804' title='bbox 3163 5288 3316 5345; x_wconf 88' lang='lat' dir='ltr'><strong>vobis</strong></span> <span class='ocrx_word' id='word_1_805' title='bbox 3348 5287 3495 5359; x_wconf 87' lang='lat' dir='ltr'><strong>quod</strong></span> 
     </span>
    </p>
   </div>
   <div class='ocr_carea' id='block_1_112' title="bbox 2005 5528 3492 5611">
    <p class='ocr_par' dir='ltr' id='par_1_112' title="bbox 2005 5528 3492 5611">
     <span class='ocr_line' id='line_1_119' title="bbox 2005 5528 3492 5611; baseline -0.002 -16"><span class='ocrx_word' id='word_1_806' title='bbox 2005 5542 2118 5611; x_wconf 80' lang='lat'><strong>(57)</strong></span> <span class='ocrx_word' id='word_1_807' title='bbox 2140 5540 2272 5595; x_wconf 83' lang='lat' dir='ltr'><strong>Cod.</strong></span> <span class='ocrx_word' id='word_1_808' title='bbox 2306 5539 3069 5611; x_wconf 41' lang='grc' dir='ltr'><strong>κςιηάλλέττιόνειδιστικῶς</strong></span> <span class='ocrx_word' id='word_1_809' title='bbox 3102 5540 3196 5593; x_wconf 73' lang='grc' dir='ltr'><strong>καὶ</strong></span> <span class='ocrx_word' id='word_1_810' title='bbox 3220 5528 3492 5608; x_wconf 79' lang='grc' dir='ltr'><strong>χαλεπῶς·</strong></span> 
     </span>
    </p>
   </div>
   <div class='ocr_carea' id='block_1_113' title="bbox 2001 5608 2601 5679">
    <p class='ocr_par' dir='ltr' id='par_1_113' title="bbox 2001 5608 2601 5679">
     <span class='ocr_line' id='line_1_120' title="bbox 2001 5608 2601 5679; baseline -0.002 -13"><span class='ocrx_word' id='word_1_811' title='bbox 2001 5608 2114 5679; x_wconf 80' lang='grc'><strong>(58)</strong></span> <span class='ocrx_word' id='word_1_812' title='bbox 2143 5611 2301 5665; x_wconf 87' lang='lat' dir='ltr'><strong>Forte</strong></span> <span class='ocrx_word' id='word_1_813' title='bbox 2334 5608 2601 5679; x_wconf 83' lang='grc' dir='ltr'><strong>αἰσθήσει.</strong></span> 
     </span>
    </p>
   </div>
   <div class='ocr_carea' id='block_1_114' title="bbox 2002 5679 2810 5751">
    <p class='ocr_par' dir='ltr' id='par_1_114' title="bbox 2002 5679 2810 5751">
     <span class='ocr_line' id='line_1_121' title="bbox 2002 5679 2810 5751; baseline 0.002 -18"><span class='ocrx_word' id='word_1_814' title='bbox 2002 5679 2114 5751; x_wconf 79' lang='grc'><strong>(59)</strong></span> <span class='ocrx_word' id='word_1_815' title='bbox 2155 5682 2293 5751; x_wconf 79' lang='lat' dir='ltr'><strong>idem</strong></span> <span class='ocrx_word' id='word_1_816' title='bbox 2326 5681 2379 5734; x_wconf 90' lang='lat' dir='ltr'><strong>in</strong></span> <span class='ocrx_word' id='word_1_817' title='bbox 2418 5694 2648 5751; x_wconf 83' lang='lat' dir='ltr'><strong>utroque</strong></span> <span class='ocrx_word' id='word_1_818' title='bbox 2691 5679 2810 5735; x_wconf 88' lang='lat' dir='ltr'><strong>cod.</strong></span> 
     </span>
    </p>
   </div>
   <div class='ocr_carea' id='block_1_115' title="bbox 2000 5748 2997 5820">
    <p class='ocr_par' dir='ltr' id='par_1_115' title="bbox 2000 5748 2997 5820">
     <span class='ocr_line' id='line_1_122' title="bbox 2000 5748 2997 5820; baseline 0.005 -17"><span class='ocrx_word' id='word_1_819' title='bbox 2000 5748 2114 5820; x_wconf 70' lang='grc'><strong>(40)</strong></span> <span class='ocrx_word' id='word_1_820' title='bbox 2147 5749 2366 5805; x_wconf 82' lang='lat' dir='ltr'><strong>Confer.</strong></span> <span class='ocrx_word' id='word_1_821' title='bbox 2403 5762 2534 5806; x_wconf 85' lang='lat' dir='ltr'><strong>tum.</strong></span> <span class='ocrx_word' id='word_1_822' title='bbox 2560 5748 2677 5820; x_wconf 79' lang='lat' dir='ltr'><strong>XII,</strong></span> <span class='ocrx_word' id='word_1_823' title='bbox 2707 5751 2810 5808; x_wconf 85' lang='lat' dir='ltr'><strong>col.</strong></span> <span class='ocrx_word' id='word_1_824' title='bbox 2839 5750 2997 5808; x_wconf 62' lang='grc' dir='ltr'><strong>ΠΜ.</strong></span> 
     </span>
    </p>
   </div>
   <div class='ocr_carea' id='block_1_116' title="bbox 1999 5820 2542 5889">
    <p class='ocr_par' dir='ltr' id='par_1_116' title="bbox 1999 5820 2542 5889">
     <span class='ocr_line' id='line_1_123' title="bbox 1999 5820 2542 5889; baseline 0.002 -13"><span class='ocrx_word' id='word_1_825' title='bbox 1999 5822 2109 5889; x_wconf 66' lang='lat' dir='ltr'><strong>(ll)</strong></span> <span class='ocrx_word' id='word_1_826' title='bbox 2139 5820 2270 5877; x_wconf 90' lang='lat' dir='ltr'><strong>Cod.</strong></span> <span class='ocrx_word' id='word_1_827' title='bbox 2297 5831 2542 5883; x_wconf 84' lang='lat' dir='ltr'><strong>uterque.</strong></span> 
     </span>
    </p>
   </div>
  </div>
