4012 6340
293 330 375 384 73
1500 343 1633 399 ENA
1642 344 2037 406 RRATIONES
2076 350 2143 406 IN
2183 350 2323 408 JOB.
3475 376 3542 433 74

288 442 430 511 φῶν
453 443 702 514 ἅψηται,
735 450 868 503 τότε
884 452 971 517 εὶς
995 450 1169 517 τέλος
1191 452 1532 509 ἀπόλλυται
1548 474 1561 486 ·
1599 459 1790 513 τούτου
1816 461 1874 514 αἱ

1902 494 1951 548 Α
1977 462 2197 518 interit:
2226 462 2391 533 hujus
2438 480 2633 524 manus
2674 469 2883 528 dolores
2920 473 3245 546 incendent;
3280 482 3386 539 hoc
3435 498 3542 557 est,

287 538 477 606 χεῖρες
502 536 695 603 ὀδύνας
730 541 1115 612 πυρσεύσουσι·
1156 545 1425 611 τουτέστι,
1453 547 1548 601 καὶ
1573 550 1630 603 ἐν
1662 550 1843 605 ὀδύναι

290 627 355 645 ,Α
598 629 711 645 ..η
899 633 955 645 ..
1083 634 1122 645 -.
1285 637 1296 645 .
1376 637 1401 645 _
1520 638 1573 645 --
1713 640 1738 645 -

1976 554 2140 611 etiam
2172 557 2226 612 in
2261 559 2525 616 extremis
2549 560 2825 621 doloribus
2861 566 3077 637 degent.
3117 536 3382 645 Loquitur
3409 536 3542 636 vero

285 626 556 697 ἐσχάταις
593 629 849 696 διάξουσι.
884 633 1045 701 Λέγει
1079 634 1136 687 δέ
1180 637 1308 707 περὶ
1335 637 1443 691 τῶν
1482 638 1615 693 υἱῶν
1649 640 1741 694 τοῦ
1771 658 1875 696 πα-

323 720 556 776 ανόμου.

288 738 556 791 ρανομου.

410 812 556 883 Στίχ.
595 821 682 883 ιγ’.
711 815 871 884 Χολὴ
905 817 1163 884 ἀσπίδος
1204 820 1274 873 ἐν
1306 824 1517 891 γαστρὶ
1546 826 1754 882 αὐτοῦ.

362 902 520 973 Ἔχει
561 904 673 975 γὰρ
717 906 1036 977 μαθήματα,
1082 907 1120 963 ἃ.
1161 910 1261 965 οὐκ
1304 911 1420 966 ἐστι
1465 914 1687 983 γλυκέα,
1735 918 1871 974 ἀλλὰ

1975 643 2039 699 de
2066 644 2191 701 liliis
2214 646 2388 718 impii.

2218 826 2279 883 V.
2320 829 2405 883 15.
2447 830 2584 886 Bilis
2620 836 2824 901 aspidis
2853 838 2909 891 in
2937 852 3106 897 ventre
3136 846 3274 915 ejus.

2046 917 2216 974 Habet
2246 923 2387 976 enim
2422 924 2768 994 documenta,
2796 944 2917 999 quae
2948 946 3052 987 non
3079 947 3204 993 sunt
3224 940 3426 1009 dulcia,
3447 943 3545 1001 sed

282 993 421 1065 χολὴ
458 996 700 1061 ἀσπίδος,
744 999 905 1052 οἱονεὶ
943 1000 1175 1073 πονηρὰ,
1213 1004 1247 1075 ή
1291 1005 1416 1077 περὶ
1460 1004 1555 1060 τοῦ
1596 1010 1737 1063 οτνου
1770 1012 1845 1082 τῆ

1971 1009 2040 1066 fel
2072 1013 2296 1083 aspidis,
2332 1015 2382 1070 id
2413 1028 2497 1072 est
2541 993 2860 1092 malignum,
2890 1026 3034 1093 quod
3064 1037 3147 1083 est
3188 993 3533 1090 de

282 1085 637 1153 διδασκαλίας
665 1090 858 1144 αὐτῶν.
908 1093 1005 1146 Ἐκ
1028 1093 1137 1162 γὰρ
1184 1094 1459 1164 ἀμπέλου
1510 1098 1790 1170 Σοδόμων
1826 1122 1845 1157 ι

1969 1104 2158 1159 ctrinae
2193 1105 2451 1175 ipsorum.
2488 1110 2564 1165 De
2593 1113 2695 1168 vite
2727 1116 2865 1169 enim
2907 1113 3263 1175 Sodomorum
3293 1126 3411 1180 vitis
3435 1143 3527 1182 eo-

284 1178 557 1248 ἆμπελος
573 1182 789 1250 αὐτῶν,
817 1186 910 1238 καὶ
938 1184 1006 1238 τά
1031 1186 1178 1256 ἐξῆς.
1203 1187 1314 1241 Καὶ
1337 1191 1459 1258 μετ’
1491 1192 1683 1261 ὀλίγα·
1721 1193 1845 1246 Χολὶ

1966 1209 2082 1248 rum
2104 1196 2191 1263 ⁸¹⁴,
2219 1206 2275 1252 et
2307 1209 2527 1259 caetera.
2562 1201 2633 1259 Et
2658 1216 2773 1273 post
2793 1225 2962 1277 pauca
2980 1226 2998 1263 :
3030 1210 3163 1267 Bilis
3188 1223 3367 1270 autem
3389 1221 3531 1288 aspi-

281 1265 337 1320 δὲ
365 1268 588 1332 ἀσπίδος
615 1271 672 1324 ἐν
700 1273 898 1343 γαστρὶ
930 1272 1021 1325 τοῦ
1055 1275 1379 1347 ἐτεροδόξου,
1420 1280 1513 1332 καὶ
1545 1281 1866 1357 ἀσεϐοῦντος

282 1359 340 1411 ἐν
366 1363 483 1423 τοῖς
511 1360 761 1432 δόγμασι,
795 1367 907 1428 τοίς
939 1367 1201 1431 ἐναντίοις
1226 1372 1289 1441 τῇ
1323 1370 1570 1443 ἀληθείᾳ.
1588 1405 1601 1414 -
1657 1427 1669 1437 ,

282 1447 400 1519 (50)
424 1451 571 1523 Σίιίχ.
622 1462 701 1505 ιε’.
730 1456 1001 1523 Πλοῦτος
1019 1458 1249 1532 adlqu
1289 1465 1700 1532 συναγόμενος
1729 1467 1859 1532 ἐξε-

894 1527 1240 1596 μεθήσεται.

351 1611 449 1676 Τίς
480 1613 590 1686 γὰρ
625 1614 782 1680 ἄλλος
813 1617 1009 1682 ἀδίκως
1042 1618 1271 1684 πλοῦτος
1318 1622 1607 1691 συνάγεται
1639 1626 1673 1696 ἢ
1714 1628 1858 1681 ἐκεῖ·

277 1718 371 1765 νος
396 1705 424 1756 6
451 1705 509 1758 ἐν
553 1709 667 1769 τοῖς
697 1706 877 1775 λόγοις
892 1708 1099 1775 αὑτῶν;
1150 1710 1373 1775 Ἀδίκως
1403 1714 1511 1783 γὰρ
1546 1715 1855 1785 συνάγεται.

290 1794 431 1849 Ἀλλ’
463 1798 492 1850 6
516 1799 719 1867 ἀγαθὸς
749 1802 851 1854 οὐκ
883 1802 1031 1856 ἐάσει
1062 1803 1257 1867 αὐτοὺς
1286 1808 1664 1873 πεπτωκότας,
1690 1811 1855 1865 πλοῦ-

271 1905 370 1941 τον
396 1889 598 1967 ἀδίκως
632 1894 995 1963 συναγόμενον
1026 1894 1169 1965 ἔχειν
1201 1898 1288 1951 ἀεὶ
1332 1898 1493 1951 αὑτὸν
1523 1902 1580 1953 ἐν
1611 1904 1853 1968 ἑαυτοῖς·

269 1983 496 2052 ποιήσει
530 1983 639 2054 γὰρ
672 1983 949 2054 ἐξεμέσαι.

266 2072 429 2144 Στίχ.
449 2082 530 2127 ιε’.
549 2076 649 2137 Ἐξ
662 2076 851 2142 οἰκίας
859 2078 1044 2131 αὐτοῦ
1059 2078 1370 2142 ἐξελκύσει
1387 2082 1571 2134 αὑτὸν
1587 2073 1860 2156 ἅγγελος.

355 2164 622 2232 Ἀγγελος
660 2165 768 2238 γὰρ
800 2170 920 2221 κατ’
951 2169 1232 2241 ἐνέργειαν
1280 2172 1375 2224 καὶ
1416 2173 1734 2244 εὐεργεσίαν
1765 2177 1857 2232 τοῦ

1964 1286 2048 1340 dis
2083 1287 2134 1341 in
2183 1298 2373 1345 ventre
2409 1293 2747 1364 heterodoxi,
2785 1309 2840 1355 et
2872 1301 3036 1372 impia
3074 1304 3327 1375 dogmata
3360 1286 3527 1378 pro—ll-

1965 1380 2147 1444 tentis,
2176 1386 2449 1440 contraria
2477 1390 2710 1443 Veritati.

2057 1470 2118 1525 V.
2161 1475 2247 1530 15.
2291 1476 2500 1533 Divitia:
2523 1481 2724 1551 injuste
2743 1498 3069 1559 congregata:
3100 1503 3423 1547 evomentur.

2031 1613 2284 1679 Quaenam
2313 1615 2431 1673 aliae
2460 1619 2660 1677 divitiae
2692 1623 2893 1695 injuste
2914 1641 3331 1702 congregantur,
3364 1648 3524 1704 qualn

1961 1702 2066 1759 illa:
2090 1719 2211 1776 quae
2241 1719 2367 1764 sunt
2413 1710 2467 1764 in
2502 1717 2848 1776 sermonibus
2887 1696 3074 1777 eorum
3092 1696 3346 1795 ?'lnjuste
3377 1696 3523 1783 enirn

1959 1808 2373 1870 congregantur.
2413 1802 2518 1859 Sed
2554 1808 2820 1878 benignus
2859 1813 3001 1871 Deus
3053 1832 3159 1872 non
3209 1819 3368 1880 sinet.
3396 1830 3455 1877 ut
3484 1819 3523 1876 ii

1962 1887 2267 1959 praecipites
2301 1892 2408 1946 acti
2437 1893 2655 1953 divitias
2703 1898 2902 1966 injuste
2947 1916 3302 1977 congregatas
3348 1910 3537 1979 habet

1962 1984 2059 2030 aut
2115 1992 2331 2049 semper
2359 1982 2412 2035 in
2441 1985 2632 2054 seipsis
2662 2006 2674 2041 :
2713 1989 2871 2046 faciet
2900 1995 3041 2049 enim
3083 2006 3142 2052 ut
3176 2008 3521 2056 evomantur.

2066 2069 2131 2126 ν.
2173 2072 2260 2128 15.
2302 2072 2388 2129 Ea:
2414 2077 2566 2132 donto
2596 2080 2711 2148 ejus
2739 2086 2985 2141 extra/tet
3008 2106 3126 2144 eum
3153 2092 3389 2162 angelus.

2031 2162 2269 2233 Angelus
2300 2165 2446 2221 enim
2473 2183 2572 2238 per
2608 2174 2979 2239 operationem
3009 2189 3066 2234 et
3102 2180 3535 2242 beneﬁcentiam

266 2251 419 2306 Θεοῦ
447 2254 719 2318 ἐξελκύσει
757 2259 918 2311 αὑτὸν
949 2260 1043 2312 ἀπ’
1076 2261 1246 2332 αὐτῆς
1288 2262 1387 2333 τῆς
1425 2263 1611 2328 κακῶς
1653 2268 1845 2321 οἰκοδο-

1960 2250 2053 2307 Dei
2083 2256 2335 2312 extrahet
2382 2258 2530 2315 illum
2566 2262 2634 2318 ab
2666 2265 2781 2335 ipsa
2814 2281 3093 2339 perperam
3121 2275 3409 2335 aediﬁcata.
3442 2281 3518 2338 Ea

268 2346 565 2421 μηθείσης,
592 2348 712 2419 ἦτις
740 2351 888 2404 ἐστὶν
919 2351 1183 2423 ἐκκλησία
1208 2356 1679 2426 πονηρευομένων.
1706 2359 1852 2432 Αὕτη

1955 2351 2039 2397 est
2058 2357 2224 2412 porro
2244 2345 2473 2403 ecclesia
2500 2351 2639 2407 male
2668 2357 2967 2423 agentium.
2994 2358 3119 2417 Haec
3146 2363 3291 2418 enim
3318 2376 3403 2423 est
3420 2368 3535 2424 do;

261 2439 436 2509 γάρή
470 2439 615 2492 οὶκία
644 2441 828 2495 αὐτοῦ.
871 2442 1007 2495 Ἀλλ’
1039 2442 1293 2513 ἅγγελος
1323 2443 1640 2509 ἐξελκύσει
1665 2449 1845 2505 αὐτὸν

1955 2449 2075 2490 mus
2102 2436 2264 2494 illius.
2295 2438 2400 2495 Sed
2431 2443 2649 2514 angelus
2675 2450 2914 2503 extrahet
2949 2466 3068 2505 eum
3095 2469 3161 2509 ea:
3197 2457 3352 2512 domo
3381 2460 3537 2529 ejus.-

262 2526 339 2591 ἐξ
362 2528 555 2595 οἰκίας
583 2530 792 2585 αὐτοῦ.

483 2621 631 2692 Στίχ.
665 2622 753 2687 ιζ’.
785 2623 881 2692 Μὴ
908 2623 1022 2678 ἴδοι
1054 2622 1310 2693 ἄμελξιν
1342 2626 1636 2697 νομάδων.

340 2712 455 2782 (51)
491 2712 827 2785 Ἐτερόδοξος
876 2716 937 2770 οὐ
979 2715 1163 2786 βλέπει
1195 2716 1418 2789 ἄμελξιν
1449 2720 1712 2788 νομάδων.
1745 2722 1848 2776 Νο-

1954 2616 2015 2672 ν.
2040 2620 2119 2675 l7.
2144 2619 2229 2677 Ne
2247 2623 2415 2679 uideat
2441 2626 2760 2685 mulcturam
2775 2636 3101 2702 pascentium
3129 2653 3515 2701 armentorum.

2023 2710 2396 2772 lleterodoxus
2437 2735 2543 2774 non
2586 2722 2734 2777 videt
2784 2725 3108 2782 mulcturam
3137 2730 3513 2800 jumentorum

274 2804 442 2875 μάδες
485 2806 545 2860 δὲ
602 2808 709 2863 εἰσί
752 2824 899 2873 τινες
943 2808 1111 2882 ψυχαὶ
1139 2812 1434 2884 νεμόμεναι
1465 2815 1569 2869 ὑπὸ
1594 2815 1672 2886 τῷ
1698 2817 1845 2887 καλῷ

1953 2807 2308 2875 pascentium.
2333 2808 2585 2868 Iumenta
2624 2829 2751 2871 vero
2782 2820 3082 2885 pascentia,
3111 2832 3238 2877 sunt
3266 2826 3516 2894 quaedam

269 2896 516 2969 Ποιμένι,
551 2900 629 2972 τῷ
658 2900 890 2957 εἰπόντι·
954 2902 1101 2973 Ἐγώ
1130 2907 1249 2975 ειμι
1295 2907 1334 2974 ἡ
1377 2908 1544 2976 θύρα.
1585 2910 1663 2962 Δι’
1699 2909 1845 2979 ἐμοῦ

1953 2898 2161 2963 animae,
2185 2914 2306 2970 qua:
2323 2913 2621 2972 pascuntur
2653 2908 2752 2962 sub
2776 2906 3004 2965 Pastore
3025 2912 3185 2979 bono,
3215 2916 3308 2985 qui
3334 2917 3468 2975 dixit
3495 2937 3513 2976 :

267 2988 378 3042 ἐάν
422 3008 515 3058 τις
561 2992 833 3063 εἰσέλθῃ,
881 2994 1242 3062 σωθήσεται.
1265 2997 1375 3052 Καὶ
1411 3000 1839 3065 εἰσελεύσεται,

266 3080 364 3136 καὶ
391 3080 798 3150 ἐξελεύσεται,
825 3084 920 3140 καὶ
942 3084 1137 3157 νομὴν
1160 3085 1425 3155 εὑρήσει.

264 3258 409 3330 Στίχ.
470 3267 561 3330 ιη’.
594 3260 823 3330 Ὠσπερ
870 3265 1161 3333 στρίφνος
1224 3266 1562 3336 ἀμάσητος,
1616 3269 1835 3323 ἀκατά-

945 3348 1147 3401 ποῖος.

331 3421 393 3473 Ol
432 3420 582 3491 λόγοι
607 3422 703 3476 καὶ
734 3422 803 3477 τὰ
844 3423 1087 3495 δόγματα
1119 3426 1349 3496 στριφνά
1383 3429 1477 3480 καὶ
1510 3427 1715 3492 πυκνὰ,
1744 3428 1836 3481 οὐ-

262 3511 350 3566 δὲν
378 3512 488 3584 ἔχει
518 3514 690 3583 γλυκὺ
728 3517 928 3581 ἐκεῖνα,
963 3516 1031 3569 τὰ
1063 3516 1203 3570 κατὰ
1240 3517 1334 3570 τοῦ
1374 3518 1509 3572 Θεοῦ
1554 3518 1835 3590 γινόμενα.

334 3606 443 3678 (52)
469 3607 731 3679 Στρίφνος
773 3608 983 3679 βοτάνη,
1011 3610 1092 3673 τίς
1115 3612 1261 3663 ἐστιν
1285 3612 1725 3683 ἐκτραχυνομένη
1770 3615 1835 3684 τῇ

261 3696 479 3772 γλώσσῃ
530 3698 623 3751 τοῦ
675 3703 1053 3772 μασσωμένου.
1109 3702 1319 3773 ’Ὠσπερ
1372 3697 1485 3768 οὖν,
1529 3704 1681 3774 φησὶ,
1740 3703 1837 3774 τὴν

261 3790 496 3862 βοτάνην
520 3790 754 3863 ἐκείνην,
784 3792 890 3847 κᾶν
914 3791 1055 3861 άγαν
1100 3810 1181 3853 τις
1213 3792 1607 3865 φιλονεικήσειε
1627 3794 1838 3848 διαλεά-

257 3901 353 3947 νας
382 3887 493 3948 τοῖς
525 3884 725 3949 ὀδοῦσι,
767 3890 1057 3940 καταπιεῖν
1096 3886 1157 3939 οὑ
1200 3885 1455 3940 δύναται·
1500 3886 1645 3941 οὕτω
1683 3887 1778 3941 καὶ
1809 3889 1839 3941 6

253 3976 362 4030 τῶν
408 3976 704 4049 ἀλλοτρίων
753 3978 1048 4032 ἀπολαύειν
1080 3978 1279 4031 ἐθέλων
1315 3978 1465 4032 οὐδὲν
1497 3977 1606 4033 τῶν
1659 3980 1837 4034 πόνων

253 4068 547 4123 ἀποίσεται
580 4070 641 4123 τὸ
667 4069 874 4140 κέρδος.

253 4183 373 4258 (53)
400 4185 551 4255 Στίχ.
591 4191 659 4239 κ’.
708 4186 811 4238 Διά
864 4185 1199 4309 τοὲἷοιθὲὺκ
1247 4184 1498 4252 ἀνθήσει
1537 4183 1722 4238 αὐτοῦ
1764 4185 1837 4238 τὰ

1090 4272 1146 4308 α.

1090 4272 1146 4308 α.

329 4346 398 4398 ’Δ
433 4345 585 4399 δοκεῖ
619 4345 801 4415 ἀγαθὰ
836 4259 1178 4409 ποιὲίζῗιθοὺκ
1212 4344 1467 4416 ἀνθήσει·
1497 4346 1571 4397 ὅτ’
1604 4345 1669 4399 ἂν
1699 4346 1828 4417 δοκῇ

251 4438 351 4511 ήδη
383 4438 799 4509 πεπληρῶσθαι,
836 4438 988 4509 θλιὸἡ
997 4455 1165 4492 σεται.

253 4617 399 4689 Στίχ.
418 4625 487 4672 κ’.
511 4620 634 4671 Οὐκ
656 4619 824 4673 ἔστιν
846 4616 1029 4671 αὑτοῦ
1049 4618 1309 4683 σωτηρία
1330 4615 1450 4681 τοῖς
1467 4615 1822 4686 ὑπάρχουσι.

323 4709 405 4765 Τὰ
430 4709 748 4781 ὑπάρχοντα
792 4709 953 4761 αὐτοῦ
997 4709 1269 4779 σωτηρίαν
1300 4708 1445 4780 αὐτῷ
1477 4710 1830 4781 περιποιῆσαι

253 4798 312 4852 οὐ
338 4798 584 4853 δύναται.

918 4890 1160 4955 Ἄλλως.

254 4982 363 5053 (54)
391 4983 540 5061 falx.
561 4982 664 5035 κδ’.
692 4980 866 5061 Πᾶσα
881 4978 1195 5061 ,δὲ-ἀνάγκη
1218 4981 1825 5061 αὐτὸνρπεᾼεύσεται,

349 5002 363 5052 )
393 5002 483 5035 ,νει
528 5024 540 5036 .
561 5002 664 5035 κσ.
692 5002 866 5035 ιιασιι
882 5002 949 5033 οε
966 5002 1157 5050 ararit
1218 5002 1721 5061 αυτονεπελευσει

349 5053 447 5107 καὶ
488 5002 906 5107 inmarcescer
933 5052 1026 5104 ἐπ’
1053 5002 1241 5106 afﬁgit
1283 5052 1473 5119 θυμόν
1519 5053 1721 5121 ὀργης.

253 5123 363 5195 (55)
388 5125 537 5195 Στίχ.
578 5122 680 5177 κδ’.
700 5120 875 5177 Πᾶσα
888 5121 956 5175 δὲ
984 5122 1218 5193 ἀνάγκη
1249 5122 1340 5176 ἐπ’
1369 5122 1558 5175 αὐτόν
1580 5120 1829 5177 ἐπελεύ-

944 5206 1138 5245 σεται.

235 5292 239 5331 Ξ
321 5285 505 5340 Ταῦτα
550 5284 926 5357 προτρεπτικὰ
965 5286 1131 5354 ἡμῖν,
1186 5283 1273 5335 ἵνα
1316 5281 1669 5353 ἀφιστώμεθα
1714 5283 1821 5338 τῶν

254 5377 563 5450 ἀλλοτρίων.

325 5478 390 5510 ⁸³·
415 5478 571 5533 Deut.
599 5492 760 5543 nm,
789 5476 877 5533 52.
955 5475 999 5508 ⁸⁸
1026 5475 1178 5532 Joan.
1211 5494 1264 5542 ι,
1293 5476 1345 5530 9.

322 5566 434 5639 (50)
457 5566 593 5639 Cod.
627 5577 877 5639 uterque.
908 5597 981 5608 —
1003 5563 1136 5621 Vide
1164 5575 1204 5623 t.
1232 5564 1351 5634 Xll,
1378 5566 1481 5623 coL
1510 5566 1670 5622 l052.

322 5568 412 5635 (50
457 5568 593 5622 Cod.
627 5577 877 5639 uterque.
908 5597 981 5608 —
1003 5568 1136 5621 Vide
1164 5575 1204 5623 t.
1232 5568 1351 5634 Xll,
1378 5568 1481 5623 coL
1510 5568 1670 5622 1052.

322 5568 609 5721 ςξὲίὶίίίὲθ
652 5638 830 5721 “mla.
893 5710 925 5721 ._
968 5709 1053 5721 η.
1172 5709 1183 5721 .
1280 5710 1293 5721 .
1360 5709 1452 5721 -.
1530 5709 1542 5721 .
1671 5708 1684 5721 .

320 5707 433 5781 (gi?)
459 5707 590 5781 God.
622 5724 715 5781 xxi
746 5710 933 5781 tribuit
964 5709 1206 5781 Origeni,
1242 5710 1315 5765 al.
1346 5708 1743 5781 ‘Polychronio.

324 5778 434 5851 (55)
460 5778 715 5835 Occurrit
744 5779 795 5833 in
823 5778 1201 5847 utroque’cod.

490 5872 758 5931 Ps'rnuc.
799 5872 917 5933 Gn.
968 5869 1158 5933 XVIl.

1932 2988 2061 3059 'Ego
2093 3009 2212 3046 sunt
2242 2996 2456 3052 ostium.
2487 2995 2595 3052 Per
2618 3015 2701 3055 me
2722 3002 2769 3056 si
2807 3005 2927 3075 quis
2955 3005 3306 3077 ingrediatur,
3340 3011 3514 3066 salva-

1947 3086 2109 3139 bitur.
2147 3086 2215 3142 Et
2248 3088 2575 3160 ingredietur
2599 3106 2645 3147 et
2672 3097 2983 3164 egredietur,
3009 3110 3058 3153 et
3098 3118 3351 3169 pascuum
3369 3104 3513 3159 inus-

1864 3187 1909 3246 ε
1947 3180 2052 3232 niet
2073 3179 2142 3236 “.

2017 3265 2075 3318 V.
2101 3266 2184 3321 i8.
2205 3266 2479 3340 Tanquam
2509 3275 2801 3349 striphnus,
2833 3296 2950 3346 qua:
2980 3296 3081 3335 non
3098 3282 3387 3349 manditur,
3419 3299 3511 3338 nec

2569 3348 2876 3417 deglutitur.
3518 3366 3521 3371 ’

2013 3428 2307 3487 Sermones
2334 3441 2391 3488 et
2432 3435 2683 3506 dogmata
2711 3455 2894 3495 crassa
2925 3450 2979 3495 et
3014 3441 3208 3509 spissa,
3242 3443 3377 3499 nihil
3410 3444 3509 3499 ha—

1938 3516 2069 3572 bent
2098 3534 2162 3575 ea
2195 3520 2370 3587 dulce,
2404 3540 2525 3595 quae
2559 3542 2751 3597 nempe
2776 3539 2903 3584 sunt
2935 3540 3127 3585 contra
3162 3531 3352 3587 Deum.
3516 3588 3523 3603 ,

2013 3611 2303 3683 Striplinus
2344 3616 2513 3673 herba
2559 3629 2644 3674 est
2690 3636 2881 3687 aspera
2928 3621 3122 3690 linguae
3181 3614 3521 3685 mandentis...

1940 3699 2408 3767 Quemadmodum
2461 3708 2643 3777 igitur,
2696 3709 2889 3778 inquit,
2928 3710 3153 3766 herbam
3204 3711 3371 3780 illam,
3431 3726 3511 3770 ta-

1943 3794 2102 3849 metsi
2131 3795 2361 3852 multum
2391 3799 2513 3869 quis
2548 3799 2750 3855 nitatur
2791 3801 3045 3857 blandam
3078 3803 3303 3860 reddere
3334 3807 3511 3862 denti-

1942 3885 2066 3952 bus,
2100 3887 2367 3959 deglutire
2395 3906 2503 3946 non
2544 3902 2730 3962 potest
2761 3909 2776 3947 :
2812 3894 2894 3951 sic
2921 3904 2978 3950 et
3030 3898 3120 3967 qui
3159 3898 3351 3956 alienis
3398 3900 3505 3955 frui

1942 3979 2077 4045 vult,
2094 3981 2301 4035 nullum
2326 3982 2571 4040 laborum
2600 4001 2817 4041 suorum
2843 3989 3499 4069 referetetnoltimetilum.

2046 4185 2107 4242 V.
2148 4185 2237 4241 20.
2280 4186 2566 4257 Pmpterca
2595 4207 2696 4245 non
2729 4193 3022 4263 eﬁlorebunt
3047 4194 3192 4249 illius
3216 4196 3371 4253 bona.

2005 4344 2135 4411 Quae
2184 4346 2398 4401 videtur
2458 4349 2597 4403 bona
2656 4349 2856 4417 facere,
2890 4367 2997 4407 non
3056 4350 3417 4409 elllorebunt:
3453 4355 3500 4409 si

1934 4437 2152 4504 quando
2179 4439 2466 4494 videantur
2496 4441 2605 4509 jam
2640 4444 2705 4496 ad
2742 4444 2959 4511 plenum
2996 4446 3328 4513 pervenisse,
3361 4462 3500 4501 con-

1861 4540 1907 4597 [)
1936 4537 2197 4582 terentur.

2120 4621 2179 4675 V.
2216 4622 2306 4676 20.
2350 4623 2474 4677 Non
2499 4636 2573 4679 est
2604 4627 2749 4679 salus
2780 4628 3123 4692 facultatibus
3158 4646 3295 4699 ejus.

2005 4709 2311 4766 Facultates
2336 4712 2451 4782 ejus
2476 4715 2703 4768 salutem
2742 4717 2813 4769 illi
2847 4732 3164 4785 comparare
3197 4728 3493 4789 nequeunt.

2630 4899 2814 4953 Aliter.

1932 4986 1997 5041 V.
2038 4987 2128 5040 ‘22.
2174 4986 2356 5063 0_mnis
2389 5006 2514 5063 vero
2549 4994 2829 5047 necessitas
2858 4995 3178 5063 superveniet
3201 4993 3275 5059 ei,
3304 5002 3350 5046 et
3395 4994 3493 5047 int-

2006 5060 2174 5111 mittet
2204 5058 2256 5109 in
2288 5075 2403 5111 eum
2428 5061 2662 5114 animum
2690 5064 2804 5117 ine.

2003 5128 2064 5183 V.
2098 5127 2185 5181 22.
2225 5127 2408 5184 Omnis
2467 5141 2644 5185 autem
2690 5135 2969 5188 necessitas
2998 5135 3321 5202 superveniet
3348 5134 3418 5190 ei.

2001 5288 2125 5342 llaec
2153 5288 2509 5345 adhortantur
2536 5304 2654 5356 nos,
2688 5300 2745 5343 ut
2767 5291 3137 5345 abstineamus
3182 5292 3248 5345 ab
3281 5290 3503 5355 alienis.

1992 5571 2116 5648 (5l)_
2138 5571 2234 5648 llic
2267 5590 2317 5627 ν.
2355 5575 2696 5630 interseritur
2729 5576 2937 5633 duobus
2963 5572 3358 5648 Isnperioribus
3404 5576 3484 5630 he-

1923 5643 2228 5699 mistichiis.

1997 5712 2110 5784 (55)
2135 5714 2273 5797 Cod.
2305 5723 2550 5785 uterque.
2581 5712 2647 5768 ν.
2674 5712 2889 5788 Olymp.

3143 5877 3183 5934 3
