4012 6340
578 317 653 379 ’⁷5
1466 306 2020 368 SUPPLEMENTUM
2053 306 2145 360 AD
2180 304 2504 363 ORIGENIS
2539 304 2947 363 EXEGETICA.
3746 319 3807 377 ιω

882 434 949 490 ν.
990 426 1081 489 22.
1122 432 1354 502 Ningere
1381 432 1433 484 in
1464 447 1582 484 eum
1612 428 1838 482 dolores.

636 529 795 589 Loco
822 528 964 583 nivis
990 527 1209 583 dolores
1237 514 1452 580 venient
1472 522 1525 575 in
1567 521 1745 574 virum
1780 518 2106 585 huiusmodi.

787 622 855 678 ν.
893 620 985 674 24.
1029 618 1097 674 Et
1120 634 1223 672 non
1253 617 1483 670 salvetur
1512 628 1540 666 e
1567 629 1728 665 manu
1760 610 1914 680 ferri.

644 711 875 769 Ferrum
904 726 1010 767 non
1047 710 1177 765 dicit
1202 708 1306 762 hoc
1333 703 1616 770 sensibile,
1651 703 1744 759 sed
1768 702 2144 758 scindentissi-

562 820 722 860 mum
750 814 1077 861 sermonem.

610 912 690 975 ν.
731 917 821 972 25.
862 915 1206 970 Pertranseat
1229 920 1404 965 autem
1432 924 1525 977 per
1544 922 1732 977 corpus
1766 906 1880 977 ejus
1911 908 2098 962 telum.

649 1051 778 1110 Tela
809 1047 1119 1118 huiusmodi
1154 1046 1321 1116 ignita
1353 1044 1644 1098 vulnerant
1668 1058 1812 1099 eum.

705 1145 771 1201 ν.
813 1144 904 1199 25.
940 1142 1233 1198 ‘Deuorabit
1257 1156 1374 1194 eum
1397 1140 1532 1208 ignis
1550 1155 1654 1194 non
1679 1141 2011 1196 comburens.

624 1230 956 1308 TMystcrium
1001 1232 1273 1302 quoddam
1325 1228 1655 1285 addiscimus
1712 1229 1779 1285 de
1819 1245 1976 1301 ptena
2025 1248 2145 1304 quae

561 1336 850 1388 reservata
877 1333 980 1390 est,
1016 1333 1077 1378 ut
1102 1336 1394 1378 caveamus
1421 1336 1538 1376 eam
1565 1321 1695 1390 pati.
1728 1322 1910 1392 Ignem
1939 1325 2016 1379 ait
2036 1340 2143 1381 non

568 1422 984 1481 comburentem
1020 1418 1405 1472 devoraturum
1433 1413 1549 1469 fore
1599 1415 1845 1483 impium.
1879 1416 1980 1474 Hic
2004 1419 2143 1488 ignis

570 1515 714 1584 apud
754 1526 851 1567 nos
883 1507 1198 1573 materialis,
1237 1522 1342 1562 non
1368 1515 1452 1562 est
1479 1508 1619 1577 ignis
1646 1523 1750 1563 non
1789 1509 2138 1567 comburens:

564 1603 818 1659 videmus
877 1600 1018 1657 enim
1056 1600 1256 1671 ipsum.
1288 1597 1356 1652 At
1398 1598 1542 1670 ignis
1583 1598 1672 1654 ille
1707 1599 1994 1656 invisibilis
2034 1610 2140 1668 est,

563 1699 666 1776 qui
709 1704 1024 1768 peccatores
1069 1693 1295 1759 invadit,
1348 1692 1613 1763 quiiutra
1668 1692 1790 1747 illos
1821 1694 2019 1748 exurit.
2053 1693 2143 1750 In-

2164 432 2223 487 .A

2475 427 2623 496 Στίχ.
2653 424 2755 479 κδ’.
2806 427 2991 494 Νίψαι
3013 426 3105 479 ἐπ’
3131 429 3322 481 αὑτὸν
3353 430 3593 498 ὀδύνας.

2334 520 2478 572 Ἀντὶ
2506 517 2723 586 νιφετοῦ
2752 518 2934 572 ὀδύναι
2962 518 3211 590 ἔρχονται
3245 522 3343 575 ἐπὶ
3382 522 3477 575 τὸν
3501 527 3748 581 τοιοῦτον.

2249 610 2360 682 (56)
2385 612 2533 682 Στίχ.
2567 609 2664 663 κδ’.
2688 611 2801 666 Καὶ
2829 613 2901 664 οὐ
2927 609 3006 679 μὴ
3031 612 3195 681 σωθῇ
3218 614 3290 667 ἐκ
3320 614 3524 682 χειρὸς
3556 617 3810 686 σιδήρου,

2316 704 2540 776 Σίδηρον
2566 705 2625 757 οὐ
2658 704 2805 773 λέγει
2837 703 3027 757 τοῦτον
3064 704 3155 758 τὸν
3209 706 3497 777 αἰσθητὸν,
3530 708 3661 764 ἀλλὰ
3683 728 3812 784 τμη-

2245 794 2543 850 τικώτατον
2583 796 2758 866 λόγον.

2247 887 2357 960 (57)
2408 887 2556 959 Στίχ.
2604 894 2702 941 κε’.
2737 887 3051 1023 mssa-323
3089 889 3158 942 δὲ
3197 888 3299 943 διὰ
3339 890 3618 960 σώματος
3646 896 3814 951 αὐτοῦ

3055 978 3142 1023 ος.

3055 978 3142 1026 ος.

2314 1050 2399 1104 Τὰ
2422 1049 2553 1121 βέλη
2579 1048 2752 1103 ταῦτα
2798 1048 2868 1102 τὰ
2904 1050 3279 1122 πεπυρωμένα
3313 1051 3615 1124 τιτρώσκει
3647 1055 3811 1111 αὐτόν.

2245 1140 2358 1213 (58)
2401 1142 2548 1213 Στίχ.
2594 1148 2692 1195 κε’.
2740 1141 3055 1196 Κατέδεται
3098 1143 3290 1197 αὐτὸν
3343 1145 3470 1213 πῦρ
3504 1145 3811 1205 ἇκαυστον.

2313 1233 2625 1305 Μυστήριόν
2663 1250 2717 1286 τι
2750 1233 3092 1304 μανθάνομεν
3132 1235 3261 1306 περὶ
3291 1236 3397 1307 τῆς
3431 1236 3700 1302 κολάσεως
3727 1240 3813 1313 τῆς

2243 1325 2633 1396 ἀποκειμένης,
2670 1324 2755 1377 ἴνα
2796 1322 3193 1395 φυλασσώμεθα
3232 1324 3410 1397 αὐτὴν
3458 1327 3670 1382 παθεῖν.
3709 1329 3814 1400 Πῦρ

2245 1412 2396 1471 εἶπεν
2425 1416 2694 1471 ἄκαυστον
2723 1414 3044 1469 κατέδεσθαι
3070 1415 3162 1469 τὸν
3192 1415 3370 1487 ἀσεϐῆ
3387 1432 3403 1446 ο
3444 1417 3606 1471 τοῦτο
3633 1419 3691 1472 τὺ
3716 1417 3813 1490 πῦρ

2242 1510 2304 1563 τὸ
2335 1509 2464 1582 παρ’
2496 1511 2624 1580 ἡμῖν
2653 1508 2833 1562 ὑλικὸν
2865 1510 2965 1562 οὐκ
2991 1507 3136 1561 ἔστιν
3161 1507 3440 1562 ἄκαυστον
3471 1509 3611 1581 πῦρ·
3640 1509 3814 1579 βλεπό-

2247 1618 2406 1674 μενον
2420 1598 2541 1672 ’γὰρ
2579 1600 2726 1655 αὐτό.
2777 1601 2980 1654 Ἐκεῖνο
3005 1599 3061 1653 δὲ
3085 1599 3318 1671 ἀόρατόν
3354 1602 3475 1653 ἐστι
3513 1600 3576 1654 τὸ
3605 1601 3730 1674 πῦρ,
3761 1602 3814 1656 τὸ

2244 1693 2336 1746 ἐπὶ
2358 1694 2481 1756 τοὺς
2510 1692 2866 1763 ἁμαρτωλοὺς
2884 1690 3195 1762 ἐρχόμενον,
3217 1691 3246 1744 ὃ
3267 1691 3420 1746 ἔνδον
3442 1692 3642 1756 αὐτοὺς
3665 1692 3808 1746 καίει.

564 1787 896 1847 lellectualis
931 1796 1016 1842 est
1037 1794 1095 1840 et
1115 1785 1364 1857 puniens.
1386 1783 1443 1838 Si
1476 1782 1558 1837 vis
1584 1782 2140 1855 imaginem'accipere

2247 1786 2452 1857 Νοητόν
2493 1787 2609 1839 ἐστι
2641 1786 2736 1839 καὶ
2775 1783 3021 1847 κολάζον.
3065 1782 3189 1837 Ἐὰν
3222 1783 3391 1857 θέλῃς
3423 1786 3610 1840 εἰκόνα
3649 1786 3811 1859 παρα-

568 1878 718 1938 illius
774 1878 933 1950 ignis,
988 1875 1166 1947 cogita
1205 1874 1335 1927 mihi
1367 1871 1648 1927 hominem
1700 1873 2012 1928 immaniter
2068 1872 2142 1929 le-

560 1971 865 2036 ‘brientem,
899 1980 956 2027 et
1013 1970 1080 2024 ab
1134 1982 1200 2021 eo
1251 1966 1375 2035 igne
1413 1972 1684 2019 exustum.
1736 1961 1853 2018 Non
1895 1964 2143 2019 invenies

571 2067 766 2120 obtutu
796 2065 973 2133 ignem
1007 2062 1059 2116 in
1094 2058 1188 2115 illo
1215 2077 1227 2114 :
1262 2058 1449 2113 subest
1481 2065 1690 2121 tamen,
1717 2063 1773 2110 et
1809 2056 1989 2112 exurit
2022 2054 2142 2124 ejus

561 2159 799 2211 Viscera.
828 2154 981 2211 Haud
1012 2150 1170 2207 aliter
1208 2164 1239 2204 a
1282 2146 1521 2219 peccatis
1560 2147 1796 2202 febriens
1835 2145 1957 2216 quis
2007 2160 2141 2202 exu-

560 2249 730 2301 Titur.

634 2339 692 2395 V.
723 2337 813 2394 25.
852 2333 1014 2391 Malis
1044 2343 1221 2390 autem
1244 2332 1457 2403 afﬁciat
1489 2333 1688 2387 aduena
1710 2332 1922 2385 domum
1954 2330 2089 2399 ejus.

642 2432 745 2499 Qui
769 2440 958 2487 contra
990 2428 1244 2499 populum
1274 2427 1422 2480 illum
1447 2424 1669 2499 gerebat
1687 2424 1911 2491 bellum,
1935 2426 2143 2478 advena

566 2528 780 2578 eratet
834 2535 940 2574 non
989 2517 1316 2589 proselytus.
1365 2515 1465 2582 Qui
1503 2515 1661 2569 malis
1708 2513 1887 2568 affecit
1921 2515 2139 2569 domum

558 2612 719 2683 “ejus,
765 2608 1067 2666 dissolvens
1091 2610 1236 2679 quod
1269 2609 1406 2662 tanti
1442 2606 1606 2660 ﬁebat
1648 2606 2045 2673 sanctuarium,
2088 2616 2144 2661 et

570 2708 877 2772 civitatem,
901 2720 1065 2777 quam
1099 2703 1439 2774 appellabant
1465 2711 1730 2757 sanctam.

678 2799 747 2857 ν.
784 2799 874 2855 27.
895 2796 1124 2867 _Revelet
1158 2805 1334 2850 autem
1363 2794 1547 2848 coelum
1579 2794 1883 2862 iniquitates
1904 2791 2039 2862 ejus.

642 2958 772 3025 Pro,
802 2965 853 3013 et
891 2972 956 3011 ea
1009 2954 1115 3009 Deo
1145 2960 1195 3007 et
1220 2967 1283 3006 ea:
1322 2950 1449 3005 caelo
1483 2949 1763 3004 sustinebit
1813 2947 1984 3002 mala.
2021 2945 2147 3001 Hmc

552 3063 754 3110 'autem
785 3051 941 3116 dixit,
977 3047 1103 3117 quia
1136 3059 1257 3099 cum
1288 3043 1519 3098 dixisset
1542 3042 1648 3098 Job
1679 3057 1709 3095 a
1738 3041 1850 3097 Deo
1878 3054 1938 3095 se
1978 3039 2147 3094 fuisse

2241 1877 2424 1931 λαϐεῖν
2449 1875 2657 1930 ἐκείνου
2693 1874 2784 1929 τοῦ
2813 1874 3002 1947 πυρὸς,
3032 1874 3140 1928 νόει
3167 1892 3257 1947 μοι
3285 1876 3383 1929 τὸν
3410 1879 3494 1941 εἰς
3506 1877 3812 1953 ,ὑπερϐολὴν
3920 1903 3927 1911 ·

2244 1968 2599 2050 πυρέσσοντα,
2633 1969 2726 2021 καὶ
2763 1966 2867 2020 ὑπὸ
2906 1967 3079 2040 πυρὸς
3127 1966 3486 2040 φλεγόμενον.
3523 1970 3635 2041 Οὸχ
3663 1970 3811 2042 εὑρή-

2244 2077 2357 2124 σεις
2388 2059 2509 2129 ὄψει
2539 2059 2600 2111 τὸ
2625 2057 2736 2130 πῦρ
2771 2060 2828 2111 ὲν
2853 2057 3000 2129 αὑτῷ
3017 2098 3033 2121 ,
3070 2059 3363 2113 ὑπόκειται
3389 2059 3475 2125 δὲ,
3500 2061 3603 2114 καὶ
3621 2061 3811 2115 ἐκκαίει

2242 2149 2405 2202 αὐτοῦ
2452 2149 2519 2204 τὰ
2559 2149 2860 2221 σπλάγχνα.
2910 2150 3096 2215 Οὕτως
3126 2151 3234 2203 ἀπὸ
3265 2151 3379 2205 τῶν
3417 2152 3812 2225 ἁμαρτημάτων

2245 2239 2525 2310 πυρέττων
2556 2254 2640 2305 τις
2666 2240 2964 2293 ὲκκαίεται.

2244 2330 2392 2401 Στίχ.
2424 2337 2518 2384 κε’.
2549 2330 2823 2387 Κακώσαι
2850 2330 2919 2385 δὲ
2946 2333 3133 2387 αὐτοῦ
3160 2332 3474 2402 ἑπήλυτος
3512 2336 3619 2390 τὸν
3642 2337 3809 2390 οἷκον.

2325 2423 2383 2476 'O
2412 2422 2723 2494 πολεμήσας
2757 2422 2847 2476 τὸν
2892 2422 3016 2477 λαὸν
3052 2426 3256 2480 ἐκεῖνον
3302 2429 3574 2500 ὲπήλυτος
3603 2424 3688 2498 ἦν,
3730 2427 3811 2479 καὶ

2244 2514 2305 2567 οὐ
2332 2513 2666 2586 προσήλυτος
2685 2530 2699 2545 ο
2730 2513 2790 2578 ὃς
2813 2515 3092 2569 ἐκάκωσεν
3116 2517 3285 2571 αὑτοῦ
3322 2520 3418 2575 τὸν
3460 2515 3629 2583 οἷκον,
3658 2533 3809 2573 κατα-

2244 2606 2385 2659 λύων
2416 2607 2476 2658 τὸ
2504 2606 2853 2678 νομιζόμενον
2882 2609 3148 2681 ἁγίασμα,
3183 2611 3277 2664 καὶ
3310 2612 3412 2683 τὴν
3446 2612 3600 2667 πόλιν
3623 2613 3684 2683 ἣν
3707 2610 3809 2663 ἑλε-

2244 2714 2340 2767 γον
2373 2694 2512 2753 εῖναι
2546 2699 2722 2769 ἁγίαν.

2249 2789 2361 2865 (59)
2395 2791 2543 2862 Στίχ.
2574 2793 2675 2857 κζ’.
2723 2794 3125 2865 Άνακαλύψαι
3156 2796 3224 2850 δὲ
3254 2797 3453 2853 αὑτοῦ
3497 2801 3531 2851 ό
3574 2795 3811 2866 οὐρανὸς

2825 2866 2933 2932 τὰς
2955 2867 3226 2937 ἀνομίας.

2331 2954 2475 3009 Ἀντὶ
2504 2954 2621 3019 τοῦ,
2647 2956 2756 3011 Καὶ
2776 2956 2845 3011 ἐκ
2871 2958 3017 3012 Θεοῦ
3050 2958 3150 3013 καὶ
3174 2959 3244 3023 ἐξ
3276 2959 3542 3029 οὐρανοῦ
3567 2957 3808 3035 ὑποστή-

2248 3063 2417 3103 σεται
2452 3049 2523 3104 τὰ
2547 3048 2731 3103 δεινά.
2764 3049 2948 3105 Ταῦτα
2968 3052 3025 3105 δὲ
3053 3052 3179 3123 ἔφη,
3201 3054 3395 3127 ἐπειδὴ
3422 3058 3452 3109 ὁ
3490 3053 3630 3118 Ἰὼϐ,
3652 3054 3811 3123 φήσας

566 3148 934 3208 vulneratum,
966 3137 1651 3205 commemoraveratquod
1693 3144 1748 3191 et
1785 3134 1853 3189 ab
1902 3131 2134 3187 homini-

2245 3142 2344 3194 ὑπὸ
2368 3141 2502 3195 Θεοῦ
2542 3142 2869 3214 πεπλῆχθαι,
2900 3145 3236 3216 ὲμνημόνευε
3260 3149 3361 3202 καί
3385 3148 3463 3212 ὡς
3489 3146 3593 3202 ὑπὸ
3618 3142 3810 3215 ἀνθρὼ-

551 3238 677 3295 Ἰηιε
709 3235 901 3305 injuria
950 3231 1178 3287 atl‘eetus
1208 3229 1407 3284 fuerat.
1438 3226 1642 3281 Nititur
1675 3226 1837 3296 igitur
1866 3223 2137 3286 evincere,

568 3331 698 3401 quia
735 3325 920 3383 omnia
953 3334 1176 3392 pr0pter
1195 3328 1411 3391 peccata
1436 3318 1492 3372 in
1526 3332 1649 3373 eum
1677 3316 1894 3370 inducta
1919 3311 2135 3368 fuerint.

742 3411 812 3469 Ἴ.
840 3410 931 3465 2⁷7.
964 3408 1126 3463 Terra
1146 3418 1315 3462 autem
1343 3407 1583 3476 insurgat
1612 3402 1795 3459 contra
1823 3418 1959 3457 eum.

639 3509 757 3578 Ipsa
792 3513 934 3560 terra
974 3501 1208 3572 insurgit
1239 3502 1497 3556 adversus
1530 3496 1782 3569 populum
1811 3494 1983 3552 illum.

575 3601 674 3666 Ὗ.
705 3609 797 3665 29.
825 3605 900 3663 'E-t
930 3606 1185 3679 possessio
1215 3603 1531 3673 facultatum
1558 3601 1659 3673 ipsi
1696 3600 1760 3654 ab
1790 3599 2104 3668 inspectore.
2128 3597 2143 3611 ‘

618 3766 905 3840 'lntelligis
928 3770 1053 3839 quis
1068 3768 1357 3835 inspector
1385 3766 1472 3821 hic
1499 3764 1823 3819 nominatus
1846 3762 1968 3818 est?
2000 3761 2141 3816 Deus

546 3859 852 3936 ‘inspector
870 3858 1062 3916 ‘dictus
1106 3868 1210 3927 est,
1263 3867 1318 3911 et
1363 3856 1603 3926 episcopi
1653 3855 1796 3909 illius
1853 3853 2139 3923 imaginem

549 3957 724 4015 ’θωηὶ
747 3953 929 4020 modo,
957 3953 1007 4007 si
1038 3950 1165 4005 boni
1193 3948 1453 4018 probique
1482 3945 1773 4011 sint,-l‘erre
1796 3946 2139 4000 annituntur.

558 4052 642 4107 'Et
673 4048 813 4104 sicut
833 4046 923 4116 qui
956 4044 1200 4098 imitatur
1238 4039 1530 4109 imaginem
1564 4038 1791 4105 regiam,
1837 4039 2142 4091 honoratur

564 4155 639 4196 ex
686 4151 752 4192 eo
801 4133 942 4204 quod
994 4128 1219 4201 pulchre
1276 4126 1521 4180 imitatus
1553 4122 1666 4188 sit,
1707 4125 1983 4190 etiamque
2015 4121 2139 4190 quia

562 4244 693 4286 eam
720 4224 935 4283 ornavit
967 4238 979 4272 :
1008 4222 1083 4275 ita
1139 4220 1331 4274 beatus
1382 4214 1692 4281 episcopus,
1740 4211 1832 4279 qui
1878 4211 2141 4279 recogitat

546 4328 760 4375 ‘verum
792 4318 1386 4386 episcopum,-eumque
1421 4304 1727 4369 aemulatur,
1755 4311 1811 4356 et
1837 4301 2021 4356 evadit
2041 4315 2137 4355 ceu

546 4413 716 4469 "inter
745 4407 989 4463 homines
1016 4404 1160 4458 Deus
1187 4418 1200 4455 :
1229 4400 1315 4454 vel
1339 4397 1434 4467 qui
1452 4396 1620 4451 habet
1656 4395 1968 4464 episcopum
1987 4407 2133 4457 eum,

2243 3251 2359 3287 πων
2406 3235 2755 3306 ἠδικημένος.
2799 3237 3214 3302 Κατασκευάζει
3245 3234 3365 3306 οὖν,
3414 3241 3500 3294 ὅτι
3537 3239 3707 3293 πάντα
3748 3231 3809 3285 δι’

2241 3325 2519 3398 ἁμαρτίας
2548 3327 2709 3380 αὑτὸν
2738 3328 3029 3400 ἐπνέχθη.

2390 3416 2500 3489 (60)
2534 3417 2681 3489 Στίχ.
2716 3418 2817 3484 κζ’.
2851 3419 2941 3488 Γῆ
2970 3419 3038 3473 δὲ
3064 3412 3443 3491 ἐπανασταίη
3476 3420 3655 3487 αὐτῷ.

2311 3509 2458 3582 Αὐτὴ
2488 3512 2522 3581 ή
2544 3509 2617 3580 γῆ
2652 3510 3009 3565 ἐπανίσταται
3045 3513 3235 3585 ἐκείνῳ
3268 3515 3351 3587 τῷ
3389 3514 3525 3586 λαῷ.

2315 3601 2428 3675 (61)
2463 3604 2613 3674 Στίχ.
2667 3603 2770 3659 κθν.
2818 3605 2926 3679 Καὶ
2965 3605 3169 3679 κτῆμα
3222 3609 3627 3679 ὑπαρχόντων
3664 3598 3806 3667 αὺτῷ

2697 3674 2857 3743 παρὰ
2891 3676 2993 3730 τοῦ
3014 3674 3375 3733 ἐπισκόπου.

2310 3765 2586 3821 Μανθάνει
2639 3765 2750 3838 (62)
2793 3767 2878 3832 τίς
2915 3769 3212 3834 ἐπίσκοπος
3263 3771 3457 3827 ἐνθάδε
3487 3765 3803 3843 {emacem

2241 3857 2323 3910 ὄτι
2354 3856 2486 3920 Θεὸς
2539 3858 2841 3922 ἐπίσκοπος
2869 3859 3104 3932 εἴρηται,
3143 3862 3236 3915 καὶ
3276 3863 3329 3914 οἰ
3357 3862 3647 3917 ἐπίσκοποι
3674 3852 3803 3910 ὲκεί-

2241 3962 2333 3999 νου
2386 3947 2486 4017 τὴν
2528 3947 2712 4000 εἰκόνα
2742 3948 2905 4002 παντ)¹
2953 3950 3030 4021 τῷ
3073 3950 3260 4022 τρόπῳ
3307 3948 3733 4023 φιλοτιμοῦνται,
3758 3941 3804 3996 οἱ

2242 4036 2393 4112 καλοὶ
2419 4038 2515 4091 καὶ
2546 4037 2762 4106 ἀγαθοὶ,
2792 4044 2996 4110 φορεῖν.
3026 4042 3136 4095 Καὶ
3153 4041 3342 4114 ὣσπερ
3372 4047 3401 4098 ὁ
3443 4040 3803 4115 μιμησάμενος

2241 4127 2427 4182 εἰκόνα
2459 4128 2743 4202 βασιλικὴν
2773 4135 2998 4203 τιμᾶται
3028 4134 3119 4187 ἐπὶ
3145 4134 3207 4186 τὸ
3232 4132 3414 4199 καλῶς
3450 4128 3799 4206 μιμήσασθαι,

2242 4221 2464 4290 τιμᾶται
2495 4220 2552 4273 δὲ
2586 4223 2680 4275 καὶ
2719 4223 2812 4275 ἐπὶ
2854 4224 2933 4295 τῷ
2964 4224 3132 4298 αὐτὴν
3160 4225 3563 4297 κεκοσμηκέναι
3585 4240 3597 4253 ’
3645 4219 3802 4276 οὕτως

2245 4311 2511 4382 μακάριος
2547 4314 2868 4378 ἐπίσκοπος,
2907 4318 2936 4370 ὁ
2968 4318 3167 4387 νοήσας
3189 4316 3281 4370 τὸν
3304 4315 3557 4389 ἀληθινὸν
3593 4310 3800 4366 ἐπίσκο-

2242 4418 2362 4468 πον,
2395 4402 2489 4456 καὶ
2523 4402 2699 4474 ζηλῶν
2719 4405 2901 4469 αὐτὸν,
2919 4407 3011 4461 καὶ
3037 4407 3316 4478 γινόμενος
3340 4407 3418 4471 ὼς
3439 4409 3497 4461 ὲν
3513 4399 3803 4473 ἀνθρώποις

566 4504 665 4574 qui
702 4503 876 4570 ipsum
905 4496 1033 4553 fecit
1059 4507 1250 4549 revera
1281 4492 1332 4546 in
1359 4490 1579 4546 Christo
1617 4486 1745 4542 Jesu
1774 4486 2085 4556 episcopum
2120 4504 2134 4539 :

2245 4492 2373 4558 Θεός
2390 4512 2402 4524 ⁸
2433 4495 2468 4562 ἢ
2496 4470 2632 4566 ἔχων
2668 4496 2964 4550 ἐπίσκοπον
2996 4470 3086 4552 τον
3116 4470 3373 4553 ποιοῦντα
3400 4470 3571 4553 αὑτὸν
3602 4470 3802 4561 άληθῶς

569 4595 658 4651 cui
714 4591 885 4662 gloria
949 4599 1005 4644 et
1056 4585 1344 4656 imperium
1412 4583 1486 4637 «in
1544 4578 1740 4635 saecula
1774 4577 2134 4633 saeculorum.

546 4688 761 4744 "Amen.

1188 4764 1345 4822 CAP.
1374 4763 1514 4820 XXI.

682 4867 744 4924 V.
776 4865 830 4922 5.
860 4864 1130 4919 lntuentes
1152 4863 1209 4916 in
1234 4876 1334 4926 me,
1377 4857 1785 4912 admirationem
1821 4854 2026 4909 habete.

642 4958 838 5015 Dicitis
865 4970 984 5011 esse
1005 4955 1300 5025 sapientes,
1333 4959 1389 5004 et
1409 4950 1551 5004 scire
1572 4948 1761 5018 utquid
1785 4948 1897 5000 haec
1936 4946 2133 5014 patior,

566 5057 825 5117 tanquam
854 5045 967 5102 Βεο
999 5061 1107 5099 non
1137 5041 1498 5098 indormiente
1547 5039 1785 5109 peccatis
1833 5037 2132 5092 hominum.

568 5139 641 5193 Et
676 5140 792 5193 ausi
827 5139 959 5194 estis
997 5139 1178 5193 dicere
1214 5149 1300 5189 me
1326 5141 1666 5203 peccatorem
1713 5145 1852 5197 esse,
1900 5142 1955 5184 et
1995 5130 2139 5199 juste

571 5231 627 5285 in
658 5231 772 5286 lucc
798 5230 1128 5301 pervenisse.

747 5321 812 5377 ν.
844 5323 897 5376 7.
924 5322 1349 5377 Inueleraverunt
1381 5328 1557 5370 autent
1580 5325 1627 5371 et
1655 5317 1711 5369 in
1746 5315 1960 5369 divitiis.

640 5417 756 5473 Non
782 5424 908 5470 sunt
932 5430 1102 5486 nuper
1131 5411 1329 5467 divites
1362 5408 1567 5475 eﬂecti,
1616 5408 1709 5463 sed
1744 5407 1939 5464 multos
1971 5423 2136 5464 annos

644 5534 758 5604 (56)
779 5531 911 5587 Cod.
940 5543 1186 5600 uterque.

642 5606 754 5674 (57)
791 5604 1045 5670 Uterque.

641 5679 753 5747 (58)
783 5675 984 5747 (10am
1010 5686 1072 5747 et_
1092 5674 1305 5747 Olymp.

521 5742 531 5763 ί
640 5741 753 5816 (59)
789 5745 938 5800 Unus
977 5745 1098 5800 cod.
1137 5741 1323 5800 tribuit
1354 5741 1727 5812 Polychronio.

630 5816 751 5890 (UO)
774 5818 903 5874 Cod.
936 5832 1045 5872 ut.

2240 4588 2300 4639 ὲν
2326 4586 2545 4658 Χριστῷ
2577 4589 2752 4658 Ἰησοῦ
2787 4590 3111 4643 ἐπίσκοπον⁸
3145 4583 3191 4657 ᾧ
3218 4591 3251 4661 ἠ
3290 4591 3420 4658 δόξα
3451 4592 3544 4644 καὶ
3583 4586 3643 4642 τὸ
3679 4579 3801 4651 κρά-

2234 4696 2331 4746 ⁷τος
2353 4682 2434 4745 εἰς
2458 4682 2584 4745 τοὺς
2609 4681 2810 4747 αἰῶνας
2832 4682 2940 4736 τῶν
2961 4681 3198 4740 αἰώνων.
3236 4684 3428 4756 Ἀμήν.

2868 4775 3025 4828 ΚΕΦ.
3048 4775 3180 4830 KA'.
3456 4828 3459 4829 ,

2243 4864 2355 4937 (65)
2389 4864 2534 4939 Στίχ.
2567 4864 2628 4921 ε’.
2654 4866 3103 4936 Εὶσϐλέψαντες
3137 4871 3223 4934 εἰς
3246 4865 3352 4937 ἐμὲ
3383 4865 3579 4935 θαῦμα
3606 4854 3796 4928 σχέτεο

2294 4958 2451 5012 ’Φατὲ
2485 4959 2638 5029 σοφοὶ
2667 4955 2826 5025 εἶναι,
2873 4959 2966 5012 καὶ
3010 4959 3206 5014 εἰδέναι
3261 4959 3349 5013 διὰ
3397 4961 3451 5012 τί
3494 4954 3659 5009 ταῦτα
3703 4944 3801 4998 πάι

2241 5068 2378 5121 σχω,
2406 5051 2481 5115 ὡς
2521 5050 2615 5105 τοῦ
2648 5051 2782 5105 Θεοῦ
2832 5053 2907 5123 μὴ
2954 5053 3296 5124 κοιμωμένου
3341 5053 3434 5106 ἐπὶ
3476 5050 3587 5110 τοῖς
3627 5044 3799 5111 diu?"

2243 5143 2449 5213 τήμασι
2478 5140 2587 5196 τῶν
2632 5141 2953 5214 ἀνθρώπων.
3009 5144 3122 5197 Καὶ
3161 5142 3492 5217 ὲτολμήσατέ
3538 5155 3601 5210 με
3633 5131 3799 5198 λέγειν

2245 5232 2564 5304 ἁμαρτωλὸν
2593 5228 2754 5297 εἶναι,
2788 5233 2882 5286 καὶ
2910 5234 3133 5302 δικαίως
3166 5238 3247 5301 εἰς
3284 5236 3455 5290 ταῦτα
3491 5222 3795 5300 ἐφθακέναι-

2281 5321 2391 5393 (64)
2422 5322 2572 5393 Στίχ.
2609 5322 2673 5386 ζ’.
2703 5324 3156 5382 Πεπαλαίωνται
3190 5327 3258 5380 δὲ
3289 5327 3383 5380 καὶ
3414 5324 3485 5377 ἐν
3514 5315 3761 5377 πλούτων

2314 5414 2429 5468 Οὐκ
2486 5414 2592 5466 εἰσὶ
2641 5414 2971 5485 νεόπλουτοι,
3034 5419 3169 5474 ἀλλὰ
3234 5418 3401 5472 πολλὰ
3449 5415 3546 5483 ἔτη
3582 5397 3781 5468 πεποιῆ’

2315 5529 2427 5603 (fit)
2452 5528 2667 5603 gonferg
2688 5529 2915 5603 _Olymp.

2314 5599 2426 5669 (62)
2464 5599 2625 5655 Forte
2650 5599 2903 5658 Μανθάνε
2912 5622 2980 5668 ις.

2308 5670 2428 5742 (ϐξ)
2459 5672 2590 5742 god.
2621 5682 2871 5742 uterque.
3254 5739 3275 5742 A
3429 5738 3438 5742 ,
3486 5732 3489 5739 .
3623 5725 3658 5742 ,.

2457 5717 2963 5813 ééiifiiif'iiius
3016 5742 3207 5801 tribuit
3246 5732 3574 5813 JoanniJ—
3619 5717 3795 5782 (30W

2232 5820 2278 5866 ι.
2309 5808 2420 5877 XII,
2454 5810 2555 5867 col.
2589 5811 2745 5868 1055.
