4012 6340
283 358 357 418 ῗἺ

1491 367 2026 433 ENARliATlONES
2064 377 2132 433 IN
2172 380 2309 436 JOB.

3473 391 3537 445 73

284 502 416 544 mm
469 487 857 558 πλουτοῦντες,
892 491 983 546 καὶ
1040 494 1126 546 ἀεὶ
1167 490 1256 545 τὸν
1310 491 1538 547 πλοῦτον
1592 495 1831 560 αὔξοντες

1936 499 2359 569 Limpenderunt
2409 502 2753 569 ditescentes,
2809 520 3134 579 semperque
3183 510 3402 565 divitias
3446 526 3544 567 au-

432 668 580 739 Στίχ.
608 669 677 741 η’.
719 671 774 721 '0
820 672 1044 739 σπόρος
1079 672 1277 726 αὐτῶν
1318 675 1469 728 κατὰ
1495 676 1722 745 ψυχήν.

360 758 468 813 Ἰοῦ
523 762 623 831 μὲν
652 762 862 815 δικαίου
911 765 939 817 ὁ
996 765 1196 837 σπόρος
1245 767 1387 820 κατὰ
1442 767 1663 839 πνεῦμά
1716 772 1858 823 ἐστι·

1969 601 2175 661 gentes.

2127 684 2190 738 V.
2230 686 2283 741 8.
2316 685 2575 741 Sementis
2605 704 2785 743 eorum
2810 695 3091 747 secundum
3121 695 3375 753 animam.

2037 775 2172 831 Justi
2199 777 2419 847 quidem
2470 783 2730 835 sementis
2782 793 2867 838 est
2910 788 3204 841 secundum
3257 789 3532 857 spiritum.

286 851 527 919 Σπείρει
557 851 665 925 γάρ
696 856 783 919 εὶς
812 853 879 907 τὸ
903 854 1158 923 πνεῦμα,
1190 856 1286 909 καὶ
1306 856 1375 910 ἐκ
1400 857 1506 912 τοῦ
1529 864 1830 929 πνεύματο

1969 866 2201 923 Seminat
2242 874 2387 927 enim
2419 872 2477 926 in
2504 874 2777 942 spiritum,
2806 886 2853 929 et
2887 891 2951 928 ea:
2978 879 3164 945 spiritu
3191 851 3340 935 metit
3369 882 3535 937 vitam

282 942 498 1010 θερίζει
516 944 669 1013 ζωὴν
685 944 962 998 αἰώνιονο
997 946 1106 999 τῶν
1139 947 1195 999 δὲ
1226 949 1501 1013 τοιούτων,
1536 951 1659 1003 ἐπεὶ
1684 955 1865 1021 ψυχι-

286 1033 401 1099 κὸς
420 1033 732 1102 ἄνθρωπος
752 1035 825 1087 οὐ
844 1033 1077 1103 δέχεται
1107 1035 1179 1089 τὰ
1210 1036 1313 1094 ταῦ
1339 1038 1676 1106 πνεύματος
1697 1055 1711 1068 σ
1746 1057 1865 1107 μω-

277 1125 388 1191 ρία
410 1128 520 1193 γὰρ
545 1123 704 1190 αὐτῷ
735 1125 933 1179 ἐστιν’
960 1128 989 1179 ὁ
1016 1126 1287 1196 σπόροςού
1313 1127 1455 1181 κατὰ
1476 1127 1863 1198 πνεῦμα,ἁλλὰ

285 1216 432 1269 κατὰ
455 1216 653 1286 ψυχὴν,
685 1216 746 1269 τὸ
772 1216 1181 1286 ὑποδεέστερον.

396 1306 544 1376 Στίχ.
573 1312 642 1376 η’.
676 1305 752 1359 Τὰ
773 1306 844 1361 δὲ
871 1306 1050 1360 τέκνα
1075 1307 1270 1362 αὐτῶν
1300 1311 1369 1363 ἐν
1399 1312 1742 1383 ὀφθαλμοῖς.

358 1398 544 1450 Πάντα
569 1399 671 1451 ὅσα
704 1398 944 1452 ποιοῦσιν
962 1439 977 1461 ,
1015 1400 1164 1467 πρὸς
1193 1401 1258 1453 τὸ
1287 1403 1561 1471 θεαθῆναι
1587 1408 1703 1461 ὑπὸ
1736 1409 1854 1462 τῶν

286 1486 613 1555 ἀνθρώπων
635 1487 866 1541 ποιοῦσι.
892 1488 1065 1543 Τέκνα
1091 1490 1198 1562 γὰρ
1217 1490 1284 1543 τὰ
1311 1491 1444 1560 ἔργα
1468 1495 1712 1551 ἑκάστου.
1738 1498 1850 1551 Οὐκ

285 1579 404 1632 ἔστι
433 1579 601 1634 τέκνα.
635 1579 745 1633 τῶν
780 1580 1099 1651 ἑτεροδόξων
1141 1584 1198 1634 ὲν
1227 1584 1441 1655 καρδίᾳ,
1478 1587 1535 1638 ὲν
1576 1588 1849 1660 λογισμοῖς

284 1670 533 1737 ἀγαθοῖς,
566 1671 678 1725 ἀλλ’
710 1672 768 1724 ὲν
791 1670 1118 1741 ὀφθαλμοῖς,
1147 1673 1297 1742 πρὸς
1324 1678 1391 1729 τὸ
1423 1678 1702 1747 θεαθῆναι
1730 1685 1847 1737 ὑπὸ

282 1761 408 1817 τῶν
440 1764 782 1832 ἀνθρώπων.

424 1857 535 1926 (65)
565 1858 712 1927 Στίχ.
745 1857 810 1911 θ’.
844 1859 911 1911 οι
938 1853 1087 1913 οἶκοι
1113 1860 1310 1915 αὐτῶν
1330 1862 1712 1927 εὐθηνοῦσιν.

360 1947 475 2000 Ὄτ⁹
511 1947 576 2000 ἂι
622 1946 867 2018 εἰσέλθῃς
910 1949 989 2011 είς
1036 1950 1350 2021 συναγωγὴν
1390 1952 1709 2020 αἱρετικῶν,
1758 1955 1850 2005 καὶ

277 2039 406 2111 ἴδῃς
435 2040 551 2091 ἐκεῖ
594 2038 793 2108 πλῆθος
835 2040 1232 2109 συναγομένων,
1268 2040 1449 2110 βλέπε,
1493 2044 1574 2095 ὄτι
1617 2048 1670 2096 oi
1702 2041 1850 2099 οἴκοι

270 2129 490 2183 αὐτῶν
520 2131 905 2198 εὐθηνοῦσιν.

634 2216 781 2287 Στίχ.
808 2218 870 2271 θ’.
908 2220 1095 2284 Φόϐος
1127 2221 1196 2273 δὲ
1216 2223 1499 2291 οὐδαμοῦ.

360 2304 585 2374 ’Λφοϐοί
637 2308 795 2361 εἰσιν.
832 2309 907 2360 Οὐ
956 2309 1246 2377 φοϐοῦνται
1273 2312 1363 2365 τὸν
1392 2312 1543 2377 Θεὸν,
1579 2332 1847 2385 καταφρο-

262 2397 427 2451 νοῦσι
460 2400 558 2470 τῆς
598 2400 859 2471 Θεότητος
886 2420 897 2431 ·
931 2404 1155 2457 τοιαῦτα
1182 2404 1427 2474 λέγοντες
1456 2409 1580 2479 περὶ
1612 2409 1764 2473 Θεοῦ,
1780 2412 1842 2465 οὐ

268 2489 586 2557 φοϐοῦνται,
625 2492 707 2545 ὃτι
744 2494 872 2565 περὶ
898 2494 1034 2548 Θεοῦ
1070 2496 1338 2553 λαλοῦσιν.

268 2581 422 2652 Στίχ.
460 2582 523 2634 θ’.
557 2582 791 2648 Μάστιξ
822 2584 889 2638 δὲ
937 2588 1347 2675 παρὰῆκυρίου
1392 2593 1503 2645 οὐκ
1535 2590 1707 2644 ἔστιν
1750 2589 1839 2639 ἐπ’

946 2674 1170 2724 αυτοις.

345 2745 455 2799 Τοῦ
508 2748 717 2801 αὑτοῦ.
759 2746 882 2802 Ἐὰν
932 2747 1048 2821 ἴδῃς
1098 2748 1379 2820 ἄνθρωπον
1438 2753 1659 2807 τοιαῦτα
1704 2752 1843 2805 κατὰ

266 2835 403 2888 Θεοῦ
434 2836 716 2903 λαλοῦντα,
752 2840 1061 2909 ὑγιαίνοντα
1090 2841 1168 2912 τῷ
1207 2840 1436 2914 σώματι,
1465 2845 1839 2915 βλέποντα,τὰ

269 2927 601 3001 αἰσθητήρια
634 2930 894 2999 σώζοντα,
924 2933 1017 2985 καὶ
1037 2932 1294 2987 δοκοῦντα
1328 2936 1497 2989 ἐνίοτε
1518 2938 1612 2992 καὶ
1639 2942 1697 2992 ἐν
1724 2943 1839 3002 τοῖς

268 3026 552 3093 κωμικοῖς
578 3025 852 3095 εὐτυχεῖνο
882 3027 1005 3097 ὅρα,
1040 3027 1121 3079 ὅτι
1149 3028 1500 3099 πεπλήρωται
1546 3032 1632 3083 ἐπ’
1672 3032 1834 3086 αὐτοῦ

265 3114 495 3180 ἀσεϐοῦς
538 3117 688 3181 ὄντος
722 3119 812 3172 ’ἴδ’
874 3119 1109 3185 Μάστιξ
1160 3120 1227 3173 δὲ
1256 3121 1413 3189 παρὰ
1467 3124 1683 3190 Κυρίου
1722 3126 1831 3178 οὐκ

272 3204 442 3261 ἔστιν
468 3209 562 3262 ἐπ’
596 3212 819 3278 αὐτοῖς.

398 3304 548 3375 Στίχ.
588 3304 641 3358 ι’.
679 3307 742 3361 Ἡ
776 3307 933 3373 ,βοῦς
972 3308 1168 3361 αὐτῶν
1190 3312 1300 3363 οὐκ
1330 3309 1690 3379 ὠμοτόκησε.

343 3395 452 3449 Τοῦ
509 3398 714 3477 αὐτοῦ.
759 3400 816 3449 'U
866 3400 990 3469 βοῦς
1038 3400 1175 3465 ζῶόν
1217 3404 1336 3454 ἐστι
1382 3405 1704 3473 γεωργικὸν,
1742 3407 1835 3457 καὶ

256 3488 553 3557 συμπνέων
585 3492 667 3552 εἰς
689 3492 982 3561 γεωργίαν.
1002 3493 1111 3546 Καὶ
1136 3494 1288 3547 αὐτοὶ
1306 3494 1627 3565 γεωργοῦσι.
1663 3496 1834 3567 Γεωρ-

264 3575 416 3641 γοῦσι
460 3577 517 3630 δὲ
555 3578 763 3649 Σόδομα
813 3579 907 3632 κα)⁵
954 3580 1225 3651 Γόμορρα,
1263 3582 1597 3652 γεωργοῦσιν
1629 3585 1833 3651 Αἴγυπ-

260 3682 370 3719 τον.
416 3667 657 3734 Ἡβοῦς
715 3670 914 3723 αὐτῶν
960 3671 1073 3723 οὐκ
1106 3670 1518 3738 ὠμοτόκησεν·
1561 3672 1695 3725 ἀλλὰ
1738 3676 1830 3727 καὶ

259 3756 393 3825 αὐτὴ
420 3756 723 3827 ἀπεκύησε,
748 3760 842 3812 καὶ
870 3757 1127 3827 ἐγέννησε
1158 3758 1362 3821 τέκνον,
1401 3760 1486 3813 ἵνα
1521 3762 1828 3831 γεωργῆται

255 3848 437 3901 αὐτῶν
459 3851 493 3917 ἡ
522 3849 732 3919 πονηρά
770 3850 862 3921 γῆ.

255 3932 401 4004 Στίχ.
442 3933 494 3988 ι’.
520 3936 776 4005 Διεσώθη
808 3937 876 3991 δὲ
903 3938 1101 3993 αὐτῶν·
1120 3942 1187 3993 ἐν·
1220 3939 1429 4009 γαστρὶ
1455 3940 1704 4009 ἔχουσα,
1728 3946 1823 3995 καὶ

814 4011 925 4062 οὐκ
966 4009 1256 4078 ἔσφηλεν.

322 4097 463 4149 Ὅσα
496 4098 952 4170 συλλαμϐάνουσι,
982 4102 1153 4155 ταῦτα
1186 4104 1279 4155 καὶ
1319 4103 1557 4167 κύουσιν,
1588 4106 1687 4158 οὐκ
1714 4106 1821 4158 ἀπὸ

251 4186 341 4238 τοῦ
373 4188 540 4256 φόϐου
578 4190 711 4244 Θεοῦ
746 4192 1234 4264 συλλαμϐάνοντες,
1287 4195 1398 4247 ἀλλ’
1428 4197 1534 4249 ἀπὸ
1578 4197 1673 4267 τῆς
1723 4215 1819 4250 κα-

250 4281 391 4345 κίας.
436 4284 579 4337 Ἰδοὺ
621 4285 922 4355 ὠδίνησεν
965 4290 1221 4355 ἀδικίαν,
1265 4290 1563 4345 συνέλαϐε
1606 4295 1812 4358 πόνον,

247 4375 341 4428 καὶ
368 4376 578 4431 ἔτεκεν
602 4380 876 4449 ἀνομίαν.

310 4473 458 4544 Στίχ.
491 4473 578 4527 ια’.
606 4475 870 4530 Μένουσι
892 4476 959 4529 δὲ
993 4476 1193 4547 ὥσπερ
1220 4481 1483 4548 πρόϐατα
1516 4479 1738 4537 αἰώνια.

314 4564 471 4630 Ποῖος
501 4564 626 4629 νοῦς
654 4566 769 4618 ἐστι
796 4566 889 4618 τοῦ
910 4585 922 4596 υ
954 4567 1247 4635 μενοῦσιν
1270 4568 1349 4633 ώς
1377 4569 1638 4636 πρόϐατα
1676 4567 1810 4621 ald)-
1838 4554 1889 4614 D

247 4674 378 4723 ria;
407 4658 546 4728 Περὶ
574 4649 649 4713 ὧν
683 4674 847 4728 φησιν
888 4660 916 4710 ὁ
962 4659 1227 4729 Χριστός
1276 4658 1351 4713 Τὰ
1397 4659 1510 4728 ἐμὰ
1548 4660 1812 4726 πρόϐατα

234 4747 351 4816 τῆς
383 4749 535 4819 ἐμῆς
566 4748 771 4818 φωνῆς
795 4751 1108 4815 ἀκούουσι,
1136 4751 1233 4805 καὶ
1262 4750 1375 4821 ἐγὼ
1390 4749 1542 4819 ζωὴν
1573 4749 1811 4804 αἰώνιον

244 4839 448 4911 δίδωμι
472 4840 696 4907 αὐτοῖς,
723 4841 817 4893 καί
842 4843 908 4893 τά
953 4839 1081 4909 ἑξῆς
1101 4857 1113 4870 ο
1147 4840 1318 4901 ταῦτά
1363 4841 1477 4893 ἐστι
1512 4839 1580 4893 τὰ
1614 4839 1810 4894 αἰώνια

244 4933 510 5003 πρόϐατα.
560 4932 712 4986 Ἐπεὶ
744 4928 836 4986 οὖν
882 4934 1034 5002 μῖμοί
1078 4935 1214 4986 εἰσιν
1260 4934 1308 4984 οἱ
1366 4932 1680 5004 ἑτερόδοξοι,
1715 4933 1810 4985 καὶ

243 5024 482 5078 ἐθέλουσι
514 5024 798 5096 μιμεῖσθαι
840 5026 938 5096 τὴν
977 5025 1213 5095 ποίμνην
1252 5021 1346 5075 τοῦ
1378 5021 1633 5092 Χριστοῦ,
1692 5022 1811 5073 ἑπι-

242 5116 474 5180 σκόπους
499 5118 714 5182 ἑαυτοῖς
749 5116 1193 5189 χειροτονοῦντες,
1242 5113 1663 5188 πρεσϐυτέρους,
1692 5113 1810 5167 δια-

240 5208 441 5272 κόνους,
497 5210 868 5275 διδασκάλους,
908 5210 1055 5273 λαὸν,
1107 5208 1563 5280 κατηχουμένους,
1611 5205 1802 5277 μιμού-

242 5317 389 5370 μενοι
409 5301 479 5355 τὰ
502 5302 694 5357 αἰώνια
728 5303 989 5376 πρόϐατα,
1015 5302 1279 5375 πληροῦσι
1298 5301 1357 5355 τό
1375 5319 1386 5331 ·
1433 5299 1698 5355 Μένουσι
1738 5299 1805 5353 δὲ

237 5392 313 5457 ὡς
347 5395 610 5461 πρόϐατα
655 5394 883 5449 αἰώνια.
931 5397 1043 5448 υὺκ
1076 5396 1182 5448 εἰσὶ
1224 5394 1281 5447 δὲ
1311 5392 1557 5465 πρόϐατα
1588 5390 1800 5454 αἰώνια,

238 5483 369 5539 ἀλλὰ
390 5488 687 5554 μένουσιν
721 5490 800 5554 ὡς
838 5489 1099 5557 πρόϐατα
1133 5485 1355 5540 αἰώνια.

1964 975 2214 1017 ωιετηαηι
2238 966 2302 1017 ⁸⁵.
2330 966 2561 1021 Istorum
2605 983 2758 1032 vero,
2792 969 2918 1039 quia
2956 971 3198 1025 animalis
3230 974 3385 1027 homo
3427 991 3535 1030 non

1960 1058 2178 1126 suscipit
2209 1074 2324 1127 quae
2356 1069 2473 1112 sunt
2501 1061 2718 1128 spiritus
2766 1060 3036 1123 ,‘stultitia
3057 1072 3132 1116 est
3166 1065 3298 1117 enim
3324 1066 3426 1133 ipsi
3441 1064 3485 1096 ⁸⁵
3515 1080 3529 1128 ;

1960 1148 2221 1204 sementis
2251 1164 2355 1205 non
2400 1160 2486 1206 est
2527 1153 2821 1207 secundum
2870 1154 3147 1223 Spiritum,
3198 1157 3294 1209 sed
3338 1171 3530 1211 secun-

1958 1239 2083 1294 dum
2114 1243 2373 1310 animam,
2414 1245 2556 1314 quod
2590 1247 2812 1315 sequius
2838 1247 3093 1315 quiddam
3129 1258 3232 1303 est.

2212 1335 2279 1388 V.
2306 1333 2359 1389 8.
2390 1334 2521 1389 Filii
2564 1346 2738 1392 autem
2779 1354 2959 1391 eorum
2984 1338 3036 1391 in
3067 1338 3254 1393 oculis.

2025 1427 2372 1498 Quaecunque
2402 1429 2631 1495 faciunt,
2664 1431 2869 1485 faciunt
2894 1440 2950 1483 ut
2975 1431 3251 1486 videantur
3272 1432 3337 1485 ab
3360 1432 3531 1486 Itami—

1956 1520 2107 1574 nibus
2126 1521 2190 1575 “.
2217 1521 2342 1575 Filii
2368 1537 2529 1593 porro
2560 1532 2687 1577 sunt
2748 1538 2912 1591 opera
2944 1523 3225 1595 cujusque.
3261 1524 3376 1579 Non
3402 1532 3530 1582 sunt

1955 1611 2051 1665 filii
2085 1614 2535 1669 heterodoxorum
2574 1617 2625 1669 in
2651 1616 2835 1681 corde,
2885 1617 2939 1671 in
2968 1618 3294 1688 cogitatibus
3327 1616 3525 1687 bonis;

1954 1704 2047 1759 sed
2077 1705 2128 1757 in
2158 1705 2353 1772 oculis,
2376 1715 2432 1759 ut
2458 1707 2733 1761 uideantur
2762 1708 2824 1761 ab
2849 1709 3168 1765 hominibus.

2300 1864 2363 1917 ν.
2394 1866 2447 1920 9.
2481 1865 2678 1919 Domus
2706 1882 2887 1920 eorum
2920 1868 3167 1937 gliscunt.

2025 1952 2082 2008 Si
2107 1954 2428 2024 ingrediaris
2463 1972 2789 2027 synagogam
2817 1958 3219 2020 hareticorum,
3255 1964 3310 2011 et
3329 1956 3519 2013 videas

1950 2046 2025 2102 ibi
2056 2046 2458 2102 multitudinem
2492 2057 2982 2117 congregatorum;
3015 2049 3217 2116 aspice,
3255 2048 3377 2116 quia
3419 2046 3517 2101 do-

1949 2152 2068 2191 mus
2091 2152 2274 2191 eorum
2294 2137 2541 2205 gliscunt.

2329 2229 2390 2283 ν.
2422 2230 2476 2283 9.
2506 2228 2689 2281 Timor
2717 2243 2832 2280 vero
2874 2229 3140 2295 nuspiam.

2020 2317 2152 2373 Sine
2192 2320 2382 2375 timore
2413 2329 2564 2374 sunt.
2592 2318 2707 2373 Non
2743 2319 2934 2373 timent
2957 2317 3146 2383 Deum,
3170 2327 3518 2373 contemnunt

1947 2410 2293 2465 Divinitatem
2322 2429 2336 2476 ;
2371 2411 2484 2465 haec
2505 2410 2751 2465 dicentes
2778 2411 2843 2465 de
2870 2410 3002 2477 Deo,
3028 2425 3135 2465 non
3163 2410 3349 2464 timent
3374 2410 3517 2479 quod

1944 2504 2009 2557 de
2040 2503 2151 2558 Deo
2181 2503 2491 2573 loquuntur.

1945 2594 2008 2649 ν.
2044 2596 2097 2649 9.
2127 2594 2422 2667 Flagellum
2441 2607 2614 2651 autem
2637 2613 2667 2648 a
2693 2596 2914 2649 Domino
2947 2612 3049 2648 non
3076 2603 3154 2648 est
3182 2611 3337 2664 super
3356 2593 3509 2662 ipsos.

2014 2729 2288 2798 Ejusdem.
2328 2729 2384 2785 Si
2415 2731 2599 2785 videas
2650 2732 2926 2785 hominem
2960 2728 3085 2782 talia
3118 2739 3306 2783 contra
3339 2728 3505 2783 Deum

1924 2820 2271 2890 Joquentem,
2329 2838 2518 2877 sanum
2558 2837 2805 2892 corpore,
2842 2824 2959 2875 acie
3000 2821 3285 2891 praeditum
3322 2820 3507 2875 oculo-

1941 2930 2079 2981 rum,
2114 2915 2364 2970 sensibus
2414 2916 2710 2980 valentem,
2755 2913 2846 2983 qui
2899 2916 3147 2969 videatur
3181 2914 3507 2984 quandoque

1938 3009 2100 3063 etiam
2134 3009 2185 3063 in
2220 3010 2507 3064 mundanis
2533 3010 2693 3065 rebus
2739 3024 2997 3079 prospere
3034 3022 3215 3079 agere,
3261 3009 3503 3074 attende,

1939 3102 2211 3171 impletum
2242 3102 2407 3157 fuisse
2435 3106 2485 3156 in
2518 3119 2581 3158 eo
2610 3104 2806 3173 quippe
2832 3104 3014 3171 impio,
3037 3103 3305 3172 ﬂagellum
3332 3114 3502 3156 autem

1863 3202 1903 3257 c
1938 3210 1967 3245 a
1996 3190 2217 3247 Domino
2248 3212 2350 3248 non
2383 3207 2453 3248 est
2486 3213 2642 3264 super
2674 3199 2832 3265 ipsos.

2079 3284 2141 3340 V.
2173 3286 2257 3340 10.
2296 3281 2463 3340 Vacca
2501 3304 2678 3341 eorum
2704 3289 2979 3341 immature
3003 3304 3106 3340 non
3141 3288 3355 3356 peperit.

2007 3374 2281 3444 Ejusdem.
2315 3377 2418 3432 Bos
2454 3378 2655 3432 animal
2700 3390 2783 3433 est
2812 3378 3054 3433 colenda:
3102 3386 3257 3431 terra:
3290 3386 3497 3445 aptum,

1933 3470 2182 3536 quodque
2209 3470 2261 3522 in
2295 3469 2679 3539 agriculturam
2713 3470 3011 3539 conspirat.
3057 3470 3124 3522 Et
3163 3468 3267 3536 ipsi
3297 3476 3496 3522 terram

1933 3560 2119 3613 colunt
2155 3577 2169 3613 :
2202 3562 2298 3616 sed
2344 3562 2529 3616 colunt
2578 3562 2812 3615 Sodoma
2857 3570 2911 3614 et
2945 3558 3273 3624 Gomorrha,
3318 3560 3500 3614 colunt

1931 3649 2243 3722 Egyptum.
2287 3648 2453 3706 Vacca
2485 3668 2667 3706 eorum
2690 3654 2968 3704 immature
3008 3667 3107 3703 non
3136 3652 3330 3718 peperit
3355 3663 3375 3702 :
3405 3654 3497 3705 sed

1930 3751 1984 3793 et
2023 3742 2134 3810 ipsa
2165 3742 2412 3809 concepit
2446 3750 2499 3794 et
2530 3741 2736 3809 peperit
2767 3740 2957 3803 tilium,
2990 3750 3046 3792 ut
3075 3740 3281 3793 colatur
3310 3755 3495 3797 eorum

1930 3834 2165 3903 maligna
2208 3833 2384 3889 tellus.

1931 3922 1994 3975 V.
2024 3924 2106 3976 10.
2137 3921 2355 3977 Salvam
2383 3935 2457 3977 est
2481 3934 2648 4047 auter:
2675 3923 2855 4006 illisoin
2890 3934 3035 3977 utero
3078 3924 3294 3991 habens,
3317 3935 3365 3979 et
3392 3942 3491 3981 non

2574 4012 2604 4047 a
2643 4005 2837 4047 oravit.

2574 4005 2837 4048 abortu-it.

1995 4089 2340 4159 Qumcunque
2393 4088 2736 4159 concipiunt,
2795 4090 2911 4144 haec
2959 4089 3011 4142 in
3064 4100 3218 4143 utero
3270 4104 3486 4161 gerunt,

1922 4198 2026 4235 non
2070 4197 2135 4236 ex
2182 4183 2277 4236 Dei
2315 4183 2505 4237 timore
2532 4182 2925 4251 concipientes,
2966 4184 3166 4239 sedes
3198 4187 3482 4252 pravitate.

1920 4272 2053 4329 Ecce
2084 4274 2685 4344 parturiitinjustitiam,
2704 4273 3262 4345 conccpitlaborem,et
3290 4279 3482 4342 peperit

1915 4366 2238 4433 iniquitatem
2256 4367 2320 4419 ⁸⁷.

2038 4461 2101 4514 V.
2134 4463 2219 4515 Η.
2252 4460 2463 4515 Manent
2498 4457 2670 4514 autem
2705 4469 2955 4529 tanquam
2984 4476 3099 4513 oves
3125 4470 3354 4513 wternw.

1985 4554 2118 4619 Quis
2152 4568 2342 4608 sensus
2370 4563 2452 4608 est
2476 4555 2670 4607 horum
2708 4552 3023 4616 verborum,
3050 4552 3327 4604 manebunt
3362 4562 3480 4602 tan-

1913 4660 2072 4714 quam
2104 4661 2221 4697 oves
2247 4643 2499 4697 (sternte?
2534 4642 2673 4695 Sunt
2710 4641 2835 4704 illae,
2867 4643 2933 4695 de
2966 4641 3161 4709 quibus
3205 4640 3281 4693 ait
3316 4639 3476 4693 Citri—

1914 4746 2033 4791 stus
2060 4753 2072 4787 :
2107 4734 2231 4788 Mea:
2262 4751 2377 4788 oves
2409 4749 2578 4787 meam
2612 4747 2785 4786 vocem
2818 4733 3063 4798 audiunt,
3109 4742 3155 4784 et
3189 4748 3282 4801 ego
3317 4731 3477 4783 vitam

1914 4840 2163 4884 aeternam
2192 4829 2261 4880 do
2289 4829 2361 4881 eis
2379 4826 2445 4893 ⁸⁸,
2471 4836 2577 4879 etc.
2609 4824 2701 4879 Hae
2724 4834 2850 4879 sunt
2876 4840 3004 4879 oves
3047 4833 3280 4879 aeternae.
3335 4821 3477 4887 Quo-

1914 4923 2061 4976 niam
2090 4922 2253 4990 igitur
2280 4919 2427 4973 mimi
2458 4927 2580 4972 sunt
2602 4917 2944 4981 lteterodoxi,
2975 4926 3030 4971 et
3053 4916 3244 4971 volunt
3270 4913 3474 4968 imitari

1917 5029 2132 5085 gregem
2162 5012 2384 5075 Christi,
2419 5010 2697 5080 episcopos
2735 5009 2839 5064 sibi
2880 5009 3152 5070 ordinant,
3192 5005 3476 5077 presbyte-

1918 5124 2029 5174 ros,
2083 5108 2363 5168 diaconos,
2416 5105 2685 5169 doctores,
2738 5101 2973 5171 plebem,
3019 5099 3472 5153 catechumenos:

1916 5200 2298 5267 imitantesque
2330 5210 2459 5251 oves
2492 5206 2719 5249 internas
2766 5192 2992 5264 implent
3037 5190 3167 5245 illud
3211 5206 3225 5243 :
3260 5189 3473 5245 Manent

1913 5302 2087 5345 autem
2131 5301 2383 5361 tanquam
2432 5306 2546 5343 oves
2578 5297 2806 5342 a'ternaz.
2853 5286 2968 5340 Non
3003 5295 3130 5340 sunt
3168 5299 3299 5339 vero
3340 5299 3471 5338 oves

1911 5393 2145 5448 alterum,
2183 5383 2274 5438 sed
2297 5392 2504 5436 manent
2536 5391 2782 5449 tanquam
2814 5396 2931 5431 oves
2959 5389 3187 5433 (uternis.

306 5644 486 5704 “Gal.
518 5663 591 5713 vr,
620 5646 672 5701 8.
754 5644 800 5677 “
830 5643 990 5701 lCor.
1019 5647 1196 5714 11,14.
1273 5645 1316 5676 ⁸⁸
1341 5644 1530 5701 Matth.
1554 5656 1713 5710 χχιιι,
1736 5640 1788 5697 5.
1818 5640 1831 5671 ⁸

1938 5640 2037 5697 sal.
2076 5655 2168 5703 vn,
2204 5638 2288 5693 15.
2365 5638 2409 5670 ⁸⁸
2444 5636 2603 5697 Joan.
2647 5650 2699 5697 κ,
2736 5631 2940 5697 ’27ίὲ8.

306 5824 417 5899 (65)
437 5824 496 5881 In
524 5833 775 5897 utroque
798 5822 914 5880 cod.

1421 5895 1470 5910 θ’..
1480 5898 1497 5908 '-
