4012 6340
583 301 650 359 79
1478 301 2043 357 SUPPLEMENTUM
2078 301 2168 356 AD
2206 299 2530 358 ORICENIS
2568 300 2975 357 EX-EGETICA.
3746 308 3806 368 εθ

2178 429 2222 486 Α
2332 424 2481 495 Στίχ.
2520 424 2610 477 ια’.
2652 424 2726 479 Τὰ
2747 422 2815 476 δὲ
2845 421 3053 477 παιδία
3069 421 3265 478 αὐτῶν
3291 422 3745 491 προσπαίζουσι.

2250 516 2397 585 Στίχ.
2438 514 2525 569 ιϐ’.
2575 516 2991 581 Ἀναλαϐόντες
3038 514 3377 584 ψαλτήριον
3419 516 3521 570 καὶ
3556 504 3810 587 κιθάραν.

2315 607 2375 660 Οἱ
2407 605 2667 678 ἡμέτεροι
2703 604 3140 677 ἀναλαμϐάνουσι
3179 604 3484 678 ψαλτήριον
3529 607 3625 662 καὶ
3672 609 3814 664 κιθά-

584 710 668 755 tes
715 698 906 766 Deum,
946 707 1002 754 et
1033 698 1397 768 glorilicantes
1426 696 1594 753 illum.
1640 696 1862 753 Illarum
1909 714 2030 753 vero
2076 699 2136 766 βε

2250 713 2368 768 ραν,
2424 696 2715 768 ὑμνοῦντες
2753 696 2842 750 τὸν
2868 696 3022 763 Θεὸν,
3052 697 3145 751 καί⁵
3179 697 3597 767 δοξολογοῦντες
3643 701 3809 757 αὐτόν.

584 791 723 859 lioli,
752 791 844 862 qui
877 790 1054 846 stolidi
1082 797 1208 844 sunt
1237 789 1293 843 in
1313 788 1802 860 seipsis,illudunt,
1825 802 2136 847 assumentet

2258 790 2530 845 Ἐκείνων
2549 788 2618 844 δὲ
2644 791 2713 844 τὰ
2740 790 2966 855 παιδία,
2994 791 3043 844 οἰ
3071 791 3287 862 ἀνόητοι
3318 792 3378 845 ὲν
3413 792 3811 862 αὐτοῖς,προσ-

583 883 890 952 psalterium
947 891 995 935 et
1042 879 1320 935 citharam.
1367 880 1828 950 Quandocumque
1878 887 2136 949 usurpant

2242 882 2558 943 παίζουσιν
2574 922 2590 949 ,
2634 881 3157 953 ἀναλαμϐάνοντες
3220 883 3571 953 ψαλτήριον
3606 886 3705 939 καὶ
3737 905 3811 940 κι-

585 978 728 1033 dicta
754 975 963 1032 Veteris
991 972 1345 1038 Testamenti,
1373 972 1626 1038 illudunt,
1649 983 1704 1029 et
1746 973 1977 1029 irrident
2013 987 2136 1029 ora-

2245 975 2451 1044 θάραν.
2485 975 2601 1028 Ὄτ⁹
2633 975 2700 1029 ἂν
2740 975 3047 1032 ἀναλάϐωσι
3068 980 3195 1044 τοὺς
3236 978 3432 1049 λόγους
3458 981 3561 1050 τῆς
3588 981 3811 1047 Παλαιᾶς

585 1068 702 1124 cuia
729 1067 860 1136 legis
881 1080 947 1121 ac
977 1065 1383 1136 prophetarum.
1417 1065 1771 1121 Assumentes
1802 1064 2136 1131 harmonica,

2245 1065 2541 1138 Διαθήκης,
2592 1068 3010 1138 προσπαίζουσι,
3053 1071 3146 1124 καὶ
3191 1071 3393 1140 γελῶσι
3429 1072 3500 1127 τὰ
3547 1072 3698 1141 λόγια
3725 1069 3811 1127 τοῦ

791 421 865 477 'V.
904 423 990 477 ll.
1028 421 1217 489 Filioli
1251 431 1422 479 autem
1445 439 1621 477 eorum
1669 423 1920 480 illudunt.

724 511 790 569 γ.
816 512 902 569 12.
934 514 1268 598 Assumentes
1309 514 1615 584 psalterium
1648 525 1695 567 et
1724 514 2000 569 citharam.

653 607 834 664 Nostri
858 617 1140 664 assumunt
1169 606 1479 677 psalterium
1512 616 1566 662 et
1592 607 1882 672 citharam,
1914 607 2143 662 laudan-

584 1159 898 1230 psalterium
938 1172 1129 1227 nempe
1168 1157 1319 1228 legis,
1351 1166 1405 1210 et
1437 1156 1706 1212 citharam
1748 1155 2139 1227 propheticam,

584 1250 813 1307 illudunt
850 1250 974 1306 illis.

906 1432 967 1486 V.
1000 1430 1083 1484 12.
1114 1428 1178 1483 Et
1209 1427 1453 1482 itetantur
1477 1444 1595 1482 voce
1616 1425 1824 1496 psalmi.

656 1527 759 1597 Ipsi
814 1538 1030 1595 quoque
1063 1523 1250 1579 dicunt
1284 1519 1519 1588 psalmos
1566 1517 1860 1583 Valentini,
1909 1525 1965 1570 et
2011 1515 2143 1570 mlas

584 1619 856 1679 Basilidis,
889 1626 944 1672 et
972 1616 1218 1686 quaadam
1253 1610 1562 1682 huiusmodi
1618 1609 1996 1681 pronuntiant,
2046 1606 2143 1662 lae-

576 1721 760 1766 tantes
791 1724 918 1763 voce
950 1707 1158 1776 psalmi.

723 1801 788 1856 V.
820 1800 907 1856 i5.
937 1799 1002 1853 In
1034 1799 1207 1869 requie
1238 1806 1414 1850 autem
1437 1795 1628 1865 inferni
1656 1793 1996 1848 dormierunt.

653 1894 709 1948 ln
747 1894 931 1961 requie
957 1900 1155 1954 autem,
1186 1904 1292 1945 non
1319 1888 1465 1954 cmli,
1520 1888 1612 1944 sed
1664 1886 1861 1941 inferni
1907 1885 2140 1940 dormie-

570 1999 732 2041 runt.
784 1984 1115 2040 Nos/autem
1157 1996 1395 2047 oramus,
1441 1980 1583 2035 haud
1629 1979 1683 2033 in
1720 1980 1907 2049 requie
1943 1975 2140 2033 inferni

562 2079 842 2145 Idormire,
881 2078 977 2133 sed
1008 2076 1062 2130 in
1095 2075 1189 2132 Dei
1224 2075 1411 2144 requie
1454 2073 1505 2128 in
1553 2072 1762 2128 sanctis
1805 2071 1983 2131 cadis,
2015 2084 2139 2124 cum

564 2170 799 2227 ‘Cbristo
827 2183 949 2240 rege
975 2178 1202 2233 nostro;
1239 2166 1324 2220 cui
1359 2163 1532 2235 gloria
1563 2175 1621 2219 et
1654 2164 1936 2234 imperium
1961 2162 2014 2215 in
2038 2174 2140 2214 sce-

578 2262 699 2319 cula
731 2263 1067 2319 saeculorum.
1108 2262 1296 2317 Amen.

1151 2442 1374 2500 CAPUT
1398 2440 1563 2496 XXII.

565 2540 644 2597 Ὗ.
669 2541 724 2597 2.
761 2538 1019 2611 Nunquid
1064 2554 1165 2592 non
1206 2536 1458 2611 Dominus
1484 2544 1583 2611 est,
1617 2532 1709 2611 qui
1745 2531 1892 2586 docet
1940 2528 2139 2584 intelli-

1031 2611 1259 2678 gentiam
1282 2618 1327 2661 et
1355 2605 1667 2659 scientiam?

648 2703 781 2771 Qua:
810 2700 1257 2756 administrantur
1278 2714 1305 2751 a
1332 2697 1539 2768 Spiritu
1570 2706 1778 2761 sancto,
1818 2695 1979 2765 digna
2012 2701 2139 2749 sunt

581 2804 640 2850 ut
672 2794 1068 2850 describantur.
1091 2789 1385 2861 Propterea
1429 2789 1835 2855 describuntur,
1862 2795 1923 2842 ut
1966 2786 2139 2842 lector

556 2937 561 2942 .
572 2888 796 2959 juvetur
824 2900 890 2940 ex
938 2884 1004 2940 iis
1052 2899 1172 2954 qua:
1198 2882 1466 2953 leguntur.
1508 2880 1623 2937 Nisi
1659 2882 1824 2951 igitur
1857 2880 2018 2934 utiles
2049 2895 2139 2935 es-

579 2988 700 3036 sent
732 2991 1010 3032 sermones
1044 2976 1235 3029 horum
1268 2975 1453 3041 trium,
1484 2973 1574 3043 qui
1600 2982 1865 3028 venerunt
1898 2972 1963 3026 ad
2012 2969 2132 3038 Job,

2244 1160 2407 1231 νόμου
2458 1159 2554 1213 καὶ
2585 1159 2693 1213 τῶν
2720 1161 3034 1233 προφητῶν.
3052 1163 3557 1235 ’Δναλαμϐάνοντες
3583 1163 3651 1218 τά
3670 1167 3813 1236 ὲναρ-

2250 1250 2427 1320 μόνια,
2460 1249 2758 1321 ψαλτήριον
2782 1251 2843 1303 τὺ
2875 1252 2971 1306 τοῦ
2996 1253 3182 1324 νόμου,
3216 1253 3456 1325 κιθάραν
3484 1254 3584 1325 τὴν
3613 1271 3809 1325 προφηο

2242 1342 2421 1414 τικὴν,
2457 1342 2883 1414 προσπαίζουσιν
2904 1345 3104 1409 αὐτοῖς.

2349 1433 2495 1503 Στίχ.
2546 1433 2631 1487 ιϐ’.
2662 1434 2773 1488 Καὶ
2801 1437 3218 1506 εὐφραίνονται
3244 1437 3423 1507 φωνῇ
3452 1440 3714 1509 ψαλμοῦ.

2316 1527 2426 1580 Καὶ
2448 1528 2601 1581 αὐτοὶ
2623 1525 2869 1597 λέγουσιν
2910 1529 3156 1601 ψαλμοὺς
3200 1531 3590 1597 Οὐαλεντίνου,
3611 1533 3702 1587 καί¹
3743 1533 3813 1587 λέ-

2244 1635 2427 1687 γουσιν
2465 1619 2609 1690 ᾠδὰς
2651 1620 2985 1687 Βασιλείδου,
3019 1624 3115 1676 καὶ
3148 1624 3377 1680 τοιαῦτά
3401 1642 3525 1680 τινα
3567 1625 3811 1696 φθέγγον-

2243 1728 2354 1778 ται,
2383 1714 2799 1786 εὐφραινόμενοι
2829 1718 2978 1788 φωνῇ
3002 1716 3235 1787 ψαλμοῦ.

2173 1782 2215 1837 Β
2247 1803 2399 1874 Στίχ.
2449 1782 2536 1874 ιγ’.
2584 1782 2680 1859 Ἐν
2715 1805 2784 1859 δὲ
2817 1782 3154 1862 ἀναπαύσει
3195 1807 3345 1875 ᾅδου
3391 1809 3804 1878 ἐκοιμήθησαν.

2331 1895 2417 1947 Ἐν
2448 1894 2505 1948 δὲ
2544 1896 2846 1951 ἀναπαύσει
2877 1897 2976 1952 οὐκ
3016 1897 3266 1969 οὐρανοῦ,
3303 1899 3420 1953 ἀλλ’
3455 1899 3581 1971 ᾅδου
3604 1902 3810 1972 ἐκοιμή-

2246 1984 2434 2057 θησαν.
2479 1987 2669 2058 Ἡμεῖς
2713 1988 2769 2042 δὲ
2810 1987 3079 2060 εὐχόμεθα
3119 1990 3219 2044 οὐκ
3256 1993 3315 2045 ὲν
3346 1992 3651 2047 ἀναπαύσει
3686 1991 3804 2069 ,ᾅδου

2247 2077 2593 2149 κοιμηθῆναι,
2634 2078 2746 2133 ἀλλ’
2776 2081 2833 2134 ὲν
2853 2080 3155 2136 ἀναπαύσει
3183 2083 3320 2137 Θεοῦ
3352 2085 3412 2137 ὲν
3438 2087 3555 2149 τοῖς
3576 2084 3805 2155 οὐρανοῖς

2244 2171 2357 2232 τοῖς
2378 2169 2554 2238 ἁγίοις
2602 2171 2739 2241 μετά
2777 2172 3016 2244 Χριστοῦ
3055 2173 3438 2245 βασιλεύοντος
3481 2176 3666 2247 ἡμῶν·
3706 2168 3801 2246 ᾧή

2242 2260 2372 2324 δόξα
2412 2263 2503 2315 καὶ
2538 2263 2600 2315 τὸ
2651 2265 2854 2335 κράτος
2906 2267 2987 2330 εἰς
3029 2267 3153 2330 τοὺς
3196 2266 3408 2332 αἰῶνας
3449 2268 3559 2322 τῶν
3587 2268 3799 2322 αἰώνων.

2258 2350 2445 2422 Ἀμήν.

2868 2445 3026 2503 ΚΕΦ.
3067 2448 3195 2503 KB'.

2247 2534 2357 2610 (66)
2392 2537 2540 2619 Στίχ.
2583 2536 2645 2608 β’.
2680 2539 2938 2619 Πότερον
2975 2539 3115 2619 οὑχζ
3150 2540 3375 2619 Κύριός
3407 2540 3581 2594 ἐστιν
3602 2540 3636 2592 d
3661 2536 3805 2591 διδῶ

2522 2623 2691 2661 σκων
2729 2610 2985 2664 σύνεσιν
3021 2609 3120 2664 καί
3153 2609 3540 2680 ἐπιστήμην;

2316 2697 2397 2753 Τά
2433 2699 2860 2773 οἰκονομούμενα
2890 2700 2994 2755 ὐπὸ
3025 2700 3119 2755 τοῦ
3146 2701 3304 2770 ἁγίου
3338 2701 3485 2757 Πνεύ
3493 2718 3663 2773 ματος
3692 2700 3801 2754 ἀνα-

2242 2790 2461 2862 γραφῆς
2488 2788 2783 2864 άξιωθῆναι
2815 2795 2941 2867 χρή.
2966 2792 3064 2848 Διά
3093 2792 3251 2848 τοῦτο
3274 2794 3652 2868 ἀναγράφεται
3678 2791 3801 2861 ὑπὲρ

2241 2881 2335 2935 τοῦ
2368 2882 2460 2936 τὸν
2507 2886 2902 2958 ἐντυγχάνοντα
2948 2886 3271 2956 ὠφελεῖσθαι
3306 2890 3378 2943 ὲκ
3409 2888 3520 2943 τῶν
3557 2889 3802 2954 ἀναγινω*

2245 2973 2543 3044 σκομένων.
2593 2976 2656 3028 Εἰ
2712 2977 2786 3048 μὴ
2834 2971 2926 3031 οὖν
2973 2978 3235 3050 χρήσιμοι
3258 2974 3407 3051 ἦσαν
3442 2981 3493 3032 οἰ
3537 2978 3677 3047 λόγοι
3703 2974 3799 3028 τῶν

572 3070 657 3125 ita
698 3076 756 3123 ut
781 3066 951 3122 lector
974 3066 1220 3135 accipere
1246 3064 1449 3134 aliquid
1479 3065 1646 3134 possit
1676 3063 1744 3116 ab
1782 3063 1849 3118 iis
1884 3078 2001 3133 quae
2040 3077 2136 3133 per

2241 3066 2428 3138 τριῶν,
2459 3067 2568 3121 τῶν
2602 3070 3059 3140 παραγενομένων
3106 3071 3243 3142 πρὸς
3293 3072 3393 3127 τὸν
3432 3071 3572 3138 Ἰὼϐ,
3610 3070 3682 3134 ὡς
3721 3068 3800 3121 τὸν

572 3163 701 3218 illos
729 3161 796 3216 ad
832 3156 934 3216 Iob
964 3158 1107 3214 dicta
1149 3168 1310 3221 sunt;
1351 3172 1456 3210 non
1508 3155 1691 3224 utique
1723 3155 1905 3210 divina
1955 3153 2136 3224 provi-

2239 3158 2626 3229 ἐντυγχάνοντα
2653 3139 2835 3213 λαϐεῖν
2857 3139 2910 3213 τι
2935 3162 3042 3214 ἀπὸ
3060 3139 3168 3215 τῶν
3199 3165 3510 3236 εἰρημένων
3532 3165 3619 3217 ὐπ’
3640 3160 3800 3216 αὐτῶν

562 3256 761 3312 dentia
790 3254 845 3308 in
884 3252 1081 3328 librum
1113 3250 1215 3307 Job
1230 3250 1453 3306 describi
1472 3249 1685 3305 fecisset
1717 3261 1994 3303 sermones
2045 3247 2139 3301 bo-

580 3363 699 3405 rum
737 3348 919 3402 trium.
954 3342 1105 3398 Licet
1138 3355 1268 3411 ergo
1300 3349 1361 3394 ut
1388 3339 1512 3410 quis
1546 3338 1964 3394 emolumentum
2016 3353 2139 3408 per-

575 3443 794 3511 cipiata
832 3435 1170 3494 sermonibus
1200 3448 1410 3497 eorum,
1443 3432 1783 3504 dogmatibus
1813 3432 2132 3487 intendens:

573 3537 826 3591 observet
849 3545 980 3588 vero
1017 3530 1207 3584 vitium
1259 3540 1573 3583 sermonum
1616 3526 1670 3580 in
1713 3541 1818 3581 uno
1855 3539 1978 3580 esse
2000 3526 2136 3578 dun-

562 3637 750 3693 taxat,
774 3626 989 3696 quoties
1021 3637 1214 3694 nempe
1233 3619 1428 3679 Jobum
1466 3619 1803 3684 insimulant,
1845 3618 1949 3673 rati
1990 3617 2136 3672 illum

577 3721 686 3794 pati
715 3730 933 3789 propter
961 3731 1046 3781 ea,
1077 3729 1197 3785 qua:
1224 3714 1531 3784 peccaverit
1558 3730 1571 3767 :
1610 3727 1716 3766 non
1759 3709 2002 3765 videntes
2023 3748 2039 3773 ,
2081 3716 2137 3763 et

578 3813 713 3867 alias
748 3823 867 3865 esse
897 3808 1090 3862 multas
1127 3819 1345 3870 causas,
1370 3805 1719 3876 quamobrem
1775 3803 1917 3858 istud
1959 3802 2137 3856 homi-

579 3903 738 3957 nibus
765 3899 1068 3967 contingat.
1102 3893 1259 3949 Talia
1310 3903 1437 3951 sunt
1499 3910 1616 3965 qua:
1666 3895 2019 3950 constitutum
2053 3903 2137 3947 est

579 3994 718 4055 ﬁeri,
744 3992 882 4046 bona
924 3990 1042 4045 sive
1072 3987 1322 4053 molesta,
1369 3996 1464 4041 aut
1510 4003 1851 4057 quocumque
1904 3986 2137 4042 voluerit

578 4086 699 4156 quis
731 4098 793 4137 ea
819 4083 1039 4139 nomine
1071 4096 1288 4137 vocare.
1326 4080 1398 4135 Et
1430 4090 1543 4145 post
1572 4095 1741 4150 pauca
1766 4094 1786 4133 :
1810 4079 1999 4134 Nonne
2027 4078 2137 4132 Do-

560 4179 747 4234 ‘mimts
774 4186 872 4241 est,
926 4176 1019 4245 qui
1079 4175 1226 4228 docet
1282 4170 1679 4242 intelligentiam
1710 4179 1761 4226 et
1809 4171 2137 4226 scientiam?

573 4269 777 4339 Dogma
814 4282 1003 4323 sanum
1040 4275 1126 4321 est
1157 4283 1171 4320 :
1210 4266 1464 4336 quoniam
1499 4279 1662 4319 verus
1702 4264 1889 4319 doctor
1918 4263 2136 4319 virtutis

573 4379 680 4420 non
712 4370 892 4433 potest
938 4375 1062 4416 esse
1114 4360 1294 4415 homo.
1350 4357 1454 4424 Qui
1497 4358 1645 4412 docet
1692 4356 1836 4412 enim
1872 4355 2135 4410 hantinem

2240 3246 2375 3320 πρὸς
2394 3248 2485 3302 τὸν
2528 3247 2677 3301 Ἰώϐ·
2703 3249 2804 3303 οὐκ
2835 3249 2901 3305 ἂν
2935 3253 2968 3324 ἡ
3003 3253 3227 3324 πρόνοια
3260 3256 3347 3320 εἰς
3377 3256 3477 3328 τὴν
3519 3254 3691 3326 βίϐλον
3715 3250 3799 3304 τοῦ

2250 3337 2370 3391 Ἰὼϐ
2419 3340 2674 3411 ἐποίησεν
2719 3342 3103 3416 ἀναγραφῆναι
3145 3346 3238 3399 καὶ
3286 3348 3420 3413 τοὺς
3480 3348 3665 3417 λόγους
3705 3343 3799 3397 τῶν

2237 3431 2425 3502 τριῶν.
2465 3434 2652 3487 Ἔστιν
2684 3429 2778 3488 οὖν
2810 3434 3154 3507 ὠφεληθῆναι
3214 3437 3313 3509 μὲν
3363 3438 3474 3494 ἀπὸ
3513 3438 3618 3493 τῶν
3644 3436 3798 3504 λόγων

2237 3522 2401 3578 αὐτοῦ
2426 3524 2558 3599 (67),
2582 3526 2851 3597 ἐνορῶντα
2872 3531 2987 3592 τοῖς
3000 3529 3262 3601 δόγμασιν
3278 3548 3292 3561 ·
3325 3534 3464 3605 ὁρᾷν
3481 3533 3537 3587 δὲ
3558 3532 3617 3586 τὸ
3630 3529 3799 3606 Emi“,-

2236 3632 2326 3670 τον
2346 3615 2455 3671 τῶν
2484 3616 2657 3687 λόγων
2679 3620 2808 3691 περί⁸
2828 3618 2884 3673 ἒν
2914 3621 3093 3692 μόνον,
3127 3623 3215 3676 ὅτε
3242 3625 3526 3679 αἰτιῶνται
3552 3623 3641 3677 τὸν
3673 3619 3796 3685 Ἰὼϐ,

2235 3709 2468 3780 οἰόμενοι
2510 3710 2671 3764 αὐτὸν
2712 3711 2942 3782 πάσχειν
2975 3713 3063 3768 διά
3098 3713 3168 3768 τὰ
3219 3715 3592 3789 ἡμαρτημένα
3628 3710 3793 3782 αὐτῷ’

2235 3800 2333 3870 οὐχ
2357 3800 2610 3872 ὁρῶντες,
2639 3802 2720 3855 ὄτι
2756 3803 2849 3857 καὶ
2876 3802 3010 3857 ἀλλα
3044 3805 3217 3859 πολλὰ
3244 3807 3397 3863 αἴτιά
3420 3811 3534 3863 ἐστι
3559 3805 3647 3861 τοῦ
3677 3820 3797 3873 συμ-

2237 3889 2439 3944 ϐαίνειν
2475 3891 2802 3964 ἀνθρώποις.
2843 3895 3081 3950 Τοιαῦτά
3105 3898 3222 3951 ἐστι
3258 3901 3628 3973 νενομισμένα
3671 3893 3796 3950 εἶναι

2236 3980 2376 4033 καλὰ
2419 3981 2451 4053 ἢ
2509 3982 2810 4055 χαλεπά,ἢ
2863 3986 3012 4050 ὅπως
3067 3988 3197 4041 ποτὲ
3244 3988 3499 4059 βούλεταί
3542 4008 3624 4054 τις
3672 3984 3798 4042 αὐτὰ

2235 4071 2536 4143 ὀνομάζειν.
2577 4075 2688 4128 Καὶ
2721 4076 2850 4146 μετ’
2890 4078 3093 4149 ὀλίγιν
3147 4080 3414 4149 Πότερον
3446 4082 3581 4151 οὐχί
3625 4083 3658 4135 ό
3697 4076 3795 4132 K15-

2226 4164 2359 4231 ριός
2411 4165 2581 4219 ἐστιν
2610 4171 2643 4221 ό
2687 4167 2988 4224 διδάσκων
3017 4172 3274 4227 σύνεσιν
3300 4175 3401 4228 καὶ
3442 4172 3795 4242 ἐπιστήμηνέ

2236 4253 2344 4326 (68)
2362 4252 2437 4309 Τὸ
2466 4255 2641 4328 δόγμα
2671 4259 2825 4328 ὑγιές
2881 4262 2996 4315 ἐστι
3017 4278 3029 4292 ·
3061 4262 3143 4316 ὃτι
3195 4263 3453 4334 ἀληθινὸς
3493 4261 3797 4322 διδάσκαλος

2234 4346 2433 4418 ἀρετῆς
2473 4348 2534 4401 οὐ
2580 4349 2803 4404 δύναται
2849 4348 2987 4406 εἶναι
3037 4354 3342 4426 ἄνθρωπος.
3404 4359 3468 4412 '0
3510 4355 3797 4412 διδάσκων

571 4457 847 4511 scientiam
871 4456 939 4525 “,
964 4455 1126 4511 etiam
1149 4454 1201 4509 in
1246 4452 1474 4509 Psalmis
1498 4449 1774 4516 scribitur,
1806 4465 1913 4505 non
1968 4449 2129 4504 alium

2234 4438 2343 4507 γὰρ
2365 4439 2679 4542 ἄνθρωπον
2713 4443 2958 4514 γνῶσιν,
2994 4448 3088 4500 καὶ
3118 4449 3174 4501 ὲν
3197 4452 3310 4513 τοῖς
3337 4450 3590 4524 Ψαλμοῖς
3613 4444 3796 4514 ἀναγέ-

556 4562 713 4617 -esse,
742 4562 905 4618 quam
929 4544 1115 4601 Deum.
1141 4545 1377 4613 Et,Doce
1392 4560 1491 4610 me,
1520 4539 1989 4613 inquitPropbeta,
1999 4539 2130 4609 jura

2234 4548 2495 4602 γραπται,
2532 4533 2613 4586 ὅτι
2644 4534 2746 4589 οὐκ
2771 4536 2928 4601 ἄλλος
2960 4539 3110 4591 ἐστὶν
3148 4539 3181 4610 ἢ
3209 4540 3361 4605 Θεός.
3395 4543 3528 4607 Καὶ,
3548 4535 3792 4601 Δίδαξόν

556 4649 666 4696 “tu
695 4638 783 4694 ’δε
839 4638 1018 4695 sciens
1042 4637 1211 4693 Deum
1246 4652 1367 4692 esse
1390 4636 1668 4692 doctorem
1691 4649 1880 4691 verum
1921 4644 1975 4689 et
2003 4649 2130 4706 per-

2234 4639 2322 4692 με,
2355 4622 2624 4694 φησὶν,τὰ
2634 4625 2992 4697 δικαιώματά
3012 4647 3149 4694 σου,
3165 4632 3195 4684 ὁ
3222 4635 3532 4707 Προφήτης,
3546 4630 3698 4694 εἰδὼς
3716 4627 3789 4679 δι·-

568 4732 789 4787 fectum.
823 4729 988 4786 Docet
1008 4744 1140 4785 vero
1166 4727 1328 4796 Deus,
1359 4725 1621 4799 aﬂulgens
1649 4728 1845 4781 animie
1871 4725 2130 4782 discentis

2234 4712 2493 4768 δάσκαλον
2531 4710 2670 4769 εἶναι
2715 4718 2890 4791 ἀληθῆ
2939 4722 3032 4774 καὶ
3067 4721 3274 4776 τέλειον
3309 4724 3402 4778 τὸν
3446 4724 3598 4777 Θεόν.
3648 4718 3791 4774 Διδά-

570 4824 641 4880 ab
667 4826 807 4894 ipso,
838 4832 893 4881 et
914 4829 1148 4879 mentem
1164 4820 1475 4877 illuminans
1496 4820 1716 4887 lumine,
1735 4819 1915 4874 veraci
1935 4833 2127 4887 nempe

2234 4820 2347 4859 σκει
2369 4807 2427 4860 δὲ
2452 4808 2480 4860 ό
2514 4808 2646 4874 Θεὸς
2676 4811 2970 4883 ἐλλάμπων
3006 4816 3071 4885 τῇ
3107 4814 3251 4887 ψυχῇ
3294 4815 3389 4869 τοῦ
3443 4814 3791 4887 μανθάνοντος

560 4920 736 4974 -verbo
768 4933 885 4973 suo.
927 4916 1105 4983 Quare
1133 4916 1298 4969 etiam
1329 4915 1575 4969 homines
1610 4913 1743 4982 justi
1771 4914 1968 4968 docent
2004 4926 2121 4978 nos,

566 5010 661 5079 qui
694 5009 923 5066 docendi
956 5014 1186 5079 gratiam
1214 5015 1559 5077 acceperunt.

747 5173 810 5228 V.
837 5173 892 5226 4.
944 5172 1009 5227 Et
1041 5170 1360 5242 ingredietur
1380 5180 1545 5223 tecum
1574 5169 1626 5220 in
1662 5168 1941 5233 judicium.

635 5259 925 5316 Rationem
954 5261 1160 5315 habens
1204 5258 1342 5312 Deus
1370 5258 1508 5327 ejus,
1546 5259 1632 5327 qui
1674 5259 1813 5312 illius
1841 5259 2122 5313 ordinatur
2150 5316 2157 5325 ,

565 5349 928 5421 providentia,
951 5350 1128 5418 arguit
1153 5362 1296 5402 eum.
1327 5345 1393 5400 Et
1416 5348 1735 5416 ingredietur
1757 5357 1927 5402 tecum
1954 5349 2008 5403 in
2037 5350 2124 5416 iu-

562 5444 778 5495 dicium.
811 5438 964 5508 Saepe
992 5440 1243 5519 diximus,
1278 5440 1321 5491 si
1354 5440 1568 5507 quando
1607 5440 1843 5493 occurrit
1870 5439 1972 5496 hoc
2026 5441 2123 5497 do-

632 5538 677 5569 “
708 5535 854 5590 Psal.
889 5548 1043 5597 xcnl,
1068 5534 1177 5589 10.·
1262 5536 1306 5568 ’⁸
1334 5534 1477 5590 Psal.
1509 5551 1699 5600 cxvm,
1740 5535 1822 5592 12.

631 5650 743 5724 (69)
774 5649 915 5724 Cod:
937 5660 1181 5719 uterque.
1209 5650 1344 5707 Hinc
1364 5652 1542 5706 hausit
1567 5649 1871 5724 Olympiod.

626 5721 739 5790 (67)
768 5720 975 5774 Αὐτῶν.

624 5788 736 5864 (es;
764 5790 844 5847 cr.
883 5803 918 5848 ι.
946 5788 1057 5859 xu,
1100 5791 1203 5848 col.
1243 5790 1395 5846 1055.

2226 4898 2319 4952 ὐπ’
2349 4901 2538 4965 αὐτοῦ,
2573 4905 2666 4957 καὶ
2701 4905 2799 4977 τὴν
2847 4906 3082 4961 διάνοιαν
3130 4908 3378 4977 φωτίζων
3414 4908 3491 4980 τῷ
3530 4906 3684 4978 φωτὶ,
3718 4897 3791 4969 τῷ

2223 4991 2461 5065 ἀληθινῷ
2489 4993 2634 5066 λόγῳ
2664 4995 2851 5050 αὐτοῦ.
2877 4998 2987 5070 (69)
3010 4999 3220 5052 Οὐκοῦν
3251 5001 3345 5053 καὶ
3383 5000 3574 5069 άνδρες
3602 4995 3787 5049 δίκαιοι

2223 5082 2369 5152 ἡμᾶς
2401 5083 2713 5139 διδάσκουσι
2756 5087 3143 5161 διδασκαλικὴν
3165 5089 3446 5160 εἰληφότες
3476 5087 3633 5157 χάριν
3657 5078 3783 5151 (70)-

2229 5170 2341 5243 (71)
2373 5174 2516 5245 Στίχ.
2540 5175 2601 5228 δ’.
2633 5178 2745 5230 Καὶ
2771 5181 3304 5233 συνεισελεύσεταί
3328 5194 3426 5232 σοι
3449 5178 3537 5242 εἰς
3576 5174 3781 5242 κρίσιν.

2296 5264 2466 5333 Λόγον
2499 5266 2815 5337 ποιούμενος
2834 5271 2863 5321 ὁ
2889 5268 3020 5333 Θεὸς
3038 5270 3130 5324 τοῦ
3165 5268 3556 5344 προνοουμένου
3583 5262 3671 5318 ὐπ’
3693 5259 3785 5314 αὺ-

2226 5356 2342 5422 τοῦ,
2387 5359 2599 5430 ἐλέγχει
2627 5361 2810 5415 αὐτόν.
2849 5365 2959 5418 Καὶ
2994 5362 3525 5421 συνεισελεύσεταί
3564 5372 3657 5414 σοι
3700 5354 3782 5417 εις

2231 5450 2452 5517 κρίσιν.
2484 5451 2749 5517 Πολλάκις
2777 5454 3025 5528 εἴπομεν,
3055 5459 3234 5512 εἴποτε
3259 5459 3499 5513 ’ἐνέπεσε
3533 5452 3594 5507 τὸ
3618 5447 3785 5515 δόγμα

2298 5656 2410 5729 {99)
2441 5657 2497 5729 in
2524 5658 2645 5715 cod.
2668 5659 3066 5718 Nani.additur.
3536 5725 3548 5729 _

2441 5726 2664 5804 Be'iqua
2694 5747 2873 5804 yrsque
2901 5734 2967 5787 ad
2996 5732 3155 5804 χάριν
3188 5733 3405 5804 γίνεται
3433 5737 3489 5783 ut
3535 5725 3585 5783 in
3611 5718 3777 5777 editis-

2303 5750 2411 5795 ιιυ]
2441 5750 2664 5812 nellqua
2702 5750 2873 5801 usque
2901 5750 2967 5787 au
2996 5750 3066 5803 χα
3108 5750 3155 5787 ιν
3188 5750 3405 5804 γίνεται
3433 5750 3489 5783 tu
3536 5750 3585 5783 Ill
3611 5750 3689 5777 τυι

2303 5796 2416 5869 (7i)
2451 5797 2648 5855 Conler
2682 5801 2874 5871 Chrys.
2915 5818 3035 5870 pag.
3060 5750 3179 5858 £76.
3685 5816 3691 5824 '
