4012 6340
251 380 313 433 81
1173 389 1176 392 “
1515 392 1641 448 ENA
1654 395 2040 455 RRATIONES
2078 401 2147 455 IN
2184 402 2321 458 JOB.
3442 424 3508 476 82

251 498 416 555 τοῦτο
447 502 506 556 ὲν
548 503 745 568 ἄλλαις
775 506 995 570 λέξεσιν,
1029 509 1110 560 ὅτι
1137 505 1312 570 οὕτως
1335 509 1483 562 ἐστὶν
1510 513 1538 564 ὁ
1564 512 1695 576 Θεὸς
1721 515 1832 584 φιλ-

1952 533 2074 586 gnta
2122 519 2175 573 in
2207 521 2328 576 aliis
2357 521 2538 588 dictis,
2575 523 2735 580 Deum
2764 544 2882 585 esse
2909 533 3042 588 adeo
3099 534 3410 606 benignum,
3449 551 3509 594 nt

252 592 574 663 ἅνθρωπος,
617 594 778 659 ὥστε,
830 598 922 649 καὶ
963 600 1214 669 χρηστῶς
1266 600 1469 670 κρίνων
1502 603 1671 672 ἡμᾶς,
1723 606 1843 658 ἐπι-

259 685 458 756 τρέπει
486 685 666 754 λέγειν
696 689 840 757 ἡμᾶς
868 689 1004 760 πρὸς
1029 691 1213 753 αὑτὸν,
1253 701 1330 755 ὡς
1361 693 1680 764 κρινόμενον
1725 697 1842 768 μεθ’

259 776 442 846 ἡμῶν,
476 777 602 848 περὶ
635 771 712 831 ὧν
745 778 1060 850 βουλόμεθα.
1100 783 1453 854 Ἑχρησὰμην
1484 781 1578 838 οὖν
1607 789 1719 850 τοῖς
1740 789 1845 842 ἀπὸ

259 867 359 921 τοῦ
396 867 598 922 Ἠσαῖα
622 885 634 898 ·
661 871 858 934 Δεῦτε,
878 871 1003 925 τκαί
1051 872 1479 944 διαλεχθῶμεν,
1517 875 1682 945 λέγει
1737 879 1846 932 Κύ-

250 976 409 1026 ριος.
446 960 520 1012 Τὸ
550 961 680 1031 γὰρ,
712 960 1138 1032 διαλεχθῶμεν,
1192 965 1430 1018 τοιοῦτόν
1475 967 1652 1020 ἐστιν⁹
1689 968 1755 1022 Et’
1792 970 1844 1022 τί

259 1069 333 1122 με
370 1053 514 1121 ἔχεις
541 1053 777 1124 ἐλέγξαι,
810 1056 904 1108 καὶ
931 1055 1031 1127 τὴν
1078 1057 1330 1128 πρόνοιάν
1361 1072 1486 1130 μου,
1531 1060 1608 1125 ὡς
1638 1062 1844 1135 ἀμελή-

261 1145 459 1208 σαντός
489 1163 580 1199 σου
610 1146 741 1218 (72),
781 1147 856 1211 ὡς
885 1147 960 1219 μὴ
986 1148 1052 1202 τά
1073 1149 1257 1204 δέοντα
1279 1155 1655 1222 πεποιηκότος,
1680 1156 1840 1226 λέγε·

262 1235 459 1304 Κάγὼ,
487 1238 516 1290 ὅ
535 1255 588 1290 τι
629 1239 756 1291 ποτὲ
782 1239 889 1309 ἔχω
910 1240 1041 1312 ἐρῶ,
1070 1242 1244 1295 πείσω
1274 1261 1351 1309 σε,
1379 1246 1757 1313 καταδικάςων
1782 1267 1842 1303 σε

259 1325 416 1392 ἀξιον
447 1327 574 1381 ὄντα
597 1328 689 1383 τοῦ
719 1329 1204 1400 καταδικασθῆναι.

259 1417 413 1486 Στίχ.
445 1415 507 1470 ε’.
537 1419 795 1487 Πότερον·
819 1423 933 1489 οὺχ
967 1422 1004 1488 ἡ
1039 1421 1218 1474 κακία
1250 1437 1363 1477 σου
1411 1425 1548 1478 ἐστὶ
1599 1426 1840 1491 «allii;

331 1508 577 1574 Εἰκότως
608 1512 706 1581 οὐχ
739 1511 926 1576 ἁπλῶς
981 1531 1125 1584 φημι
1173 1513 1283 1587 (73)
1314 1519 1596 1586 γεγονέναι
1621 1519 1802 1574 ἄδικον
1823 1539 1834 1550 ’

253 1603 388 1655 ἐπεὶ
425 1603 621 1675 πάσχει
651 1605 894 1669 τοιαῦτα,
913 1607 1070 1660 ὁποῖα
1102 1609 1276 1673 οὐδεὶς
1303 1611 1480 1664 αὐτῶν
1503 1613 1841 1682 τηλικούτοις

259 1693 576 1760 πέπτωκεν,
619 1697 750 1760 οἵοις
805 1697 889 1749 σύ.
943 1699 1103 1762 Εἰκὸς
1129 1699 1216 1753 διὰ
1245 1700 1306 1753 τὸ
1344 1701 1714 1774 ἀναρίθμητον
1747 1723 1839 1759 σου

254 1785 370 1839 τῶν
399 1789 772 1858 πταισμάτων,
795 1790 969 1845 ταῦτά
999 1809 1078 1845 σοι
1111 1793 1445 1865 ἐληλυθέναι.

1945 616 2000 660 ει
2035 606 2244 664 utiliter
2263 608 2518 679 judicans
2546 629 2643 668 nos
2685 620 2960 684 permittat
2991 639 3088 679 nos
3116 641 3303 680 secum
3339 627 3504 698 loqui,

1946 700 2097 766 quasi
2128 714 2351 757 causam
2379 704 2525 760 dicat
2561 707 2862 774 nobiscum,
2899 715 2962 769 de
2991 715 3056 771 iis
3086 733 3206 788 quae
3235 720 3502 778 volumus.

1948 787 2088 843 Usus
2120 807 2235 846 sum
2263 808 2394 864 ergo
2440 799 2562 852 loco
2599 798 2746 854 Isaia:
2774 818 2787 854 :
2834 802 3029 870 Venite,
3061 787 3115 861 et
3138 810 3464 881 disputemus
3488 856 3502 880 ,

1945 884 2019 935 ait
2052 882 2306 940 Dominus
2361 889 2428 942 τι.
2468 890 2599 944 Illud
2629 893 2773 947 enim
2803 937 2817 960 ,
2874 897 3230 968 disputemus,
3268 904 3370 958 hoc
3401 906 3504 960 sibi

1945 975 2105 1031 vult:
2139 976 2195 1032 Si
2227 978 2356 1048 quid
2408 982 2574 1038 habes
2608 1001 2693 1038 me
2743 1003 2977 1056 arguere
3011 999 3065 1044 et
3114 996 3504 1060 providentiam

1927 1081 2140 1134 meam,
2180 1078 2431 1140 tanquam
2461 1077 2549 1143 qui
2586 1077 2913 1147 neglexerint
2973 1091 3044 1144 te,
3107 1091 3359 1152 tanquam
3413 1091 3505 1158 qui

1943 1173 2060 1227 quae
2089 1160 2334 1216 facienda
2363 1175 2515 1218 erant
2546 1183 2650 1221 non
2689 1167 2944 1234 fecerim,
2983 1172 3107 1238 dic;
3164 1188 3268 1242 ego
3295 1191 3508 1249 quoque

1942 1254 2204 1325 quidquid
2234 1257 2428 1324 habeo,
2461 1260 2633 1315 dicam
2666 1280 2680 1316 :
2735 1265 3076 1332 persuadebo
3111 1276 3184 1334 te,
3224 1279 3417 1323 contra
3455 1280 3507 1326 te

1923 1345 2122 1404 'ferens
2145 1353 2495 1419 sententiam,
2515 1355 2656 1422 quod
2682 1355 2876 1426 dignus
2896 1357 2975 1412 sis
2994 1360 3084 1427 qui
3109 1361 3522 1420 condemneris;

2041 1440 2103 1493 V.
2136 1441 2189 1496 5.
2229 1441 2484 1512 Nunquid
2519 1463 2622 1498 non
2647 1447 2952 1517 improbitas
2979 1459 3069 1502 tua
3101 1461 3176 1505 est
3208 1452 3422 1507 multa?

2016 1530 2204 1588 Merito
2235 1552 2338 1589 non
2382 1538 2704 1607 simpliciter
2736 1540 2823 1595 aio
2845 1540 3014 1596 fuisse
3067 1544 3350 1614 injustum,
3379 1547 3508 1616 quia

1945 1624 2068 1679 talia
2099 1629 2319 1694 patitur,
2355 1630 2533 1698 qualia
2571 1647 2729 1686 nemo
2753 1633 2968 1688 illorum
2996 1635 3049 1689 in
3090 1636 3395 1703 hujusmndi
3424 1638 3508 1694 in-

1941 1716 2095 1781 cidit,
2120 1719 2260 1772 sicut
2287 1726 2362 1798 tu.
2394 1721 2848 1793 Merito,,propter
2875 1725 3298 1785 innumerabiles
3325 1729 3508 1801 lapsus

1945 1815 2086 1871 tuos,
2120 1809 2233 1863 haec
2267 1811 2362 1863 tibi
2395 1813 2695 1867 obvenisse.

329 1878 445 1951 (74)
481 1881 593 1936 Τοῦ
620 1883 826 1937 αὐτοῦ.
853 1885 928 1936 Ob
954 1885 1214 1957 πρότερον
1238 1887 1518 1958 ὠνόμασεν
1540 1891 1832 1962 ἁμαρτίαν,

2019 1898 2291 1968 Ejusdem.
2320 1900 2436 1957 Non
2468 1905 2616 1974 prius
2637 1908 2933 1965 nominavit
2964 1923 3241 1982 peccatum
3267 1955 3280 1980 ,
3308 1915 3508 1972 deinde

249 1967 382 2024 εἶτα
401 1973 502 2043 τὴν
530 1974 758 2028 κακίαν·
795 1974 907 2028 ἀλλ’
943 1975 1083 2048 ὀρῶν
1112 1977 1207 2048 τὴν
1247 1979 1445 2032 κακίαν
1491 1982 1587 2052 τὴν
1628 1982 1840 2054 φαύλην

249 2064 400 2129 ἕξιν,
453 2060 574 2118 εἶτα
625 2067 762 2136 μετὰ
794 2067 951 2121 τοῦτο
999 2068 1065 2122 τά
1117 2070 1224 2123 ἀπὸ
1276 2071 1374 2141 τῆς
1415 2073 1624 2144 φαύλης
1675 2073 1842 2139 ἕξεως

249 2155 710 2226 ἁμαρτανόμενα,
741 2157 882 2230 ἅπερ
904 2155 1055 2214 εἶπεν
1081 2163 1482 2236 ἀναριθμήτους
1503 2162 1641 2221 εἶναι
1665 2169 1842 2240 ἀμαρ-

256 2261 412 2307 τιας.

298 2335 416 2403 (75)
450 2337 594 2407 Στίχ.
625 2337 685 2393 ε’.
729 2341 1129 2411 Ἀναρίθμητοι
1157 2343 1224 2397 δέ
1259 2359 1374 2400 σου
1402 2350 1461 2402 αὶ
1500 2350 1794 2420 ἁμαρτίαι.

346 2424 743 2496 Ὑπολαμϐάνει
798 2430 956 2484 τοῦτο
1010 2435 1038 2485 ὀ
1092 2431 1313 2501 Ἐλιφάζ
1368 2439 1494 2507 περὶ
1539 2439 1632 2493 τοῦ
1693 2441 1830 2496 Ἰὼϐ.

261 2516 417 2587 ’ῌδει
451 2519 614 2572 αὐτὸν
641 2519 912 2587 πλούσιον,
969 2525 1063 2576 καί
1094 2543 1256 2596 φησιν
1277 2545 1289 2557 ·
1332 2529 1615 2599 Ἐνέχιιρα
1653 2533 1835 2604 ἐλάμ-

243 2611 435 2677 ϐανες
462 2611 580 2665 ἀπὸ
627 2611 743 2666 τῶν
766 2614 894 2668 σῶν
925 2616 1222 2687 ἀδελφῶν,
1257 2621 1332 2685 ὡς
1379 2624 1702 2691 ὀφειλόντων
1759 2630 1832 2699 μὴ

259 2701 601 2770 ὀφειλόντων.
645 2705 716 2757 Τὸ
749 2707 876 2779 γὰρ,
923 2709 1292 2780 Ἠνεχύραζες
1324 2714 1628 2784 διακενῆς,
1663 2719 1833 2772 τοιοῦ-

259 2794 351 2847 τόν
375 2796 542 2849 ἐστιν.

262 2886 372 2958 (76)
415 2889 565 2960 Στίχ.
635 2899 708 2955 ς’.
750 2893 1130 2970 Ὴνεχύραζες
1174 2898 1316 2965 τοὺς
1365 2899 1668 2970 ἀδελφούς
1714 2920 1832 2958 σου

890 2963 1191 3035 διακενῆς.

333 3049 443 3104 Τοῦ
478 3053 687 3108 αὐτοῦ.
721 3055 1132 3127 Προσεπιτείνει
1175 3060 1232 3114 δὲ
1264 3063 1424 3116 πάλιν
1450 3064 1615 3138 ἄλλην
1666 3068 1828 3121 αὐτοῦ

249 3141 550 3214 ἁμαρτίαν.
579 3146 735 3198 Ἔστι
769 3148 900 3202 ποτὲ
928 3147 1109 3202 λαϐεῖν
1146 3151 1544 3224 ἀμφιάσματα;
1584 3157 1656 3209 Ού
1691 3174 1829 3227 γυμ-

1943 1991 2135 2043 vitium
2168 2010 2180 2044 :
2217 1995 2312 2046 sed
2363 1995 2553 2049 videns
2585 1997 2774 2050 vitium
2822 2001 3017 2056 malum
3051 2019 3170 2058 esse
3202 2007 3451 2060 habitum
3485 2047 3502 2072 ,

1945 2083 2136 2136 deinde
2161 2093 2344 2152 postea
2375 2101 2493 2153 quae
2517 2097 2642 2140 sunt
2665 2102 2694 2140 a
2723 2090 2864 2144 malo
2887 2093 3073 2147 habitu
3106 2108 3329 2164 peccata
3354 2115 3505 2170 :quat

1944 2174 2078 2228 dixit
2110 2177 2526 2232 innumerabilia
2555 2196 2675 2236 esse
2708 2190 2950 2252 peccata.

2545 2262 2590 2295 ν

2116 2362 2179 2415 ν.
2209 2361 2261 2415 5.
2295 2360 2711 2418 Innumerabilia
2744 2378 2918 2421 autem
2958 2375 3170 2437 peccatu
3215 2383 3326 2426 tua.

2015 2450 2279 2522 Supponit
2311 2455 2411 2508 hoc
2441 2455 2663 2522 Eliphaz
2696 2460 2762 2512 de
2792 2457 2912 2514 Job.
2963 2459 3133 2515 Norat
3183 2477 3303 2516 eum
3339 2462 3506 2520 fuisse

1938 2545 2240 2610 divitem,el
2269 2547 2344 2598 ait
2369 2565 2383 2601 :
2405 2544 2639 2616 Pignora
2664 2551 2952 2618 accipiebas
2971 2569 3001 2604 a
3019 2552 3275 2622 fratribus
3311 2555 3414 2608 tuis
3437 2558 3504 2620 τ’,

1938 2645 2194 2704 tanquam
2230 2636 2505 2691 debitores
2553 2648 2761 2700 essent.
2789 2642 2879 2709 qui
2927 2643 3060 2696 nihil
3111 2645 3404 2701 debebant.
3439 2646 3506 2701 ll-

1934 2719 2024 2775 lud
2061 2721 2226 2787 enim,
2253 2719 2488 2794 Pignora
2534 2725 2837 2793 postulabas
2877 2729 3128 2799 inaniter,
3163 2737 3497 2792 tantumdem

1933 2812 2221 2882 signiﬁcat.

2005 2927 2068 2981 V.
2099 2927 2154 2982 6.
2184 2926 2420 2999 Pignora
2449 2929 2758 2998 postulabas
2784 2931 2977 3000 fratres
3015 2945 3132 2992 tuos
3173 2933 3424 2998 inaniter.

2003 3040 2276 3111 Ejusdem.
2305 3041 2496 3098 Adhuc
2523 3044 2710 3114 objicit
2735 3047 2878 3103 aliud
2910 3050 3102 3106 iterum
3136 3053 3253 3123 ejus
3303 3069 3498 3124 pecca-

1934 3143 2068 3188 tum.
2117 3133 2335 3189 Licetne
2383 3151 2618 3206 unquam
2679 3141 2924 3210 accipere
2959 3145 3321 3201 indumenta?
3379 3148 3496 3202 Non

244 3236 366 3300 -νοῦ,
423 3236 560 3290 ἀλλά
610 3238 864 3293 πλουσίου
917 3241 1130 3311 ἔχοντος
1170 3215 1506 3316 ἀποκείμενα
1533 3215 1830 3317 ’ἐνδύματα

1935 3227 2082 3294 nudi,
2117 3229 2212 3282 sed
2239 3228 2423 3285 divitis
2449 3231 2700 3299 accipere
2739 3231 2883 3298 licet,
2908 3237 3002 3304 qui
3027 3239 3196 3292 multa
3224 3240 3387 3294 habet
3413 3256 3498 3294 re—

256 3327 424 3380 πολλᾶ
451 3327 655 3381 λαϐεῖν.
689 3330 898 3403 Τρία...
915 3332 1025 3404 (77)
1048 3333 1111 3405 δὴ
1145 3335 1174 3386 ὀ
1198 3334 1306 3388 τῶν
1331 3336 1535 3390 πολλῶν
1567 3340 1682 3392 ἐκεῖ
1709 3337 1831 3393 ἕλα-

255 3419 346 3472 6ον
381 3420 687 3491 ἀμφίασινο
743 3421 878 3477 ἀλλά
921 3425 1149 3496 γυμνοῦ,
1193 3426 1329 3482 ἀλλὰ
1373 3429 1650 3483 πλουσίου.
1706 3431 1828 3484 Ἐἀν

257 3510 436 3580 μέντοι
457 3528 521 3580 γε
545 3510 749 3583 χιτῶνά
769 3531 851 3578 τις
880 3514 976 3588 ἔχῃ
1006 3516 1119 3582 ἕνα,
1152 3520 1246 3572 καὶ
1268 3518 1456 3572 τοῦτον
1485 3520 1574 3574 τὸν
1607 3521 1826 3590 χιτῶνα,

255 3604 633 3674 προφάσειτοῦ
665 3607 912 3661 ἀπαιτεῖν
939 3609 1001 3663 τὸ
1031 3609 1183 3679 ἐμὸν,
1225 3609 1456 3677 ὲκδύσω,
1494 3611 1567 3682 μὴ
1602 3611 1830 3678 ἐλεήσας

251 3696 457 3749 ἐκεῖνον
483 3697 576 3751 τὸν
610 3699 834 3768 γυμνὸν,
861 3700 1128 3770 ἀμφίασιν
1153 3700 1248 3755 τοῦ
1277 3702 1484 3772 γυμνοῦ
1506 3703 1826 3773 ἀφειλόμην.

251 3787 428 3840 Πολλά
455 3789 513 3842 δὲ
559 3789 802 3855 τοιαῦτα,
846 3792 903 3844 ἐν
936 3793 1066 3862 ἡμῖν
1104 3791 1332 3860 γίνεται,
1371 3793 1447 3846 ὅτ’
1483 3792 1548 3846 ἂν
1586 3792 1831 3858 δανείζω-

251 3897 369 3950 μεν,
399 3883 476 3934 ὅτ’
504 3882 570 3935 ἂν
592 3883 726 3953 πρὸς
757 3883 1038 3952 ὀφειλέτας
1063 3884 1367 3955 ὲρχὼμεθα.
1398 3884 1664 3949 Πολλάκις
1684 3887 1831 3951 ὀφει-

245 3972 409 4042 λέτης
453 3972 612 4043 ἡμῶν
645 3975 724 4038 είς
767 3975 1072 4046 ὑπερϐολὴν
1119 3978 1359 4056 πένεται,
1415 3979 1487 4049 μὴ
1534 3979 1828 4050 δυνάμενος

245 4062 576 4117 ἀποδοῦναι·
612 4068 707 4118 καὶ
746 4066 924 4135 ἡμεῖς,
960 4066 1027 4119 τὰ
1076 4066 1356 4136 σπλάγχνα
1388 4067 1542 4138 ἡμῶν
1574 4070 1827 4123 ἀποκλεί-

245 4169 462 4218 σαντες,
495 4154 739 4225 ἀνηλεεῖς
774 4156 866 4208 καὶ
907 4155 1050 4226 ὠμοὶ
1091 4157 1374 4227 γινόμεθα,
1430 4161 1502 4229 μὴ
1539 4159 1825 4229 βλέποντες

244 4247 327 4299 ὅτι
369 4250 610 4316 γυναῖκα
649 4247 837 4320 τρέφει
881 4248 974 4300 καὶ
1011 4248 1197 4313 τέκνα,
1237 4251 1328 4303 καὶ
1374 4252 1524 4321 μόλις
1568 4253 1822 4323 τρέφεται

253 4339 362 4391 ἀπὸ
390 4337 504 4392 τῶν
541 4337 914 4410 ποριζομένων
949 4339 1096 4410 αύτῷ
1138 4340 1333 4408 ὀλίγων
1365 4340 1584 4394 ὀὸολῶν.
1645 4341 1823 4396 Ἀπαι-

245 4430 447 4503 τοῦμεν
486 4429 699 4503 πικρῶς
744 4431 855 4485 ἔσθ’
902 4433 991 4486 ὅτε
1023 4433 1113 4486 καὶ
1158 4433 1391 4504 περισσά
1441 4433 1653 4502 ἔχοντες
1692 4439 1820 4506 παρ’

1932 3321 2105 3386 posita
2142 3321 2480 3377 indumenta.
2537 3320 2784 3380 Tria.....
2822 3327 3032 3382 scilicet
3085 3331 3375 3386 multorum
3421 3332 3495 3387 ibi

1932 3413 2116 3482 accepi
2160 3415 2574 3474 indumentum:
2610 3421 2703 3475 sed
2727 3419 2889 3488 nudi,
2942 3421 3034 3476 sed
3087 3423 3291 3480 divitis.
3339 3426 3410 3478 At
3451 3428 3495 3481 si

1931 3505 2053 3572 quis
2089 3509 2323 3562 tunicam
2347 3509 2674 3581 singularem
2695 3511 2914 3575 haheat,
2940 3525 2994 3566 et
3015 3515 3114 3567 hac
3141 3517 3344 3578 tunica,
3365 3532 3500 3584 pra?-

1935 3607 2084 3650 textu
2115 3600 2364 3670 exigendi
2392 3605 2534 3671 quod
2568 3618 2746 3656 meum
2775 3615 2876 3669 est,
2906 3621 3005 3672 ego
3050 3620 3173 3658 eum
3228 3609 3449 3676 spoliem
3481 3649 3496 3673 ,

1932 3701 2036 3739 non
2063 3687 2320 3742 misertus
2352 3691 2616 3744 nuditatis
2646 3691 2785 3757 ejus,
2813 3693 3204 3748 vestimentum
3238 3697 3364 3750 nudi
3385 3697 3502 3751 abs-

1934 3776 2043 3830 tuli.
2098 3777 2270 3833 .Multa
2305 3780 2609 3848 hujusmodi
2638 3796 2666 3834 a
2705 3781 2861 3838 nobis
2893 3783 3047 3850 fiunt,
3075 3789 3295 3853 quando
3314 3800 3499 3846 mutuo

1931 3869 2147 3935 damus,
2183 3873 2403 3940 quando
2439 3874 2504 3928 ad
2536 3874 2809 3931 debitores
2858 3879 3152 3948 pergimus.
3188 3883 3342 3950 Saepe
3373 3897 3501 3936 COll-

1933 3961 2112 4032 tingit,
2147 3974 2205 4017 ut
2227 3963 2442 4018 debitor
2476 3979 2662 4023 uoster
2701 3982 2945 4026 extrema
3000 3985 3316 4043 paupertate
3349 3975 3499 4029 labo-

1931 4068 2032 4120 ret,
2075 4056 2300 4112 reddere
2335 4074 2437 4113 non
2501 4062 2732 4117 valens:
2790 4071 2844 4119 et
2899 4081 3003 4120 nos
3060 4070 3270 4122 viscera
3308 4081 3494 4125 nostra

1926 4143 2256 4209 claudentes.
2294 4147 2754 4208 immisericordes
2788 4167 2842 4208 et
2866 4157 3116 4213 crudeles
3161 4158 3350 4221 timus,
3387 4178 3491 4215 non

1925 4238 2268 4292 attendentes
2295 4241 2434 4308 quod
2461 4258 2680 4297 uxorem
2705 4245 2798 4298 alit
2817 4259 2870 4300 et
2901 4249 3060 4314 lilios,
3083 4265 3146 4304 ac
3166 4251 3252 4304 vix
3277 4263 3491 4306 susten-

1927 4341 2119 4386 tatura
2145 4336 2332 4401 paucis
2377 4351 2499 4404 qua:
2549 4339 2651 4394 sibi
2691 4354 2947 4410 superant
2980 4343 3175 4398 obuiis.
3211 4347 3490 4415 Exigitnus

1924 4425 2128 4478 acriter
2161 4427 2474 4494 aliquando,
2501 4433 2714 4486 tametsi
2749 4435 3022 4503 superﬂua
3058 4451 3222 4505 penes
3251 4453 3350 4494 nos
3407 4455 3491 4494 re-

251 4526 488 4589 ἑαυτοῖς.
518 4524 700 4578 Ταῦτα
739 4521 831 4578 οὖν
853 4524 1001 4594 λέγει
1024 4525 1270 4593 ἐγκαλῶν
1295 4526 1371 4595 τῷ
1414 4527 1551 4592 Ἰὼϐ,
1596 4530 1676 4581 ὅτι
1716 4530 1820 4600 ἀμ-

1935 4513 2216 4569 tiueatuus.
2256 4515 2380 4572 Haec
2401 4519 2568 4588 igitur
2603 4521 2831 4592 culpans
2857 4528 3001 4594 apud
3033 4525 3156 4592 Job,
3186 4527 3318 4583 dicit
3345 4532 3490 4597 quod

250 4617 432 4685 φίασιν
452 4617 676 4688 γυμνῶν
698 4617 936 4686 ἀφεῖλεν.

251 4711 392 4782 Στίχ.
421 4712 488 4777 ζ’.
515 4710 670 4765 Οὐδὲ
720 4711 879 4782 γῦδῳρ
935 4711 1236 4780 διψῶντας
1290 4714 1609 4782 ἐπότισας·
1661 4719 1822 4772 ἀλλὰ

557 4781 893 4836 πεινώντων
915 4782 1250 4851 ἐστέρησας
1282 4787 1508 4855 ψωμόν.

322 4876 433 4943 (ῖ8)
469 4877 574 4940 Εἰς
603 4874 669 4927 τὸ
718 4875 882 4928 αὑτό.
928 4875 1136 4928 Οὐκοῦν
1173 4876 1232 4928 οὐ
1297 4875 1454 4946 μόνον
1499 4878 1558 4929 τὸ
1595 4878 1817 4943 ἀδικεῖν,

253 4967 382 5020 ἀλλὰ
403 4968 495 5020 καί
521 4967 584 5020 τὸ
609 4966 684 5037 μὴ
707 4967 1014 5038 εὐεργετεῖν
1045 4966 1360 5020 ὑπεύθυνον.

240 5093 250 5103 .
319 5059 431 5132 (79)
458 5058 642 5113 Ταῦτα
669 5058 843 5114 πάντα
874 5061 1147 5130 κατηγορή
1157 5059 1302 5129 ματά
1326 5059 1452 5120 εισι,
1487 5062 1577 5114 καὶ
1605 5062 1819 5133 ἀληθῶς

251 5151 441 5222 ψεκτά.
489 5151 626 5205 Ἀλλ’
665 5153 764 5205 οὐκ
800 5151 969 5222 ἀληθῆ
1020 5151 1146 5222 περὶ
1189 5151 1281 5204 τοῦ
1326 5151 1463 5215 Ἰὼϐ,
1497 5153 1614 5207 οὐδὲ
1642 5155 1819 5218 καλῶς

253 5246 464 5317 ἐλέγετο
493 5265 559 5301 πε
567 5249 620 5320 pi.
653 5247 840 5302 αὑτοῦ.

326 5340 436 5395 Τοῦ
489 5341 695 5396 αὑτοῦ.
758 5340 993 5394 Τοιαῦτα
1041 5343 1248 5408 γίνεται
1304 5343 1361 5396 ἐν
1416 5343 1533 5404 ταῖς
1594 5345 1814 5411 πικραῖς

320 5457 366 5490 ﬂ
418 5465 518 5517 lsa.
542 5473 558 5510 ι
585 5499 600 5521 ,
636 5456 721 5511 18.
801 5459 845 5488 τ’
883 5457 984 5517 hic,
1017 5473 1063 5512 v.
1096 5459 1146 5511 6.

321 5573 434 5647 (72)
463 5575 596 5647 Cod.
629 5590 756 5647 xxi,
775 5592 893 5645 μου.

324 5645 432 5710 (⁷75)
465 5645 575 5700 lloc
617 5646 760 5714 φημί
787 5661 850 5699 ex
887 5646 1008 5699 cod.
1049 5661 1158 5698 xxi.

254 5715 429 5801 “94)
462 5718 595 5772 Cod.
632 5732 723 5770 χει
755 5716 938 5770 tribuit
977 5717 1284 5786 Oiytnpiod.
1313 5732 1468 5788 quem
1519 5719 1639 5775 vide
1685 5736 1807 5790 pag.

254 5786 429 5925 0737.3)
457 5858 508 5911 In
541 5869 772 5926 utroque
814 5860 929 5912 cod.

1925 4603 2298 4661 indumentum
2331 4612 2598 4666 nudorum
2630 4614 2941 4671 abstulerit.
3254 4683 3258 4687 ,

1924 4713 1988 4769 ν.
2037 4716 2089 4770 7.
2111 4721 2232 4774 Nec
2257 4736 2393 4787 aqua
2442 4723 2678 4800 sitientes
2700 4728 2910 4800 potasti
2927 4745 2948 4792 ;
2971 4731 3111 4798 quin
3141 4741 3188 4784 et
3215 4730 3486 4800 famelicos

2453 4794 2668 4859 privasti
2692 4796 2942 4853 buccelta.

1993 4878 2059 4932 In
2084 4880 2242 4934 idem.
2303 4880 2447 4952 Ergo
2504 4898 2610 4936 non
2653 4887 2814 4941 modo
2859 4888 3054 4955 injuria
3086 4890 3304 4950 allicere
3333 4933 3350 4957 ,
3397 4897 3488 4951 sed

1921 4972 2083 5026 etiam
2119 4988 2226 5028 non
2261 4972 2477 5031 allicere
2509 4978 2774 5033 beneﬁcio
2799 4981 2856 5034 in
2886 4983 3040 5052 culpa
3079 4999 3185 5039 εει.

1991 5065 2122 5122 llaec
2172 5068 2356 5123 omnia
2389 5072 2766 5128 accusationes
2809 5084 2963 5140 sunt,
2994 5087 3054 5130 et
3102 5092 3230 5132 vere
3280 5079 3488 5150 vitupe-

1923 5164 2110 5215 randa.
2141 5161 2245 5216 Sed
2280 5177 2382 5216 non
2410 5179 2532 5218 vera
2565 5169 2740 5234 quoad
2765 5167 2886 5232 Joh,
2923 5184 3097 5237 neque
3124 5171 3258 5227 bene
3281 5174 3346 5228 de
3373 5176 3488 5244 ipso

1921 5253 2063 5307 dicta
2087 5266 2232 5308 sunt;

1991 5345 2266 5415 Ejusdem.
2307 5351 2430 5406 Haec
2475 5355 2796 5424 contingunt
2831 5356 2884 5408 in
2939 5357 3152 5414 acerbis
3181 5360 3482 5414 exactioni-

2136 5583 2350 5656 Confer.
2387 5585 2594 5656 Qlyntp.

1991 5654 2102 5726 (fi)
2136 5653 2308 5726 Locus
2331 5653 2590 5710 deﬁciens
2613 5667 2664 5710 et
2704 5659 3008 5726 impeditus.

1997 5724 2292 5799 (Ῐὶᾒ-ῼοό.Δ
2315 5742 2424 5779 nt.
2452 5727 2668 5799 Confer.
2705 5724 2914 5799 Olj'tnp.

1998 5793 2104 5862 (79)
2125 5795 2195 5850 Es
2226 5796 2331 5850 alio
2362 5798 2482 5851 cod.
2513 5797 2724 5852 Confer.
2762 5793 2814 5854 et
2852 5793 2936 5856 hic
2971 5801 3185 5872 Olymp.
