4012 6340
578 375 650 430 85
1446 370 2003 426 SUPPLEMENTUM
2036 371 2128 425 AD
2161 369 2484 426 ORIGENIS
2521 366 2940 426 EXEGETICA.
3756 370 3820 426 BL

582 490 707 546 bus.
735 488 1041 558 Aliquando
1070 490 1242 558 ipsam
1296 487 1589 542 buccellam
1639 489 1852 543 unicam
1888 504 2010 559 QUIS
2045 491 2138 542 ha-

2244 489 2618 560 ἀπαιτήσεσιν.
2661 487 2856 542 Ἐνίοτε
2889 488 3048 541 αὑτὸν
3075 486 3164 542 τὸν
3187 486 3402 558 ψωμὸν
3433 486 3551 557 ἔχει
3588 505 3670 552 τις
3701 489 3824 544 εναο

581 579 842 634 betzetsi
885 579 1150 650 integrum
1181 594 1372 650 panem
1411 594 1517 633 non
1564 580 1796 643 habeat,
1847 579 2140 636 auferimus

582 670 654 732 ei,
689 670 931 725 dicentes
965 688 979 723 :
1015 671 1083 724 At
1115 671 1325 724 debitor
1349 685 1428 724 es.

796 762 861 817 ν.
893 763 946 818 9.
991 762 1190 816 Viduas
1217 771 1391 816 autem
1435 763 1688 817 dimisisti
1716 781 1928 818 uacuas.

666 854 1042 918 Attendamus,
1073 855 1118 908 si
1145 854 1305 909 vidua
1331 855 1548 910 domum
1580 865 1823 910 nostram
1873 859 2140 927 ingredia-

583 956 696 1013 tur,
743 962 808 1002 ne
837 962 1071 1018 unquam
1101 963 1328 1003 vacuam
1357 963 1477 1004 eam
1515 950 1872 1005 dimittamus.
1904 950 2011 1007 Pro
2056 950 2138 1005 ia-

581 1041 780 1095 cultate
807 1055 907 1096 sua
935 1038 1163 1109 quisque
1191 1056 1258 1095 ex
1284 1055 1350 1096 eo
1366 1041 1507 1110 quod
1532 1042 1697 1097 habet
1718 1045 1938 1112 impleat
1960 1044 2137 1099 sinum

579 1132 772 1188 vidua.

896 1224 959 1277 V.
993 1225 1048 1280 9.
1079 1222 1355 1294 Orphanos
1391 1235 1565 1278 autem
1607 1229 1821 1281 vexasti.

653 1312 926 1382 Ejusdem.
981 1313 1260 1369 Neminem
1325 1329 1521 1371 vexare
1567 1327 1815 1386 oportet:
1871 1321 2140 1389 praecipue

579 1415 756 1460 autem
794 1421 1018 1461 necesse
1046 1416 1129 1461 est
1151 1422 1378 1474 parcere
1403 1407 1683 1478 orphanis.
1712 1409 1818 1463 Pro
1857 1411 2139 1467 animabus

577 1497 720 1554 enim
750 1498 956 1552 auxilio
978 1499 1251 1554 destitutis
1274 1501 1620 1568 pugnandum
1646 1502 1815 1554 edixit
1835 1500 1994 1557 Deus.
2021 1501 2139 1558 Prae

575 1588 1300 1653 uewrisverobominibus,
1347 1605 1612 1660 pauperes
1637 1631 1652 1655 ,
1702 1591 1911 1657 viduas,
1947 1593 2138 1663 pupilli

580 1679 781 1737 auxilio
815 1680 1078 1751 indigent.

776 1773 842 1828 γ.
872 1774 959 1831 10.
999 1773 1131 1829 Ideo
1171 1777 1628 1831 circumdederunt
1661 1788 1710 1831 te
1739 1778 1933 1848 laquei.

2244 579 2346 632 κᾶν
2373 580 2446 650 μὴ
2470 579 2568 652 ἔχῃ
2601 578 2762 651 ἄρτον
2795 579 3105 650 ὀλόκληρον,
3144 577 3512 649 ἀφαιροῦμεν
3552 579 3648 632 ἀπ’
3669 581 3819 635 αὑτοῦ

2243 671 2488 738 λέγοντες
2511 689 2524 701 ·
2567 671 2705 723 Ἀλλ’
2730 671 2963 739 ὀφείλεις
2989 670 3122 741 (80).

2381 763 2528 833 Στίχ.
2571 762 2636 818 θ’.
2675 762 2872 831 Χήρας
2899 761 2967 815 δὲ
2996 761 3447 828 ἐξαπέστειλας
3479 761 3688 830 κενάς.

2313 855 2675 926 Προσέχωμεν
2692 854 2787 909 ἐὰν
2813 857 2956 926 χήρα
2979 856 3011 925 ἡ
3020 854 3134 925 μῶν
3149 854 3378 926 εἰσέλθῃ
3403 857 3488 920 είς
3509 854 3609 926 τὴν
3630 857 3821 925 οίκίαν,

2247 949 2455 1019 μήποτε
2489 947 2649 1019 κενὴν
2679 947 2848 1019 αὑτὴν
2891 948 3389 1019 ἐξαποστείλωμεν.
3445 947 3613 1000 Κατὰ
3668 947 3821 1002 δύναι-

2244 1056 2335 1110 μιν
2367 1038 2595 1102 ἕκαστος
2622 1038 2757 1108 πρὸς
2777 1039 2806 1091 ὃ
2843 1037 2954 1108 ἔχει
2988 1037 3337 1111 πληρωσάτω
3365 1037 3466 1090 τὸν
3497 1038 3699 1096 κόλπον
3729 1040 3821 1110 τῆς

2243 1131 2438 1201 χήρας-

2351 1149 2386 1182 α
2425 1173 2438 1186 .

2317 1149 2350 1202 ρ
2389 1149 2514 1290 g(81)
2566 1220 2713 1290 Στίχ.
2753 1219 2818 1274 θ’.
2873 1219 3189 1287 Ὀρφανοὺς
3223 1219 3296 1271 δὲ
3325 1219 3675 1286 ἐκάκωσας.

2315 1311 2425 1364 Τοῦ
2455 1310 2661 1365 αὐτοῦ.
2693 1310 2900 1363 Οὐδένα
2925 1311 3020 1380 μὲν
3047 1311 3126 1362 δεῖ
3165 1308 3403 1372 κακοῦν,
3447 1310 3742 1381 ἐξαιρέτως
3769 1310 3821 1363 δὲ

2241 1401 2346 1474 χρὴ
2377 1401 2650 1470 φείδεσθαι
2683 1402 2792 1455 τῶν
2817 1402 3086 1473 ὀρφανῶν.
3123 1403 3258 1474 Περὶ
3289 1401 3410 1472 γὰρ
3441 1402 3555 1454 τῶν
3597 1400 3821 1471 ἀϐοηθή-

2237 1509 2346 1545 των
2371 1492 2558 1563 ψυχῶν
2585 1493 2843 1564 πολεμεῖν
2894 1496 2922 1547 6
2970 1495 3102 1559 Θεὸς
3139 1494 3478 1548 ἐνετείλατο.
3529 1493 3747 1547 Μᾶλλον
3769 1493 3820 1544 δὲ

2243 1585 2392 1656 παρά
2418 1585 2544 1648 τοὺς
2563 1584 2754 1646 ἄλλους
2778 1586 3117 1657 ἀνθρώπους,
3157 1588 3394 1657 πτωχοὶ,
3440 1585 3638 1657 χῆραι,
3665 1585 3821 1656 ὀρφα-

2238 1677 2318 1728 νοὶ
2349 1675 2556 1730 δέονται
2587 1677 2858 1748 βοηθείας.

2341 1771 2490 1840 Στίχ.
2521 1768 2572 1820 ι’.
2601 1771 2918 1839 Τοιγαροῦν
2947 1769 3304 1823 ἐκύωωσὰν
3335 1783 3416 1823 σε
3456 1767 3726 1839 παγιδες.

650 1863 898 1934 Laqueos
929 1866 1182 1935 appellat,
1209 1881 1273 1922 ea
1303 1883 1423 1936 qua:
1451 1868 1528 1922 illi
1559 1883 1850 1925 evenerant
1878 1889 1892 1926 :
1925 1871 1977 1924 in
1999 1885 2135 1938 quos

2313 1860 2554 1928 Παγίδας
2585 1861 2732 1930 λέγει
2773 1863 2842 1915 τὰ
2874 1859 3260 1932 συμϐεϐηκότα
3299 1859 3484 1930 αὐτῷ,
3524 1861 3584 1913 ἐν
3617 1855 3704 1922 αἷς
3728 1859 3820 1928 ἐμ-

579 1957 796 2023 iucidit,
833 1959 1029 2028 quibus
1060 1960 1222 2013 etiam
1256 1959 1578 2028 illaqueatur
1608 1962 1750 2016 illius
1772 1963 1951 2016 anima
1972 1978 2038 2016 ex
2069 1963 2136 2017 iis

578 2062 698 2118 qua:
733 2048 807 2102 illi
833 2049 1166 2104 acciderant.
1450 2083 1462 2112 ,

895 2142 960 2196 ν.
996 2143 1083 2196 11.
1120 2142 1237 2196 Lua:
1263 2145 1353 2197 tibi
1381 2147 1604 2199 tenebrae
1626 2149 1813 2200 euasit.

645 2232 704 2286 In
732 2232 854 2288 luce
882 2248 1023 2298 eras,
1056 2235 1278 2302 quando
1316 2250 1446 2305 opes
1482 2236 1720 2291 habebas
1747 2275 1764 2301 ,
1817 2237 2034 2306 quando
2066 2237 2133 2290 li-

573 2325 690 2381 beri
719 2325 794 2380 tui
829 2329 1151 2394 superstites
1181 2340 1360 2392 erant,
1407 2331 1627 2399 quando
1651 2347 1841 2385 sanum
1873 2341 1992 2386 erat
2013 2347 2136 2386 cor-

573 2436 674 2488 pus
702 2429 870 2475 tuum.
897 2422 1049 2476 Nunc
1064 2430 1245 2477 autem
1267 2423 1419 2491 quasi
1446 2423 1498 2475 in
1521 2422 1769 2479 tenebras
1785 2424 2132 2492 descendisti,

572 2515 627 2568 in
663 2515 972 2583 huiusmodi
1005 2530 1196 2584 nempe
1219 2515 1577 2570 calamitates.

644 2604 712 2660 In
746 2606 904 2660 idem.
933 2605 1046 2660 Hoc
1072 2617 1174 2668 est,
1207 2607 1258 2659 in
1282 2606 1592 2672 solitudine,
1629 2619 1685 2662 et
1739 2609 1840 2664 sub
1869 2609 1958 2664 dio
1990 2611 2135 2680 posi-

575 2708 682 2759 tus,
719 2697 1085 2762 errabundus,
1111 2699 1367 2760 extorris,
1401 2709 1454 2752 et
1486 2699 1603 2753 sine
1633 2699 1774 2756 lare.

713 2790 777 2844 V.
815 2791 898 2847 l-l.
932 2789 1304 2843 Dormitantem
1342 2801 1513 2844 autent
1543 2802 1591 2846 te
1623 2811 1760 2863 aqua
1783 2796 2003 2862 operuit.

643 2879 779 2946 Hoc,
809 2883 1180 2935 dormitantem
1202 2891 1251 2934 te
1263 2899 1398 2951 aqua
1424 2886 1649 2948 aperuit,
1675 2885 1978 2952 signiﬁcat:
2003 2899 2134 2954 ope-

573 2975 684 3028 ruit
737 2984 787 3029 te
817 2973 1096 3031 contraria
1127 2975 1320 3029 virtus.
1377 2974 1512 3040 Quia
1548 2991 1650 3030 non
1687 2977 1966 3046 vigilabas,
2004 2979 2130 3050 quia

574 3082 679 3123 non
737 3067 1064 3122 dormiebas.
1127 3066 1289 3120 Novit
1331 3075 1512 3121 autem
1553 3069 1828 3136 Scriptura
1880 3085 2130 3125 somnum

2237 1952 2546 2015 πέπτωκεν,
2578 1955 2658 2016 εἰς
2681 1953 2746 2016 ἀς
2780 1952 2875 2006 καὶ
2891 1953 3238 2022 παγιδεύεται
3268 1954 3447 2010 αὑτοῦ
3475 1955 3512 2024 ἠ
3539 1952 3688 2024 ψυχὴ
3719 1951 3820 2006 ἀπὸ

2234 2042 2342 2094 τῶν
2365 2059 2429 2094 συ
2438 2042 2790 2115 μϐεϐηκότων
2811 2043 2977 2114 αὐτῷ.

2446 2137 2593 2207 Στίχ.
2620 2135 2713 2191 ια’.
2748 2136 2819 2192 Τὸ
2851 2137 2975 2206 φῶς
3000 2153 3099 2192 σοι
3127 2141 3351 2205 σκότος
3389 2138 3614 2206 ἀπέϐη.

2317 2228 2403 2280 Ἐν
2453 2232 2593 2298 φωτὶ
2624 2226 2712 2300 ἦς,
2760 2232 2849 2284 ὅτε
2892 2232 2960 2285 τὰ
3012 2231 3331 2302 ὑπάρχοντά
3376 2248 3466 2285 σοι
3506 2227 3598 2302 ἦν,
3629 2231 3717 2284 ὅτε
3751 2228 3815 2284 τά

2234 2318 2398 2372 τέκνα
2429 2336 2521 2372 σου
2552 2322 2765 2392 περιῆν,
2795 2323 2884 2374 ὅτε
2917 2321 3127 2390 ὑγίαινέ
3154 2340 3254 2375 σου
3289 2323 3358 2376 τὸ
3387 2322 3577 2393 σῶμα.
3627 2320 3737 2373 Νῦν
3761 2318 3813 2372 δὲ

2233 2405 2344 2466 οἷον
2394 2414 2473 2476 εἰς
2519 2413 2708 2476 σκότος
2751 2414 3151 2485 καταϐέϐηκας,
3192 2418 3271 2479 είς
3321 2416 3426 2480 τὰς
3469 2413 3810 2486 περιστάσεις

2235 2504 2460 2569 ταύτας.

2307 2595 2418 2668 (82)
2442 2600 2545 2663 Εἰς
2585 2599 2650 2652 τὸ
2679 2601 2845 2653 αὐτό.
2887 2599 3174 2655 Τουτέστιν
3213 2602 3272 2652 ἐν
3306 2600 3552 2671 ἐρημία,
3593 2599 3689 2652 καὶ
3732 2598 3808 2650 αἴ-

2235 2688 2400 2760 θριος,
2427 2691 2648 2762 ἀλήτης,
2676 2693 2769 2746 καὶ
2799 2693 2993 2762 φυγὰς,
3023 2693 3117 2744 καὶ
3153 2691 3429 2756 ἀνέστιος.

2304 2781 2414 2854 (8'5)
2441 2783 2586 2854 Στίχ.
2615 2791 2700 2837 ια’.
2725 2782 3089 2854 Κοιμηθέντα
3115 2783 3182 2836 δὲ
3200 2783 3360 2851 ὕδωρ
3378 2799 3455 2837 σε
3482 2782 3802 2850 ἐκάλυψεν.

2311 2874 2413 2942 Τὸ,
2463 2877 2815 2944 κοιμηθέντα
2851 2891 2924 2928 σε
2970 2874 3126 2942 ὕδωρ
3168 2874 3494 2944 ἐκάλυψεν
3515 2913 3531 2938 ,
3580 2872 3806 2926 τοιοῦτόν

2231 2975 2396 3025 ἐστιν’
2444 2967 2709 3038 Ἐκάιλυψέ
2760 2983 2818 3020 σε
2868 2970 2901 3038 ή
2947 2965 3297 3035 ἀντικειμένη
3338 2967 3616 3037 ἐνέργεια.
3662 2963 3805 3016 Ἐπεὶ¹

2232 3065 2331 3117 οὑκ
2359 3062 2699 3136 ἐγρηγόρεις,
2730 3060 2851 3112 ἐπεὶ
2882 3059 2979 3128 οὑχ
3017 3058 3287 3120 ὑπνωσας.
3311 3055 3443 3112 Οἵδε
3471 3059 3529 3110 δὲ
3561 3059 3593 3127 ἠ
3626 3052 3802 3128 Γραφὴ

572 3159 858 3228 quemdam
889 3159 1118 3228 peccati.
1147 3159 1354 3215 Idcirco
1388 3161 1643 3230 praecepit
1701 3161 1856 3216 nobis
1892 3163 2079 3218 dicens
2111 3184 2124 3218 :

2244 3156 2402 3210 ὑπνον
2425 3155 2546 3209 τινὰ
2573 3154 2865 3224 ἁμαρτίας.
2908 3154 2998 3206 Διὸ
3023 3151 3333 3206 ἐντέταλται
3377 3155 3515 3223 ἡμῖν
3550 3150 3798 3218 λέγουσα·

575 3252 658 3316 Ne
685 3256 774 3307 des
797 3269 1034 3307 somnum
1065 3251 1226 3307 oculis
1253 3253 1375 3317 tuis,
1393 3269 1553 3321 neque
1573 3254 1988 3309 dormitatiouem
2017 3258 2134 3326 pal-

573 3349 764 3416 pebris,
794 3356 850 3400 ut
877 3350 1014 3402 vivas
1046 3358 1293 3416 tanquam
1329 3349 1515 3400 dorcas
1543 3363 1570 3401 e
1597 3347 1814 3422 laqueis,
1845 3359 1893 3404 et
1928 3360 1983 3404 ut
2023 3353 2135 3407 avi-

572 3441 692 3498 cula
725 3458 788 3494 ex
813 3442 995 3511 laqueo
1023 3441 1091 3494 ⁷³.

691 3534 756 3593 γ.
788 3535 873 3589 12.
901 3522 1090 3588 Nonne
1111 3536 1202 3606 qui
1234 3535 1478 3589 sublimia
1507 3535 1712 3600 incolit,
1746 3537 2023 3592 intuetur?

639 3627 710 3681 At
743 3627 887 3681 enim
930 3634 1182 3695 reputas,
1239 3640 1581 3697 nequaquam
1610 3628 1797 3682 videre
1835 3643 1954 3697 qua:
2003 3627 2138 3681 ﬁunt

551 3722 767 3791 .Deum,
789 3721 881 3791 qui
922 3719 978 3773 in
1027 3719 1349 3775 sublimibus
1397 3720 1687 3775 inhabitat.
1719 3720 1790 3776 Ut
1823 3721 1984 3793 igitur
2013 3723 2134 3777 uni-

569 3824 728 3866 versa
758 3809 1000 3877 intuens,
1025 3824 1120 3865 eos
1158 3810 1248 3879 qui
1287 3827 1356 3866 ex
1388 3811 1784 3868 contumelioso
1829 3812 2018 3868 habitu
2039 3826 2134 3868 co-

571 3900 890 3973 gitationem
927 3901 1161 3971 superbe
1202 3901 1418 3967 tollunt,
1441 3903 1742 3973 praecipites
1769 3905 1899 3974 agit.

572 3991 638 4049 γ.
664 3991 751 4047 19..
781 3990 891 4045 Eos
916 4007 1033 4046 vero
1069 3991 1159 4068 qui
1185 3991 1501 4045 contumelia
1530 3993 1796 4062 feruntur,
1821 3995 2132 4049 humili‘avit.

644 4131 706 4187 Si
735 4131 859 4200 quis
913 4132 1119 4186 feratur
1147 4129 1496 4196 contumelia,
1521 4138 1576 4185 et
1609 4133 2010 4200 quodammodo
2041 4134 2135 4188 ab-
2227 4127 2230 4130 ’

574 4220 808 4291 ripiatur
827 4221 897 4276 ab
926 4221 1115 4276 habitu
1145 4220 1484 4275 conviciandi
1519 4229 1576 4277 et
1605 4232 1749 4287 actu,
1800 4223 1891 4278 hic
1935 4239 1964 4276 a
2025 4227 2135 4280 Deo

574 4315 912 4369 liumiliatur.
939 4313 1047 4368 Par
1076 4326 1158 4370 est
1184 4315 1367 4384 igitur,
1394 4317 1519 4385 quia
1549 4325 1673 4371 ettu
1699 4317 2019 4371 contumelia
2051 4319 2136 4370 af-

573 4407 752 4462 Secisti
777 4407 966 4462 viduas
994 4417 1049 4462 et
1085 4406 1341 4476 pupillos,
1387 4417 1440 4462 et
1493 4409 1720 4478 exegisti
1759 4409 1983 4478 pignora
2018 4411 2135 4466 ina-

2234 3247 2332 3315 Μὴ
2382 3246 2498 3312 δῷς
2544 3247 2741 3299 ὕπνον
2788 3245 2921 3310 σοῖς
2966 3244 3206 3313 ὄμμασι,
3253 3243 3419 3313 μηδὲ
3466 3241 3802 3312 νυστατμὸν

2234 3338 2358 3404 τοῖς
2380 3337 2733 3406 βλεφάροις,
2767 3337 2866 3388 ἵνα
2890 3334 3038 3403 ζήσῃ
3072 3333 3272 3402 ὥσπερ
3304 3334 3532 3404 δορκὰς
3568 3335 3638 3387 ἐκ
3667 3331 3800 3399 βρό-

2235 3447 2376 3498 χων,
2407 3429 2506 3481 καὶ
2532 3427 2734 3494 ὥσπερ
2756 3425 2963 3494 ὄρνεον
2991 3427 3058 3480 ἐκ
3081 3426 3355 3495 παγίδος.

2237 3520 2349 3590 (84)
2376 3518 2521 3590 Στίχ.
2553 3518 2637 3571 ιϐ’.
2668 3516 2764 3585 Μὴ
2795 3517 2929 3585 οὐχὶ
2967 3519 2999 3570 ό
3030 3517 3102 3571 τὰ
3133 3516 3344 3585 ὑψηλὰ
3375 3519 3564 3571 ναίων
3590 3509 3797 3584 ἐφορᾷέ

2319 3610 2477 3664 Ἀλλά
2519 3609 2778 3681 νομίζεις,
2823 3609 2905 3661 ὅτι
2955 3609 3052 3678 οὑχ
3083 3609 3183 3678 ὁρᾷ
3209 3607 3278 3660 τά
3305 3608 3662 3679 πραττόμενα
3691 3605 3717 3655 6
3746 3602 3798 3652 ἐν

2238 3703 2457 3775 ὑψηλοῖς
2501 3700 2766 3756 κατοικῶν
2798 3700 2948 3762 Θεός.
2992 3693 3093 3752 Οἷα
3135 3699 3312 3753 τοίνυν
3356 3702 3537 3756 πάντα
3578 3693 3793 3766 ἐφορῶν,

2234 3798 2359 3860 τοὺς
2395 3797 2499 3849 ὑπὸ
2528 3797 2625 3866 τῆς
2655 3793 2970 3864 ὑϐριστικῆς
3007 3792 3172 3857 ἐξεως
3211 3794 3561 3864 ἐπηρμένους
3590 3791 3650 3842 τὸ
3677 3785 3796 3858 φρό-

2235 3907 2298 3960 νη
2309 3906 2384 3960 μα
2413 3887 2727 3959 καταφέρει.

2238 3981 2350 4052 (85)
2376 3979 2521 4051 Στίχ.
2556 3979 2640 4034 ιϐ’.
2685 3980 2835 4046 Τοὺς
2873 3979 2940 4032 δὲ
2981 3979 3140 4045 ὕϐρει
3175 3977 3546 4046 φερομένους
3581 3966 3794 4027 ἐταπει-

2913 4065 3110 4102 νωσεν
3118 4093 3130 4102 .

2305 4145 2372 4197 El’
2399 4161 2480 4207 τις
2513 4143 2732 4214 φέρεται
2775 4142 2947 4214 ὕϐρει,
2977 4141 3072 4194 καὶ
3102 4140 3263 4192 οἱονεὶ⁵
3306 4138 3671 4208 κατασύρεται
3698 4124 3795 4183 inab

2237 4238 2552 4308 ὑϐριστικῆς
2601 4237 2766 4303 ἕξεως
2808 4236 2902 4290 καὶ
2944 4233 3213 4305 πράξεως,
3261 4227 3414 4296 οὗτος
3458 4226 3792 4285 ταπεινοῦται

2237 4330 2341 4382 ὑπὸ
2371 4329 2462 4382 τοῦ
2488 4329 2640 4382 Θεοῦ.
2671 4327 2830 4391 Εἰκὸς
2861 4323 2975 4389 οὖν,
3009 4325 3132 4380 ἐπεὶ
3159 4324 3252 4378 καὶ
3280 4325 3343 4376 σὺ
3379 4324 3609 4395 ὕϐρισας
3631 4319 3792 4389 χήρας

2236 4423 2330 4476 καὶ
2368 4421 2650 4493 ὀρφανοὺς,
2692 4421 2785 4472 καὶ
2817 4417 3158 4490 ἠνεχύρασας
3195 4416 3446 4486 διακενῆς
3493 4414 3619 4475 τοὺς
3647 4404 3790 4462 ἀδελ-

573 4499 717 4554 uiter
741 4513 771 4552 a
802 4498 1063 4552 fratribus
1095 4498 1237 4564 tuis;
1293 4506 1352 4551 ut
1406 4498 1611 4554 idcirco
1641 4498 1757 4552 haec
1799 4499 2050 4570 patiaris,
2079 4511 2134 4558 et

2244 4515 2371 4585 φούς
2394 4531 2515 4569 σου·
2551 4512 2637 4565 διὰ
2667 4511 2824 4572 τοῦτο
2863 4511 3034 4565 ταῦτα
3075 4508 3368 4572 πέπονθας,
3421 4510 3516 4562 καὶ
3556 4496 3791 4558 τεταπεί-

572 4590 884 4650 humiliatus
914 4591 1101 4646 lueris.

816 4684 998 4746 v.15.
1033 4684 1104 4738 Et
1127 4685 1333 4754 dixisti,
1361 4684 1502 4751 Quid
1532 4688 1671 4740 novit
1709 4685 1927 4742 Fortis?

639 4777 747 4833 Par
761 4785 878 4834 est:
907 4779 1034 4848 quia
1059 4786 1115 4832 tu
1151 4787 1324 4833 tecum
1358 4777 1563 4844 dixisti,
1593 4778 1732 4845 Quid
1757 4781 1896 4835 nouit
1910 4779 2134 4838 Fortis?

567 4871 726 4942 quasi
759 4870 984 4936 dixeris,
1019 4869 1274 4926 Potestne
1303 4872 1485 4926 omnia
1516 4873 1734 4926 novisse
1769 4872 1946 4928 Deus?

858 4963 924 5019 ν.
959 4964 1047 5018 15.
1086 4965 1192 5018 Aut
1223 4964 1280 5017 in
1305 4962 1528 5033 caligine
1541 4964 1800 5031 judicabit
1819 4968 1844 5020 1’

643 5053 910 5121 Ejusdem.
966 5053 1152 5109 Potest
1209 5062 1387 5107 autem
1420 5051 1667 5118 judicare
1715 5052 1857 5112 Deus
1881 5057 2134 5114 etiamin

572 5146 808 5222 procella
829 5146 1111 5203 exsistens.

865 5238 930 5290 V.
962 5238 1049 5292 ﬂ.
1085 5237 1152 5290 Et
1177 5236 1349 5290 orbem
1369 5235 1486 5288 caeli
1514 5236 1834 5292 obambulat.

637 5329 824 5384 Ambit
842 5339 900 5385 et
927 5328 1397 5399 ciscumplectitur
1419 5326 1515 5386 Dei
1543 5331 1904 5399 providentia.

640 5469 688 5506 ⁷⁸
717 5467 878 5522 Prov.
913 5482 989 5533 vr,
1016 5469 1070 5533 4,
1093 5467 1148 5523 5.

643 5581 754 5649 t80)
782 5582 848 5636 ν.
881 5582 915 5636 8
941 5591 1116 5636 exstat
1153 5593 1281 5637 tom.
1311 5581 1432 5648 XII,
1456 5583 1557 5638 col.
1598 5582 1753 5638 1058.

644 5651 758 5724 (81)
787 5655 852 5724 in
876 5651 997 5708 cod.
1025 5654 1532 5724 xerhrysostomo
1554 5654 1832 5709 tribuitur.

644 5723 752 5792 (82)
773 5723 904 5779 Cod.
933 5739 1043 5783 xxi.
1077 5723 1228 5778 Alius
1260 5722 1444 5779 tribuit
1473 5722 1686 5780 Joanni.

642 5791 754 5872 (85)
780 5793 912 5851 Cod.
945 5811 1037 5850 xxi
1072 5794 1256 5851 tribuit
1289 5795 1500 5869 Olymp.
1527 5795 1716 5868 Aquila
1749 5807 1803 5854 ct
1839 5797 2131 5870 Tltcodot.,

2239 4622 2426 4660 νωσαι.

2369 4697 2516 4766 Στίχ.
2553 4702 2638 4764 ιγ’.
2671 4696 2782 4750 Καὶ
2821 4691 3012 4759 εἶπας,
3050 4693 3109 4748 Τί
3133 4693 3283 4761 ἔγνω
3321 4694 3352 4744 ὀ
3390 4687 3692 4759 Ἰσχυρόςὶ

2307 4790 2486 4854 Εἰκὸς,
2505 4791 2583 4843 ὅτι
2612 4791 2674 4843 σὺ
2700 4788 2881 4859 ἔλεγες
2903 4785 3042 4841 κατά
3066 4786 3278 4846 σαυτὸν,
3301 4785 3360 4838 Τί
3376 4783 3528 4854 ἔγνω
3549 4780 3790 4846 ὀ,’1σχυ-

2231 4882 2342 4950 ρός
2357 4897 2376 4945 ;
2411 4874 2556 4945 Οἷον,
2591 4880 2826 4935 Δύναται
2851 4881 3024 4934 πάντα
3049 4877 3342 4947 ἐγνωκέναι
3371 4879 3398 4929 ὁ
3423 4875 3586 4938 Θεὸς;

2413 4971 2556 5043 varix.
2590 4979 2675 5041 ιγ’.
2704 4975 2774 5030 Ἢ
2798 4971 2947 5026 κατὰ
2977 4969 3084 5024 τοῦ
3102 4971 3328 5040 γνόφου
3360 4969 3582 5037 arpis-et";

2310 5065 2420 5119 Τοῦ
2452 5065 2657 5120 αὑτοῦ.
2689 5065 2917 5118 Δύναται
2950 5063 3008 5116 δὲ
3036 5063 3240 5134 κρίνειν
3267 5064 3295 5114 6
3319 5063 3449 5125 Θεὸς
3475 5058 3567 5112 καὶ
3599 5058 3656 5109 ἐν
3678 5064 3786 5125 χει-

2235 5158 2373 5231 μῶνι
2403 5158 2708 5230 γενόμενος.

2331 5250 2482 5319 Στίχ.
2513 5249 2594 5306 ιδ’.
2625 5249 2734 5304 Καὶ
2771 5249 2955 5319 γῦρον
3002 5249 3260 5318 οὐρανοῦ
3297 5243 3723 5315 διαπορεύεται..

2313 5341 2754 5414 Ἐκπεριέρχεται
2780 5343 2819 5412 ὴ
2843 5341 3068 5413 πρόνοια
3089 5341 3183 5396 τοῦ
3215 5339 3368 5394 Θεοῦ.

2242 5589 2355 5662 Kal
2377 5589 2577 5662 πλῆθος
2603 5589 2809 5644 ὑδάτων
2844 5593 3071 5662 καλύψει
3103 5609 3181 5645 σε.

2310 5659 2422 5726 (84)
2449 5661 2582 5716 Cod.
2616 5678 2728 5717 XXI.
2764 5663 2960 5718 Confer
2996 5659 3207 5729 Olvmp.

2307 5730 2419 5801 (85)
2459 5732 2637 5788 Codex
2664 5743 2887 5804 uterque
2914 5734 3104 5790 tribuit
3131 5731 3379 5805 Origeni.
