4012 6340
230 418 302 476 ss
1423 409 1962 467 ENARRATIONES
1994 412 2061 466 1N
2101 412 2242 468 we.
3424 410 3492 465 se
3526 383 3533 400 '

398 532 559 603 Στίχ.
595 541 680 588 ιε’.
712 534 809 602 Μὴ
843 534 1038 602 τρίϐον
1065 530 1304 584 αἰώνιον
1335 529 1651 600 φυλάξῃῦ

299 619 394 692 Μὴ
437 618 672 674 δύνασαι
709 623 771 674 σὺ
809 622 906 692 τὴν
948 621 1128 692 τρίϐον
1175 619 1273 691 τὴν
1318 617 1556 682 αἰώνιον,
1601 619 1721 672 καθ’
1755 616 1821 690 ἧς

240 708 534 782 πορεύεται
569 712 603 781 ή
641 711 859 780 πρόνοια
884 708 975 762 τοῦ
999 708 1154 772 Θεοῦ,
1189 709 1555 779 ὲπιτηρῆσαι;

308 797 417 870 (86)
453 798 604 868 Στίχ.
643 805 723 852 ιε’.
766 801 869 853 Ἦν
901 797 1214 866 ἐπάτησαν
1253 796 1468 864 ἄνδρες
1511 795 1748 849 δίκαιοι.

313 889 425 945 Τοῦ
451 889 660 944 αὑτοῦ.
689 891 800 960 Τὴν
827 889 1008 960 τρίϐον
1037 890 1136 960 τὴν
1170 887 1384 941 αἰώνιον
1417 887 1694 958 ἑπάτησαν
1724 886 1813 939 ἄν-

239 983 364 1054 δρες
412 981 629 1036 δίκαιοι.
674 981 830 1035 Κατὰ
870 981 978 1052 γὰρ
1028 980 1215 1052 τρίϐου
1262 977 1483 1040 αἰωνίας
1525 978 1816 1048 βαίνουσιν.

253 1075 406 1127 Ἐπεὶ
430 1075 607 1128 πάντα
639 1074 820 1137 αὐτοῖς
850 1075 1127 1145 πρόκειται
1162 1073 1442 1143 πράττειν,
1475 1068 1612 1122 ὥστε
1635 1073 1818 1141 τυχεῖν

240 1168 334 1223 τοῦ
363 1169 649 1241 μέλλοντος
681 1169 897 1232 αἰῶνος.
945 1168 1066 1221 Κᾶν
1100 1167 1329 1220 δοκῶσιν
1365 1162 1456 1219 οὖν
1501 1166 1693 1236 ἐπίσης
1725 1166 1820 1236 βα-

240 1261 426 1326 δίζειν,
458 1261 571 1315 ἀλλ’
605 1264 637 1333 ἡ
672 1261 819 1332 ψυχὴ
848 1260 987 1330 αὐτὴ
1030 1259 1296 1314 ἐπιϐαίνει
1336 1258 1537 1330 τρίϐων
1565 1258 1814 1312 αἰωνίων.

401 1455 513 1526 (87)
546 1454 693 1524 Στίχ.
732 1460 827 1518 ις’.
862 1452 929 1505 ΟΣ
958 1451 1437 1520 συνελήφθησαν
1464 1453 1657 1522 ἄωροι.

307 1547 578 1611 Πολλάκις
633 1547 829 1600 δίκαιοι
892 1546 998 1616 πρὸ
1047 1544 1242 1616 καιροῦ
1291 1545 1662 1616 ἐτελεύτησαν.
1727 1551 1818 1600 Τε-

235 1623 505 1704 μτωᾶεὶς
531 1638 640 1707 γὰρ
667 1637 757 1690 ἐπ’
794 1637 976 1705 ὀλίγῳ
1003 1639 1035 1689 ὁ
1058 1636 1304 1703 δίκαιος,
1337 1636 1648 1703 ἐπλήρωσε
1680 1643 1818 1706 χρό-

233 1745 387 1796 νους
412 1730 681 1798 μακρούς
700 1745 712 1758 ·
743 1728 909 1798 ἀρετὴ
935 1727 1045 1798 (88)
1075 1727 1179 1799 γὰρ
1209 1730 1266 1781 ἐν
1305 1727 1380 1798 τῷ
1407 1728 1593 1798 Κυρίῳ
1617 1731 1649 1798 ἡ
1673 1729 1817 1802 ψυχὴ

234 1837 427 1873 αυτου.

232 1913 393 1982 Στίχ.
428 1919 524 1976 ις’.
556 1911 824 1980 Ποταμὸς
868 1912 1150 1980 ἐπιρρέων
1187 1916 1240 1966 οἱ
1301 1912 1556 1980 θεμέλιοι
1603 1913 1816 1966 αὐτῶν.
1855 1892 1893 1942 Β

303 2002 430 2062 Τοῦ
476 2001 685 2056 αὐτοῦ.
733 2002 851 2054 Τῶν
883 2003 1102 2055 δικαίων
1146 2005 1194 2054 οἱ
1239 2003 1477 2073 θεμέλιοι
1518 1998 1627 2056 οἷόν
1660 2007 1818 2059 εἰσιν.

240 2094 368 2146 Ἀεὶ
401 2096 820 2166 προκόπτουσιν,
853 2096 940 2148 ἀεὶ
976 2094 1228 2159 αὔξουσιν
1257 2097 1314 2146 ὲν
1340 2098 1450 2158 τοῖς
1484 2094 1727 2162 ἀγαθοῖς.

216 2184 398 2252 Στίχ.
453 2188 544 2252 ιη’.
583 2186 686 2250 Ὃς
717 2184 783 2238 δὲ
818 2184 1124 2250 ἐνέπλησε
1169 2185 1303 2250 τοὺς
1361 2184 1568 2249 οἴκους
1627 2184 1823 2238 αὐτῶν

903 2255 940 2308 ἀ
949 2253 1142 2322 γαθῶν
1148 2293 1161 2307 .

319 2341 434 2394 Τοῦ
469 2342 674 2402 αὐτοῦ.
718 2342 836 2394 Τῶν
873 2342 1097 2396 δικαίων
1147 2343 1410 2416 ἐνέπλησε
1461 2349 1588 2411 τοὺς
1636 2347 1819 2412 οἴκους

220 2432 482 2500 ἀγαθῶν.
542 2429 681 2502 Ἐγὼ
719 2435 817 2488 οὐκ
857 2435 1040 2488 ἀκούω
1086 2435 1227 2501 τοὺς
1271 2437 1476 2503 οἴκους
1529 2441 1811 2506 τούτους·

224 2523 376 2578 ἀλλά
405 2526 547 2590 τοὺς
574 2526 778 2592 οἴκους
803 2526 1020 2589 αὐτῶν,
1061 2527 1186 2590 τοὺς
1221 2527 1362 2580 κατά
1393 2530 1452 2581 τὸ
1490 2532 1815 2601 ἡγεμονικὸν

229 2617 532 2686 ἐνέπλησεν
565 2617 800 2686 ἀγαθῶν.
835 2618 1010 2670 Ποίων
1041 2616 1294 2685 ἀγαθῶν;
1321 2620 1703 2690 Σωφροσύνης,
1735 2621 1814 2675 δι-

231 2709 551 2778 καιοσύνης,
581 2708 845 2779 ἀνδρείας,
871 2710 1201 2779 φρονήσεως,
1223 2710 1331 2764 τῶν
1353 2710 1463 2764 ἀπὸ
1481 2710 1588 2764 τῶν
1615 2712 1809 2784 ἔργων.

234 2799 494 2852 Τουτέστι
520 2801 580 2852 τὸ
609 2800 957 2871 πληρωθῆναι
987 2799 1166 2864 οἴκους
1203 2801 1440 2869 ἀγαθῶν.

307 2890 456 2959 Falx.
491 2889 574 2943 t0’.
610 2890 935 2958 Ἀμεμπτος
970 2888 1039 2941 δὲ
1069 2889 1471 2958 ἐμυκτήρισεν
1496 2895 1737 2960 αὐτούς.

308 2982 504 3045 Τίνας;
528 2981 562 3052 ἢ
593 2981 692 3051 τὴν
720 2979 911 3050 βουλὴν
936 2979 1043 3032 τῶν
1067 2980 1310 3044 ἁσεϐῶν;
1347 2977 1470 3035 Οἴον
1489 3000 1501 3012 '
1535 2982 1814 3052 βούλονταί

236 3091 357 3127 τινα
408 3073 684 3126 διδάσκειν
727 3072 794 3124 τὰ
841 3071 1057 3125 ἐναντία
1107 3074 1171 3142 τῇ
1205 3072 1453 3146 ἀληθείᾳ,
1499 3077 1555 3128 ὲν
1597 3074 1676 3145 τῷ
1723 3075 1812 3127 λέ-

1847 539 1897 596 Α
1996 530 2062 584 ν.
2099 531 2186 586 15.
2227 529 2480 600 Nunquid
2507 529 2743 582 semitam
2779 536 3026 585 aeternam
3052 529 3364 584 custodieris
3387 531 3415 582 7

1994 622 2246 692 Nunquid
2274 630 2428 691 potes
2465 629 2516 674 tu
2548 621 2794 674 semitam
2835 629 3091 675 aeternam
3121 663 3136 687 ,
3193 622 3490 675 secundum

1924 731 2088 787 quam
2115 716 2292 785 pergit
2327 713 2507 767 divina
2537 711 2895 780 providentia,
2923 715 3215 766 observare
3239 713 3261 764 ί

2202 806 2269 860 ν.
2302 805 2388 860 15.
2420 803 2591 869 Quam
2618 802 2888 856 calcarunt
2928 803 3020 856 viri
3049 803 3205 875 justi.

1997 898 2270 971 Ejusdem.
2299 897 2560 954 Semitam
2589 905 2849 950 mternam
2882 895 3154 950 calcarunt
3184 897 3283 949 viri
3332 895 3490 962 justi.

1924 991 2028 1046 Per
2055 991 2304 1045 semitam
2345 989 2498 1042 enim
2525 998 2785 1042 aeternam
2827 987 3105 1040 incedunt.
3143 986 3490 1057 Quandoqui-

1923 1084 2041 1137 dem
2071 1087 2249 1136 omnia
2284 1081 2388 1134 illis
2415 1080 2752 1148 propositum
2785 1089 2869 1133 est
2894 1078 3097 1143 facere,
3132 1092 3237 1147 quo
3260 1094 3485 1147 compo—

1924 1185 2004 1230 tes
2037 1180 2170 1230 tiant
2223 1173 2390 1228 futuri
2432 1173 2636 1227 saeculi.
2688 1171 2951 1238 Quamvis
3006 1171 3172 1240 igitur
3204 1170 3488 1224 videantur

1921 1285 2041 1323 cum
2071 1269 2226 1338 vulgo
2254 1266 2538 1330 incedere,
2564 1263 2745 1318 anima
2775 1273 2956 1318 tamen
3009 1263 3224 1317 illorum
3255 1261 3491 1332 ingredi-

1923 1369 2009 1412 tur
2041 1359 2262 1413 semitas
2283 1365 2534 1411 aeternas.

2185 1451 2249 1505 γ.
2282 1449 2368 1505 l6.
2405 1447 2508 1514 Qui
2537 1433 2735 1517 accepti
2767 1457 2886 1501 sunt
2912 1445 3209 1500 immaturi.

1993 1541 2144 1610 Saepe
2169 1543 2300 1610 justi
2339 1549 2466 1594 ante
2502 1550 2713 1610 tempus
2750 1539 2875 1593 fatis
2923 1546 3334 1592 concesserunt.
3390 1536 3489 1605 Ef-

1922 1637 2085 1703 fectus
2124 1637 2260 1687 enim
2285 1634 2542 1702 perfectus
2567 1633 2623 1686 in
2650 1632 2854 1685 modico
2869 1631 3072 1700 justus,
3107 1631 3330 1698 explevit
3357 1637 3488 1681 tem-

1919 1744 2046 1794 pora
2070 1727 2225 1794 longa
2255 1741 2272 1776 :
2310 1725 2485 1777 virtus
2515 1723 2654 1776 enim
2690 1723 2744 1776 in
2774 1721 3004 1775 Domino
3031 1721 3210 1773 anima
3253 1719 3398 1774 illius
3420 1719 3485 1772 ⁷⁵.

2049 1911 2116 1966 ν.
2155 1910 2241 1966 16.
2273 1909 2498 1963 Flavius
2536 1909 2781 1978 inﬂuens,
2815 1906 3156 1976 fundamenta
3179 1920 3378 1959 eorum.

1994 2005 2274 2077 Ejusdem.
2348 2000 2624 2054 Justorum
2679 1998 3029 2052 fundamenta
3085 1999 3486 2067 quodammodo

1923 2109 2067 2154 sunt.
2099 2097 2325 2162 Semper
2360 2092 2671 2161 proliciunt,
2707 2107 2916 2161 semper
2948 2101 3200 2149 crescunt
3228 2091 3280 2144 in
3305 2091 3480 2144 bonis.

1997 2189 2059 2244 ν.
2093 2189 2178 2244 18.
2216 2187 2319 2241 Ille
2340 2194 2520 2239 autem
2556 2185 2785 2254 implevit
2826 2185 3006 2237 domos
3040 2199 3215 2236 eorum
3243 2184 3409 2238 bonis.

1993 2327 2272 2396 Ejusdem.
2332 2323 2614 2379 Justorum
2661 2321 2854 2375 domos
2884 2319 3130 2388 implevit
3173 2319 3351 2373 bonis.
3380 2318 3486 2387 Ego

1918 2435 2024 2475 non
2057 2420 2218 2474 audio
2289 2417 2473 2470 domos
2511 2417 2640 2469 istas
2669 2453 2686 2476 ,
2738 2413 2834 2467 sed
2885 2412 3072 2466 domus
3121 2424 3320 2465 eorum.
3379 2409 3488 2464 Has

1917 2512 2090 2582 quoad
2113 2509 2418 2580 principem
2447 2508 2614 2561 animi
2657 2506 2974 2560 facultatem
3032 2502 3259 2573 replevit
3310 2500 3484 2554 bonis.

1915 2603 2120 2670 Quibus
2145 2600 2343 2655 bonis?
2371 2597 2782 2667 Temperantia,
2808 2593 3020 2663 justitia
3050 2633 3065 2657 ,
3126 2589 3446 2645 fortitudine
3472 2628 3486 2654 ,

1915 2693 2219 2764 prudentia,
2251 2691 2574 2747 actionibus.
2600 2689 2715 2743 Hoc
2749 2697 2831 2742 est
2859 2685 3073 2754 replere
3091 2684 3280 2739 domos
3304 2680 3477 2738 bouis.

2020 2876 2084 2932 V.
2105 2872 2686 2945 19.1rreprehensibilis
2715 2882 2884 2925 autem
2910 2867 3247 2924 subsannavit
3269 2881 3379 2921 eos.

1985 2968 2166 3035 Quos?
2247 2970 2330 3022 An
2365 2967 2694 3021 voluntatem
2729 2963 3057 3032 impiorum?
3091 2960 3262 3014 Puta:
3299 2957 3486 3010 volunt

1913 3061 2225 3131 quempiam
2260 3061 2455 3115 docere
2511 3057 2786 3114 contraria
2835 3053 3079 3120 veritati,
3107 3051 3358 3109 dicendo.
3415 3053 3483 3102 At

239 3176 388 3232 γειψ
438 3165 474 3218 ἃ.
515 3165 730 3232 λέγουσι
768 3164 1011 3234 δόγματα
1053 3140 1305 3237 μοχθηρὰ.
1340 3140 1573 3236 ἔχοντες.
1628 3140 1812 3221 Ταῦτα

1918 3169 2034 3224 quae
2060 3154 2267 3218 dicunt,
2293 3155 2545 3222 degmata
2570 3150 2771 3204 habent
2803 3146 3094 3216 ﬂagitiosa.
3134 3143 3259 3196 llaec
3294 3141 3379 3194 vir
3403 3140 3479 3193 ir.

241 3255 531 3326 ἄμεμπτος
555 3255 698 3326 ὁρῶν
729 3255 1063 3327 μυκτηρίζει.

243 3345 387 3416 Στίχ.
422 3345 489 3400 κ’.
525 3346 634 3402 Καὶ
671 3345 736 3398 τὸ
779 3346 1144 3427 κατάλείμμα
1189 3349 1385 3405 αὐτῶν
1417 3351 1814 3422 καταφάγεται

953 3432 1089 3486 πιφ.

317 3508 425 3562 Τοῦ
466 3506 675 3562 αὐτοῦ.
729 3507 896 3560 Τοῦτο
948 3509 976 3561 ὃ
1023 3511 1444 3566 καταλέλειπται
1498 3513 1638 3566 κατά
1689 3515 1815 3577 τοὺς

242 3600 476 3664 ἀσεϐεῖς,
516 3600 624 3654 τῶν
657 3601 932 3673 προτέρων
966 3603 1362 3668 ἀποθανόντων,
1398 3606 1458 3657 τὺ
1507 3605 1616 3677 πῦρ
1650 3623 1816 3660 κατα-

244 3710 496 3764 φαγεται.

242 3784 382 3855 Στίχ.
409 3782 516 3836 κδ’.
581 3783 800 3836 Ἕλαϐε
831 3781 898 3835 δὲ
929 3783 1339 3922 ὲὲιίαῖτόμιιτος
1367 3788 1554 3841 αὐτοῦ
1604 3788 1816 3858 ἐξηγο-

301 3945 419 4010 Τὴν
439 3940 987 4017 ἐξητορίιινὲζήτουν
1011 3946 1129 4000 κατ’
1159 3947 1410 4016 ἐμαυτὸν,
1448 3946 1501 3999 τί
1537 3948 1813 4018 σημαίνει.

241 4039 347 4092 Καὶ
366 4033 523 4108 εὗρον
548 4039 604 4090 ὲν
630 4038 763 4111 ἄλλῃ
785 4039 992 4092 ἐκδόσει
1019 4040 1131 4092 ἀντ’
1157 4039 1327 4108 αὐτῆς
1353 4039 1809 4112 ἐξομολόγησιν·

238 4129 404 4200 Φησὶν
450 4125 543 4182 οὖν
589 4128 819 4199 μᾶλλον·
868 4127 1285 4200 Ἐξομολόγησαι
1330 4130 1595 4200 περὶτῶν
1627 4132 1811 4202 ἀμαρ-

237 4224 496 4294 τημάτων
531 4239 657 4274 σου*
708 4221 901 4276 ἕκλαϐε
943 4221 1052 4276 ἀπὸ
1099 4221 1194 4276 τοῦ
1240 4224 1506 4293 στόματος
1536 4224 1631 4277 τοῦ
1675 4222 1810 4276 Θεοῦ

239 4313 553 4386 εἰσηγορὶαν
584 4315 680 4367 σὺν
707 4312 1083 4384 ἐξομολογήσει
1103 4330 1115 4344 ·
1147 4315 1382 4368 ἀνάλαϐε
1412 4315 1468 4368 δὲ
1495 4314 1562 4370 τὰ
1592 4317 1812 4388 ῥήματα

239 4405 400 4460 αὐτοῦ
445 4408 512 4459 ὲκ
559 4405 783 4476 καρδίας
823 4422 934 4458 σου.
969 4406 1152 4463 Ταῦτα
1181 4406 1236 4460 δὲ
1271 4407 1453 4475 ἔλεγεν
1493 4411 1522 4461 ὁ
1566 4406 1808 4476 Ἐλιφάζ,

239 4498 518 4562 νουθετῶν,
550 4497 624 4561 ὡς
656 4497 810 4566 (paco,
841 4499 933 4552 τὸν
975 4496 1113 4551 Ἰώϐ.

1840 3231 1881 3305 0
1918 3244 2364 3316 reprehensibilis
2389 3243 2601 3303 videns.
2634 3244 2954 3297 subsannat.

2058 3336 2124 3393 V.
2164 3335 2254 3389 ‘20.
2284 3333 2348 3388 Et
2377 3334 2631 3406 reiiquum
2659 3349 2837 3390 eorum
2877 3327 3145 3384 devorabit
3179 3327 3335 3395 ignis.

1986 3495 2259 3565 Ejusdem.
2287 3494 2399 3549 Hoc
2435 3493 2581 3563 quod
2635 3489 2881 3546 relictum
2937 3494 3022 3542 est
3069 3500 3136 3539 ex
3188 3482 3478 3551 impiorum

1914 3589 2152 3658 placitis,
2184 3587 2541 3644 morientibus
2562 3583 2838 3653 prioribus
2856 3579 2985 3644 illis,
3018 3576 3159 3645 ignis
3182 3572 3481 3626 devorabit.

1991 3769 2056 3824 ν.
2091 3767 2180 3821 22.
2204 3766 2413 3836 Accepit
2443 3773 2617 3816 autem
2644 3776 2708 3815 ea:
2738 3775 2824 3813 ore
2852 3757 2967 3826 ejus
2999 3754 3410 3810 accusationem.

2009 3924 2407 3982 Accusationem
2446 3921 2755 3992 quaerebam
2784 3916 3079 3974 secundum
3119 3927 3205 3968 me
3241 3911 3369 3981 quid
3397 3911 3485 3966 hic

1915 4020 2016 4076 sibi
2045 4019 2226 4074 vellet.
2255 4016 2322 4070 Et
2345 4015 2526 4078 inveni
2561 4014 2612 4068 in
2646 4013 2748 4067 alia
2775 4011 3016 4066 editione
3051 4023 3148 4078 pro
3202 4021 3265 4063 ea
3290 4047 3305 4071 .
3360 4021 3486 4062 can-

1912 4113 2208 4183 fessionem.
2246 4108 2383 4168 Dicit
2416 4107 2582 4177 igitur
2610 4105 2789 4176 potius
2815 4125 2827 4158 :
2853 4102 3124 4160 Confitere
3167 4100 3231 4154 de
3287 4113 3480 4168 pecca-

1913 4205 1981 4258 tis
2011 4204 2118 4257 tuis
2141 4219 2164 4268 ;,
2183 4202 2367 4270 accipe
2397 4200 2465 4255 de
2499 4213 2595 4254 ore
2631 4197 2725 4252 Dei
2760 4195 3120 4266 patrocinium
3171 4207 3292 4245 cum
3344 4205 3481 4244 con-

1909 4296 2184 4362 fessione;
2245 4306 2462 4348 assume
2503 4305 2633 4350 vero
2682 4291 2846 4344 verba
2892 4287 3011 4358 ejus
3062 4301 3127 4340 ex
3170 4285 3336 4338 corde
3367 4293 3480 4337 tuo.

1909 4388 2034 4448 Haec
2057 4402 2218 4459 porro
2253 4386 2483 4455 Elipbaz.
2524 4383 2680 4446 dixit,
2715 4378 3239 4442 commonefacieus,
3296 4383 3352 4428 ut
3384 4389 3484 4446 pu-

1911 4484 2092 4546 tabat,
2125 4477 2341 4535 Iobum.

242 4608 380 4678 Στίχ.
418 4614 526 4676 κγ’.
575 4608 709 4660 Ἐὰν
738 4606 1242 4681 (δὲ-ἐπιστραφῇς,
1287 4609 1383 4663 καὶ
1431 4609 1806 4681 ταπεινώσῃς

1974 4595 2036 4651 ν.
2064 4595 2155 4650 23.
2189 4592 2254 4650 εἰ,
2282 4600 2459 4646 autem
2493 4587 2909 4681 convertar-iste}
2937 4585 3183 4643 humilics
3218 4584 3448 4651 teipsum~

626 4677 886 4730 σεαυτὸν
916 4679 1119 4732 ἔναντι
1162 4681 1406 4748 Κυρίου.

306 4794 566 4848 Νουθετεῖ
595 4793 756 4847 αὑτὸν
781 4794 915 4866 πρὸς
946 4793 1006 4846 τὸ
1045 4793 1388 4866 ἐπιστρέψαι,
1417 4796 1662 4868 οἰόμενος
1706 4797 1804 4850 αὐ-
1895 4827 1900 4839 ς

243 4889 324 4941 τὸν
350 4887 522 4940 ταῦτα
545 4886 906 4958 ἡμαρτηκότα
935 4885 1279 4939 πεπονθέναι.

247 4981 378 5050 Στίχ.
415 4980 512 5033 κδ’.
548 4979 654 5033 Καὶ
691 4979 771 5044 ὠς
809 4978 996 5045 πέτρα
1021 4977 1340 5047 χειμάρρου
1377 4979 1519 5047 (88“)
1563 4980 1800 5049 Ewscelp.

317 5071 409 5124 Ἐκ
432 5070 526 5123 τοῦ
548 5070 712 5122 τόπου
739 5061 800 5122 οὗ
829 5069 1031 5136 γίνεται
1059 5069 1120 5121 τὸ
1143 5070 1384 5142 χρυσίον,
1417 5071 1694 5124 ἐλεύσεται
1719 5073 1809 5124 ἐπὶ

244 5163 314 5225 σὲ,
345 5164 527 5228 οἱονεὶ,
547 5161 698 5214 ἔσται
735 5160 890 5230 λόγος
920 5179 1012 5215 σου
1056 5165 1294 5228 ποικίλος
1323 5165 1416 5216 καὶ
1454 5163 1633 5226 καλός.

247 5270 346 5344 (89)
391 5272 539 5343 Στίχ.
589 5279 684 5326 κε’.
738 5273 940 5344 Ἔσται
985 5271 1097 5330 οὖν·
1151 5291 1247 5329 σοι
1303 5280 1334 5329 ό
1381 5274 1806 5343 Παντοκράτωρ

681 5343 911 5408 ,ϐοηθὸς
942 5345 1057 5398 ἀπὸ
1094 5347 1341 5416 ἐχθρῶν.

318 5434 439 5489 Ἐἀν
469 5436 742 5508 ὑποτάξῃς
766 5438 975 5503 ἑαυτὸν,
1007 5437 1101 5490 ἐὰν
1133 5438 1521 5513 ἐξομολογήσῃ.

338 5594 383 5625 ⁷⁸
416 5592 544 5664 Sap.
575 5609 651 5660 Iv,
684 5594 767 5648 15.

453 5751 685 5824 Didymi,
715 5768 778 5804 ex
810 5751 1080 5824 cod.'~ttxt.

302 5821 410 5891 (δῖ)
441 5821 657 5894 ρτίέειιί
691 5833 919 5894 uterque
955 5823 1091 5882 cod.

306 5894 409 5963 (88)
444 5892 606 5952 Forte
639 5893 865 5965 ἀρεστὴ,
896 5894 1126 5962 placens.

2469 4674 2645 4713 coram
2674 4657 2916 4710 Domino.

1978 4777 2248 4833 Admonet
2283 4775 2455 4846 ipsum
2482 4782 2537 4829 ut
2599 4778 2986 4832 convertatur.
3026 4779 3178 4824 ratus
3208 4779 3330 4820 eum
3355 4778 3483 4834 pro-

1909 4883 2038 4943 pter.
2065 4877 2288 4940 peccata
2322 4873 2438 4921 haec
2469 4876 2690 4934 passum
2717 4860 2908 4916 fuisse.

2176 4958 2242 5016 V.
2267 4957 2356 5012 Ἡ.
2398 4955 2464 5010 Et
2489 4963 2546 5008 ut
2571 4963 2720 5024 petra
2753 4961 3006 5007 torrentes
3035 4946 3220 5015 Oplzir.

1980 5060 2060 5116 Ex
2082 5027 2202 5112 loco
2236 5054 2325 5108 ubi
2357 5062 2438 5107 est
2469 5062 2683 5114 aurum,
2713 5046 2894 5101 veniet
2922 5045 2987 5098 ad
3013 5054 3104 5099 te:
3139 5042 3297 5112 quasi
3328 5040 3478 5098 dice-

1917 5165 2018 5221 ret,
2046 5153 2146 5207 eril
2179 5163 2360 5206 sermo
2397 5155 2522 5201 tuus
2547 5144 2729 5198 varius
2758 5151 2812 5196 et
2841 5138 3088 5210 pulcher.

1953 5269 2012 5323 V.
2045 5268 2135 5322 Eii.
2177 5265 2288 5318 Erit
2312 5263 2498 5332 'igitur
2554 5262 2644 5342 tibi
2677 5259 3022 5344 anipotens
3055 5255 3345 5310 auxiliator
3371 5252 3472 5308 σὺ..

2568 5347 2812 5386 “unum.

1986 5432 2338 5499 Sisubjicias
2371 5430 2622 5498 teipsum,
2663 5427 2708 5480 si
2739 5421 3087 5484 conﬁtearis.

1985 5743 2118 5806 (88⁸)
2167 5743 2300 5811 Lege
2328 5742 2656 5813 χειμάρρους
2703 5741 2902 5813 ξΩφείρ.

1986 5815 2096 5884 (89)
2129 5809 2374 5874 (indixit!
2405 5809 2592 5872 tribuit
2629 5809 2948 5888 Polycliti)".
