4012 6340
595 392 660 448 87
1471 373 2036 446 SUPPLEMEN‘I‘UJI
2067 381 2161 439 AD
2199 375 2521 438 ORlGENlS
2549 371 2959 430 EXEGETICA.
3759 365 3816 420 ss

597 510 662 565 ν.
687 490 1067 565 ἓδέιιιιηάιιηι
1105 525 1223 564 vero
1261 509 1436 563 reddet
1462 517 1544 572 te,
1591 515 1842 577 tanquam
1885 511 2152 574 argentum

2261 492 2408 564 Στίχ.
2441 497 2539 546 κε’.
2587 487 2864 556 Καθαρὸν
2895 480 3408 577 ire
3441 475 3636 545 ὥσπερ
3667 478 3824 548 ἀργή-

1260 581 1503 649 ignitum.

667 673 869 729 Sanum
905 673 1214 744 dogma.....
1246 673 1497 742 ignitum,
1534 668 1699 725 Dens.

694 790 759 846 V.
782 791 873 846 26.
903 791 1101 846 Deinde
1121 790 1361 845 libertate
1392 790 1586 860 frueris
1615 805 1795 843 coram
1824 787 2066 841 Domino.

663 929 938 999 Ejusdem.
971 928 1026 983 Si
1059 927 1437 982 ltumiliaveris
1487 935 1575 992 te,
1608 926 1652 980 si
1684 924 2006 980 sustinueris
2037 939 2158 993 mite

593 1023 926 1087 acciderant,
958 1020 1197 1075 libertate
1220 1020 1414 1089 frueris
1437 1035 1615 1074 coram
1647 1017 1909 1083 Domino;
1939 1017 2160 1072 Iiberta—

578 1127 700 1170 Atem
741 1115 996 1185 loquendi
1041 1112 1288 1176 habebis,
1314 1112 1512 1182 quippe
1535 1113 1625 1182 qui
1659 1111 2003 1166 abdicaveris
2030 1125 2158 1180 pec-

590 1217 734 1263 cata.

975 1296 1038 1351 V.
1069 1295 1160 1350 28.
1197 1295 1263 1349 In
1286 1297 1382 1350 viis
1407 1296 1508 1348 tuis
1538 1296 1634 1349 erit
1663 1295 1779 1350 lux.

659 1391 942 1461 Ejusdem.
971 1390 1028 1444 Si
1055 1403 1242 1444 serves
1274 1387 1476 1442 monita
1512 1401 1652 1451 mea,
1709 1396 1766 1443 et
1821 1387 2159 1443 eonvertaris

587 1493 752 1554 atque
773 1483 1101 1538 conﬁtearis.
1123 1481 1190 1535 Et
1205 1481 1321 1535 haec
1334 1480 1552 1550 quidem
1577 1480 1646 1536 ad
1673 1478 1774 1534 Job
1801 1479 2155 1545 dicebantur;

589 1591 696 1630 non
727 1585 905 1630 tamen
952 1573 1072 1644 iure
1109 1572 1466 1640 dicebantur,
1497 1584 1678 1641 neque
1721 1569 1867 1627 enim
1900 1583 2158 1641 peccave-

588 1676 694 1723 rat.
729 1666 810 1722 Ad
832 1682 932 1723 nos
960 1668 1007 1722 si
1039 1666 1312 1731 dicantur,
1337 1664 1462 1735 jure
1491 1664 1765 1720 dicuntur.

660 1779 726 1834 ν.
765 1780 858 1836 28.
907 1779 1168 1835 Restituet
1193 1791 1366 1834 autem
1394 1779 1488 1834 tibi
1517 1778 1815 1832 institutum
1839 1774 2084 1844 iustitia.

659 1917 736 1972 Ac
791 1915 1112 1988 simpliciter
1168 1916 1471 1987 loquendo:
1504 1914 1828 1972 Universam
1858 1913 1977 1979 tibi,
2005 1911 2158 1976 dicit,

586 2023 708 2079 quae
736 2009 912 2063 virum
940 2008 1144 2078 justum
1175 2008 1387 2074 deceat,
1411 2006 1610 2062 eliiciet
1662 2004 2156 2076 perseverantiam;

587 2116 757 2171 usque
788 2101 923 2156 adeo
948 2110 1007 2156 ut
1053 2099 1317 2171 fulgentes
1362 2101 1731 2170 gloriosasque
1783 2099 2024 2155 actiones
2063 2098 2162 2152 ha—

586 2197 736 2251 beas.

1182 2285 1335 2341 CAP.
1372 2284 1562 2340 XXIII.

683 2377 742 2431 ι’.
777 2378 833 2432 9..
871 2376 1068 2432 Manus
1097 2377 1214 2448 ejus
1239 2378 1414 2448 gravis
1441 2375 1545 2445 fuit
1564 2391 1658 2442 pro
1686 2374 1889 2442 ejulatu
1917 2389 2052 2428 meo.

657 2468 875 2526 Utinam
911 2469 992 2524 fas
1014 2479 1181 2536 esset,
1215 2469 1413 2538 inquit,
1446 2469 1514 2522 ad
1567 2467 1712 2536 ipsas
1754 2480 1942 2536 poenas
1977 2469 2159 2525 calcu-

584 2561 694 2615 lum
745 2560 930 2626 i'erre;
959 2571 1104 2616 esset
1135 2561 1380 2616 invenire
1412 2561 1593 2618 illum!
1628 2562 1844 2620 Utinam
1881 2561 1963 2618 ias
2013 2573 2160 2618 esset

584 2666 807 2707 causam
837 2653 1047 2720 dicere,
1077 2652 1271 2723 inquit,
1302 2663 1356 2709 et
1385 2655 1540 2712 adire
1583 2671 1708 2712 eum
1745 2667 1802 2712 et
1831 2657 2154 2728 intelligere,

583 2758 830 2812 quaenam
876 2745 1010 2802 mihi
1050 2747 1119 2802 ad
1162 2747 1279 2804 haec
1303 2749 1548 2804 dicturus
1579 2759 1758 2817 esset,
1791 2766 1910 2821 quae
1941 2750 2155 2807 locutu-

585 2849 681 2890 rus
729 2837 916 2890 eram!
951 2834 1149 2894 Viden‘
1183 2841 1458 2909 quomodo
1513 2856 1736 2914 compos
1787 2843 1966 2900 factus
1992 2844 2158 2900 fuerit

583 2925 720 2994 eius,
749 2929 892 2998 quod
925 2930 980 2984 in
1013 2931 1154 2988 votis
1197 2931 1479 2988 habebat?
1505 2932 1619 2990 Hoc
1641 2937 1786 2990 enim
1817 2946 2153 3006 postremum

584 3017 687 3071 fuit
725 3017 776 3072 in
819 3018 1024 3077 libello.
1070 3021 1273 3078 Vellem
1303 3025 1516 3081 discere
1561 3025 1688 3096 quid
1743 3028 1878 3082 mihi
1909 3029 2154 3084 dicturus

581 3121 751 3178 esset,
777 3121 834 3168 et
863 3129 929 3167 an
953 3114 1209 3172 similiter
1233 3118 1523 3187 punitur-us
1546 3129 1690 3177 esset
1726 3135 1833 3176 me.
1865 3119 1992 3178 Haec
2021 3135 2152 3178 vero

580 3204 715 3272 dixi,
747 3221 854 3263 non
878 3216 1138 3281 tanquam
1169 3213 1433 3270 damnans
1457 3229 1583 3270 eum
1617 3215 1915 3287 iniustitiae.

1181 3326 1334 3384 CAP.
1359 3328 1554 3386 XXIV.

667 3410 734 3468 ν.
779 3411 831 3468 6.
876 3412 1067 3470 Suavis
1095 3417 1196 3488 fuit
1229 3434 1412 3474 eorum
1461 3421 1613 3490 panis
1645 3422 1701 3477 in
1729 3424 2060 3479 recentiores.

649 3568 826 3626 Suave
859 3582 963 3639 est,
1022 3575 1219 3645 inquit,
1265 3575 1452 3647 impiis
1503 3579 1712 3635 nutrire
1753 3580 2146 3646 adolescentes,

578 3677 686 3734 quo
715 3667 924 3735 possint
948 3681 1051 3738 per
1080 3682 1176 3724 eos
1204 3667 1493 3726 violentias
1523 3669 1727 3728 facere.

1159 3833 1310 3888 CAP.
1354 3836 1449 3891 XX
1461 3835 1568 3891 VII.

718 3917 784 3972 V.
819 3920 873 3975 2.
928 3921 1058 3976 Vivit
1089 3922 1363 3994 Dominus,
1392 3931 1482 3998 qui
1527 3931 1602 3984 sie
1631 3947 1713 3986 me
1729 3933 2007 3999 judicavit.

647 4011 877 4082 Accepit
923 4024 1244 4083 potestatem
1281 4018 1534 4074 diabolus
1566 4020 1619 4073 in
1648 4020 1770 4087 Job,
1802 4034 1859 4079 et
1910 4025 2154 4080 excussit

581 4116 704 4156 eum
766 4115 926 4158 noctu
982 4121 1046 4160 ac
1095 4107 1357 4174 interdiu,
1421 4109 1655 4179 primum
1718 4129 1814 4182 per
1869 4127 2150 4186 externos,

579 4195 774 4254 deinde
803 4214 899 4268 per
931 4215 1130 4272 corpus
1164 4201 1351 4270 ipsius,
1389 4214 1576 4272 postea
1604 4208 1768 4262 etiam
1799 4224 1896 4278 per
1926 4212 2149 4266 amicos.

581 4288 811 4356 Quando
838 4291 980 4345 enim
1020 4293 1192 4361 ipsum
1241 4310 1337 4363 per
1366 4311 1594 4350 uxorem
1635 4297 1916 4368 probavit,
1947 4317 2046 4355 nec
2072 4303 2152 4354 vi-

581 4391 703 4438 ctus
739 4392 822 4438 est
848 4383 969 4449 Job,
1001 4396 1113 4442 tres
1135 4391 1338 4445 amicos
1364 4390 1587 4447 adduxit
1623 4391 1895 4459 diabolus,
1929 4411 2034 4450 non
2059 4397 2153 4448 ad-

581 4477 877 4542 versarios,
903 4492 1008 4532 non
1034 4479 1292 4536 insidiosa
1327 4482 1579 4552 dogmata
1622 4485 1906 4554 habentes,
1931 4487 2023 4540 sed
2057 4503 2150 4541 ve-

2743 549 2881 627 ,ριον
2907 549 3375 621 πεπυρωμένον.

2376 653 2556 720 Ύγιές
2587 651 2902 721 δόγμα......
2939 641 3370 716 πεπυρωμένον,
3399 641 3428 693 6
3456 637 3587 702 Θεός
3611 637 3733 710 (90).

2261 745 2372 816 (9i)
2421 745 2570 816 Στίχ.
2628 749 2741 808 κςν.
2799 731 3537 876 Εῖτιῖίυὲεῇιίρησιασθήσῃ

2335 905 2444 962 Τοῦ
2481 902 2686 959 αὐτοῦ.
2742 899 2866 953 Ἐὰν
2904 891 3250 964 ταπεινώσῃς
3299 889 3521 955 σαυτὸν,
3570 885 3821 960 ὕπομένης

2257 1000 2327 1054 τά
2351 995 2750 1070 συμϐεϐηκότα,
2781 984 3292 1059 παρῤησιασθήσῃ
3314 980 3578 1035 ἐνώπιον
3601 980 3818 1048 Κυρίου,

2261 1089 2578 1165 παρρησίαν
2608 1086 2772 1152 ἕξεις,
2797 1084 2872 1148 ὡς
2900 1080 3233 1151 ἀποθέμενος
3277 1077 3348 1130 τὰ
3378 1074 3760 1146 ἁμαρτήματα.

2318 1273 2428 1346 (92)
2459 1272 2605 1342 Στίχ.
2641 1277 2745 1340 κη’.
2794 1265 2923 1321 Ἐπὶ
2952 1263 3072 1318 τῶν
3101 1259 3256 1317 ὁδῶν
3284 1275 3408 1314 σου
3438 1257 3614 1312 ἔσται
3644 1253 3774 1324 φῶς.

2335 1367 2444 1420 Τοῦ
2489 1364 2694 1419 αὑτοῦ.
2742 1361 2867 1414 Ἐἀν
2915 1359 3160 1429 τηρήσῃς
3201 1352 3497 1408 νουθεσίαν
3546 1351 3640 1403 ἀπ’
3687 1346 3824 1419 ἐμοῦ,

2259 1461 2351 1513 κα).
2380 1456 2712 1529 ἐπιστρέψῃς
2737 1455 2830 1507 καὶ
2849 1451 3234 1522 ἐξομολογήσῃ.
3260 1445 3453 1499 Ταῦτα
3482 1443 3582 1514 μὲν
3608 1436 3696 1495 οὖν
3709 1441 3825 1513 πρὸς

2270 1551 2388 1606 Ἰὼϐ
2413 1549 2659 1619 ἐλέγετοο
2683 1547 2742 1600 οὐ
2765 1544 2987 1607 δικαίως
3014 1541 3071 1595 δὲ
3105 1541 3326 1608 ἐλέγετο
3343 1557 3354 1568 ·
3387 1537 3448 1589 οὺ
3477 1535 3588 1606 γὰρ
3609 1534 3823 1605 ἥμαρτε.

2255 1641 2400 1714 Πρὸς
2428 1641 2574 1712 ἡμᾶς
2601 1639 2658 1693 δὲ
2686 1636 2781 1692 ἐὰν
2812 1635 3056 1707 λέγηται,
3083 1629 3311 1693 δικαίως
3337 1627 3584 1698 λέγεται.

2258 1732 2368 1805 (95)
2422 1731 2569 1801 Στίχ.
2613 1735 2720 1800 κη’.
2782 1722 3276 1805 Ἁίτοκαταοςτήσῃ
3330 1720 3403 1775 δέ
3465 1735 3566 1775 σοι
3616 1717 3827 1770 δίαιταν

2837 1795 3251 1860 δικαιοσύνης.

2335 1895 2444 1948 Καὶ
2474 1891 2657 1956 ἁπλῶς
2688 1891 2858 1943 εἰπεῖν
2880 1906 2893 1919 ο
2924 1885 3174 1940 ’Ἃπασάν
3204 1901 3308 1949 σοι,
3355 1881 3517 1953 φησι,
3549 1878 3646 1952 τὴν
3676 1876 3827 1950 ἁρμό-

2263 1988 2457 2052 ζουσαν
2504 1985 2696 2056 δικαίῳ
2743 1981 2937 2054 πράξει
2969 1978 3259 2050 διαμονὴν,
3304 1974 3453 2029 ὥστε
3489 1990 3551 2027 σε
3591 1969 3825 2043 λαμπρὰς

2262 2081 2357 2134 καὶ
2388 2076 2666 2142 ἐπιδόξους
2694 2075 2836 2147 ἐχειν
2864 2073 2961 2136 τὰς
2990 2070 3237 2143 πράξεις.

2885 2235 3043 2288 ΚΕΦ.
3077 2232 3200 2286 Kl".

2261 2332 2406 2404 Στίχ.
2436 2330 2498 2401 β’.
2539 2330 2610 2385 Ἦ
2643 2327 2772 2399 χεὶρ
2823 2325 3012 2384 αὐτοῦ
3039 2322 3257 2404 ,βαρεῖα
3311 2319 3571 2392 γέγονεν
3611 2313 3699 2369 ἐπ’
3721 2309 3824 2384 ἐμῷ

2875 2411 3207 2465 στεναγμῳ.

2333 2493 2443 2565 (94)
2477 2493 2541 2545 El
2577 2491 2633 2545 δέ
2677 2489 2803 2561 ἐνῆν
2829 2531 2844 2557 ,
2889 2489 3052 2560 φησι,
3107 2484 3372 2559 παραυτά
3413 2480 3524 2536 τῶν
3570 2473 3822 2548 τιμωριῶν

2257 2587 2355 2659 τὴν
2405 2586 2586 2656 ψῆφον
2636 2582 2921 2654 φέρεσθαι,
2969 2577 3037 2653 ἦν
3087 2579 3267 2650 εὑρεῖν
3326 2576 3514 2631 αὐτόν.
3562 2571 3684 2627 Εἴθε
3714 2567 3821 2636 ἐνῆν

2256 2676 2599 2740 δικάσασθαι,
2641 2694 2714 2746 φη
2727 2675 2813 2740 at,
2855 2675 2948 2729 καὶ
2980 2673 3224 2743 ἐντυχεῖν
3257 2669 3456 2733 αὐτοῦ,
3491 2666 3586 2721 καὶ
3632 2661 3820 2735 μαθεῖν,

2257 2771 2377 2824 τίνα
2405 2765 2474 2842 ἦν
2506 2768 2542 2823 ἀ
2574 2767 2774 2839 suam
2814 2785 2903 2839 μοι
2937 2765 3074 2840 πρὸς
3119 2763 3296 2817 ταῦτα
3336 2762 3508 2835 ἐρεῖν,
3549 2756 3586 2811 ἃ
3616 2752 3821 2829 ἤμελλον

2257 2862 2453 2932 λέγειν.
2508 2862 2673 2934 Ὁρᾷς
2712 2859 2832 2924 πῶς
2876 2858 3140 2928 ἐπέτυχεν
3189 2857 3335 2928 ὅπερ
3390 2854 3630 2927 ηὖχετο;
3672 2842 3822 2901 Τοῦτο

2257 2955 2365 3026 γὰρ
2408 2954 2636 3026 ἔσχατον
2667 2953 2894 3022 γέγονεν
2925 2953 2983 3004 ἐν
3011 2950 3090 3021 τῷ
3139 2948 3352 3019 βιϐλίῳ.
3387 2944 3619 3000 Ἦθελον
3651 2937 3821 3012 μαθεῖν

2256 3047 2308 3100 τί
2353 3065 2442 3118 μοι
2469 3045 2703 3118 ἦμελλεν
2737 3047 2903 3114 ἐρεῖν,
2949 3045 3044 3098 καὶ
3075 3045 3126 3096 ει
3161 3039 3362 3113 ἔμελλέ
3396 3055 3489 3111 μοι
3521 3034 3715 3107 ὁμοίως
3742 3045 3822 3083 κο·

2256 3139 2459 3203 λὰζειν.
2504 3139 2690 3194 Ταῦτα
2719 3141 2775 3194 δὲ
2810 3134 2986 3202 εἷπον,
3016 3136 3113 3205 οὐχ
3149 3134 3224 3198 ὡς
3255 3127 3685 3227 καταγινώσκων
3717 3120 3818 3176 ἀδι-

2177 3237 2224 3302 ο
2253 3232 2398 3288 κίαν.

2865 3309 3024 3370 ΚΕΦ.
3053 3315 3180 3367 ΚΔ’.

2254 3414 2367 3488 (95)
2396 3414 2544 3485 Στίχ.
2588 3418 2661 3477 ς’.
2719 3408 2975 3474 Ἦδύνθη
3021 3401 3220 3458 αὐτῶν
3260 3401 3447 3470 ἄρτος
3497 3400 3585 3468 εις
3628 3389 3817 3453 νεωτέ-

2943 3493 3113 3544 ρους.

2331 3578 2482 3639 Ἡδὺ,
2510 3574 2662 3648 φησὶ,
2699 3574 2810 3636 τοῖς
2849 3569 3070 3623 ἀσεϐέσι
3114 3567 3174 3620 τὸ
3226 3565 3454 3638 τρέφειν
3490 3562 3814 3635 νεανίσκους,

2252 3671 2336 3742 ἐφ’
2385 3664 2430 3739 ᾧ
2477 3666 2734 3723 δύνασθαι
2788 3663 2854 3717 δι’
2903 3659 3084 3716 αὐτῶν
3130 3659 3227 3723 τὰς
3286 3659 3556 3733 ἐπηρείας
3609 3651 3815 3728 ἐργάζε-

2255 3765 2401 3818 σθαι.

2882 3847 3038 3900 ΚΕΦ.
3067 3846 3194 3898 ΚΖ¹.

2406 3944 2556 4014 Σιίχ.
2582 3941 2644 4012 β’.
2681 3940 2766 4010 Ζῇ
2800 3940 3037 4007 Κύριος,
3068 3936 3137 4003 ὃς
3166 3936 3318 3990 οὕτω
3344 3955 3426 4006 με
3453 3939 3668 4007 ἔκρινε.

2325 4035 2436 4108 (96)
2487 4032 2714 4087 Ἔλαϐεν
2759 4031 3009 4099 ἐξουσίαν
3051 4027 3144 4081 τοῦ
3189 4025 3308 4081 Ἰὼϐ
3354 4031 3386 4082 6
3417 4030 3688 4094 διάϐολος,
3735 4024 3817 4080 καὶ

2252 4129 2448 4200 ἡτασεν
2473 4127 2633 4181 αὑτὸν
2677 4125 2870 4187 νυκτὸς
2899 4122 2995 4176 καὶ
3031 4119 3246 4194 ἡμέρας
3265 4161 3279 4186 ,
3311 4124 3580 4197 πρότερον
3609 4121 3694 4176 διὰ
3719 4117 3814 4173 τῶν

2252 4218 2429 4282 ἐκτὸς,
2468 4217 2690 4287 ὕστερον
2724 4214 2792 4266 δι’
2817 4211 2980 4266 αὐτοῦ
3008 4211 3103 4264 τοῦ
3150 4212 3424 4282 σώματος,
3474 4213 3613 4285 μετὰ
3659 4207 3817 4264 ταῦτα

2254 4311 2345 4363 καὶ
2375 4308 2464 4362 διά
2485 4307 2592 4361 τῶν
2618 4305 2804 4376 φίλων.
2838 4306 2965 4357 Ὅτε
2991 4303 3100 4375 γὰρ
3131 4303 3262 4357 αὐτὸ
3295 4304 3591 4376 ἐδοκίμασε
3619 4303 3701 4357 διὰ
3726 4300 3814 4369 τῆς

2253 4398 2528 4469 γυναικὸς,
2552 4397 2644 4450 καὶ
2669 4396 2729 4448 οὐ
2763 4393 3041 4464 νενίκηται
3066 4395 3094 4445 6
3126 4392 3266 4457 Ἰὼϐ,
3289 4399 3444 4464 τρεῖς
3472 4395 3658 4464 φίλους
3678 4391 3816 4461 ἠνεγ-

2254 4509 2347 4545 κεν
2372 4490 2401 4542 6
2437 4487 2697 4551 διάϐολος,
2727 4486 2828 4539 οὐκ
2862 4484 3108 4556 ἐχθροὺς,
3153 4484 3255 4537 οὐκ
3293 4485 3558 4540 ἐπίϐουλα
3588 4485 3814 4552 δόγματα

580 4581 738 4624 races
764 4569 979 4638 quidem
1022 4587 1323 4639 sermones,
1357 4591 1464 4630 non
1498 4578 1636 4633 bene
1679 4587 1856 4633 tamen
1893 4591 1987 4634 aut
2014 4588 2152 4635 tem-

2256 4581 2503 4652 ἔχοντας,
2541 4578 2654 4632 ἀλλ’
2693 4576 2950 4648 ἀληθείας
3003 4576 3100 4647 μὲν
3141 4575 3363 4644 λόγους,
3415 4580 3478 4632 οὐ
3529 4573 3700 4636 καλῶς
3738 4569 3811 4632 δὲ,

578 4659 788 4729 pestive
836 4661 1099 4731 prolatos.
1129 4663 1506 4723 Contendebat
1555 4683 1718 4738 porro
1770 4669 2016 4726 diabolus
2053 4687 2150 4741 per

577 4753 745 4810 hosce
776 4755 982 4811 amicos
1001 4756 1238 4825 efﬁcere,
1275 4769 1334 4816 ut
1359 4758 1459 4817 Job
1486 4761 1687 4833 aliquid
1722 4762 1930 4819 diceret
1955 4775 2146 4821 contra

574 4848 1002 4919 providentiam,
1039 4851 1264 4920 impium
1293 4853 1499 4926 aliquid
1531 4857 1899 4914 committeret
1926 4871 2151 4930 propter

494 4963 502 4972 -
576 4937 880 5006 molestias,
923 4951 980 4996 et
1023 4956 1244 5011 pravum
1277 4955 1500 5014 propter
1546 4947 1790 5004 dolores.
1818 4948 1886 5002 At
1927 4961 2150 5008 sanctus

575 5027 669 5084 hic
698 5031 926 5100 athleta,
959 5048 1089 5091 vere
1119 5038 1398 5103 robustus,
1428 5038 1608 5106 fortis,
1633 5042 1855 5097 attende
1892 5044 2022 5113 quid
2066 5045 2150 5099 di-

575 5131 671 5176 cat
699 5135 822 5192 post
851 5128 1016 5182 trium
1051 5129 1268 5186 illorum
1297 5145 1596 5187 sermones.
1646 5133 1749 5189 Ubi
1776 5135 2013 5191 absolvit
2036 5136 2147 5190 Eli-

574 5210 715 5282 phaz
775 5224 886 5270 tres
945 5218 1367 5289 disputationes,
1394 5229 1452 5276 et
1503 5221 1716 5293 Sophar
1755 5225 2151 5298 disputationes

576 5304 713 5360 duas
741 5305 965 5373 (Baldad
993 5310 1391 5380 disputationes
1413 5315 1580 5386 tres):
1628 5314 2145 5387 bis,inqua‘m,abso—

577 5395 725 5462 Iutis,
761 5412 884 5451 cum
917 5399 988 5459 illi
1015 5402 1333 5473 tacuissent,
1361 5405 1482 5462 vide
1507 5406 1634 5476 quid
1659 5410 2005 5479 respondeat,
2025 5420 2147 5482 post

651 5599 765 5669 (90)
790 5599 873 5656 cr.
901 5611 938 5656 t.
975 5602 1089 5669 xu,
1117 5607 1220 5661 col.
1251 5609 1408 5664 1058.

797 5670 856 5750 In
891 5674 1011 5750 cod.
1037 5692 1130 5729 xx:
1154 5679 1418 5750 tribuitur
1460 5675 1707 5750 Polychr.

643 5741 758 5810 (92)
793 5741 956 5798 Deest
987 5748 1040 5798 in
1068 5749 1189 5800 cod.
1230 5766 1341 5803 χιι.

488 5834 535 5861 μ»
944 5832 1057 5871 ιιι.
1090 5817 1458 5893 Alius__tribnit
1487 5821 1791 5893 Olympiod.

645 5881 757 5956 (94)
789 5884 924 5944 Cod.
951 5904 1064 5944 nl.
1107 5890 1163 5944 In
1208 5889 1312 5944 alio
1357 5881 1612 5949 tribuitur
1649 5881 1876 5950 'Joanui.
1923 5893 2148 5951 Videtur

2256 4672 2377 4726 οὐδὲ
2403 4673 2461 4725 ἐν
2491 4667 2667 4740 καιρῷ
2695 4667 3152 4742 προφερομένους.
3190 4667 3300 4719 Καὶ
3327 4668 3640 4722 ἐϐουλεύετο
3658 4665 3685 4718 6
3711 4659 3813 4716 διὰ-

2257 4766 2410 4830 ϐολος
2444 4763 2534 4819 διά
2563 4765 2672 4820 τῶν
2705 4763 2871 4834 φίλων
2907 4762 3110 4816 τούτων
3137 4763 3358 4834 ποιῆσαι
3387 4765 3479 4818 τὸν
3513 4760 3629 4816 Ἰὼϐ
3657 4755 3812 4828 φθέγ-

2257 4857 2450 4926 ξασθαί
2493 4875 2548 4910 τι
2605 4856 2748 4910 κατά
2797 4855 2896 4926 τῆς
2940 4853 3222 4926 Προνοίας,
3267 4853 3535 4927 ἀσεϐῆσαι
3569 4850 3654 4906 διὰ
3695 4845 3813 4908 τοὺς

2255 4952 2480 5015 πόνους,
2527 4949 2831 5018 ἐκκακῆσαι
2857 4945 2947 5000 διὰ
2974 4945 3074 5009 τὰς
3104 4946 3422 5016 ἀλγηδόνας.
3461 4945 3596 4999 Ἀλλ’
3633 4943 3661 4995 6
3690 4939 3812 5005 ἀλη-

2247 5043 2355 5107 θῶς
2384 5043 2646 5114 ἀνδρεῖος,
2677 5041 2706 5094 6
2735 5039 3082 5112 καρτερικὸς,
3120 5040 3224 5110 ὅρα
3257 5039 3310 5092 τί
3340 5039 3486 5110 λέγει
3532 5035 3666 5108 μετά
3693 5031 3810 5090 τοὺς

2247 5134 2435 5204 λόγους
2486 5133 2592 5186 τῶν
2651 5131 2836 5203 τριῶν.
2882 5130 3011 5183 Ὅτε
3047 5129 3293 5184 ἐτέλεσεν
3335 5132 3364 5185 6
3409 5127 3631 5197 Ἐλιφάζ
3669 5120 3809 5191 τρεῖς

2244 5224 2526 5291 διαλέξεις,
2563 5225 2592 5276 6
2625 5220 2824 5293 Σωφάρ
2855 5219 2949 5273 δύο
2978 5219 3239 5286 διαλέξεις
3290 5222 3428 5293 (97)·
3474 5218 3675 5273 τούτων
3707 5208 3808 5280 γὰρ

2247 5317 2667 5388 τετελεσμένων,
2701 5313 3090 5385 σιωπησάντων
3120 5315 3362 5382 ἐκείνων,
3393 5317 3494 5388 ὅρα
3509 5312 3562 5366 τί
3591 5302 3809 5375 ἀποκρί-

2251 5429 2399 5466 νεται
2435 5410 2572 5482 μετά
2599 5410 2660 5464 τὸ
2685 5407 2973 5481 εἰρημένον
2995 5407 3090 5464 ἀπ’
3127 5408 3294 5463 αὐτοῦ
3320 5409 3619 5481 προοίμιον,
3645 5399 3806 5455 οὕτως

2257 5613 2540 5684 legendum
2569 5613 2701 5679 εἴθε,
2740 5624 2799 5668 ιιι
2827 5613 2988 5669 infra.

2322 5681 2434 5750 (95)
2463 5683 2518 5738 In
2547 5688 2669 5740 cod.
2710 5702 2820 5738 xxi.
2853 5687 3004 5739 Alius
3045 5681 3463 5752 tribuitOIymp.

2324 5755 2432 5824 (96)
2465 5755 2654 5809 Exstat
2685 5765 2722 5810 ι.
2760 5754 2874 5821 XII,
2899 5758 3002 5810 col.
3039 5754 3195 5809 1059.

2316 5815 2436 5892 Ῐ97)
2467 5824 2630 5881 Addit
2650 5827 2768 5882 cod.
2792 5815 2905 5891 xx},
2931 5829 2959 5879 ὁ
2985 5825 3188 5881 Βαλδὰδ
3215 5831 3360 5900 τρεῖς
3395 5815 3665 5884 amitino
