4012 6340
590 395 653 451 91
1476 405 2031 463 SUPI’LEMENTUM
2070 408 2162 462 AD
2198 407 2521 466 ORIGENIS
2554 409 2963 470 EXEGETICA.
3802 420 3861 481 92

595 513 687 570 Dei
707 537 723 587 ;
743 537 904 593 super
932 523 1189 596 pleraque
1213 527 1390 582 omnia
1420 528 1587 594 entia,
1619 530 1769 584 trahe
1813 531 2138 600 sapientiam

2266 537 2334 586 τά
2374 533 2505 602 ἆγια
2531 532 2624 587 τοῦ
2654 534 2812 590 Θεοῦ⁶
2846 538 2984 611 ὑπὲρ
3016 539 3193 594 πάντα
3234 525 3421 594 πολλὰ
3451 541 3608 607 ὄντα,
3645 544 3863 602 ἕλκυσον

917 704 977 762 ν.
1015 707 1104 762 21.
1149 708 1321 762 Laluit
1337 727 1540 767 omnem
1563 715 1847 771 hominem.

666 793 856 851 Latuit
895 814 1106 854 omnem
1157 800 1452 870 hominem,
1478 806 1594 861 sive
1625 813 1885 877 propheta
1928 812 2019 877 sit,
2052 813 2167 867 sive

597 888 893 954 apostolus.

1181 985 1336 1040 CAP.
1379 987 1570 1046 XXIX.

593 1086 661 1145 γ’.
704 1089 753 1145 ϐ.
798 1092 1019 1157 Quando
1044 1097 1452 1167 eﬁ'undebautur
1490 1106 1589 1159 via:
1616 1124 1745 1161 mea:
1770 1108 2011 1178 butyrum
2060 1112 2158 1183 (9).

661 1180 942 1239 Praelocuti
999 1202 1189 1244 sumus
1241 1192 1307 1247 de
1361 1195 1461 1250 viis
1494 1195 1615 1263 Job,
1649 1215 1782 1268 quas
1827 1180 2160 1270 ambulabat,

589 1285 681 1326 eas
717 1274 947 1333 virtutes
978 1278 1165 1336 fuisse.
1201 1284 1683 1344 Perfundelnintur.
1710 1308 1840 1362 ergo
1886 1298 1983 1350 vim
2018 1298 2159 1351 illius

587 1362 806 1436 butyro.
838 1369 1164 1428 Ambulabat
1196 1378 1508 1444 prudentia,
1546 1397 1611 1435 ac
1639 1389 2035 1452 quodammodo
2079 1389 2157 1442 ef-

586 1455 909 1512 fundebatur
985 1466 1295 1535 prudentia,
1327 1485 1496 1539 usque
1527 1473 1664 1528 adeo
1697 1485 1754 1530 ut
1794 1477 1940 1531 inidti
1981 1482 2155 1535 nutri-

585 1558 779 1603 rentnr
806 1552 972 1606 etiam
1009 1569 1078 1608 ex
1114 1560 1360 1624 parvulis
1387 1562 1455 1616 ab
1484 1563 1598 1631 ipsa
1633 1568 1916 1634 prudentia
1947 1568 2090 1635 Jobi,
2127 1588 2159 1628 ει

578 1638 794 1708 justitia
825 1641 968 1709 Jobi,
1002 1662 1032 1698 a
1082 1647 1431 1708 fortitudine.
1494 1656 1640 1710 Istud
1676 1660 1818 1713 enim
1865 1662 2154 1732 signiﬁcat,

585 1728 817 1797 Quando
843 1736 1250 1805 e/fundebautur
1279 1745 1373 1797 vite
1408 1763 1538 1802 mea:
1559 1750 1772 1820 butyro.

676 1825 740 1881 ν.
772 1827 823 1881 6.
858 1830 1064 1886 Montes
1100 1847 1272 1889 autem
1304 1840 1403 1892 mei
1432 1841 1893 1909 perfundebantur
1918 1848 2075 1904 lacte.

2268 621 2368 693 τὴν
2414 623 2625 693 σοφίαν.

2478 715 2625 785 Στίχ.
2651 722 2756 769 κα’,
2785 716 3014 783 Λέληθε
3063 714 3266 770 πάντα
3308 718 3662 788 ἄνθρωπον.

2338 805 2540 877 Λέληθε
2581 807 2756 861 πάντα
2801 807 3105 878 ἄνθρωπον,
3152 807 3263 863 κᾶν
3309 815 3729 892 προφήτης’ᾗ,
3766 826 3860 884 κᾶν

2265 895 2578 962 ἀπόστολος.

2885 991 3042 1046 ΚΕΦ.
3084 992 3213 1047 ΚΘ’.

2334 1103 2483 1172 Στίχ.
2524 1109 2597 1168 ς’.
2637 1104 2765 1157 Ὅτε
2793 1105 3039 1174 ἐχέοντό
3056 1126 3176 1176 μου
3202 1112 3269 1162 αὶ
3302 1108 3443 1163 ὁδοὶ
3458 1112 3785 1182 βούτυρον.

2332 1195 2746 1266 Προειρήκαμεν
2784 1197 2911 1266 περὶ
2948 1198 3056 1251 τῶν
3100 1200 3235 1253 όδῶν
3275 1201 3393 1277 τοῦ,
3427 1202 3581 1268 Ἰὼϐ,
3611 1205 3678 1268 ἀς
3699 1205 3857 1263 ὥδευ-

2263 1304 2357 1341 σεν
2388 1288 2520 1359 (10),
2554 1290 2635 1343 ὅτι
2661 1291 2851 1362 ἀρεταὶ
2870 1287 3029 1363 ἦσαν.
3069 1295 3324 1365 Ἐχέοντο
3355 1294 3458 1352 οὖν
3475 1303 3533 1353 αἱ
3568 1301 3679 1355 ὁδοὶ
3701 1304 3852 1359 αὐτοῦ

2262 1378 2527 1452 βουτύρῳ,
2554 1380 2717 1435 ὥδευε
2746 1383 2844 1455 τὴν
2872 1387 3252 1460 σωφροσύνην,
3288 1392 3393 1444 καὶ
3430 1393 3605 1446 οἱονεὶ
3625 1395 3796 1464 ἐχεῖτο
3822 1399 3851 1468 η

2261 1473 2604 1546 σωφροσύνη,
2645 1475 2722 1539 ὡς
2758 1477 2985 1543 πολλοὺς
3024 1480 3327 1551 τρέφεσθαι
3363 1484 3465 1537 καὶ
3509 1485 3624 1538 τῶν
3657 1487 3850 1557 νηπίων

2261 1563 2369 1616 ἀπὸ
2400 1564 2499 1635 τῆς
2529 1565 2882 1638 σωφροσύνης
2907 1567 3001 1621 τοῦ
3043 1568 3184 1632 Ἰὼϐ,
3222 1571 3342 1624 ἀπὸ
3377 1573 3486 1644 τῆς
3516 1573 3853 1648 δικαιοσύνης

2258 1654 2351 1707 τοῦ
2389 1655 2529 1721 Ἰὼϐ,
2572 1658 2680 1712 ἀπὸ
2714 1658 2815 1729 τῆς
2848 1660 3118 1732 ἀνδρείας.
3159 1664 3342 1718 Τοῦτο
3380 1665 3498 1738 γάρ
3527 1668 3698 1723 ἐστιν·
3725 1670 3848 1725 Ὅτε

2258 1747 2499 1817 ἐχέοντο
2522 1753 2582 1804 αἱ
2614 1750 2743 1805 ὁδοί
2757 1770 2877 1822 μου
2908 1754 3206 1823 βουτύρῳ.

2316 1839 2425 1912 (11)
2453 1842 2599 1912 Στίχ.
2640 1850 2712 1908 ς’.
2759 1845 2835 1899 Τὰ
2862 1845 2933 1898 δὲ
2964 1846 3070 1915 ὅρη
3094 1865 3214 1916 μου
3251 1848 3520 1917 ἐχέοντο
3545 1850 3811 1920 γάλακτι.

2326 1931 2466 1986 Ὅσα
2495 1928 2565 2005 ἦν
2591 1933 2769 2005 ὑψηλά
2788 1938 3035 2008 νοήματα
3060 1938 3153 1991 καὶ
3178 1940 3427 2009 μεγάλα,
3450 1941 3634 1996 ταῦτα
3662 1938 3728 2013 ἦν
3750 1942 3839 2015 ὅρη

2250 2022 2344 2076 τοῦ
2374 2023 2513 2089 Ἰὼϐ,
2549 2028 2634 2096 ἐφ’
2663 2026 2698 2081 ἃ
2730 2028 3028 2083 ἀνέϐαινεν.

648 1916 995 1989 Qua-cunque
1043 1937 1203 1980 erant
1250 1929 1505 1986 sublimia
1556 1936 1789 2007 cogitata
1815 1950 1869 1995 et
1894 1944 2147 2014 grandia,
2186 1914 2228 1971 Β

578 2004 697 2060 hac
731 2018 891 2064 erant
919 2024 1129 2070 montes
1168 2015 1292 2082 Job,
1324 2020 1378 2075 in
1408 2037 1544 2091 quos
1584 2004 1935 2087 ascendebat.

688 2099 748 2154 V.
787 2101 842 2154 7.
886 2102 1112 2167 Quando
1143 2106 1448 2168 incedebam
1477 2127 1683 2174 erectus
1710 2120 1764 2174 in
1806 2122 2038 2180 civitate.

2252 2128 2364 2201 (12)
2397 2133 2544 2204 Στίχ.
2578 2135 2642 2200 ζ’.
2680 2137 2807 2190 Ὅτε
2836 2138 3283 2210 ἐξεπορευόμην
3312 2144 3524 2212 ὄρθιος
3552 2147 3625 2199 ἐν
3652 2148 3832 2201 πόλει.

648 2193 917 2246 doctrinae
970 2200 1201 2254 vacabat
1245 2213 1301 2257 et
1347 2207 1592 2274 utilitati,
1624 2213 1876 2281 loquens,
1920 2233 2029 2271 non
2087 2230 2147 2274 ut

573 2292 763 2335 animus
800 2283 907 2351 sui,
944 2289 1038 2343 sed
1088 2300 1148 2345 ut
1177 2295 1486 2355 charitatem
1520 2300 1752 2372 habens,
1789 2322 1908 2375 qua:
1951 2312 2147 2378 quaerit

570 2388 855 2437 cominnne
878 2384 1097 2444 bonum.

890 2474 953 2529 V.
985 2476 1037 2531 9.
1069 2477 1305 2549 Digitum
1353 2483 1678 2553 impatientes
1721 2493 1822 2546 ari.

644 2561 872 2620 Videtur
900 2582 1033 2621 sane
1067 2581 1123 2624 et
1160 2573 1422 2629 indicium
1455 2593 1576 2634 esse
1614 2582 1815 2661 silentii
1838 2587 1961 2656 hoc,
1986 2589 2141 2661 Digi-

569 2657 679 2704 tum
723 2654 1042 2724 imponentes
1090 2662 1174 2714 ori
1228 2680 1345 2719 suo.
1401 2668 1587 2726 Facile
1637 2660 1817 2732 autem
1873 2681 2138 2749 declarat,

567 2743 693 2812 quia
743 2762 932 2802 manus
968 2766 1066 2820 pro
1098 2756 1353 2823 operibus
1385 2763 1673 2833 accipitur,
1703 2771 1845 2838 quod
1872 2787 2012 2841 saepe
2049 2792 2143 2831 os-

570 2836 862 2905 tendimus,
917 2843 1041 2911 quia
1076 2859 1212 2912 Opus
1260 2863 1421 2903 suum
1474 2856 1555 2908 ori
1602 2836 1981 2927 imposuerint,
2010 2881 2136 2921 sen-

569 2926 765 2983 tientes
817 2930 868 2984 in
915 2934 1113 3004 exiguo
1154 2954 1336 3009 opere,
1379 2947 1520 3013 quod
1555 2964 1662 3002 non
1680 2926 1816 3008 sunt
1864 2957 2010 3024 digni
2045 2961 2136 3030 qui

566 3018 882 3088 loquantur,
924 3041 1193 3097 praesente
1240 3031 1375 3101 Job,
1425 3038 1517 3107 qui
1563 3055 1726 3111 opera
1783 3048 1989 3119 majora
2039 3068 2134 3123 pa-

567 3112 748 3167 truvit.

671 3204 732 3259 V.
772 3205 859 3261 10.
897 3207 988 3263 Illi
1025 3229 1144 3267 vero
1179 3217 1473 3287 audientes,
1513 3223 1882 3296 beati/icabant
1924 3251 2027 3293 me.

632 3293 912 3366 Ejusdem.
946 3301 1130 3374 Usque
1160 3309 1295 3364 adeo
1328 3328 1561 3382 magnus
1598 3293 1864 3378 eratcum
1902 3329 2129 3385 necdum

559 3399 875 3454 vexaretur,
906 3404 964 3447 ut
992 3397 1085 3465 qui
1120 3413 1241 3452 eum
1270 3405 1571 3475 audissent,
1604 3412 1821 3470 beatum
1872 3423 2132 3488 pradica-

557 3475 690 3533 bant
725 3479 915 3549 illum;
950 3498 1003 3539 et
1036 3490 1474 3562 admirabantur,
1507 3515 1744 3570 quonam
1778 3513 1937 3567 modo
1980 3522 2128 3572 tanta

558 3567 812 3641 intelligit
843 3585 902 3630 et
936 3582 1371 3661 comprehendit,
1400 3604 1465 3645 ac
1503 3567 1684 3663 potest
1726 3601 2011 3659 auditores
2033 3606 2128 3676 ju-

556 3674 621 3716 va
630 3678 705 3718 re.

733 3753 802 3812 ἲ.
840 3757 928 3812 10.
958 3759 1095 3825 Quia
1125 3765 1314 3846 lingua,
1335 3788 1517 3827 eorum
1543 3780 1745 3846 gutturi
1768 3799 1951 3841 eorum

1109 3841 1445 3906 agglutinata
1467 3841 1563 3900 est:

623 3915 972 3974 Andicntium
1002 3940 1112 3988 me,
1139 3937 1194 3980 et
1225 3931 1437 3988 beatum
1468 3926 1878 4006 praidicantium
1907 3964 2131 4025 pr0pter

554 4018 617 4058 ea
650 4022 772 4076 qua:
802 4008 1088 4081 loquebar,
1123 4017 1305 4090 lingua
1334 4030 1542 4093 gutturi
1568 4008 2035 4103 agglutinatis-est:
2100 4090 2111 4099 ..

588 4096 653 4151 ν.
691 4100 774 4154 11.
807 4100 945 4167 Quia
984 4108 1228 4162 auricula
1275 4116 1498 4184 audivit,
1544 4096 1949 4197 et‘tieati/icavit
1984 4153 2086 4192 me.

626 4189 905 4259 Ejusdem.
949 4195 1106 4253 Sicut
1164 4206 1231 4257 de
1278 4205 1465 4278 Moyse
1510 4189 1928 4290 scriptuniest,
1980 4189 2125 4299 quod

549 4286 885 4340 reverebatur
906 4292 1135 4358 aspicere
1158 4307 1344 4353 contra
1378 4300 1544 4358 Deum
1572 4307 1638 4373 ⁷⁵,
1673 4286 1896 4383 propter
1937 4286 2127 4377 exces-

549 4389 668 4429 sum
699 4379 1011 4447 splencoris
1045 4385 1214 4454 ipsius
1241 4407 1256 4445 :
1287 4392 1366 4446 sic
1397 4396 1608 4466 cogites
1643 4379 1825 4474 velim,
1855 4411 1996 4477 quod
2026 4429 2125 4469 ex-

550 4478 738 4521 cessus
765 4480 883 4524 erat
909 4471 1027 4528 Jobi
1072 4477 1352 4546 proiectus
1382 4485 1436 4539 in
1468 4490 1740 4557 sapientia
1769 4514 1784 4564 ;
1811 4471 1893 4553 ita
1930 4511 1991 4558 ut
2031 4508 2121 4576 qui

547 4555 652 4625 ipsi
683 4563 1082 4631 auscultabant,
1117 4585 1221 4626 non
1253 4587 1481 4642 possent
1522 4583 1693 4637 aciem
1744 4555 2118 4654 intenderejin
2151 4606 2195 4661 D

546 4650 816 4724 fulgorem
852 4652 1187 4731 cogit‘atuum
1240 4671 1405 4728 illius.
1442 4675 1620 4749 ‘Quod
1675 4696 1798 4737 cum
1854 4701 1959 4742 non
1992 4705 2119 4758 pos-

542 4757 688 4813 sent,
719 4748 918 4806 idcirco
953 4757 1299 4818 declinabant
1328 4769 1520 4825 oculos
1547 4786 1696 4838 suos,
1737 4792 1842 4832 non
1879 4780 2117 4841 valentes

541 4848 924 4905 obsecundare
955 4852 1312 4921 profunditati
1368 4864 1719 4935 cogitationis
1772 4871 1935 4929 illius.
1977 4873 2112 4932 Pro-

540 4945 726 5007 pterea
761 4939 893 4996 dicit
918 4965 932 4999 :

673 5028 738 5088 Υ.
775 5032 861 5089 11.
897 5033 1097 5092 Oculus
1121 5051 1297 5096 autem
1327 5061 1408 5098 me
1438 5048 1616 5105 ridens
1645 5054 1967 5114 declinabat.

614 5121 812 5191 Aquila
843 5137 898 5181 et
937 5128 1320 5202 Symmachus,
1359 5137 1600 5197 Testatus
1645 5159 1718 5199 est
1750 5150 1813 5201 de
1844 5169 1945 5218 me,
1990 5158 2108 5210 edi-

540 5213 758 5269 derunt.
787 5218 1068 5291 Alii'vero,
1103 5222 1302 5280 Oculus
1343 5242 1518 5286 autem
1553 5238 1732 5294 videns
1767 5242 2066 5302 declinabat
2088 5269 2108 5305 :

540 5307 685 5376 quod
714 5316 818 5371 est,
852 5326 955 5367 non
996 5315 1174 5370 valeat
1199 5322 1595 5382 contradicere.

609 5419 656 5453 ⁷⁸
683 5420 856 5475 Exod.
894 5441 975 5490 ιιι,
1002 5428 1055 5482 6.

713 5536 882 5620 ltlhest
903 5543 1040 5597 κατὰ
1061 5544 1230 5620 Δβούτυ
1240 5564 1349 5617 ρον,
1386 5549 1592 5620 butyro.

613 5608 728 5673 (10)
761 5608 897 5665 Cod.
923 5628 1033 5679 xxn,
1056 5608 1358 5672 διώδευσεν.

754 5680 916 5760 pnus
937 5685 1075 5760 _cod.
1116 5688 1302 5760 tribuit
1329 5689 1740 5760 CVIII'YSOSIOITIO.

613 5679 696 5745 tll
765 5680 916 5736 Unus
957 5685 1075 5739 cod.
1116 5688 1302 5741 tribuit
1329 5689 1740 5760 Chrysostomo.

754 5751 910 5840 Qeest
936 5754 990 5836 i_n
1030 5756 1152 5810 cod.
1183 5774 1303 5840 χιιι..
1324 5759 1533 5840 Similia
1565 5765 1944 5840 apu_:l_(_)lymp.

750 5821 1003 5903 Pecstin
1032 5842 1142 5880 ut.
1189 5827 1463 5903 -_-A(;onfer
1499 5819 1629 5887 tom'.
1668 5819 2102 5903 xuigzbif'wsa.

637 5890 720 5961 14)
748 5891 905 5970 Deest
933 5898 986 5952 in
1030 5913 1156 5973 uno.
1189 5898 1339 5955 Initio
1365 5900 1507 5969 legas
1532 5890 1798 5973 τοσοῦτος.

2316 2225 2643 2299 Διδασκαλίᾳ
2686 2229 2944 2300 ἐσχόλαζε
2990 2236 3084 2286 καὶ
3122 2235 3391 2308 ὠφελείᾳ,
3423 2238 3605 2311 ἐρῶν,
3642 2242 3738 2310 οὐχ
3764 2241 3831 2304 ὡς

2247 2315 2523 2386 φίλαυτος,
2562 2319 2676 2373 ἀλλ’
2704 2322 2780 2387 ὡς
2808 2323 3028 2396 ἀγάπην
3069 2326 3207 2398 ἔχων
3245 2327 3533 2400 ζητοῦσαν
3582 2332 3645 2385 τὸ
3688 2337 3826 2404 κοινῇ

2248 2412 2541 2483 συμφέρον.

2281 2501 2393 2574 (15)
2425 2505 2582 2575 Στίχ.
2614 2506 2678 2559 θ’.
2709 2508 3014 2564 Δάκτυλον
3039 2511 3355 2581 ἐπιθέντες
3385 2516 3491 2569 ἐπὶ
3515 2520 3779 2587 στόματι.

2312 2596 2460 2661 Δόξει
2487 2599 2584 2668 μὲν
2610 2596 2702 2653 οὖν
2723 2602 2817 2654 καὶ
2845 2606 3066 2674 σημεῖον
3091 2601 3225 2659 εἶναι
3252 2607 3346 2671 τὸ,
3384 2608 3699 2663 Δάκτυλον
3718 2610 3824 2663 ἐπι-

2242 2685 2445 2755 θέντες
2463 2690 2560 2744 ἐπὶ
2586 2693 2832 2762 στόματι
2849 2695 3068 2759 αὐτῶν,
3101 2700 3345 2771 σιωπῆς.
3381 2702 3540 2772 Τάχα
3563 2703 3619 2756 δὲ
3649 2703 3820 2773 δηλοῖ,

2240 2778 2362 2832 ἐπεὶ
2391 2782 2562 2852 ήχεὶρ
2577 2784 2693 2837 ἀντὶ
2710 2783 2886 2855 ἔργων
2914 2784 3267 2857 λαμϐάνεται,
3296 2792 3386 2857 ὡς
3416 2794 3679 2858 πολλάκις
3697 2795 3820 2847 ἐδεί-

2240 2869 2443 2941 ξαμεν,
2501 2875 2582 2928 ὅτι
2626 2875 2688 2928 τὸ
2732 2877 2890 2949 ἔργον
2929 2880 3108 2935 αὐτῶν
3151 2883 3445 2957 ἐπέθηκαν
3484 2890 3580 2943 ἐπὶ
3637 2891 3813 2960 στόμα,

2238 2966 2617 3034 αἱσθανθὲντες
2652 2972 2710 3023 ὲν
2764 2971 2929 3043 ὀλίγῳ
2975 2972 3141 3045 ἔργῳ,
3192 2977 3273 3030 ὅτι
3336 2980 3442 3033 οὑκ
3494 2984 3635 3037 εἰσὶν
3685 2982 3812 3049 ἄξιοι

2236 3058 2330 3112 τοῦ
2373 3059 2569 3126 λαλεῖν,
2615 3065 2882 3136 παρόντος
2922 3065 3016 3120 τοῦ
3070 3067 3210 3133 Ἰὼϐ,
3259 3070 3499 3140 μείζονα
3547 3075 3681 3146 ἔργα
3726 3091 3813 3131 πετ

2237 3152 2541 3222 ποιηκότος.

2293 3243 2401 3314 (14)
2433 3245 2579 3315 Στίχ.
2613 3254 2665 3301 ι’.
2701 3251 2765 3302 Οἱ
2790 3248 2855 3301 δὲ
2881 3251 3255 3321 ἀκούσαντες
3275 3256 3757 3329 ἑμακάρισάνμε.

2308 3336 2419 3391 Τοῦ
2445 3338 2652 3392 αὐτοῦ.
2685 3339 2950 3397 Τοσοῦτον
2973 3340 3042 3416 ἦν
3066 3347 3153 3400 ὅτε
3183 3348 3409 3404 οὐδέπω
3448 3351 3805 3418 ἐϐασανίζετο,

2230 3430 2370 3484 ὥστε
2392 3432 2441 3483 ot
2462 3431 2748 3497 ἀκούοντες
2771 3435 2935 3489 αὑτοῦ
2960 3438 3295 3512 ἐμακάριζον
3328 3445 3521 3511 αὐτὸν,
3548 3446 3643 3500 καὶ
3659 3441 3805 3499 ὲθαῦτ

2233 3520 2424 3593 μαζον,
2451 3523 2571 3577 τίνα
2596 3526 2797 3596 τρόπον
2820 3525 2889 3580 τὰ
2921 3528 3158 3585 τοσαῦτα
3187 3536 3298 3587 νοεῖ
3327 3538 3432 3590 καὶ
3459 3535 3797 3608 καταλαμϐά-

2228 3631 2328 3679 νει,
2363 3616 2458 3668 καὶ
2488 3615 2710 3672 δύναται
2742 3620 2871 3683 τοὺς
2895 3621 3190 3688 ἀκούοντας
3216 3626 3474 3696 ὠφελεῖν.

2228 3799 2378 3871 Στίχ.
2406 3808 2458 3855 ι’.
2495 3801 2624 3856 Ὀτι
2660 3803 2914 3873 γλῶσσα
2948 3806 3147 3861 αὐτῶν
3182 3809 3263 3875 τῷ
3297 3813 3563 3886 λάρυγγι
3609 3811 3796 3867 αὐτῶν

2854 3876 3181 3944 ἐκολλήθη.

2888 3894 3181 3949 naM-nun.

2295 3961 2416 4016 Τῶν
2439 3963 2742 4019 ἀκουόντων
2773 3983 2873 4037 μου
2896 3969 2990 4021 καὶ
3018 3969 3436 4042 μακαριξόντων
3469 3977 3558 4045 ἐφ’
3588 3969 3668 4039 οἷς
3690 3973 3795 4032 ἑλε-

2226 4057 2393 4126 γον,ἡ
2420 4053 2641 4122 γλῶσσα
2658 4056 2737 4128 τῷ
2763 4056 2996 4129 λάρυγγι
3018 4061 3301 4135 ἐκολλήθη.

2226 4147 2349 4219 (15),
2364 4147 2512 4219 Στίχ.
2536 4155 2622 4201 ια’.
2651 4149 2771 4203 Ὅτι
2787 4151 2965 4207 ὠτίον
2976 4152 3224 4222 ἤκουσε,
3247 4156 3682 4228 καὶέμακὰρισέ
3700 4173 3788 4228 με.

2305 4237 2416 4293 Τοῦ
2443 4239 2649 4294 αὐτοῦ.
2675 4241 2885 4313 Ὠσπερ
2907 4243 3212 4315 γέγραπται
3237 4249 3366 4319 περὶ
3380 4249 3479 4303 τοῦ
3505 4249 3787 4309 Μωῦσέως,

2229 4326 2312 4380 δτι
2340 4329 2656 4397 ηὐλασεῖτο
2690 4334 3089 4404 κατεμσλέψαι
3128 4341 3496 4397 κατενώπιον
3518 4343 3622 4397 τοῦ
3648 4338 3785 4395 Θεοῦ

2227 4425 2315 4475 διὰ
2352 4421 2453 4493 τὴν
2495 4422 2799 4495 ὑπερϐολὴν
2839 4427 2937 4497 τῆς
2975 4427 3353 4501 λαμπρότητος
3400 4434 3585 4490 αὐτοῦ·
3622 4433 3786 4492 οὕτως

2222 4513 2419 4586 νοήσας
2461 4513 2572 4587 (16)
2615 4515 2702 4582 ἂν,
2737 4517 2820 4572 ὅτι
2863 4518 3138 4592 ὑπερϐολὴ
3172 4516 3241 4593 ἦν
3287 4525 3573 4598 προκοπῆς
3610 4522 3708 4593 τῆς
3735 4520 3788 4574 ἐν

2227 4607 2388 4679 σοφίᾳ
2415 4606 2510 4661 τοῦ
2551 4608 2693 4676 Ἰὼϐ,
2729 4610 2870 4665 ὥστε
2910 4612 3036 4677 τοὺς
3070 4613 3367 4680 ἀκούοντας
3394 4617 3560 4673 αὐτοῦ
3600 4617 3672 4688 μὴ
3699 4611 3786 4665 δύ-

2219 4698 2414 4753 νασθαι
2454 4702 2645 4774 ὲνορᾷν
2687 4705 2753 4775 τῇ
2789 4709 3123 4778 μαρμαρυγῇ
3150 4707 3259 4763 τῶν
3281 4711 3566 4782 νοημάτων
3597 4701 3783 4769 αὐτοῦ’,

2218 4793 2313 4845 καὶ
2346 4791 2420 4864 μὴ
2461 4792 2791 4866 δυναμένους
2817 4797 2906 4852 διὰ
2932 4798 3090 4853 τοῦτο
3115 4800 3382 4855 ἐκκλίνειν
3430 4803 3558 4865 τοὺς
3588 4796 3782 4870 ὀφθαλ-

2220 4884 2355 4954 μοὺς
2382 4884 2582 4952 αὐτῶν,
2618 4886 2691 4958 μὴ
2719 4889 3259 4962 παρακολουθοῦντας
3286 4896 3353 4965 τῇ
3376 4892 3647 4964 βαθυτάτῃ
3676 4885 3779 4961 (17)

2214 4976 2315 5046 τῆς
2342 4975 2578 5040 διανοίας
2600 4978 2785 5033 αὑτοῦ.
2816 4980 2915 5034 Διά
2939 4982 3096 5036 τοῦτο
3126 4983 3296 5054 λέγει’

2261 5067 2373 5137 (18)
2400 5068 2546 5138 Στίχ.
2580 5076 2668 5123 ια’.
2713 5070 3043 5141 Ὀφθαλμὸς
3071 5073 3137 5128 δέ
3160 5093 3238 5145 με
3267 5075 3409 5132 ἰδὼν
3426 5077 3751 5143 ἐξέκλινεν.-

2300 5162 2358 5213 Ὁ
2384 5160 2483 5230 μὲν
2510 5161 2738 5225 Ἀκύλας
2766 5165 2860 5217 καὶ
2878 5164 3194 5237 Σύμμαχος,
3238 5170 3633 5239 Ἐμαρτύρησε
3650 5161 3775 5231 περὶ

2216 5250 2382 5320 ἐμοῦ,
2414 5251 2786 5304 ἐκδεδώκασιν·
2825 5252 3003 5326 ἕτεροι
3028 5257 3103 5321 δὲ,
3159 5261 3491 5331 Ὀφθαλμὸς
3530 5258 3597 5312 δὲ
3642 5253 3791 5310 ἰδὼν-

2213 5338 2541 5404 sagum,
2563 5341 2681 5395 ἀντὶ
2712 5341 2826 5395 τοῦ·
2864 5346 2977 5399 Οὐκ
3006 5348 3320 5423 ἰσχύω(18“)
3348 5353 3633 5407 ἀντειπεῖν.

2291 5570 2403 5640 (15)
2437 5572 2590 5630 Deest
2629 5577 2680 5630 in
2707 5579 2827 5632 cod.
2858 5597 2967 5635 ut.

2427 5643 2470 5727 Ε
2475 5656 2594 5727 orte
2613 5648 2884 5727 νοησειας,
2920 5654 3001 5708 vel
3033 5655 3270 5727 νοήσαις.

2424 5713 2603 5791 Forte
2621 5711 2902 5791 βαθύτητι.

2507 5781 2632 5862 cond:
2661 5804 2772 5853 xxi,
2812 5781 3024 5862 '(llymp.

2283 5852 2416 5924 (Ην)
2444 5857 2526 5911 Au
2563 5858 2736 5931 ἴσχυε,
2764 5852 3010 5923 valebat?
