4012 6340
244 410 304 456 ω
1452 409 1987 466 ΕΝΑΒΒΑΤΞΟΝΕδ
2022 411 2086 464 IN
2123 411 2262 466 JOB.
3394 419 3460 474 ω

247 521 344 595 (19)
377 529 522 601 Στίχ.
553 531 644 586 ιϐ’.
672 531 1066 618 Διέσωσαοτὰρ
1091 536 1332 614 πτωχὸν
1367 535 1437 587 ἐκ
1469 532 1667 601 χειρὸς
1694 532 1797 586 δυ-

1945 533 2008 588 V'.
2055 533 2141 589 1:].
2185 533 2398 588 διιέναιιὶ
2437 535 2574 587 enim
2610 551 2883 605 pauperem
2909 537 2973 592 de
2997 555 3157 594 manu
3179 541 3426 607 potentis.

880 619 1134 658 ναστου.

314 693 532 764 ἰδωιιιεν
562 692 725 746 αὑτοῦ
768 692 836 746 τὰ
868 693 1357 765 ἀνδραγαθήματα,
1393 694 1488 748 καὶ
1533 693 1798 747 ἁπλώσω-

251 803 357 859 μεν.
387 787 491 840 Καὶ
517 787 659 839 κατὰ
686 787 747 839 τὸ
775 785 936 858 ῥητὸν
962 785 1074 856 ἔχει
1118 786 1273 854 λόγον
1313 785 1472 838 τοῦτο
1492 827 1506 849 ,
1553 787 1646 839 καὶ
1681 786 1799 838 κατ’

1978 698 2261 751 Videamus
2289 697 2434 752 illius
2475 697 2635 751 fortia
2679 697 2837 759 facta,
2887 711 2942 752 et
2989 700 3344 768 explicemus.
3402 702 3464 755 Et

1901 793 1964 845 ad
1995 793 2224 844 litteram
2250 792 2350 845 hoc
2378 787 2773 842 rationabiliter
2795 789 2962 857 accipi
2990 801 3181 858 potest,
3211 803 3264 844 et
3298 793 3462 844 multo

249 880 514 950 ἀναγωγὴν
567 878 677 948 ἔχει
707 877 886 949 πολλῷ
921 878 1119 949 μᾶλλον
1165 879 1480 949 ἑρμηνείαν.
1536 879 1694 932 Κατὰ
1740 880 1797 932 τὸ

1904 885 2076 953 magis
2112 884 2404 953 anagogice
2439 881 2724 947 explicari.
2778 883 2860 934 Ad
2909 883 3157 943 litteram,
3195 899 3292 952 pro
3328 885 3462 938 viri—

246 972 413 1044 ῥητὸν,
443 973 541 1042 ὅση
570 971 815 1043 δύναμις,
844 972 1132 1042 ὀφείλομεν
1163 971 1376 1041 βοηθεῖν
1398 975 1511 1036 τοῖς
1541 974 1798 1043 πτωχοῖς,

247 1063 342 1116 ὑπὸ
368 1063 472 1116 τῶν
492 1063 732 1117 δυνατῶν
765 1064 1411 1134 καταδυναστευομένοις.

641 1159 788 1228 Στίχ.
820 1165 898 1211 ιε’.
923 1156 1084 1224 Ποῦς
1103 1156 1169 1210 δὲ
1201 1155 1390 1226 χωλῷ.

304 1250 464 1314 Αὐτὸς
485 1251 768 1322 ἐχαρίζετο
785 1251 880 1303 καὶ
904 1252 1016 1312 τοῖς
1040 1249 1453 1320 κεχωλωμένοις
1473 1249 1571 1312 τὰς
1593 1248 1798 1320 βάσεις,

244 1341 327 1412 τῆς
349 1341 523 1412 ψυχῆς
553 1341 718 1405 πόδας
736 1359 750 1371 ο
781 1341 877 1393 καί
915 1339 994 1410 τῷ
1025 1339 1168 1409 λόγῳ
1200 1339 1410 1406 ἐγίνετο
1437 1339 1594 1404 αὐτὸς
1623 1339 1800 1392 αὐτῶν

244 1449 381 1496 πους.

241 1524 340 1595 (20)
372 1525 513 1594 Στίχ.
549 1533 644 1590 ις’.
668 1526 852 1592 Δίκην
875 1524 944 1578 δὲ
972 1522 1050 1592 ἢν
1079 1526 1191 1577 οὐκ
1222 1523 1392 1593 ᾔδειν
1411 1563 1424 1587 ,
1461 1523 1797 1591 ἑξιχνίασα.

302 1616 542 1671 Διδάσκει
569 1619 717 1689 ἡμᾶς
762 1617 881 1681 πῶς
907 1616 987 1668 δεῖ
1013 1615 1274 1679 δικάζειν,
1333 1615 1428 1668 ἐάν
1481 1631 1612 1668 ποτε
1665 1613 1799 1683 κλη-

235 1707 406 1779 θῶμεν
431 1711 523 1762 ὲπὶ
550 1709 759 1764 δίαιταν
789 1707 1056 1777 ἀδελφῶν,
1085 1707 1225 1761 ὥστε
1265 1707 1538 1777 διαιτῆσαι
1577 1705 1645 1758 τὰ
1684 1707 1800 1758 κατ’

229 1801 440 1866 αὐτούς.

856 1893 1013 1944 ΚΕΦ.
1048 1891 1170 1945 ΛΒ¹.

1900 977 2003 1032 bus
2031 977 2292 1030 debemus
2320 990 2476 1044 opem
2512 973 2652 1028 ferte
2669 974 3018 1043 pauperibus,
3039 975 3129 1043 qui
3152 977 3464 1043 Opprimun-

1903 1078 1989 1124 tur
2017 1083 2047 1122 a
2075 1069 2406 1138 potentibus.

2289 1160 2469 1214 v.15.
2511 1159 2608 1214 Pes
2651 1170 2824 1213 autem
2865 1160 3076 1228 ciaudo.

1970 1252 2086 1323 Ipse
2142 1253 2479 1325 largiebatur
2550 1254 2711 1306 etiam
2787 1252 3216 1306 claudicantibus
3273 1254 3463 1318 bases,

1902 1345 2098 1399 anima:
2134 1346 2298 1414 pedes
2325 1357 2341 1397 :
2371 1353 2427 1398 et
2455 1343 2704 1398 sermone
2736 1355 2858 1398 erat
2885 1343 3000 1411 ipse
3033 1358 3129 1412 pes
3162 1343 3394 1398 illorum.

1905 1533 1969 1586 V.
2006 1533 2092 1586 16.
2141 1531 2310 1586 Litem
2343 1549 2461 1587 vero
2489 1548 2646 1601 quam
2685 1547 2790 1585 non
2835 1547 3098 1607 noreram,
3141 1531 3461 1598 investigavi.

1973 1623 2139 1677 Docet
2176 1639 2274 1678 nos
2300 1625 2569 1692 quomodo
2587 1633 2836 1692 oporteat
2861 1624 2951 1694 jus
2985 1624 3190 1688 dicere,
3225 1623 3269 1676 si
3299 1637 3470 1690 quan-

1905 1716 1972 1770 do
2005 1731 2257 1770 vocemur
2285 1717 2351 1768 ad
2377 1716 2663 1769 arbitrium
2700 1716 2953 1775 fratrum,
3005 1730 3111 1783 quo
3159 1715 3471 1783 judiceutus

1907 1807 2117 1876 negotia
2141 1821 2349 1860 eorum.

2483 1898 2635 1951 CAP.
2689 1897 2898 1951 XXXII.

217 1984 374 2054 Στίχ.
401 1983 608 2054 α’.)Καὶ
648 1984 954 2054 ἐπαύσατο
991 1983 1112 2036 Ἰὼϐ
1127 1983 1413 2054 ῥήμασιν.
1462 1981 1797 2054 Ἡσρχαοξαν

1911 1987 1971 2039 ν.
2034 1988 2086 2040 1.
2146 1987 2211 2039 Et
2271 1989 2484 2039 cessat-it
2533 1988 2633 2040 Job
2684 1990 2849 2040 verbis
2887 2002 2904 2038 :
2943 1991 3245 2054 quiuerunt
3284 2000 3459 2042 autem

285 2047 362 2122 δὲ
400 2053 501 2108 καὶ
524 2057 576 2106 οἱ
617 2053 776 2120 τρεῖς
807 2055 967 2122 φίλοι
995 2047 1182 2106 αὐτοῦ
1207 2047 1296 2104 ἔτι
1325 2047 1628 2122 ἀντειπεῖν
1660 2047 1798 2102 Ἰὼϐ.

279 2121 415 2179 Ἠν
444 2123 554 2192 γὰρ
594 2124 727 2176 Ἰὼϐ
741 2120 965 2188 δίκαιος
995 2122 1274 2174 ἐναντίον
1301 2120 1516 2174 αὐτῶν.

292 2213 416 2281 Οὐχ
445 2213 630 2276 ἁπλῶς
658 2213 949 2268 ἐπαύσατο.
976 2213 1186 2284 Καρδία
1215 2214 1268 2265 δὲ
1305 2209 1371 2283 ἦν
1409 2211 1572 2266 αὐτοῦ
1608 2210 1802 2264 νοοῦσα

195 2304 286 2358 τὰ
317 2305 461 2370 Θεῖα,
505 2307 604 2358 οὐκ
651 2306 944 2360 ἐπαύσατο.
993 2307 1134 2376 Ἤδη
1169 2306 1276 2376 γὰρ
1317 2305 1506 2376 καιρὸς
1532 2305 1608 2376 τῷ
1641 2307 1801 2358 παντὶ

201 2399 510 2471 πράγματι
541 2400 644 2452 ὑπὸ
681 2400 773 2452 τὸν
827 2399 1084 2471 οὐρανὸν,
1134 2397 1324 2469 καιρὸς
1367 2396 1460 2449 τοῦ
1519 2398 1674 2466 σιγᾷν
1708 2396 1799 2450 καὶ

204 2493 412 2563 καιρὸς
438 2492 533 2545 τοῦ
563 2493 762 2545 λαλεῖν.
794 2493 918 2546 Ὅτε
946 2488 1040 2545 οὖν
1069 2492 1256 2563 καιρὸς
1279 2489 1372 2542 τοῦ
1400 2489 1795 2560 ἀποκρίνασθαι

208 2586 359 2656 πρὸς
385 2587 512 2649 τοὺς
536 2589 702 2657 τρεῖς,
738 2585 937 2654 ἔλεγεν·
968 2587 1058 2638 ὅτε
1082 2581 1149 2655 ἦν
1177 2584 1388 2655 καιρὸς,
1427 2581 1563 2653 μετὰ
1599 2583 1660 2634 τὸ
1678 2583 1797 2637 ἐπι-

213 2676 476 2745 στομίσαι
523 2676 716 2738 αὐτοὺς
737 2715 751 2738 ,
793 2676 1036 2745 ἐσίγησε.
1068 2676 1178 2729 Καὶ
1217 2670 1369 2744 οἶμαι
1392 2675 1449 2725 ὲν
1472 2671 1680 2743 ἐπαίνῳ
1712 2671 1798 2726 λέ-

211 2766 412 2830 γεσθαι
443 2767 526 2830 τὸ,
563 2767 900 2821 Ἐπαὺσατο
925 2769 957 2819 ό
999 2764 1145 2820 Ἰὼϐ.

215 2861 366 2931 Στίχ.
401 2859 466 2924 ζ’.
499 2858 597 2931 Att)
647 2858 954 2931 ἡσύχασα,
987 2857 1262 2931 φοϐηθεὶς
1295 2857 1418 2931 τοῦ
1449 2856 1590 2931 ὑμῖν
1616 2857 1799 2926 ἀναγ-

430 2929 622 3000 γεῖλαι
649 2928 763 2997 τὴν
798 2928 1056 2998 ἐμαυτοῦ
1089 2929 1428 2996 ἐπιστήμην
1451 2927 1585 2998 (21).

297 3023 636 3094 Ἑπιστήμην
660 3020 794 3092 ἔχει,
827 3019 942 3084 πῶς
972 3019 1248 3092 ἄνθρωποι
1271 3022 1574 3090 πάσχουσι·
1611 3017 1701 3072 διὰ
1741 3019 1795 3071 τί

217 3115 495 3187 ἄνθρωποι
527 3115 584 3167 ὲν
607 3113 958 3186 περιστάσεσι
981 3129 1120 3166 τισιν
1142 3113 1199 3165 ἐν
1222 3111 1299 3183 τῷ
1322 3111 1421 3184 βίῳ
1445 3110 1620 3181 τούτῳ
1655 3110 1797 3181 μόνῳ

1977 2068 2134 2110 etiam
2167 2073 2271 2109 tres
2296 2057 2450 2108 amici
2473 2057 2584 2124 ejus
2612 2059 2782 2109 adhuc
2814 2060 3118 2125 respondere
3162 2057 3284 2112 Job.
3327 2057 3461 2111 Erat

1978 2130 2114 2180 enim
2149 2127 2244 2179 ,ιυι
2263 2127 2444 2194 justus
2478 2143 2650 2178 coram
2681 2127 2804 2178 illis.

1975 2218 2089 2272 Non
2127 2219 2375 2272 absolute
2419 2219 2672 2271 cessavit.
2708 2217 2844 2272 Cum
2896 2220 3038 2271 enim
3088 2234 3175 2272 cor
3237 2221 3466 2273 hahert-t

1903 2311 2207 2380 recogitans
2238 2310 2448 2374 divina,
2483 2325 2588 2361 non
2625 2311 2881 2361 cessavit.
2917 2309 3039 2363 Jan:
3081 2312 3224 2362 enim
3267 2320 3465 2375 tempus

1901 2403 2043 2455 omni
2078 2401 2151 2452 rei
2185 2400 2281 2452 sub
2325 2398 2498 2453 ctelo:
2535 2407 2742 2464 tempus
2790 2400 2997 2450 tacendi
3053 2411 3098 2452 et
3143 2409 3340 2466 tempus
3385 2401 3468 2450 lo-

1899 2494 2178 2556 quendi".
2211 2492 2442 2558 Quando
2487 2491 2651 2560 igitur
2681 2499 2894 2558 tempus
2940 2501 3058 2545 erat
3107 2489 3470 2560 respondendi

1902 2587 2072 2642 tribus
2109 2586 2236 2651 illis,
2268 2584 2628 2654 loquebatur:
2664 2584 2877 2652 quando
2904 2581 3007 2636 fuit
3039 2592 3270 2649 tempus,
3315 2591 3472 2651 post-

1898 2694 2060 2749 quam
2093 2679 2472 2733 obmutescere
2497 2689 2592 2728 eos
2625 2673 2774 2738 fecit,
2807 2674 2977 2728 siluit.
3010 2674 3086 2728 Ac
3117 2683 3249 2743 puto
3278 2674 3344 2727 ad
3376 2689 3473 2726 en-

1897 2772 2131 2827 comium
2162 2770 2263 2823 dici
2299 2767 2452 2831 illud,
2487 2766 2720 2820 Cessavit
2758 2764 2883 2819 Job.

1936 2864 2000 2920 ν.
2038 2864 2090 2918 ’1.
2136 2862 2425 2931 Propterea
2447 2860 2637 2941 quievi,
2665 2861 2862 2913 ueritus
2909 2869 2964 2912 ut
3007 2859 3147 2912 vobis
3179 2859 3432 2928 referrent

2432 2943 2697 2984 εειεηιιαιιι
2751 2946 2938 2983 nteant.

1969 3021 2482 3092 Scientiamjtabet,
2515 3021 2790 3089 quomodo
2845 3020 3092 3076 homines
3143 3021 3466 3091 patiantur;

1900 3136 1997 3174 cur
2024 3119 2273 3175 homines
2299 3118 2351 3171 in
2379 3113 2783 3170 calamitatibus
2807 3114 3126 3183 quibusdam
3159 3114 3211 3168 iu
3236 3115 3337 3169 hac
3356 3115 3468 3170 vita

221 3209 476 3278 γίνονταιο
523 3208 636 3260 ὅσοι
685 3206 855 3261 ἄδικοι
880 3205 1032 3270 ὄντες
1076 3203 1412 3276 εὐτυχοῦσιν.
1454 3203 1634 3258 Εἶδον
1669 3201 1796 3256 ἁδι-

1901 3213 2014 3267 sola
2049 3213 2158 3266 sint
2189 3229 2204 3278 ;
2253 3219 2385 3282 quot.
2413 3207 2594 3276 injusti
2629 3223 2748 3262 cum
2783 3209 2914 3270 sint,
2948 3205 3181 3260 feliciter
3222 3205 3469 3260 fortuna-

223 3303 481 3367 κοῦντας
511 3300 610 3354 καὶ
641 3300 1153 3369 παρανομοῦντας,
1196 3299 1294 3352 καὶ
1321 3299 1467 3367 ἐμοῦ
1513 3297 1671 3364 παρὰ
1704 3314 1798 3364 μι-

224 3395 368 3464 κρὸν
385 3395 811 3462 ὲσαλεύθησαν
829 3396 882 3446 οἱ
909 3393 1109 3459 πόδες.
1156 3393 1276 3446 Ἐὰν
1308 3394 1366 3446 ὲν
1388 3390 1466 3462 τῷ
1503 3390 1602 3462 βίῳ
1624 3389 1798 3458 τούτῳ

230 3485 382 3556 μόνον
431 3485 612 3550 ὲνίδω,
659 3487 794 3554 παρ’
817 3485 1024 3554 ὀλίγον
1055 3485 1309 3554 ἐξεχύθη
1355 3483 1426 3538 τὰ
1469 3480 1799 3552 διαδήματὰ

219 3600 357 3652 μου,
821 3592 868 3621 1,

393 3674 544 3745 Στίχ.
575 3680 625 3726 ι’.
661 3675 783 3744 Οὐχ
806 3677 860 3728 oi
880 3673 1269 3741 πολυχρόνιοι
1288 3673 1406 3723 εὶονι
1435 3669 1633 3738 σοφοί.

287 3765 398 3837 (22)
423 3766 499 3819 οὐ
528 3765 637 3836 γὰρ
670 3765 904 3836 ἀνάγκη,
932 3765 1087 3834 φησὶ,
1119 3762 1246 3824 τοὺς
1271 3759 1582 3832 πρεσϐύτας
1609 3757 1800 3829 μόνους

222 3853 359 3911 εἶναι
393 3857 620 3927 σοφούς
661 3855 776 3909 ἀλλ’
808 3855 924 3908 ἐστι
950 3855 1045 3908 καὶ
1077 3854 1185 3906 ἀπὸ
1208 3852 1459 3922 νεότητος
1484 3848 1714 3905 ἀκοῦσαί
1747 3867 1798 3901 τι

221 3953 485 4020 γενναῖον.
518 3950 580 4003 Εἰ
608 3951 716 4024 γὰρ
754 3949 944 4022 χρόνος
967 3948 1113 3999 ποιεῖ
1140 3945 1354 4013 σοφοὺς,
1389 3942 1568 4014 πολλῷ
1601 3941 1798 4014 μᾶλλον

221 4044 371 4110 Θεός.

219 4136 364 4206 Στίχ.
401 4142 492 4206 ιη’.
524 4134 749 4190 Ὠλέκει
777 4133 888 4204 γάρ
909 4149 986 4202 με
1011 4131 1078 4185 τὸ
1099 4128 1336 4199 πνεῦμα
1365 4126 1473 4197 τῆς
1513 4127 1792 4198 γαστρός.

286 4230 398 4299 (25)
425 4230 730 4299 ’Ὢσπερτις
746 4227 940 4296 ἔγκυος
955 4227 1182 4295 γίνεται,
1198 4224 1292 4276 καὶ
1314 4223 1686 4296 μορφωθέντος
1700 4221 1794 4276 τοῦ

220 4322 562 4392 γεννωμένου
591 4322 648 4375 ἐν
680 4319 828 4390 αὐτῷ
856 4319 989 4390 (24),
1011 4318 1104 4371 ἐπὶ
1135 4318 1327 4381 ὠδῖνας
1345 4317 1580 4389 ἔρχεται,
1607 4316 1798 4387 μέχρις

221 4406 278 4465 οὗ
329 4412 678 4482 ἀπογεννήσῃ
726 4407 884 4462 τοῦτο
919 4408 947 4461 ὃ
979 4408 1238 4480 πρότερον
1288 4407 1591 4476 συνείληφε·
1626 4405 1798 4460 τοιοῦ-

221 4505 307 4557 τόν
328 4505 382 4557 τί
411 4520 503 4574 μοι
531 4503 641 4556 νόει
663 4500 918 4570 γενέσθαι
945 4499 1054 4572 (25)
1083 4501 1178 4552 καὶ
1215 4501 1307 4552 ἐπὶ
1328 4499 1427 4570 τῆς
1449 4497 1542 4552 τοῦ
1567 4498 1795 4569 φιλομα-

1901 3316 2060 3375 teque
2095 3314 2279 3374 agant.
2321 3301 2439 3356 Vidi
2464 3311 2648 3355 contra
2666 3301 2936 3369 justitiam
2967 3311 3014 3354 et
3050 3300 3212 3370 legem
3234 3311 3466 3371 agentes,

1898 3407 1944 3448 et
1985 3396 2084 3448 mei
2119 3393 2496 3464 propemodum
2530 3390 2659 3443 moti
2695 3398 2815 3442 sunt
2857 3391 3012 3458 pedes
3039 3391 3106 3442 ⁷⁷.
3159 3389 3217 3444 Si
3265 3391 3316 3444 in
3362 3392 3468 3446 hac

1900 3489 2007 3541 vita
2055 3489 2314 3542 duntaxat
2349 3485 2655 3554 inspiciam,
2720 3491 3097 3554 propemodum
3145 3483 3298 3546 eﬂ'usi
3345 3490 3471 3537 sunt

1899 3595 2106 3650 gressus
2137 3581 2237 3633 mei
2259 3579 2325 3634 τε.

2071 3668 2134 3722 ν.
2180 3669 2270 3723 10.
2302 3667 2428 3720 Non
2473 3665 2564 3736 qui
2598 3662 2821 3730 longaevi
2859 3669 2980 3714 sunt
3019 3660 3297 3727 sapientes.

1973 3758 2088 3814 Non
2115 3761 2258 3815 enim
2294 3773 2517 3815 necesse
2566 3764 2674 3824 est,
2704 3755 2900 3824 inquit,
2951 3761 3008 3807 ut
3053 3766 3212 3807 senes
3235 3750 3332 3806 soli
3358 3751 3472 3806 sint

1902 3854 2214 3921 sapientes;
2241 3853 2334 3908 sed
2370 3852 2498 3906 licet
2525 3849 2688 3905 etiam
2738 3850 2805 3903 ab
2839 3849 3123 3918 jnveutute
3153 3845 3340 3900 audire
3370 3845 3470 3900 ali-

1901 3947 2032 4014 quid
2061 3958 2405 4014 generosum.
2455 3944 2512 4000 Si
2567 3944 2712 3998 enim
2767 3954 2980 4011 tempus
3013 3940 3286 4010 sapientes
3315 3939 3470 4006 facit,

1899 4037 2067 4091 multo
2085 4037 2251 4106 magis
2270 4037 2424 4092 Deus.

2008 4127 2071 4183 V.
2107 4129 2192 4186 18.
2221 4128 2538 4184 Perdiderat
2577 4128 2716 4182 enim
2755 4144 2836 4182 me
2880 4127 3096 4196 spiritus
3141 4127 3356 4182 uentris.

1971 4222 2124 4278 Sicut
2153 4226 2398 4292 quautam
2454 4222 2676 4294 gravida
2732 4220 2810 4284 ﬁt,
2849 4229 2904 4274 et
2949 4219 3181 4274 formato
3230 4218 3362 4274 ΐωιιι
3411 4220 3466 4276 in

1899 4315 2015 4384 ipsa
2064 4315 2130 4369 ad
2187 4315 2419 4370 tormina
2475 4315 2646 4380 venit,
2702 4330 2874 4383 usque
2921 4315 3044 4368 dum
3103 4313 3282 4381 pariat
3323 4314 3467 4381 quod

1899 4409 2050 4478 prius
2074 4418 2443 4478 conceperat;
2477 4408 2582 4464 tale
2611 4409 2742 4479 quid
2775 4416 2832 4462 tu
2871 4407 3001 4460 mihi
3034 4404 3324 4472 contigisse
3365 4417 3464 4457 co-

1901 4500 2032 4570 gita,
2081 4509 2133 4554 et
2179 4500 2231 4554 in
2273 4497 2456 4555 anima
2512 4501 2818 4557 doctrinam
2869 4499 3164 4568 diligentis.
3221 4493 3470 4563 Concipit

223 4597 343 4662 θοῦς
361 4562 562 4668 ψυχῆς.
591 4562 960 4667 Συλλαμδάνει
991 4562 1102 4664 γάρ
1133 4590 1222 4646 τὸν
1251 4562 1490 4661 λόγοννὸν
1520 4562 1797 4658 ἀτιαγγελ-

1900 4590 2042 4644 enim
2071 4605 2399 4656 sermonem,
2428 4607 2585 4660 quem
2618 4591 2956 4648 enuntiatum
2981 4587 3229 4643 eﬂ‘ormat
3251 4598 3304 4642 et
3325 4587 3468 4655 ﬁgu—

223 4688 441 4759 λόμενον
474 4691 672 4760 μορφοῖ
699 4688 792 4741 καὶ
813 4691 974 4740 τυποῖ
1010 4687 1174 4740 αὐτὸν
1211 4687 1272 4755 τῇ
1299 4683 1466 4749 τάξει.
1503 4682 1618 4734 ”Οτ’
1648 4679 1712 4734 ἂν
1739 4680 1795 4732 δὲ

229 4783 358 4855 μετά
376 4783 440 4835 τὸ
473 4781 722 4836 τυπῶσαι
746 4783 838 4836 καὶ
860 4781 1144 4853 μορφιῖηαι
1164 4777 1324 4831 αὐτὸν
1345 4777 1559 4846 ἕτοιμον
1581 4773 1798 4843 γενόμε-

227 4889 330 4935 νον,
361 4873 436 4944 μὴ
456 4871 530 4935 ὡς
552 4871 813 4943 ἕκτρωμα
844 4871 1125 4940 ἀνέτοιμον
1154 4867 1248 4921 καὶ
1270 4864 1453 4927 ἀτελὲς
1477 4861 1752 4934 παραδιδῷ
1777 4903 1791 4924 ,

230 4964 333 5017 ἀλλ’
358 4965 434 5028 ὡς
461 4963 858 5035 ⁴ιελειιφορηθῖεν
894 4965 986 5017 καὶ
1021 4957 1434 5029 τετελειωμένον
1460 4955 1667 5026 εἴποιμι
1707 4957 1806 5012 ἄν..

231 5053 334 5126 ('26)
371 5055 520 5125 Στίχ.
564 5054 648 5108 ιϐ’.
707 5055 768 5109 Ἠ
813 5053 881 5108 δὲ
929 5053 1158 5126 γαστήρ
1176 5070 1314 5126 -μου
1363 5049 1565 5116 ὥσπερ
1603 5047 1793 5114 ἀσκὸς

598 5127 894 5195 γλεύκους
927 5121 1066 5185 ζέων
1096 5121 1434 5192 δεδεμένος.

292 5219 446 5272 Δοκεῖ
483 5236 574 5290 μοι
605 5217 856 5271 ἐντεῦθεν
880 5217 1126 5290 εἰρῆσθαι
1153 5217 1213 5270 τὸ
1252 5219 1310 5269 ἐν
1341 5214 1420 5286 τῷ
1460 5213 1788 5284 Εὑαγγελίῳ·

321 5359 368 5398 ’⁸
395 5363 567 5419 Eccle.
594 5375 680 5426 ιιι,
713 5359 769 5423 1,
807 5358 860 5411 7.
939 5357 982 5388 "
1009 5357 1151 5412 Psal.
1181 5371 1352 5424 Lxstl,
1373 5355 1430 5409 2.
1506 5355 1565 5386 ⁷⁸
1589 5354 1718 5409 ibid.

297 5557 403 5626 (i9)
429 5559 592 5614 Deest
633 5558 687 5612 in
720 5573 834 5612 ut.

322 5628 409 5696 20)
444 5629 576 5684 Vide
605 5626 917 5698 Olympiod.

315 5692 402 5768 21)
432 5700 616 5769 Aquil.
643 5692 700 5755 et
725 5692 961 5761 Theod.,
997 5692 1221 5763 γνῶσιν.
1249 5722 1316 5733 -
1354 5693 1556 5749 Confer
1602 5700 1640 5748 t.
1680 5692 1792 5756 XII,

241 5769 874 5911 “liii‘génreronmp.
909 5845 961 5892 et
999 5833 1144 5907 orig.
1205 5844 1243 5891 ι-
1278 5833 1317 5890 ιι
1368 5834 1543 5907 (Ρατν-
1585 5845 1622 5888 ε·
1656 5833 1795 5903 “lt

1899 4691 1984 4735 rat
2011 4682 2224 4737 ordine.
2257 4683 2482 4749 Quando
2509 4693 2710 4748 autem,
2743 4693 3029 4752 postquam
3064 4680 3367 4735 eﬂormavit
3409 4689 3467 4734 et

1897 4771 2154 4843 ﬁguravit
2197 4788 2320 4827 eum
2369 4774 2526 4838 edit;
2561 4774 2686 4842 quia
2714 4787 2987 4844 paratum,
3045 4791 3152 4832 non
3208 4783 3465 4841 tanquam

1896 4865 2205 4922 abortivum
2255 4866 2583 4937 imparatum
2615 4881 2678 4922 ac
2711 4867 3088 4939 imperfectum
3122 4868 3320 4931 tradat,
3369 4865 3462 4921 sed

1896 4965 1956 5014 ut
1987 4957 2292 5013 absolutum
2323 4958 2750 5030 perfectumque,
2797 4976 2895 5030 ego
2925 4961 3182 5014 dixerim.

1902 5048 1966 5103 ν.
2021 5047 2110 5103 19.
2175 5046 2365 5104 Venter
2410 5059 2584 5120 autem
2615 5066 2788 5115 meus,
2818 5062 3068 5120 tanquam
3110 5057 3227 5102 uter
3275 5049 3459 5118 musti,

2459 5119 2662 5188 fervens
2687 5121 2906 5189 ligatus.

1973 5211 2194 5267 Videtur
2238 5212 2366 5267 mihi
2419 5211 2544 5266 hinc
2590 5212 2794 5268 dictum
2831 5211 2962 5266 illud
3009 5210 3061 5264 in
3114 5209 3409 5286 Evangelia
3439 5231 3459 5271 ς

1894 5551 1999 5605 col.
2031 5549 2184 5605 1040.

1965 5620 2078 5692 (25)
2103 5622 2269 5692 aliter
2293 5622 2412 5692 loco
2440 5622 2625 5675 citato.

1964 5690 2079 5756 (‘24)
2120 5690 2278 5746 Forte
2307 5690 2464 5760 αὐτῇ.

1969 5761 2081 5831 (25)
2113 5762 2166 5814 In
2199 5761 2321 5816 cod.
2359 5755 2473 5825 uti,
2503 5757 2738 5831 τοιοῧτρν
2776 5775 2862 5828 μοι
2895 5758 3004 5811 νόει
3039 5755 3305 5831 γίνεσθαι.

1969 5827 2080 5903 (26)
2121 5832 2353 5890 Decstiu
2379 5847 2484 5886 uno
2511 5831 2629 5884 cod.
2673 5827 2807 5884 Hinc
2869 5831 3046 5883 hausit
3095 5829 3308 5897 Olymp.
