4012 6340
201 338 272 390 ΣΠ

1423 329 1956 387 ENARRATIONES
1991 330 2059 388 lN
2099 333 2238 389 JOB.

3371 328 3440 384 93

193 457 338 508 ἔστι
358 451 802 518 duramen—Kal.
812 449 930 520 μετ’
947 450 1138 521 ὀλίγα·
1158 451 1286 504 Ἐὰν
1327 445 1394 521 ᾗς
1424 452 1763 523 ἁμαρτωλὸς,

1870 453 2083 521 ligentia
2122 448 2334 506 “.-—-Et
2353 459 2464 518 post
2487 463 2692 518 pauca:
2719 446 2775 501 Si
2829 446 2906 502 sis
2944 453 3214 516 peccator,
3257 444 3302 499 si
3364 445 3439 499 sis

196 545 296 598 ἐὰν
342 541 401 618 ᾖς
443 544 661 616 πόρνος,
702 543 794 596 ἐὰν
840 544 1170 616 καταφερὴς,
1203 545 1268 597 οὐ
1317 543 1633 616 διορισΟήσῃ
1665 543 1765 596 ἀπὸ

1876 544 2197 608 fornicator,
2227 543 2270 596 si
2306 556 2547 610 praeceps
2573 578 2587 601 ,
2623 555 2727 592 non
2761 539 3110 608 distingueris
3133 553 3161 590 a
3199 535 3434 607 quadru-

189 638 303 690 τῶν
329 637 685 708 τετραπόδων.
719 637 906 689 Ἰπποι
941 635 1309 705 θηλυμανεῖς
1334 634 1768 704 ἐγεννήθησαν.

189 729 289 782 Διά
307 729 465 782 τοῦτο
487 728 700 800 θαρρῶν
723 728 888 796 λέγει,
912 729 993 781 ὅτι
1025 727 1316 802 ἐχωρίσθη·
1337 727 1400 780 '0
1423 725 1687 796 διορίζων
1696 743 1774 796 με

184 821 307 876 ἀπὸ
347 820 718 890 τετραπόδων
741 819 871 890 γῆς.

831 913 989 965 ΚΕΦ.
1025 913 1112 964 Μ’.

181 1007 334 1077 Στίχ.
371 1013 442 1075 γ’.
479 1005 593 1073 Μὴ,
616 1005 772 1060 ἀλλὰ
806 1003 984 1065 ζῶσαι
1015 1001 1397 1077 ᾤσπερίᾲὰιζὴρ
1415 1003 1528 1077 τὴν
1567 1002 1770 1077 ὀσφύν

247 1073 396 1130 σου.
436 1077 648 1146 Δίδωμί
674 1092 774 1130 σοι
791 1076 1155 1143 παρῤησίαν.
1197 1073 1335 1142 Ἐγώ
1365 1091 1437 1128 σε
1467 1073 1764 1141 ἐρωτήσω·

237 1149 324 1201 σὺ
371 1148 445 1201 δέ
457 1165 555 1216 μοι
583 1149 919 1215 ἀπόκριναι.

246 1238 370 1309 (55)
408 1239 550 1309 Ἤδη
585 1235 746 1292 ἆθλον
794 1235 945 1308 αύτῷ
975 1236 1188 1290 δίδωσιν
1209 1239 1236 1289 ὁ
1263 1236 1410 1299 Θεός.
1445 1235 1767 1306 Ἀνθρωπον

178 1335 380 1406 ἐρωτᾷ,
428 1333 511 1385 ὅτι
543 1331 869 1386 πυνθάνεται
908 1328 1096 1392 αὑτοῦ,
1133 1329 1214 1382 ὃτι
1264 1328 1476 1382 δίδωσιν
1519 1325 1764 1392 ἐξουσίαν

173 1423 264 1493 τῆς
292 1422 672 1493 ἀποκρίσεως.
693 1421 756 1474 Ei
779 1420 852 1490 μὴ
871 1415 939 1490 ἦν
961 1417 1277 1490 νενικηκὼς,
1308 1418 1407 1471 οὐκ
1433 1417 1498 1470 ἂν
1524 1415 1765 1486 ἐλάμϐα-

173 1534 277 1570 νεν·
312 1519 368 1569 εί
427 1518 503 1588 μὴ
555 1512 624 1587 ἧν
679 1513 997 1584 ὑπομείνας,
1050 1511 1152 1564 οὐκ
1193 1509 1256 1564 ἂν
1302 1510 1520 1580 ἢκουσε
1569 1506 1765 1561 Ζῶσαι

169 1611 380 1679 ὥσπερ
400 1608 560 1677 ἀνὴρ
586 1609 703 1676 τὴν
724 1607 925 1674 ὀσφύν
955 1619 1091 1658 σου.
1126 1601 1428 1670 Ἐρωτήσω
1465 1600 1532 1653 δέ
1554 1614 1644 1652 σε·
1685 1597 1764 1649 σὺ

169 1701 232 1753 δέ
245 1719 359 1770 μοι
399 1701 742 1768 ἀπόκριναι.

1872 635 2118 704 pedibus.
2165 632 2306 703 Equi
2361 631 2624 686 luxuriosi
2681 631 2788 683 nati
2842 640 2964 682 sunt
3009 630 3076 682 ⁸⁸.
3144 628 3445 697 Propterea.

1874 727 2132 780 audacter
2159 727 2324 790 dicit,
2371 725 2498 795 quia
2533 735 2846 792 segregatus
2882 732 2990 777 est:
3014 722 3120 788 Qui
3159 715 3444 792 distingui?

1872 833 1952 870 me
1982 833 2015 870 a
2039 816 2459 886 quadrupedibus
2479 826 2653 868 terrm.

2499 907 2651 963 CAP.
2684 905 2800 961 XL.

1871 1000 1934 1054 γ.
1964 999 2017 1054 5.
2053 999 2420 1069 Nequaquam,
2449 1000 2538 1052 sed
2567 1000 2779 1068 accinge
2821 1007 2877 1053 ut
2911 1000 2990 1053 vir
3014 998 3237 1051 lumbum
3264 1009 3430 1050 tuum.

1940 1072 2024 1125 Do
2062 1073 2157 1126 tibi
2187 1072 2434 1140 loquendi
2462 1072 2685 1126 veniam.
2730 1069 2845 1140 Ego
2885 1079 2934 1124 te
2977 1071 3304 1137 interrogabo
3327 1084 3345 1120 :
3374 1077 3431 1120 tu

1937 1154 2113 1196 autem
2145 1143 2272 1196 mihi
2299 1142 2574 1209 responde.

1937 1231 2055 1289 Jam
2077 1242 2353 1290 certamen
2383 1231 2432 1286 ei
2467 1232 2557 1286 dat
2594 1231 2758 1288 Deus.
2795 1230 3080 1287 Hominem
3115 1231 3436 1296 interrogat,

1869 1328 1992 1397 quia
2011 1327 2282 1397 dignoscit
2303 1324 2478 1388 illum,
2507 1323 2627 1393 quia
2654 1325 2840 1379 tribuit
2867 1323 3182 1379 facultatem
3218 1336 3439 1388 respon-

1867 1420 2047 1474 dendi.
2076 1420 2128 1473 Si
2157 1435 2263 1475 non
2289 1418 2526 1480 vicisset,
2553 1418 2736 1486 utique
2757 1434 2862 1474 non
2888 1416 3221 1485 accepisset:
3258 1413 3302 1465 si
3335 1426 3441 1466 non

1871 1513 2086 1568 tulisset
2119 1516 2418 1584 patienter,
2464 1533 2571 1571 non
2604 1518 2790 1585 utique
2841 1512 3139 1568 audivisset
3167 1529 3179 1564 :
3215 1507 3442 1576 Accinge

1868 1617 1923 1658 ut
1950 1606 2030 1659 vir
2070 1607 2298 1659 lumbum
2327 1617 2473 1662 tuum
2511 1625 2528 1662 :
2573 1607 2911 1678 interrogabo
2939 1615 3115 1659 autem
3136 1611 3214 1665 te,
3244 1611 3302 1654 tu
3321 1614 3441 1654 vero

1867 1697 1996 1748 mihi
2024 1700 2296 1764 responde.

239 1794 364 1847 Τοῦ
420 1792 628 1847 αὐτοῦ.
681 1792 775 1862 Μὴ
818 1789 1079 1861 πρότερον
1133 1783 1521 1855 ἀποκρινάσθω
1556 1797 1640 1845 τις
1691 1778 1765 1848 τῷ

1941 1787 2215 1859 Ejusdem.
2269 1788 2349 1845 Ne
2389 1791 2543 1859 prius
2583 1789 2906 1860 respondeat
2971 1788 3094 1856 quis
3142 1784 3275 1849 Deo,
3335 1782 3438 1836 nisi

167 1884 309 1954 Θεῷ,
352 1885 461 1939 ἐὰν
499 1883 596 1954 μὴ,
641 1881 929 1951 γενόμενος
958 1877 1116 1949 ἀνὴρ,
1152 1875 1393 1946 ζώσηται
1414 1873 1601 1944 ὥσπερ
1631 1869 1770 1940 ἀνὴρ

160 1978 260 2048 τὴν
299 1977 495 2045 ὀσφὺν
526 1970 882 2028 αὑτοῦ.“οσον
913 1969 1021 2039 γὰρ
1048 1971 1082 2038 ἠ
1107 1969 1276 2036 ὀσφὺς
1305 1965 1466 2018 αὐτοῦ
1495 1963 1594 2016 οὐκ
1626 1960 1762 2024 ἕξω-

161 2086 317 2135 σται,
353 2069 500 2124 ἀλλὰ
546 2067 784 2128 λέλυται,
813 2065 906 2117 καὶ
931 2063 1053 2132 οὐχὶ
1096 2059 1454 2130 περιδέδεται,
1489 2054 1608 2109 οὐδὲ
1639 2069 1763 2105 συν-

152 2161 506 2230 έσφιγκται,
561 2158 621 2210 οὐ
676 2156 892 2210 δύναται
949 2153 1182 2222 εὐλόγως
1237 2147 1631 2222 ἀποκρίνασθαι
1690 2143 1766 2214 τῷ

151 2253 410 2325 Κυρίῳ.

151 2346 329 2413 Στίχ.
381 2349 456 2410 γ’.
500 2339 800 2409 Ἐρωτήσω
829 2338 895 2392 δέ
931 2353 1021 2391 σε·
1047 2335 1128 2389 σὺ
1151 2333 1217 2387 δέ
1257 2351 1359 2403 μοι
1393 2331 1762 2398 ἀποκρίθητι.

234 2435 331 2490 Τὰ
364 2435 471 2508 μὲν
495 2433 674 2488 τέλεια
700 2431 806 2486 τῶν
827 2429 1219 2500 ἀγωνισμάτων
1257 2430 1370 2490 τοῖς
1397 2424 1576 2488 καλῶς
1599 2421 1765 2493 ἀθλή-

165 2545 298 2583 σασι
338 2525 489 2598 μετά
508 2525 602 2580 τὸν
632 2523 744 2594 βίον
782 2522 1069 2577 ἀπόκειται
1095 2518 1304 2574 τοῦτον.
1337 2517 1502 2572 Οὐδὲν
1527 2515 1583 2568 δὲ
1603 2510 1765 2585 ἦττον

168 2623 266 2677 καὶ
311 2619 430 2690 ἥδη
474 2619 507 2690 ἠ
549 2617 706 2688 χάρις
760 2617 793 2687 ὴ
845 2614 938 2668 τοῦ
981 2612 1117 2666 Θεοῦ
1163 2607 1593 2684 ἀρῤαϐωνίζεται
1639 2604 1766 2668 τοὺς

172 2713 447 2786 ἀθλητάς.
478 2710 575 2764 Διά
588 2708 764 2774 τοῦτο,
783 2707 870 2760 ὅτε
897 2705 1202 2775 ἠγωνίσατο
1225 2703 1293 2757 τὰ
1322 2701 1594 2774 μέγισταὸ
1621 2696 1762 2751 Ἱὼσο

177 2810 284 2872 ὅτε,
316 2802 618 2860 ἀποϐαλὼν
661 2802 730 2856 τὰ
746 2801 1079 2873 ὑπάρχοντα,
1114 2795 1328 2862 ὲδόξασε
1358 2794 1447 2848 τὸν
1479 2791 1762 2846 δεδωκότα’

178 2903 285 2964 ὅτε,
311 2898 659 2969 ἀποθέμενος
687 2894 756 2949 τὰ
775 2895 960 2958 τέκνα,
987 2889 1355 2962 ηὑχαρίστησε
1396 2885 1476 2958 τῷ
1508 2883 1766 2956 παρειλη-

186 2995 321 3063 φότιο
351 2995 471 3055 ὅτε,
521 2992 718 3062 νοήσας
748 2991 824 3053 ὡς
859 2987 1145 3059 σκώληκας
1186 2983 1404 3052 ἀνάγειν
1447 2978 1610 3035 αὑτοῦ
1659 2977 1768 3035 ἀπὸ

184 3084 272 3138 τοῦ
306 3084 589 3154 σώματος,
623 3081 683 3134 οὐ
718 3079 995 3150 νενίκηται
1021 3076 1128 3130 ἀπὸ
1150 3074 1259 3127 τῶν
1282 3074 1476 3126 πόνων·
1510 3069 1769 3143 προοίμια

1863 1881 2041 1935 factus
2065 1883 2170 1945 vir,
2202 1882 2540 1936 succinxerit
2568 1892 2626 1936 ut
2655 1883 2735 1935 vir
2761 1880 2998 1934 lumbum
3022 1893 3202 1934 suum.
3240 1876 3440 1942 Quate-

1867 1985 1966 2026 nus
1988 1971 2131 2024 enim
2161 1971 2379 2026 lumbus
2405 1972 2549 2026 illius
2577 1987 2679 2027 non
2708 1981 2792 2026 est
2819 1973 3117 2034 accinctus,
3139 1969 3234 2024 sed
3262 1969 3437 2022 disso-

1866 2065 2033 2126 Intus,
2057 2077 2159 2118 nec
2187 2063 2613 2118 circumciuctus
2633 2103 2648 2130 ,
2685 2077 2865 2132 neque
2894 2063 3058 2117 etiam
3108 2061 3438 2114 constrictus

1870 2153 1989 2218 fuit,
2017 2167 2123 2206 non
2159 2162 2340 2222 potest
2387 2155 2782 2211 rationabiliter
2820 2154 3151 2224 respondere
3185 2151 3433 2206 Domino.

1873 2341 1933 2395 V.
1982 2342 2036 2396 '5.
2082 2341 2429 2410 Interrogabo
2453 2350 2630 2392 autem
2655 2349 2704 2392 te
2732 2352 2750 2389 :
2770 2348 2824 2392 tu
2855 2354 2974 2392 vero
3013 2338 3142 2390 mihi
3167 2337 3437 2405 responde.

1934 2430 2176 2486 Perfecta
2221 2430 2579 2486 certaminum
2619 2429 2840 2500 praemia
2883 2430 2950 2484 iis
2987 2429 3076 2498 qui
3102 2427 3241 2482 bene
3265 2437 3441 2482 certa-

1865 2532 2060 2578 verunt
2081 2531 2205 2594 post
2223 2523 2368 2578 hanc
2392 2521 2557 2577 vitam
2587 2529 2860 2576 reservata
2881 2528 3026 2576 sunt.
3054 2519 3236 2574 Nihilo
3257 2524 3438 2572 tamen

1867 2617 2048 2670 minus
2077 2613 2189 2684 jam
2224 2616 2390 2668 etiam
2421 2611 2593 2682 gratia
2628 2611 2722 2665 Dei
2763 2611 2918 2680 quasi
2965 2611 3189 2664 arrltam
3235 2610 3440 2678 pra-bet

1867 2708 2104 2764 athletis.
2137 2705 2432 2777 Propterea
2457 2704 2672 2773 quando
2695 2705 2929 2758 maxima
2951 2701 3248 2758 certamina
3274 2699 3442 2755 susti-

1868 2799 2134 2864 nuitJob;
2169 2798 2384 2868 quando
2411 2797 2669 2851 amittens
2714 2793 3003 2850 facultates
3032 2793 3280 2848 datorem
3316 2792 3431 2845 lau-

1868 2893 2053 2955 davit;
2109 2889 2327 2961 quando
2355 2887 2574 2943 amissis
2615 2887 2803 2942 liberis
2841 2885 3050 2957 gratias
3093 2886 3204 2956 egit
3249 2884 3299 2940 ei
3343 2884 3434 2953 qui

1869 2984 2201 3049 abstulerat;
2264 2983 2481 3051 quando
2525 2981 2964 3036 animadvertens
3006 2977 3162 3047 quasi
3214 2990 3436 3032 vermes

1871 3089 2218 3130 succrescere
2243 3074 2310 3128 de
2332 3087 2562 3144 corpore
2595 3071 2732 3140 ejus,
2765 3084 2868 3123 non
2909 3067 3011 3122 fuit
3033 3067 3207 3121 victus
3229 3081 3258 3120 a
3286 3065 3434 3120 labo-

190 3177 274 3231 καὶ
306 3173 610 3246 ἀρραϐῶνα
664 3169 772 3224 τῶν
815 3169 1060 3240 ἀθλητῶν
1108 3167 1322 3220 δίδωσιν
1367 3161 1514 3232 αὐτῷ
1544 3165 1573 3214 ὁ
1613 3160 1763 3225 Θεὸς,

1872 3166 2059 3230 ribus;
2109 3163 2380 3234 primitias
2432 3161 2693 3232 quasdam
2751 3170 2805 3215 et
2838 3159 3056 3212 arrham
3108 3157 3432 3213 certantium

187 3265 537 3339 χρηματίσας
568 3262 716 3333 αύτῷ
744 3260 832 3314 διὰ
850 3260 1106 3322 λαίλαπος
1141 3258 1234 3310 καὶ
1261 3252 1460 3325 νεφῶν.
1504 3249 1766 3313 Ἀκούσας

191 3357 271 3415 οὖν
299 3361 589 3432 προτέρων
632 3359 825 3426 λόγων,
866 3355 982 3408 δέον
1010 3350 1404 3424 ἀποκρίνασθαι
1441 3348 1576 3420 πρὸς
1611 3346 1764 3408 Θεὸν,

193 3456 377 3525 σιωπᾷ,
410 3452 632 3516 (ligabat
676 3450 814 3521 ἔχων
851 3438 1160 3520 παρρησίαν
1195 3440 1591 3514 ἀποκρίνασθαι
1631 3436 1767 3507 πρὸς

194 3546 358 3598 αὐτόν.
391 3544 467 3598 Οὔ
489 3562 574 3598 πω
604 3543 711 3614 γὰρ
743 3542 859 3614 ᾔδει
894 3541 953 3594 τὸ
991 3539 1214 3609 ὕστερον
1247 3532 1632 3605 γεγραμμένον
1661 3529 1767 3582 ὑπὸ

195 3639 484 3702 Μωῡσέως,
518 3638 601 3697 ὡς
632 3633 895 3701 Μωῠσῆς
926 3631 1149 3694 ἐλάλει,
1184 3633 1216 3682 ό
1243 3627 1311 3680 δὲ
1347 3625 1492 3688 Θεὸς
1529 3619 1768 3688 ἀπεκρί-

201 3749 327 3784 νατο
353 3731 518 3796 αὐτῷ
547 3726 738 3798 φωνῇ.
780 3726 868 3789 Ὠς
895 3723 968 3796 μὴ
1008 3721 1362 3790 ἐπιστάμενος
1385 3717 1562 3768 τοίνυν
1590 3712 1767 3771 τοῦτο,

202 3823 252 3875 οὐ
276 3822 409 3876 θέλει
430 3817 838 3894 ἀποκρίνασθαι
881 3815 1017 3889 πρὸς
1047 3813 1140 3866 τὸν
1181 3811 1333 3864 Θεόν.
1375 3809 1434 3861 ’0
1458 3806 1514 3859 δὲ
1536 3805 1664 3868 Θεὸς
1694 3803 1770 3856 δί-

204 3914 345 3968 δωσιν
376 3914 526 3986 αὐτῷ
573 3909 880 3985 παρρησίαν
911 3906 1005 3961 τοῦ
1034 3905 1234 3960 λαλεῖν.
1272 3903 1381 3956 Καὶ
1411 3899 1541 3971 μεθ’
1575 3897 1765 3964 ἔτερα·

205 4006 429 4078 Τοσαύτη
463 4007 620 4060 ἐστὶν
657 4007 690 4076 ἡ
728 4001 1031 4074 χρηστότης
1084 3997 1177 4052 τοῦ
1206 3993 1360 4059 Θεοῦ,
1396 3993 1536 4046 ὥστε
1571 3990 1771 4044 ἀναλα-

208 4097 305 4151 ϐεῖν
332 4099 488 4152 αὑτὸν
527 4097 817 4169 πρόσωπον
849 4094 909 4148 ού
944 4090 1236 4163 κρίνοντος,
1271 4087 1404 4140 ἀλλὰ
1448 4083 1767 4156 κρινομένου

209 4190 328 4258 μετά
357 4191 448 4244 τοῦ
482 4186 795 4259 ἀνθρώπου.
829 4185 938 4237 Καὶ
970 4181 1158 4235 πολλαὶ
1182 4178 1337 4232 τοῦτο
1368 4174 1608 4241 ἐδίδαξαν
1627 4175 1769 4244 Γρα-

211 4280 308 4347 «pol.
337 4279 535 4344 Δεῦτε,
586 4277 683 4330 καὶ
705 4271 1126 4341 διαλεχθῶμεν,
1168 4269 1329 4338 λέγει
1361 4268 1592 4334 Κύριος.
1633 4262 1764 4327 Καὶ,

211 4375 345 4439 Λαός
352 4392 486 4443 μου,
521 4371 727 4444 μᾶλλον
759 4368 816 4421 δὲ
839 4368 868 4419 ὁ
893 4365 1025 4427 Θεὸς
1054 4362 1189 4435 μετά
1221 4360 1314 4414 τοῦ
1337 4358 1464 4413 λαοῦ
1494 4356 1768 4428 διαλεχθή-

215 4479 362 4529 σεται,
383 4467 535 4532 λαός
554 4480 692 4533 μου,
709 4461 763 4514 τι
777 4454 1036 4525 ἐποίησά
1067 4452 1236 4521 σοι,ἧ
1253 4453 1311 4506 τί
1331 4448 1768 4520 παρηνόχλησὰ

215 4569 322 4618 σοι;
343 4553 696 4627 ἀποκρίθητί
707 4570 825 4622 μοι,
859 4551 951 4603 καὶ
972 4548 1040 4601 τὰ
1059 4545 1203 4616 ἑξῆς.

391 4651 546 4722 Στιχ.
579 4655 649 4717 γ’.
677 4650 733 4700 Μ
741 4645 772 4714 ἡ
805 4640 1097 4699 ἀποποιοῦ
1121 4657 1240 4708 μου
1266 4638 1329 4691 τὸ
1354 4637 1551 4707 κρῖμα.

277 4740 369 4812 (36)
397 4743 489 4812 Μὴ
549 4737 842 4795 ἀποποιοῦ
864 4755 981 4806 μου
1004 4733 1180 4787 τοῦτο
1213 4731 1278 4784 τὸ
1320 4731 1516 4801 κρῖμα.
1558 4728 1757 4782 Τούτου

222 4831 296 4884 τοῦ
323 4835 471 4905 ῥητοῦ
493 4836 577 4897 ὡς
602 4831 871 4904 χρησίμου
906 4825 1382 4900 μνημονεύσωμεν.
1427 4821 1564 4875 Ἀλλ’
1592 4821 1668 4875 ὅτ’
1693 4821 1758 4875 ἂν

227 4922 358 4996 κρίνῃ
379 4929 404 4978 ὁ
427 4926 560 4989 Θεὸς
604 4922 792 4977 παθεῖν
815 4938 866 4973 τι
897 4920 1061 4990 ἡμᾶς,
1088 4916 1274 4970 τέκνον
1305 4913 1614 4975 ἀποϐαλεῖν,
1663 4911 1761 4982 ἆρ-

231 5029 363 5083 χοντα
386 5018 661 5079 ἀπολέσαι,
685 5013 904 5084 νοσῆσαι
929 5009 1068 5064 κατά
1098 5008 1159 5061 τὸ
1195 5006 1372 5078 σῶμα,
1406 5005 1433 5058 ὃ
1464 5021 1516 5056 τι
1567 5002 1763 5074 δήποτε

231 5103 398 5158 τούτων
424 5109 728 5180 ὑπομεῖναι·
759 5104 911 5158 οὐδὲν
942 5102 1143 5156 τούτων
1181 5095 1290 5153 οἷόν
1322 5097 1382 5150 τέ
1421 5099 1564 5150 ἐστιν
1616 5095 1763 5166 ἡμᾶς

234 5197 412 5263 παθεῖν,
448 5204 517 5275 μὴ
558 5205 830 5275 κρίνοντος
863 5199 955 5252 τοῦ
976 5196 1130 5251 Θεοῦ.
1175 5194 1306 5248 Οὐδὲ
1343 5192 1450 5263 γὰρ
1487 5189 1762 5261 στρουθίον

1869 3257 2078 3311 deditei
2112 3257 2270 3318 Deus,
2299 3255 2568 3308 allocutus
2596 3266 2719 3305 cum
2745 3266 2840 3321 per
2862 3249 3125 3305 turbinem
3155 3259 3209 3304 et
3240 3251 3432 3306 nubes.

1867 3347 1999 3402 Cum
2034 3348 2198 3417 igitur
2229 3346 2440 3415 priores
2463 3359 2742 3398 sermones
2769 3342 3027 3405 audisset,
3059 3357 3179 3396 cum
3211 3353 3435 3411 opoute-

1869 3452 1952 3494 ret
1990 3441 2316 3510 respondere
2351 3439 2498 3501 Deo,
2550 3437 2698 3501 silet,
2750 3437 2901 3503 quasi
2951 3433 3260 3487 facultatem
3327 3449 3431 3486 non

1868 3533 2070 3587 baben's
2127 3531 2376 3600 loquendi
2441 3545 2565 3585 cum
2618 3529 2732 3584 illo.
2780 3527 3028 3580 Nondum
3078 3527 3223 3580 enim
3272 3538 3436 3580 norat

1869 3623 2008 3690 quod
2043 3632 2225 3690 postea
2257 3621 2519 3689 scriptum
2548 3629 2631 3674 est
2675 3635 2705 3672 a
2738 3617 2924 3687 Moyse
2962 3637 2973 3670 :
3009 3617 3215 3685 Moyses
3253 3617 3434 3686 loque-

1870 3715 2046 3778 batur,
2077 3712 2216 3766 Deus
2252 3728 2369 3766 oero
2405 3709 2750 3778 respondebat
2785 3707 2830 3760 ei
2865 3721 2990 3758 voce
3033 3704 3101 3757 ⁸⁸.
3153 3703 3435 3773 Tanquam

1870 3805 2034 3875 igitur
2061 3806 2152 3875 qui
2184 3805 2285 3858 hoc
2315 3802 2595 3864 nesciret,
2649 3814 2755 3854 non
2792 3797 2904 3851 vult
2946 3797 3269 3866 respondere
3304 3793 3434 3849 Deo.

1867 3899 1938 3952 At
1961 3897 2103 3951 Deus
2131 3895 2318 3950 tribuit
2350 3895 2399 3948 ei
2441 3892 2692 3963 loquendi
2730 3891 2964 3947 veniam.
3031 3888 3099 3944 Et
3137 3903 3254 3960 post
3289 3890 3434 3946 alia:

1871 3990 2041 4044 Tanta
2072 3999 2156 4044 est
2187 3987 2280 4043 Dei
2308 3987 2637 4057 benignitas,
2677 3994 2736 4040 ut
2778 3984 2969 4038 induat
2997 3997 3285 4053 personam
3326 3997 3431 4036 non

1862 4074 2177 4143 iudicantis,
2207 4075 2303 4130 sed
2326 4087 2547 4129 causam
2573 4073 2806 4129 dicentis
2840 4087 2962 4128 cum
2995 4072 3248 4140 homine,
3272 4072 3434 4142 idque

1869 4167 2047 4221 multa:
2077 4165 2371 4235 Scriptura:
2401 4164 2717 4220 docuerunt.
2753 4162 2966 4226 Venite,
3004 4170 3056 4217 et
3089 4163 3430 4230 disputemus,

1867 4263 1992 4314 dicit
2034 4260 2286 4314 Dominus
2342 4259 2409 4312 ⁸⁷.
2455 4256 2555 4323 Ει,
2617 4255 2822 4325 Popule
2867 4271 3037 4320 meus,
3088 4263 3249 4322 atque
3299 4254 3433 4308 adeo

1871 4358 2010 4410 Deus
2048 4369 2170 4408 cum
2224 4350 2420 4423 populo
2470 4348 2787 4420 disputabit,
2836 4345 3022 4415 popule
3073 4362 3253 4407 meus,
3303 4347 3431 4413 quid

1870 4448 1968 4517 feci
1995 4447 2111 4510 tibi,
2138 4455 2227 4498 aut
2255 4444 2382 4514 quid
2412 4440 2715 4496 conturbavi
2745 4439 2841 4493 tibi
2860 4438 2886 4491 .’
2911 4437 3164 4506 responde
3203 4437 3330 4490 mihi
3361 4436 3430 4497 ⁸⁸⁸,

1797 4535 1841 4590 D
1869 4550 1921 4593 et
1953 4549 2170 4593 czrtera.

2081 4629 2145 4683 V.
2205 4629 2259 4682 5.
2312 4625 2395 4680 Ne
2448 4625 2690 4694 repudies
2720 4621 2980 4691 judicium
3022 4637 3216 4674 meum.

1937 4722 2020 4779 Ne
2061 4723 2299 4788 repudies
2351 4722 2449 4771 hoc
2496 4717 2766 4785 judicium
2824 4730 3018 4767 meum.
3075 4712 3242 4782 Hujus
3299 4711 3429 4766 dicti

1866 4827 2125 4886 tauquam
2175 4812 2322 4866 utilis
2376 4807 2802 4863 meminerimus.
2849 4806 2919 4859 At
2969 4805 3190 4874 quando
3224 4801 3432 4870 judicat

1866 4910 2008 4965 Deus
2031 4915 2087 4960 ut
2110 4903 2319 4972 aliquid
2349 4900 2643 4971 patiamur,
2681 4907 2740 4953 ut
2777 4897 2942 4950 filium
2975 4898 3324 4961 amittamus,
3373 4902 3431 4946 ut

1867 5004 2118 5072 princeps
2153 4998 2402 5061 intereat,
2433 5003 2489 5045 ut
2519 5005 2744 5060 corpore
2765 4998 3114 5059 mgrotemus,
3149 4998 3239 5040 aut
3263 4987 3432 5056 quod-

1869 5107 2085 5162 cunque
2135 5088 2280 5144 aliud
2337 5082 2644 5152 hujusmodi
2711 5083 3116 5137 sustineamus:
3151 5077 3270 5132 ﬁeri
3321 5094 3428 5135 non

1871 5194 2046 5257 potest
2074 5193 2134 5237 ut
2168 5180 2442 5252 quidpiam
2486 5180 2677 5232 horum
2720 5190 2818 5230 nos
2845 5174 3138 5244 patiamur,
3177 5172 3285 5226 Deo
3322 5186 3427 5226 non

235 5287 391 5343 πίπτει
417 5297 489 5358 είς
513 5296 716 5363 παγίδα
747 5295 870 5347 ἄνευ
916 5291 1251 5361 βουλήματος
1281 5285 1374 5340 τοῦ
1407 5283 1637 5354 Πατρὸς,
1672 5280 1764 5333 τοῦ

1870 5280 2160 5351 iudicante.
2210 5275 2394 5343 Neque
2439 5269 2585 5324 enim
2633 5267 2841 5324 avicula
2888 5265 3033 5320 cadit
3085 5265 3136 5318 in
3179 5263 3428 5332 laqueum

239 5378 283 5428 ἓν
302 5384 394 5444 τοῖς
417 5386 671 5458 οὐρανοῖς.
710 5385 862 5438 Ἐπεὶ
897 5379 987 5436 οὖν
1016 5381 1164 5435 οὐδὲν
1197 5380 1398 5433 τούτων
1423 5377 1631 5445 γίνεται
1663 5391 1768 5443 χω-

243 5469 309 5534 Pi;
340 5476 586 5546 κρίματος
625 5478 718 5533 τοῦ
770 5474 926 5540 Θεοῦ,
970 5474 1183 5545 λέγεται
1219 5473 1354 5545 πρὸς
1381 5469 1472 5524 τὸν
1505 5466 1762 5521 παθόνταο

1869 5373 1988 5430 sine
2015 5371 2295 5422 voluntate
2330 5362 2528 5424 Patris,
2555 5361 2643 5426 qui
2681 5361 2733 5412 in
2760 5357 2913 5412 cmlis
2942 5365 3046 5410 est.
3090 5354 3224 5423 Quia
3264 5356 3431 5425 igitur

1870 5462 2002 5520 nihil
2035 5461 2228 5515 horum
2261 5454 2320 5509 tit
2369 5454 2485 5508 sine
2529 5449 2735 5518 judicio
2770 5448 2903 5512 Dei,
2948 5446 3143 5503 dicitur
3195 5444 3264 5500 ad
3305 5457 3432 5501 eum

299 5651 494 5716 “Psal.
523 5677 670 5729 χιιι,
718 5660 772 5717 9.
847 5661 1112 5734 δυσωπῇ.
1149 5675 1199 5728 v,
1242 5659 1294 5715 8.
1370 5656 1416 5689 ⁸⁸
1457 5651 1632 5710 Exod.
1668 5665 1758 5706 xix

1870 5647 1903 5702 ι.
1979 5645 2022 5676 ⁸⁷
2058 5640 2246 5699 Ιεοίει.
2278 5637 2364 5693 18.
2438 5635 2484 5667 ⁸³
2509 5633 2666 5688 Micb.
2703 5647 2778 5698 vt,
2809 5630 2864 5684 5.

304 5807 399 5881 (35)
421 5812 606 5875 Confer
626 5816 926 5889 Olympiod.

1945 5749 2058 5872 l36)
2099 5757 2298 5855 Confer
2330 5793 2583 5879 eumdem
2604 5784 2907 5860 Olympici.
