4012 6340
625 328 700 385 S9
1520 311 2084 375 SUPPLEMENTUM
2124 308 2215 367 AD
2253 310 2582 369 ORIGENIS
2622 310 3025 369 EXEGETICA.
3801 312 3887 371 100

625 447 716 514 qui
743 443 952 513 patitur
976 440 1105 495 talia
1140 457 1155 494 :
1196 437 1280 493 Ne
1300 435 1542 501 repudies
1560 435 1823 502 judicium
1848 448 2042 498 meum,
2088 434 2190 485 hoc

2304 430 2388 498 Μὴ
2413 429 2709 484 ἀποποιοῦ
2728 449 2850 500 μου
2877 431 2945 486 τὸ
2989 430 3200 501 κρῖμα,
3249 430 3337 501 μή
3386 430 3621 500 ἀπαρνῇ
3665 429 3796 500 (57),
3820 431 3888 484 ὃτι

622 546 733 603 est,
762 550 830 589 ne
859 533 1152 603 negaveris
1174 546 1262 587 me
1299 529 1366 583 de
1398 537 1450 582 te
1473 526 1765 595 iudicasse.

1209 546 1262 587 te
1299 529 1366 583 de
1398 537 1450 582 te
1473 526 1765 595 iudicasse.
2296 518 2491 593 ἔκρινα
2515 522 2647 592 περὶ
2677 521 2793 575 σοῦ.

628 628 690 687 ν.
729 629 782 683 '5.
837 629 1122 681 Arbitraris
1166 640 1313 685 vero,
1362 636 1444 674 me
1495 620 1653 673 aliter
1698 619 1792 672 tibi
1835 617 2187 688 respondisse,

2304 610 2442 683 Στίχ.
2472 617 2541 681 γ’.
2572 612 2691 666 Olet
2710 611 2783 688 §é
2811 629 2889 688 με
2916 612 3130 688 ἄλλως
3149 626 3274 688 σοι.
3290 615 3823 682 κεχρηματικέναι,
3855 617 3888 688 ἠ

1033 712 1187 763 quam
1212 702 1269 746 ut
1290 682 1541 760 apparens
1561 688 1783 759 justus?
1918 682 1929 688 ⁷

1918 682 1929 688 ⁷
2709 683 2809 736 ἵνα
2848 682 3169 752 ἀναφανῇς
3206 683 3501 749 δίκαιος;

692 789 1010 860 Apologiam
1058 787 1129 839 tui
1166 785 1328 840 facio.
1360 782 1550 837 Justus
1579 797 1660 846 es,
1703 790 1757 835 at
1789 795 1894 835 non
1930 794 1991 835 es
2012 779 2190 834 mani-

2377 771 2771 844 Ἀπολογοῦμαί
2809 791 2912 827 σοι.
2942 776 3158 839 Δίκαιος
3191 771 3292 846 ἦς,
3331 775 3459 828 ἀλλ’
3504 776 3610 829 οὐκ
3643 770 3713 848 ἧς
3746 794 3890 845 φανε-

624 881 814 937 ΐεδιιιε.
846 880 1116 934 Patienter
1157 876 1348 933 tulisti.
1400 876 1695 947 Oportebat
1727 889 1812 929 me
1842 889 2027 928 ansam
2053 888 2189 940 prte-

2307 864 2409 927 οός.
2451 865 2755 937 Ὑπομονὴν
2793 864 2959 938 εἶχεςο
3006 867 3113 922 ἔδει
3155 887 3230 940 με
3282 868 3560 941 ἀφορμὴν
3607 875 3891 943 παρασχεῖν

625 973 774 1038 bere,
800 987 906 1041 quo
938 981 1023 1025 tua
1053 970 1314 1039 patientia
1350 968 1598 1040 fulgeret.
1634 966 1878 1021 Habuisti
1911 965 2190 1020 fortitudi-

2306 957 2387 1010 τοῦ
2409 957 2617 1030 λάμψαι
2654 977 2747 1014 σου
2773 959 2872 1033 τὴν
2902 962 3201 1033 ὑπομονήν.
3251 956 3433 1032 Εἶχες
3477 961 3755 1034 ἀνδρείαν·
3789 965 3890 1018 ἀλλ’

621 1082 769 1129 nem,
815 1066 906 1121 sed
949 1065 1001 1118 in
1049 1074 1100 1118 te
1138 1063 1535 1118 occultabatur.
1579 1061 1682 1128 Qui
1725 1061 1820 1115 tibi
1848 1060 2189 1115 obvenerunt

2306 1049 2594 1121 ἐκέκρυπτο
2646 1052 2705 1105 ὲν
2738 1052 2838 1105 σοι’
2869 1054 2918 1106 οἱ
2947 1054 3373 1126 συμϐεϐηκότες
3397 1053 3563 1107 πόνοι
3594 1054 3890 1123 ἑδειξάνσου

622 1156 849 1217 labores.
898 1155 1253 1210 ostenderunt
1310 1154 1686 1209 fortitudinem
1743 1161 1909 1207 tuam.
1951 1149 2020 1204 Et
2071 1157 2186 1220 post

2304 1142 2387 1214 τὴν
2411 1144 2680 1214 ἀνδρείαν.
2740 1145 2851 1198 Kal
2867 1147 2993 1214 μετ’
3027 1147 3227 1217 ὀλίγαο
3272 1147 3745 1219 Μνημονεύωμεν
3780 1148 3888 1202 τοῦ-

621 1258 791 1312 pauca
815 1260 838 1296 .-
865 1241 1481 1297 Meminerimushorum
1522 1250 1761 1311 tempore
1795 1240 2185 1303 calamitatum,

2302 1250 2398 1286 των
2423 1236 2480 1287 ὲν
2515 1237 2628 1298 τοῖς
2668 1234 3042 1306 περιστάσεων
3097 1239 3365 1309 καιροῖς,
3393 1237 3499 1289 καὶ
3541 1235 3780 1303 δόξωμεν
3805 1238 3886 1292 τοῦ

618 1335 1031 1404 videbimurque
1055 1335 1241 1391 audire
1263 1334 1430 1390 Deum
1463 1344 1780 1404 praesentem
1805 1342 1968 1401 atque
1994 1333 2184 1388 dicen-

2303 1326 2423 1381 Βεοῦ
2462 1328 2681 1383 ἀκούειν
2715 1328 3001 1398 παρόντος,
3034 1330 3128 1383 καὶ
3169 1329 3443 1399 λέγοντος
3485 1332 3648 1400 ἡμῖν’
3702 1331 3811 1384 Olet
3831 1330 3887 1386 δέ

619 1430 729 1478 tem
779 1424 935 1479 nobis
963 1440 978 1477 :
1007 1424 1300 1479 Arbitraris
1343 1440 1486 1490 vero,
1520 1440 1602 1477 me
1636 1423 1792 1478 aliter
1832 1426 1927 1478 tibi
1972 1441 2186 1494 respon-

2303 1438 2361 1475 ue
2400 1419 2599 1487 ἄλλως
2628 1434 2728 1475 σοι
2785 1422 3306 1491 κεχρηματικέναι,
3356 1420 3399 1490 ἢ
3447 1422 3558 1474 ἵνα
3591 1420 3887 1493 ἀναφανῇς

586 1515 779 1575 'disse.
816 1532 974 1587 quam
1013 1528 1069 1571 ut
1113 1518 1291 1586 justus
1326 1519 1622 1587 appareas.’
1667 1515 1783 1571 Non
1826 1530 2170 1586 appareamut

2174 1530 2185 1570 ι
2287 1510 2549 1578 δίκαιος;
2576 1512 2668 1583 Μὴ
2695 1512 3061 1583 ἀναφανῶμεν
3093 1513 3297 1579 ἄδικοι,
3336 1513 3486 1585 μηδὲ
3515 1511 3758 1577 ἀσεϐεῖς.

618 1605 826 1677 injusti,
857 1622 1036 1677 neque
1072 1609 1245 1680 impii.
1364 1586 1370 1587 ί
3760 1586 3781 1609 δ

824 1697 889 1752 V.
924 1698 977 1752 5.
1003 1699 1220 1753 Assume
1245 1715 1372 1754 sane
1395 1699 1752 1755 celsitudinem
1774 1709 1822 1754 et
1855 1699 1977 1754 vim.

2430 1696 2580 1769 Στίχ.
2616 1704 2677 1752 ε’.
2722 1699 2999 1755 Ἆνάλαϐε
3029 1698 3106 1767 δὴ
3138 1698 3305 1768 ὕψος
3332 1698 3443 1753 καὶ
3472 1698 3758 1769 δύναμιν.

685 1786 853 1859 Cinge
885 1798 938 1842 te
965 1804 1190 1853 corona,
1223 1791 1387 1846 indue
1412 1790 1667 1860 gloriam,
1709 1790 1874 1845 indue
1904 1790 2186 1846 honorem.
2220 1792 2264 1849 B

2104 1806 2186 1845 tm.
2220 1792 2264 1849 B
2363 1788 2736 1857 Στεφάνωσαι,
2766 1790 2983 1845 ἔνδυσαι
3011 1789 3190 1854 δόξαν,
3222 1789 3460 1844 ἔνδυσαι
3492 1790 3688 1860 τιμήν.

626 1879 687 1935 ν.
709 1879 765 1936 6.
799 1879 953 1936 Mitte
983 1894 1157 1937 autem
1194 1883 1409 1953 angelos
1447 1886 1529 1937 ira
1555 1899 1574 1937 :
1607 1898 1812 1937 omnem
1840 1899 1959 1937 vero
1997 1894 2181 1939 contu-

2297 1879 2437 1950 Στίχ.
2463 1887 2537 1946 ς’.
2573 1881 2956 1938 Ἀπόστειλον
2982 1882 3051 1936 δὲ
3085 1882 3397 1951 ἀγγέλους
3412 1880 3594 1952 ὀργῇ·
3622 1878 3881 1936 πάνταδᾶ

1131 1952 1402 2007 melibsum
1429 1953 1671 2007 humilia.

2722 1952 3018 2023 ὑϐριστὴν
3039 1954 3451 2007 ταπείνωσον.

896 2046 962 2102 ν.
992 2047 1046 2100 7.
1080 2044 1469 2115 Superbienlem
1496 2062 1615 2100 vero
1639 2046 1930 2118 exstingue.

2553 2045 2699 2117 Στιχ.
2737 2046 2801 2113 ζ’.
2839 2046 3243 2117 Ὑπερήφανον
3271 2046 3349 2101 δὲ
3380 2046 3646 2102 σϐέσον.

690 2136 1127 2194 Contumeliosus
1167 2138 1624 2193 militavitcontra
1659 2146 1734 2193 te.
1759 2139 1905 2193 Dixit
1931 2138 2063 2193 mihi
2090 2138 2187 2194 ali-

2372 2134 2430 2189 ’0
2462 2135 2721 2209 ὑϐριστὴς
2747 2138 3144 2211 ἐστρατεύσατο
3169 2139 3317 2194 κατά
3348 2137 3475 2193 σοῦ.
3506 2134 3649 2192 Εἰπέ
3680 2138 3767 2208 μοι
3794 2154 3876 2190 m-

544 2276 554 2284 .
620 2230 837 2299 quando
862 2230 1304 2298 contumeliosus,
1335 2230 1487 2285 Mitte
1510 2246 1723 2284 manum
1752 2239 1900 2284 tuam
1926 2232 1971 2264 δ’
2010 2232 2128 2286 :dil

2288 2245 2348 2282 τε
2374 2229 2403 2280 ὀ
2440 2228 2722 2302 ὑϐριστὴς,
2784 2231 3165 2285 Ἀπόστειλον
3192 2230 3313 2299 τὴν
3354 2228 3537 2300 κεᾷῖά
3584 2246 3724 2286 σου·
3769 2227 3872 2283 εἶπέ

619 2322 777 2389 mihi,
829 2322 1005 2394 Tange
1038 2324 1213 2378 omnia
1231 2340 1349 2395 qua:
1384 2325 1537 2378 habet
1565 2324 1651 2377 ’°:
1683 2323 1822 2378 dixit
1848 2324 1977 2378 mihi
2010 2325 2075 2379 de
2106 2334 2182 2390 te,

2292 2338 2401 2392 μοι,
2434 2321 2609 2388 "Aibat
2632 2320 2874 2376 πάντων
2915 2315 3001 2376 ὧν
3038 2321 3182 2390 ἔχει·
3209 2319 3336 2375 εἶπέ
3376 2339 3474 2393 μοι
3509 2322 3647 2394 περὶ
3671 2320 3780 2386 σοῦ,
3807 2319 3872 2384 ὡς

620 2415 762 2485 quod
786 2413 968 2483 utique
988 2414 1042 2468 in
1070 2414 1260 2483 faciem
1291 2414 1561 2469 benedices
1614 2431 1694 2469 me
1719 2416 1786 2468 ".
1820 2415 1890 2469 At
1914 2416 2058 2471 enim
2100 2419 2183 2470 vi-

2288 2412 2395 2485 ἆρα
2422 2415 2510 2478 εὶς
2536 2414 2860 2481 πρόσωπόν
2880 2431 2958 2483 με
2978 2414 3363 2486 εὐλογήσεις.
3409 2416 3558 2469 Ἀλλ’
3585 2411 3680 2469 οὖν
3707 2432 3768 2484 γε
3792 2431 3868 2468 νε-

616 2506 767 2561 cisti.
795 2504 1085 2575 Propterea
1111 2506 1230 2560 dico
1253 2504 1348 2559 tibi
1382 2524 1396 2559 :
1429 2503 1601 2561 Macte
1630 2513 1783 2560 esto:
1814 2506 2034 2562 omnino
2056 2521 2183 2562 vero

2288 2504 2537 2573 νίκηκας.
2581 2504 2678 2558 Διά
2714 2503 2870 2558 τοῦτό
2904 2522 2987 2558 σοι
3007 2505 3170 2574 λέγω·
3210 2506 3427 2581 Θάρρει
3454 2524 3469 2537 υ
3498 2509 3613 2561 πᾶν
3653 2507 3710 2560 δὲ
3733 2506 3868 2577 ὑϐρι-

618 2598 1071 2653 contumeliosum
1121 2595 1366 2657 humilia.
1420 2606 1474 2651 et
1508 2596 1729 2668 angelos
1783 2596 1900 2665 ejus
1936 2598 2180 2654 humilia.

2293 2593 2423 2664 στὴν
2450 2593 2800 2658 ταπείνωσον,
2831 2596 2924 2650 καὶ
2949 2596 3074 2660 τοὺς
3106 2596 3378 2666 ἀγγέλους
3412 2598 3589 2652 αὑτοῦ
3623 2598 3867 2652 ταπείνω-

617 2686 713 2742 Ille
737 2696 923 2742 contra
970 2695 1024 2740 te
1057 2687 1322 2755 superbus
1357 2686 1458 2741 fuit
1506 2704 1521 2741 :
1569 2696 1627 2741 at
1657 2697 1710 2741 tu
1763 2689 2054 2757 superbum
2084 2703 2180 2743 ex-

2290 2702 2402 2739 σον.
2445 2686 2821 2760 Ὑπερήφανος
2859 2690 3064 2752 ἐκεῖνος
3099 2689 3403 2761 γεγένηται
3434 2690 3587 2745 κατὰ
3615 2689 3730 2744 σοῦ·
3755 2687 3871 2747 ἀλλὰ

618 2779 855 2850 stingue.
901 2779 1099 2848 Impius
1143 2778 1232 2833 ille
1274 2788 1465 2835 contra
1500 2788 1597 2844 te;
1629 2789 1687 2835 at
1738 2789 1792 2835 tu
1814 2780 2037 2836 fulmina
2075 2781 2180 2836 ini-

2289 2776 2353 2829 σὺ
2382 2777 2727 2849 ὑπερήφανον
2770 2778 2979 2834 σϐέσον.
3027 2780 3252 2852 ’Δσεϐὴς
3298 2783 3532 2845 ἐκεῖνος
3584 2779 3727 2835 κατά
3768 2778 3865 2833 σοῦ·

617 2873 737 2941 pios
763 2880 1027 2926 actutum.

2285 2866 2422 2921 ἀλλὰ
2440 2869 2504 2922 σὺ
2531 2869 2734 2940 σκῆψον
2759 2870 2973 2935 ἀσεϐεῖς
3011 2871 3380 2943 παραχρῆμα.

692 2960 756 3017 ν.
779 2961 832 3017 8.
858 2960 1044 3016 Facies
1076 2972 1246 3017 autem
1286 2961 1518 3032 ipsorum
1555 2961 1843 3033 ignominia
1892 2964 2107 3033 repleto.

2285 2958 2431 3030 Στίχ.
2452 2967 2524 3031 η’.
2554 2960 2635 3015 Τὰ
2644 2961 2713 3015 δὲ
2725 2963 3015 3031 πρόσωπα
3042 2962 3242 3018 αὐτῶν
3260 2964 3522 3035 ἀτιμίας
3536 2963 3864 3032 πλήρωσον.

689 3055 889 3110 Evince
912 3069 1006 3110 eos
1031 3070 1153 3112 esse
1187 3064 1520 3125 peccatores,
1546 3070 1641 3109 eos
1665 3067 1978 3125 peccatores
1997 3068 2179 3114 osten-

2362 3049 2614 3121 Ἔλεγξον
2642 3054 3016 3126 ἁμαρτωλοὺς,
3033 3056 3244 3121 δεικνὺς
3259 3058 3476 3123 αὐτοὺς
3506 3054 3865 3129 ἁμαρτωλούς·

617 3147 772 3202 deus.
805 3146 1032 3217 Repleto
1071 3146 1240 3204 facies
1266 3163 1454 3203 eorum
1486 3148 1801 3219 ignominia,
1845 3159 2069 3220 propter
2096 3163 2184 3208 re-

2287 3142 2576 3215 Πλήρωσον
2606 3144 2673 3199 τὰ
2709 3145 2975 3216 πρόσωπα
3012 3147 3191 3203 αὐτῶν
3225 3149 3469 3221 ἀτιμίας
3496 3149 3587 3204 διὰ
3611 3148 3702 3203 τοῦ
3730 3146 3866 3215 ἐλέγ-

619 3237 991 3307 dargutionem
1018 3252 1139 3306 qua
1162 3248 1247 3293 est
1276 3239 1328 3292 in
1356 3247 1427 3294 te.

1133 3248 1247 3293 rest
1276 3239 1328 3292 in
1356 3247 1427 3294 te.
2285 3253 2381 3306 χου
2409 3236 2501 3290 τοῦ
2524 3240 2581 3290 ὲν
2616 3236 2717 3290 σοί.

620 3324 687 3380 ν.
715 3326 803 3383 10.
836 3327 1081 3384 Sedenim
1111 3345 1226 3383 ecce
1262 3328 1404 3405 feras
1436 3330 1576 3396 apud
1609 3340 1677 3405 te.
1717 3327 1923 3385 Fenunt
1970 3332 2185 3399 perinde

2287 3327 2433 3397 Στίχ.
2468 3334 2517 3381 ι’.
2559 3329 2735 3384 Ἀλλὰ
2753 3329 2830 3399 δὴ
2851 3331 2980 3405 ίροὺ
2996 3333 3171 3405 θηρία
3198 3334 3359 3402 παρὰ
3385 3335 3495 3388 σοί
3501 3351 3514 3364 '
3533 3336 3750 3405 χόρτον
3771 3326 3862 3385 ἴσα

1063 3409 1217 3469 atque
1254 3403 1403 3453 boves
1442 3403 1734 3453 comedunt.

1706 3411 1734 3453 ι.
2843 3403 3072 3465 ,βουσὶν
3085 3404 3290 3457 ἐσθίει.

689 3488 840 3545 Ferte
865 3498 992 3545 sunt
1023 3491 1312 3546 contraria:
1361 3491 1611 3555 virtutes,
1658 3506 1758 3561 pro
1786 3492 1984 3562 quibus
2010 3496 2187 3549 oravit

2357 3488 2528 3564 Θηρία
2548 3492 2630 3546 ἀἱ
2661 3493 3029 3565 ἀντικείμεναι
3061 3494 3318 3567 δυνάμεις
3344 3497 3484 3563 εἰσὶ,
3523 3498 3653 3569 ’περὶ
3678 3490 3749 3551 ὧν
3771 3491 3856 3566 ηὔ-

620 3580 889 3654 i‘ropheta
917 3583 1100 3638 dicens
1131 3602 1143 3637 :
1173 3583 1257 3637 Ne
1283 3585 1468 3641 tradas
1496 3584 1621 3648 feris
1657 3585 1892 3639 animam
1926 3587 2186 3654 conﬁten-

2288 3578 2415 3646 ξατο
2442 3585 2471 3637 ὁ
2504 3587 2792 3658 Προφήτης
2832 3585 3023 3655 λέγων’
3060 3588 3155 3656 Μὴ
3185 3587 3473 3657 παραδῷς
3494 3590 3623 3656 τοῖς
3651 3587 3858 3657 θηρίοις

622 3689 721 3731 tem
753 3678 849 3731 tibi
872 3677 939 3730 θ’.
968 3675 1168 3732 Bestia;
1201 3687 1329 3733 sunt
1358 3678 1647 3733 contrariae
1674 3679 1921 3744 virtutes,
1955 3694 2184 3750 quorum

2284 3675 2398 3743 τὴν
2417 3675 2628 3745 ψυχὴν
2659 3676 3217 3748 ἐξομολογουμένην
3239 3696 3359 3733 σοι.
3407 3681 3593 3754 Θηρία
3628 3681 3761 3734 εἰσὶν
3807 3676 3854 3729 al

621 3769 900 3838 accepisti,
940 3783 974 3823 ο
1029 3770 1211 3831 homo.
1262 3779 1608 3839 potestatem.
1655 3767 1711 3825 Si
1752 3769 1862 3826 Deo
1907 3772 2184 3840 servieris,

2284 3767 2651 3840 ἀντικείμεναι
2681 3769 2961 3841 δυνάμεις,
2995 3765 3069 3824 ὧν
3094 3771 3341 3843 εἴληφας,
3377 3766 3429 3827 ὧ
3473 3774 3748 3846 ἄνθρωπε,
3770 3771 3855 3841 τὴν

620 3876 776 3929 super
799 3861 1031 3928 aspidem
1068 3872 1115 3915 et
1142 3862 1443 3917 basiliscum
1476 3864 1726 3919 ascendes
1760 3863 1825 3919 ”.

2283 3858 2546 3925 ἐξουσίαν.
2586 3860 2709 3916 Ἐὰν
2724 3861 2844 3933 Θεῷ
2865 3860 3173 3935 δουλεύσῃς,
3206 3863 3299 3918 ἐπ’
3324 3866 3568 3922 ἀσπίδα
3632 3866 3727 3921 καὶ
3752 3864 3855 3930 ,βα-

2283 3954 2567 4006 σιλίσχον
2612 3953 2892 4024 meum.

641 4119 649 4129 ο
865 4040 933 4096 ν.
958 4041 1043 4097 10.
1076 4041 1318 4098 Sedenim
1342 4060 1456 4099 ecce
1487 4045 1678 4100 bestias
1706 4048 1847 4115 apud
1872 4056 1943 4101 te.

2433 4044 2578 4116 Στίχ.
2606 4051 2655 4099 ι’.
2690 4046 2865 4101 Ἀλλὰ
2900 4046 2975 4116 δὴ
3002 4047 3131 4102 ἰδοὺ
3172 4052 3345 4129 θηρία
3376 4054 3549 4123 παρὰ
3594 4052 3712 4108 σοί.

696 4133 966 4205 Ejusdem.
1008 4134 1163 4205 Apud
1193 4144 1242 4188 te
1279 4132 1502 4199 Jobum,
1552 4135 1688 4203 apud
1716 4151 1934 4192 omnem
1979 4151 2183 4195 metuo-

2334 4131 2465 4188 ’Τοῦ
2499 4134 2701 4191 αὑτοῦ.
2736 4139 2897 4211 Παρά
2925 4142 3007 4194 σοὶ
3038 4142 3115 4213 τῷ
3157 4143 3298 4205 Ἰὼϐ,
3340 4147 3498 4219 παρὰ
3534 4146 3700 4200 παντὶ
3728 4146 3849 4198 ὑπο-

624 4241 760 4292 rem,
783 4229 921 4296 apud
945 4240 1158 4279 omnem
1182 4223 1460 4281 victorem.

2276 4229 2734 4303 μνηστικῷ,παρά
2759 4233 2922 4287 παντὶ
2952 4233 3031 4305 τῷ
3063 4237 3386 4307 νενικηκότι.

730 4315 793 4370 ν.
830 4314 916 4369 10.
952 4312 1151 4368 Fenum
1184 4315 1396 4382 perinde
1421 4323 1574 4384 atque
1597 4314 1745 4370 boues
1769 4316 2071 4371 comedunt.

2033 4326 2071 4370 ι.
2504 4321 2650 4393 Στίχ.
2676 4329 2727 4377 ι’.
2754 4326 2979 4393 Χόρτον
3012 4324 3118 4385 ἴσα
3140 4330 3368 4394 ,βουσὶν
3401 4330 3617 4387 ἐσθίει.

690 4407 767 4464 De
796 4409 1069 4463 vermibus
1095 4407 1355 4476 loquitur,
1381 4406 1474 4476 qui
1505 4422 1572 4462 ex
1602 4407 1720 4475 ipso
1748 4408 1852 4462 orti
1881 4408 2055 4477 ipsum
2083 4424 2181 4464 co—

2354 4413 2491 4476 Τοὺς
2525 4412 2808 4484 σκώληκας
2848 4416 3017 4487 λέγει,
3046 4420 3169 4484 τοὺς
3201 4420 3259 4486 ἐξ
3300 4423 3468 4477 αὐτοῦ
3500 4423 3665 4477 αὑτὸν
3703 4433 3848 4473 κατε·

623 4501 930 4556 medebant.
977 4498 1238 4569 Perfectio
1280 4500 1437 4566 enim,
1483 4499 1706 4570 inquit,‘
1740 4516 1950 4555 manum
2013 4519 2179 4557 meam

2288 4499 2552 4567 σθξοντας.
2577 4505 2898 4561 Συντέλειιι
2918 4509 3047 4579 γὰρ,
3080 4512 3233 4582 φησὶ,
3252 4512 3365 4581 τὴν
3395 4515 3568 4585 χεῖρά
3583 4530 3702 4585 μου
3737 4506 3845 4565 ὑπὸ

620 4610 655 4646 a
686 4602 756 4658 te,
778 4601 826 4646 et
853 4607 968 4646 ecce
998 4599 1056 4645 ut
1080 4591 1257 4661 fenum
1287 4591 1520 4646 devorat.

2285 4594 2420 4648 σοῦ·
2447 4596 2542 4650 καὶ
2563 4596 2690 4651 ἰδοὺ
2715 4600 2795 4665 ὡς
2812 4602 3024 4669 χόρτος
3041 4602 3151 4674 (58)
3195 4608 3514 4663 κατεσθίει.

759 4682 825 4737 ν.
853 4682 949 4763 11.⁴
980 4681 1069 4737 Vis
1107 4692 1279 4737 autem
1310 4683 1423 4753 ejus
1455 4684 1513 4738 in
1544 4683 1790 4739 umbilico
1819 4685 2035 4741 ventris.
2284 4687 2343 4739 21

2284 4686 2431 4757 Στίχ.
2454 4694 2539 4742 ια’.
2566 4688 2703 4744 Ἡδὲ
2714 4691 2962 4764 δύναμις
2980 4694 3164 4750 αὐτοῦ
3178 4695 3270 4750 ἐπ’
3282 4699 3556 4768 ὀμφαλοῦ
3575 4692 3842 4769 γαστρός·

691 4774 813 4831 Hec
854 4774 1023 4844 prima
1062 4774 1144 4828 vis
1187 4785 1376 4830 contra
1423 4776 1717 4831 hominem.
1770 4775 1907 4831 Hinc
1946 4776 2180 4834 fornica-

2288 4850 2296 4859 ι
2357 4776 2466 4849 (59)
2498 4776 2643 4851 Αὕτη
2681 4780 2867 4854 πρώτη
2911 4783 3137 4856 δύναμις
3168 4786 3308 4841 κατά
3341 4786 3435 4842 τοῦ
3469 4789 3675 4862 ἀνδρός.
3712 4785 3844 4856 Πόρ-

618 4870 759 4926 rium
790 4868 969 4922 facere
998 4866 1209 4937 incipit.

2282 4883 2372 4920 vov
2407 4872 2575 4922 ποιεῖν
2621 4872 2867 4926 ἐντεῦθεν
2902 4874 3148 4946 ἄρχεται.

688 4959 960 5028 Ejusdem.
1007 4956 1077 5014 Ut
1118 4957 1394 5014 mulierem
1431 4960 1680 5031 indigitet
1724 4976 1739 5013 :
1796 4970 1858 5016 ut
1903 4964 2177 5028 ostendat,

2360 4958 2470 5015 Τοῦ
2511 4964 2716 5021 αὐτοῦ.
2762 4967 2877 5020 Ἵνα
2906 4966 2966 5019 τὸ
3003 4967 3134 5038 θῆλυ
3182 4969 3419 5045 σημάνῃ,
3455 4972 3541 5025 ἴνα
3574 4968 3739 5039 δείξῃ,
3764 4962 3839 5017 ὅτε

617 5052 761 5121 quod
787 5067 892 5106 non
922 5051 1118 5105 militat
1152 5052 1325 5105 solum
1355 5061 1543 5106 contra
1587 5053 1848 5109 habentes
1882 5066 2177 5124 spermata.

2281 5054 2629 5126 στρατεύεται
2658 5058 2717 5110 οὐ
2754 5056 2912 5129 μόνον
2947 5059 3088 5113 κατὰ
3117 5060 3222 5114 τῶν
3252 5061 3482 5132 ἐχόντων
3509 5063 3577 5116 τά
3608 5059 3839 5129 σπέρμα·

618 5143 1113 5211 Congruentissime
1153 5156 1283 5196 vero
1328 5143 1628 5197 nominavit
1660 5144 1900 5200 lumbum
1951 5147 2180 5218 loquens

2277 5160 2367 5199 τα.
2391 5148 2538 5201 Πάνυ
2555 5148 2611 5202 δὲ
2632 5147 3045 5222 εὐπρεπέστατα
3078 5152 3356 5223 ὠνόμασεν
3383 5157 3549 5224 ὀσφὺν
3578 5151 3671 5205 ἐπὶ
3690 5147 3839 5221 appa-

618 5234 687 5288 de
718 5234 954 5300 homine,
989 5244 1042 5289 et
1074 5233 1391 5289 umbilicum
1435 5236 1642 5291 ventris
1668 5238 1736 5293 de
1770 5237 1967 5293 femina
1998 5263 2009 5296 :
2042 5241 2178 5297 Ecce

2279 5256 2387 5301 νος,
2411 5239 2505 5293 καὶ
2534 5239 2772 5309 ὀμφαλὸν
2804 5241 3036 5312 γαστρὸς
3076 5243 3167 5296 ἐπὶ
3187 5246 3463 5313 γυναικόςο
3512 5241 3654 5298 Ἰδοὺ
3701 5236 3766 5292 δὲ
3797 5235 3833 5302 ἠ

618 5341 748 5377 sane
783 5327 1033 5393 potentia,
1078 5324 1282 5377 lumbus
1334 5320 1442 5394 ejus
1475 5324 1530 5378 in
1566 5327 1799 5396 potentia
1827 5330 1960 5401 :~vis
2000 5341 2175 5385 autem

2281 5329 2459 5400 ὶσχὺς
2504 5330 2704 5399 ὀσφὺς
2742 5332 2927 5386 αὑτοῦ
2958 5333 3028 5387 ἐν
3062 5337 3246 5404 ἰσχύϊ·
3274 5340 3313 5407 ἠ
3341 5336 3410 5391 δὲ
3451 5338 3698 5406 δύναμις
3736 5330 3836 5383 αὐ-

617 5419 731 5487 ejus
760 5417 813 5471 in
845 5417 1088 5471 umbilico
1115 5418 1307 5471 ventris
1337 5416 1403 5471 “.

2276 5425 2382 5495 τοῦ
2417 5425 2510 5478 ἐπ’
2541 5426 2810 5496 ὀμφαλοῦ
2824 5432 3095 5498 γαστρός.

688 5534 732 5566 ⁸⁸
778 5530 896 5589 Job.
946 5548 988 5599 ι,
1036 5532 1241 5596 11,12.
1318 5532 1385 5572 ’°—
1419 5533 1549 5589 ibid.
1626 5534 1671 5567 ’ί
1730 5536 1860 5593 ibid.
1936 5538 1980 5571 "
2025 5539 2169 5597 Psal.
2210 5556 2272 5596 ιι

1936 5538 1980 5571 ’⁸
2025 5539 2169 5597 Psal.
2210 5556 2401 5608 Lum,
2431 5541 2517 5597 l9.
2590 5542 2637 5577 ”
2672 5547 3035 5607 Psal.xc,l5.
3114 5548 3161 5580 “
3211 5549 3319 5617 hic,
3354 5564 3407 5603 ν.
3434 5550 3520 5607 11.

688 5671 800 5766 εει
824 5671 995 5766 591‘?
1025 5672 1266 5766 δί’ξὲρνοδ
1302 5675 1382 5731 νει
1406 5676 1716 5752 ἀπαρνήσῃ-

2349 5683 2462 5757 (59)
2493 5685 2652 5745 Deest
2675 5685 2728 5744 in
2755 5688 2878 5749 cod.
2911 5704 3025 5746 nr.
3048 5689 3267 5747 Confer.
3296 5692 3506 5766 Olymp.

824 5743 986 5801 Forte
1006 5742 1215 5814 χόρτον.
