4012 6340
189 323 279 384 {Ol
1420 323 1955 381 ENARRATIONES
1989 323 2055 378 IN
2094 325 2234 380 ,ΙΟΒι
3340 325 3444 380 102

187 434 329 506 Στίχ.
365 443 466 489 κε’.
503 437 924 506 Μεριτεύονται
967 436 1035 490 δὲ
1079 438 1225 492 αὐτὸ
1273 439 1564 492 Φοινίκων
1603 439 1769 505 ἔθνη.

1879 437 1939 490 ν.
1981 438 2070 492 23.
2111 434 2424 492 Partiuntur
2467 433 2641 492 autern
2689 437 2840 492 illum
2885 437 3193 493 Phaem'cum
3242 450 3440 508 genta.

159 547 173 609 ί
246 527 354 597 (40)
401 529 569 583 Ἐπεὶ
603 531 836 602 πονηρίᾳ
865 530 1072 602 μεγάλῃ
1102 530 1485 586 διαϐάλλονται
1506 536 1554 586 οἱ
1586 533 1740 586 Χανα

1942 531 2078 596 Quia
2126 529 2394 598 pravitate
2440 546 2636 598 magna
2707 532 3066 585 traducuntur
3123 531 3437 596 Chanauaei,

178 621 326 680 ναῖοι,
355 621 408 671 οἱ
432 621 536 673 καὶ
559 623 821 684 ⁴Ιιοίνικες·
849 621 936 674 διὰ
967 620 1124 676 τοῦτό
1145 640 1298 694 φησιο
1329 623 1682 692 Μεριοῦνται
1700 623 1762 675 δὲ

1868 623 1956 690 qui
1989 632 2042 676 et
2076 621 2380 687 Pltautices,
2407 631 2690 691 propterea
2715 624 2844 678 dicit
2879 641 2894 676 :
2932 624 3240 677 Pnrtiemur
3265 630 3443 678 autem

174 707 353 763 αὐτὸν
379 712 687 764 Φοινίκων
710 711 876 778 ἔθνη.
911 711 1181 774 Ἕκαστος
1224 710 1387 781 μέρος
1421 729 1471 764 τι
1502 711 1758 781 λαμϐάνει

1867 713 2016 766 illum
2066 711 2373 766 Phoenicum
2414 723 2615 783 gentes.
2657 713 2895 782 Quisque
2940 728 3148 784 partem
3197 714 3435 781 aliquam

171 796 272 850 ἀπὸ
315 797 414 850 τοῦ
468 799 792 872 δράκοντος,
829 800 924 854 ἐὰν
967 796 1091 872 ᾗτὸ
1133 804 1287 870 γένος
1317 803 1617 864 Χαναναῖος
1673 800 1755 854 καὶ

1867 805 2067 874 accipit
2092 822 2120 858 a
2143 808 2402 870 dracone,
2434 805 2477 860 si
2503 805 2574 859 sit
2603 821 2801 875 genere
2831 807 3169 862 Chauauazus
3193 817 3249 862 et
3275 804 3439 861 Phae-

169 889 359 957 Φοῖνιξ.

1868 896 1995 948 nix.‘

167 983 309 1052 Στίχ.
346 990 468 1048 κς.
503 984 737 1058 annos
763 984 1003 1058 πλωτὸν
1040 985 1341 1058 συνελθὸν
1369 985 1553 1058 οὑγμὴ
1597 985 1751 1057 ἐνέγι·

1867 987 1932 1043 γ.
1973 986 2064 1042 26.
2101 987 2264 1058 Omne
2300 996 2471 1039 autem
2517 986 2812 1058 navigabile
2863 988 3192 1058 conveniens,
3243 1004 3437 1058 nequa-

435 1070 602 1108 κωσι
627 1056 875 1124 βύρσαν
893 1056 1043 1124 μίαν
1078 1054 1261 1123 οὐρᾶς
1291 1057 1494 1111 αὑτοῦ.
1545 1054 1548 1055 ⁷
1706 1054 1716 1057 ⁷

1706 1054 1716 1057 ⁷
2039 1073 2195 1126 quam
2224 1055 2396 1125 [erant
2432 1054 2840 1110 coriuniunum
2876 1059 3062 1110 cauda:
3102 1057 3261 1111 illius.

225 1144 337 1214 (Η)
366 1147 454 1200 Τὰ
487 1149 785 1200 τελευταῖα
818 1145 912 1198 τοῦ
939 1145 1228 1218 δράκοντος
1248 1149 1340 1201 καὶ
1373 1147 1439 1201 τὰ
1473 1147 1672 1219 ἔσχατα
1701 1149 1760 1202 οὐ

1933 1148 2187 1203 Extrema
2223 1163 2584 1218 supremaque
2617 1148 2870 1204 draconis
2904 1165 3008 1202 non
3045 1158 3267 1218 possunt
3299 1165 3438 1203 mor-

165 1235 413 1292 δύνανται
449 1240 741 1313 νεκρῶσαι
766 1240 945 1294 πάντα
981 1240 1098 1310 ἅμα
1125 1241 1327 1296 πλωτά.
1370 1243 1433 1294 Oi
1464 1241 1749 1314 ἄνθρωποι,

1864 1240 2073 1296 tilicare
2105 1241 2286 1295 omnia
2320 1241 2480 1294 simul
2527 1242 2875 1310 navigabilia.
2933 1239 3195 1295 Homines
3226 1251 3437 1297 utentes

166 1329 358 1394 πλοίοις
380 1332 678 1405 χρώμενοι
708 1337 821 1397 τοῖς
852 1333 1120 1404 σώμασιν,
1155 1335 1215 1387 οὐ
1241 1335 1492 1390 δύνανται
1519 1339 1750 1404 ὲνεγκεῖι

1862 1333 2179 1400 corporibus
2227 1348 2326 1387 ceu
2375 1333 2637 1402 navigiis,
2705 1343 2980 1404 nequeunt
3038 1333 3182 1388 ferre
3231 1335 3437 1390 corium

164 1422 360 1493 βύρσαν
398 1427 544 1495 μίαν
580 1428 747 1498 οὐρᾶς
783 1424 966 1479 αὐτοῦ.
997 1425 1158 1477 Αὐτοὶ
1191 1425 1310 1478 καθ’
1342 1427 1563 1490 ἑαυτοὺς
1597 1428 1656 1480 οὐ
1674 1427 1748 1480 δύ·

1865 1440 2029 1478 unum
2059 1427 2240 1480 caudae
2267 1425 2427 1479 illius.
2467 1425 2572 1494 Ipsi
2596 1442 2691 1494 per
2713 1442 2772 1481 se
2803 1436 3076 1498 nequeunt
3106 1445 3120 1480 :
3161 1438 3217 1481 at
3247 1427 3433 1482 divina

161 1533 362 1571 νανταιο
400 1518 571 1582 Θείας
608 1521 665 1572 δὲ
702 1519 982 1589 δυνάμεως
1027 1519 1450 1590 ἐπισκοπούσης,
1486 1519 1745 1589 δυνάμεθα

1865 1516 2078 1572 favente
2106 1521 2324 1585 virtute,
2360 1535 2646 1589 posswuus
2687 1537 2791 1574 non
2825 1521 2995 1575 solum
3026 1520 3239 1575 corium
3269 1537 3435 1574 unum

157 1607 210 1660 οὐ
243 1609 418 1680 μόνον
467 1611 681 1686 βύρσαν
719 1612 846 1683 μίαν
889 1612 1055 1683 οὐρᾶς
1109 1611 1296 1676 αὐτοῦ,
1321 1611 1456 1665 ἀλλὰ
1498 1612 1592 1665 καὶ
1641 1612 1741 1666 ὃλοε

1865 1611 2046 1666 caudae
2078 1611 2239 1676 illius,
2271 1613 2365 1664 sed
2400 1621 2454 1665 et
2487 1621 2655 1665 totum
2687 1613 2862 1682 ipsum
2897 1622 3138 1681 portare,
3171 1621 3225 1665 et
3259 1622 3432 1666 totum

156 1702 313 1757 αὐτὸν
353 1706 626 1776 κομίσαι,
678 1705 773 1758 καὶ
819 1705 938 1758 ὅλον
991 1703 1153 1757 αὑτὸν
1191 1703 1484 1775 νεκρῶσαι.
1520 1703 1740 1774 Νεκροῦ

1867 1700 2038 1771 ipsum
2091 1699 2444 1756 mortiﬁcare.
2513 1703 2901 1759 Mortiﬁcamus
2945 1715 3126 1759 autem
3182 1705 3432 1774 quisque.

156 1810 249 1864 μεν
274 1795 338 1848 δὲ
373 1797 644 1862 ἕκαστος,
672 1797 734 1851 τὺ
765 1798 886 1850 ὅσον
917 1797 1000 1866 ἐφ’
1034 1795 1230 1866 ἑαυτῷ,
1253 1796 1343 1848 τὸν
1372 1795 1636 1860 διάϐολον,
1667 1814 1737 1849 κα

1865 1805 2121 1862 quantum
2170 1795 2223 1848 in
2273 1810 2331 1849 se
2371 1807 2471 1858 est,
2535 1795 2835 1858 diabolum,
2889 1796 3041 1865 juxta
3097 1799 3238 1862 quod
3291 1797 3433 1864 apud

150 1885 212 1938 τὰ
248 1885 316 1938 τὸ
366 1886 681 1958 εἰρημένον
734 1886 882 1957 παρὰ
921 1886 997 1957 τῷ
1052 1885 1378 1955 Ἀποστόλῳο
1429 1885 1490 1937 Ὀ
1527 1883 1595 1937 δὲ
1621 1885 1734 1938 Θεὸη

1865 1883 2175 1952 Apostolum
2222 1887 2424 1938 dicitur
2455 1905 2468 1940 :
2503 1887 2643 1939 Deus
2693 1901 2867 1943 autem
2909 1900 3141 1943 conterat
3177 1888 3432 1944 Satanam

145 1979 516 2046 συντρίψω
543 1979 649 2031 τὸν
681 1976 951 2033 Σατανᾶν
985 1978 1102 2032 ὑπὸ
1136 1977 1278 2042 τοὺς
1300 1977 1487 2044 πόδας
1504 1976 1670 2046 ὑμῶν
1699 1981 1729 2030 ὲ

1235 1996 1278 2042 ις
1300 1977 1487 2044 πόδας
1504 1976 1670 2046 ὑμῶν
1699 1981 1766 2030 ἐν
1866 1973 1959 2024 sub
1989 1976 2143 2042 pedes
2170 1984 2363 2028 vestros
2387 1979 2438 2028 in
2464 1980 2726 2032 celeritate
2750 1980 2819 2032 9'.

141 2084 213 2120 τα
213 2087 352 2138 χει.

827 2162 982 2214 ΚΕΦ.
999 2161 1136 2214 MA'.
1604 2199 1608 2204 -

1604 2199 1608 2204 .
2490 2157 2639 2212 CAP.
2687 2157 2815 2212 XLI.

127 2251 306 2322 Στίχ.
371 2251 446 2305 δ’.
524 2255 616 2320 Τίς
659 2253 1049 2341 ἀποκαλύψεε
1089 2253 1414 2320 πρόσωπον
1464 2251 1711 2306 ἐνδύσεο

863 2339 1088 2377 αυτου;

1705 2272 1766 2318 υς
2010 2265 2073 2322 ν.
2105 2267 2160 2322 4.
2202 2268 2332 2333 Quis
2361 2279 2547 2339 releget
2584 2270 2772 2338 faciem
2809 2273 3100 2326 indumenti
3129 2274 3289 2339 eius?

863 2364 1045 2377 νυν-’νυ
1069 2364 1084 2386 r

209 2414 324 2467 Διὰ
358 2414 417 2468 τί
442 2417 547 2468 οὐκ
569 2411 707 2469 εἷπε·
750 2416 843 2479 Τίς
867 2416 1203 2486 ἀποκαλύψει
1234 2417 1521 2487 πρόσωπον
1562 2415 1759 2482 αὑτοῦ;

1933 2406 2041 2463 Cur
2077 2423 2180 2462 non
2229 2407 2387 2472 dixit,
2423 2406 2556 2474 Quis
2608 2417 2820 2478 releget
2857 2408 3051 2464 faciem
3099 2410 3253 2477 ejus?
3297 2415 3433 2480 Quid

145 2505 212 2560 Τί
226 2510 391 2560 ποιεῖ
406 2508 599 2562 ἐνθάδε
619 2509 763 2580 καὶὴ
791 2509 1072 2575 ἐνδυσις;
1100 2511 1193 2576 Τις
1218 2509 1324 2581 γάρ
1357 2511 1729 2578 ἀποκαλύψει

1863 2496 1994 2551 facit
2041 2497 2130 2551 hic
2172 2505 2227 2550 et
2283 2498 2651 2552 indumentum
2678 2499 2703 2551 .9
2745 2499 2874 2565 Quis
2904 2499 3048 2554 enim
3088 2512 3296 2572 releget,
3339 2505 3434 2568 ait,

154 2598 317 2669 φησὶ,
343 2599 682 2666 πρόσωπον
723 2600 1021 2666 ἐνδύσεως
1049 2601 1270 2664 αὐτοῦ;
1323 2601 1434 2654 Ἵνα
1480 2602 1644 2673 νοηθῇ
1700 2601 1738 2655 τὶ

1861 2586 2046 2656 facient
2071 2587 2364 2642 indumenti
2383 2589 2496 2657 ejus
2515 2590 2541 2644 ?
2577 2589 2646 2645 Ut
2686 2592 2830 2658 quod
2856 2591 3058 2645 dicitur
3087 2593 3433 2664 intelligatur.

157 2688 490 2762 λεγόμενον,
520 2691 920 2762 παραδείγματι
965 2692 1298 2763 χρησώμεθα
1332 2693 1438 2745 τῶν
1485 2691 1741 2764 περιτιθε·

1861 2689 2076 2734 utamur
2105 2681 2351 2750 exemplo
2387 2681 2663 2736 larvarum
2699 2699 2840 2752 quas
2873 2685 3126 2748 induunt,
3163 2701 3262 2742 nec
3295 2703 3437 2742 com-

169 2785 346 2856 μένων
378 2783 764 2856 προσωπείων,
794 2785 887 2839 καὶ
919 2785 992 2856 μὴ
1010 2785 1345 2856 φαινομένων
1364 2785 1517 2839 τοῦτο
1547 2786 1575 2838 ὃ
1603 2788 1753 2847 εἰσιν,

1860 2780 2050 2840 parent
2098 2773 2240 2840 quod
2274 2785 2422 2836 sunt,
2463 2774 2556 2828 sed
2600 2775 2744 2842 quod
2787 2775 2958 2830 videri
3001 2777 3204 2832 volunt.
3261 2780 3431 2833 Assu-

165 2876 298 2930 ἀλλὰ
334 2877 558 2931 Θέλουσι
585 2879 778 2932 δοκεῖν.
807 2875 1270 2950 Ἀναλαμϐάνουσι
1293 2880 1398 2949 γὰρ
1420 2881 1749 2950 προσωπεῖα,

1957 2873 2015 2918 nt
2051 2864 2194 2918 enim
2237 2864 2416 2920 larvas
2451 2867 2749 2935 generatim
2801 2868 2834 2920 ii
2883 2869 2975 2936 qui
3014 2869 3067 2922 in
3105 2873 3284 2924 scenis
3313 2886 3434 2940 pero
3523 2877 3533 2888 ‘

172 2971 298 3044 φέρε
333 2973 542 3034 εἰπεῖν,
568 2967 712 3026 οὗτοι
743 2974 801 3025 ἐν
837 2975 956 3035 ταῖς
997 2973 1258 3043 Θυμέλαις
1291 2971 1598 3043 ὑποκριταὶ,
1631 2971 1756 3022 ποτὲ

1863 2969 2049 3009 sonam
2091 2953 2326 3022 aliquam
2365 2956 2647 3022 simulant,
2682 2957 2976 3027 aliquando
3020 2960 3244 3024 ducum,
3301 2961 3432 3016 alias

177 3066 271 3134 μὲν
327 3065 679 3136 ἡγουμένων,
739 3064 868 3118 ποτὲ
919 3064 974 3116 δὲ
1006 3063 1180 3118 ἄλλων
1223 3063 1503 3133 βασιλέων,
1536 3063 1664 3116 ποτὲ
1703 3061 1760 3114 δὲ

1863 3043 2089 3097 aliorum
2132 3061 2356 3115 regum,
2406 3061 2790 3116 nonnunquam
2830 3048 3141 3104 mulierum.
3183 3051 3261 3105 Ac
3296 3067 3424 3120 pro-

172 3157 472 3225 γυναικῶν.
514 3158 624 3210 Καὶ
643 3157 704 3210 τὸ
744 3157 841 3228 μὲν
884 3157 1015 3209 ἴδιον
1039 3155 1216 3210 αὐτῶν
1241 3157 1526 3227 πρόσωπον
1563 3156 1756 3210 ἀποκέ-

1865 3137 1980 3207 prio
2015 3137 2232 3206 quidem
2267 3151 2455 3192 eorum
2483 3137 2648 3194 facies
2687 3139 3009 3205 occultatur,
3041 3149 3096 3196 et
3124 3143 3267 3212 quod
3309 3151 3434 3196 sunt

175 3267 429 3321 κρυπται,
468 3253 565 3306 καὶ
589 3253 616 3304 ὅ
651 3253 784 3304 εἰσιν
806 3251 864 3302 οὐ
897 3249 1192 3319 φαίνονταιο
1223 3249 1250 3301 ὃ
1279 3249 1335 3302 δὲ
1358 3248 1592 3311 δοκοῦσι,
1632 3248 1754 3318 βλέ-

1860 3243 1966 3282 non
2000 3238 2353 3297 comparent;
2401 3232 2544 3298 quod
2599 3245 2728 3284 vero
2761 3233 2929 3286 videri
2963 3232 3170 3296 volunt,
3199 3249 3434 3287 cernun-

178 3359 379 3398 πονται.
412 3342 676 3405 Τοιοῦτός
707 3344 853 3395 ἐστιν
878 3343 906 3394 6
929 3341 1162 3412 δράκων.
1207 3340 1472 3393 Οὐδέποτε
1499 3340 1560 3392 τὸ
1591 3341 1757 3411 πρόσ-

1862 3331 1967 3377 tur.
2028 3321 2172 3376 Talis
2217 3332 2304 3376 est
2347 3332 2404 3376 et
2452 3324 2637 3378 draco.
2689 3323 2976 3394 Nunquam
3030 3324 3224 3378 faciem
3279 3342 3432 3380 suam

177 3452 313 3490 ωπον
335 3435 518 3490 αὑτοῦ
539 3435 824 3489 δείκνυσιν
861 3432 996 3486 ἀλλὰ
1028 3434 1075 3484 εί
1108 3431 1219 3503 (42)
1259 3432 1548 3503 πρόσωπον
1578 3429 1757 3484 λαϐὼν

1859 3415 2095 3469 ostendit
2132 3433 2144 3468 :
2182 3415 2278 3469 sed
2307 3417 2506 3469 larvam
2533 3433 2815 3472 assumens
2847 3421 2914 3471 ad
2959 3418 3306 3485 decipiendos
3338 3419 3434 3472 ho-

180 3527 250 3588 εὶς
281 3528 508 3598 ἀπάτην
526 3527 634 3579 τῶν
663 3523 984 3596 ἀνθρώπων,
1017 3525 1190 3576 ἐκεῖνο
1227 3522 1338 3593 (45)
1367 3522 1587 3592 χρῆται.
1647 3522 1757 3574 Καὶ

1861 3509 2053 3572 mines,
2087 3508 2172 3560 illa
2201 3510 2389 3563 utitur.
2421 3507 2603 3564 Habet
2633 3525 2794 3577 porro
2823 3510 3168 3563 adversarius
3194 3509 3294 3563 iste
3325 3509 3437 3562 lar-

181 3615 285 3686 ἐχει
313 3636 372 3688 γε
417 3620 453 3670 ὁ
484 3618 676 3690 ἐχθρὸς
717 3612 872 3678 οὗτος
904 3615 1075 3668 πολλὰ
1121 3617 1464 3686 προσωπεῖα,
1508 3614 1602 3666 καὶ
1635 3613 1758 3666 καθ’

1862 3614 1956 3652 vas
1990 3599 2208 3664 multas,
2254 3609 2310 3653 et
2345 3600 2412 3654 ad
2447 3602 2721 3668 quodlibet
2753 3601 2941 3652 vitium
2991 3599 3194 3651 larvam
3225 3600 3435 3654 virtutis

183 3707 404 3782 ἑκάστην
439 3711 643 3764 κακίαν
670 3711 956 3782 πρόσωπον
969 3707 1235 3779 λαμϐάνει
1265 3704 1485 3775 ἀρετῆς.
1504 3705 1610 3758 Καὶ
1635 3705 1762 3772 μετ’

1639 3705 1762 3772 μετ’
1865 3689 2111 3743 assumit.
2154 3691 2215 3744 Et
2244 3704 2360 3760 post
2390 3709 2560 3760 pauca
2598 3692 2656 3744 in
2696 3692 2752 3743 id
2791 3690 2932 3760 quod
2971 3691 3223 3758 sequitur.

183 3802 336 3872 ὀλίγα
351 3808 458 3870 εἰς
487 3804 551 3857 τὸ
569 3803 735 3872 ἑξῆς.

307 3901 402 3953 Τέι
446 3901 749 3952 ὑπόλοιπα
774 3898 879 3951 τοῦ
909 3894 1353 3965 προγραφέντος
1381 3893 1619 3962 στίχου.
2231 3873 2506 3942 Reliquum
2541 3873 2839 3943 ρνίεεενίριε
2873 3889 3068 3926 versus-

242 3989 343 4063 (44)
393 3991 466 4044 Τὸ
501 3991 790 4061 πρόσωπον
819 3990 848 4041 ὃ
879 3988 1161 4042 ἐνεδύσατο
1188 3988 1270 4051 τίς
1303 3985 1484 4048 ἱκανὸς
1514 3983 1762 4052 ὲλέγξαι;

1938 3965 2164 4020 Larvam
2191 3981 2354 4035 quam
2389 3967 2579 4028 induit,
2630 3967 2751 4035 quis
2778 3967 3034 4021 evincere
3059 3966 3267 4034 possit?
3300 3966 3433 4032 Quis

186 4082 253 4148 τις
277 4059 470 4149 mg
492 4059 836 4153 ἀποκαλύψαι
874 4083 967 4136 καὶ
1007 4082 1162 4153 λῆξαι
1194 4081 1301 4151 (45)
1324 4081 1352 4132 δ
1383 4097 1436 4131 τι
1472 4078 1614 4131 ἔνδον
1637 4077 1766 4148 δρά-

1865 4060 2034 4128 possit
2063 4061 2310 4129 detegere
2337 4075 2399 4114 ac
2428 4059 2719 4114 ostendere
2765 4059 2895 4128 quid
2930 4059 3098 4113 draco
3138 4059 3284 4114 intus
3332 4060 3435 4114 sit?

189 4190 280 4229 κων
310 4178 473 4242 sati;
509 4176 750 4230 Τοιοῦτοί
772 4176 874 4229 εἰσί
909 4192 1053 4237 τινες
1083 4174 1175 4227 καὶ
1213 4172 1361 4227 ἄλλοι
1398 4170 1635 4242 μαθηταὶ
1669 4171 1766 4222 αύ-

1867 4152 2026 4206 Tales
2055 4162 2180 4206 sunt
2208 4162 2263 4206 et
2296 4152 2490 4221 reliqui
2533 4151 2786 4220 discipuli
2835 4150 2970 4220 ejus,
2995 4153 3085 4222 qui
3129 4154 3336 4206 veniunt
3364 4154 3431 4204 ad

191 4269 287 4331 τοῦ,
334 4272 576 4336 Οἵτινες
624 4269 898 4338 ἔρχονται
954 4266 1103 4335 πρὸς
1143 4263 1298 4334 ὑμᾶς
1338 4265 1408 4317 ἐν
1469 4262 1761 4331 ἐνδύμασι

1864 4261 1954 4298 vos
1981 4246 2034 4296 in
2068 4246 2380 4300 vestimentis
2419 4245 2610 4312 ovium,
2645 4247 2786 4299 intus
2820 4257 2994 4298 autem
3031 4256 3150 4298 sunt
3189 4245 3301 4313 lupi
3343 4263 3431 4298 ra-

194 4363 514 4429 προϐάτων,
534 4362 780 4416 ἔνδοθεν
800 4358 866 4413 δέ
893 4362 1008 4413 εὶσι
1035 4359 1211 4412 λύκοι
1250 4357 1527 4425 ἅρπαγες.
1863 4357 2014 4409 Ραεθε
2039 4341 2105 4392 "-

196 4454 578 4528 Στίχ.δ’.Εὶςδὲ
593 4447 1275 4519 πτύξινθιίῳακοςαὺτοῦ
1291 4449 1380 4513 τίς
1396 4446 1471 4500 ἂν
1485 4445 1761 4506 εὶσέλθοι;
1784 4523 1814 4528 Α
1864 4434 2004 4528 νβ.
2031 4433 2302 4528 ΙηρΙίεαηι
2323 4431 2702 4528 υεγοᾉιιιοναεὶε
2723 4430 2839 4528 ejus
2869 4431 2987 4500 quis
3015 4429 3218 4500 ingredi
3243 4428 3436 4498 queat?

263 4551 459 4621 Ὀρᾷς;
515 4545 696 4618 Θώραξ
727 4538 879 4609 οὗτος
907 4541 1252 4614 ὀνομάζεται,
1294 4541 1387 4594 καὶ
1424 4537 1632 4609 στῆθος·
1660 4535 1752 4588 καὶ
1784 4523 1827 4577 Ῐ)

1927 4525 2148 4581 Viden’?
2199 4527 2394 4580 thorax
2453 4526 2553 4579 iste
2607 4526 2939 4586 nominatur,
3001 4534 3055 4575 et
3109 4530 3435 4591 pectuszet

203 4606 381 4713 θώραξ,
403 4606 548 4694 ’ὅπου
740 4638 798 4692 τὸ
818 4606 1155 4710 ἡγεμονικόν.
1193 4634 1301 4702 Οὐχ
1331 4606 1534 4694 ἁπλοῦς
1555 4631 1701 4681 ἐστιν
1729 4629 1758 4680 ὁ

1859 4618 2182 4683 thorax,ubi
2221 4628 2304 4674 εει
2355 4618 2684 4672 moderatrix
2736 4619 2930 4671 animm
2980 4616 3230 4671 facultas.
3283 4615 3434 4670 llaud

205 4707 362 4800 θὼῥαξ
393 4732 577 4786 αὐτοῦ.
610 4731 772 4784 Οὐδὲν
803 4707 1166 4800 exstantes»).
1199 4725 1377 4788 Δόλιός
1405 4724 1571 4785 ἐστιν,
1594 4723 1760 4773 ἐπτυ-

1861 4710 2089 4780 simplex
2131 4720 2213 4764 est
2242 4711 2432 4764 thorax
2463 4710 2628 4762 illius.
2658 4707 2805 4761 Nihil
2838 4709 2999 4762 habet
3025 4710 3276 4778 simplex.
3333 4707 3433 4760 Do-

270 4783 573 4803 .κ--τ
625 4783 667 4784 η
722 4783 734 4784 κ
832 4783 862 4800 η
1358 4783 1372 4788 ,
1561 4783 1565 4785 ,

206 4827 378 4895 γμένος
414 4827 584 4881 ἐστίν.
618 4827 719 4890 Εἰς
753 4819 844 4876 οὖν
870 4822 982 4890 τὴν
1016 4818 1234 4883 πτύειν
1270 4815 1529 4884 θώρακος
1572 4810 1757 4866 αὑτοῦ

1860 4799 2006 4855 losus
2031 4810 2132 4866 est,
2165 4799 2394 4868 plicatus
2424 4809 2525 4852 εει.
2561 4798 2623 4850 1η
2648 4798 2842 4867 plicam
2880 4798 3044 4867 igitur
3077 4799 3300 4850 thoracis
3323 4797 3434 4865 ejus

208 4890 682 4982 Ticﬁr—sio‘éJOm;
711 4918 898 4984 ’Ἄγιος
937 4914 994 4966 δὲ
1036 4912 1276 4982 ἐλέγχειν
1311 4907 1468 4961 αὐτὸν
1510 4905 1755 4966 δύναται,

1860 4893 1975 4963 quis
1999 4892 2203 4961 ingredi
2251 4892 2446 4962 queat?
2504 4890 2736 4944 Sanctus
2785 4905 3015 4958 arguere
3063 4902 3183 4941 eum
3235 4898 3432 4956 potest,

208 5010 280 5064 καὶ
300 5011 494 5078 δεῖξαι,
525 5011 606 5063 ὅτι
633 5009 894 5062 ἕπτυκται
918 5005 1081 5059 αὐτοῦ
1113 5007 1142 5058 6
1175 5000 1374 5074 θώραξ·
1410 4997 1503 5052 τοῦ
1525 4997 1579 5050 δὲ
1601 4996 1756 5066 ἁγίου

1863 4995 2024 5053 atque
2049 4983 2334 5038 ostendere
2360 4982 2613 5052 plicatum
2645 4997 2765 5037 εεεε
2795 4983 3087 5051 thoracem
3106 4979 3240 5047 ejus,
3266 4981 3433 5036 sancti

211 5097 286 5152 οὐκ
313 5075 594 5154 ἔπτυκται.
1863 5092 1993 5130 vero
2026 5090 2130 5129 non
2155 5090 2272 5129 esse.
2304 5075 2581 5142 plicatum.

207 5179 209 5183 ’
267 5193 405 5264 Στίχ.
444 5192 506 5248 ε’.
538 5193 745 5258 Πύλας
768 5188 1090 5260 προσώπου
1111 5183 1297 5240 αὐτοῦ
1328 5181 1418 5248 τίς
1445 5178 1705 5242 ἀνοίξει;

1645 5193 1705 5240 ι;
2077 5168 2140 5222 ν.
2182 5167 2234 5222 5.
2279 5165 2465 5221 Portus
2497 5167 2652 5236 faciei
2689 5165 2804 5236 ejus
2828 5165 2944 5234 quis
2985 5163 3229 5229 aperiet?

266 5257 506 5357 Kpti‘mat
554 5285 622 5338 τά
669 5257 820 5337 ἔνδον
855 5281 1210 5351 ἀποκείμενα.
1267 5276 1363 5341 Τίς
1396 5268 1496 5326 οὖν
1528 5269 1759 5331 ἀνοίξει

1937 5261 2193 5318 Occultat
2223 5277 2345 5330 quae
2372 5261 2517 5315 intus
2545 5263 2774 5330 reposita
2816 5267 2962 5313 sunt.
2999 5257 3127 5322 Quis
3165 5272 3292 5327 ergo
3315 5272 3435 5320 ape-

209 5379 294 5446 τὰς
313 5381 512 5444 πύλας
544 5378 648 5432 τοῦ
675 5374 1002 5446 προσώπου
1028 5370 1213 5425 αὐτοῦ
1242 5386 1258 5432 ;
1283 5367 1376 5430 Τίς
1403 5358 1556 5426 οὗτός
1586 5363 1754 5425 ἐστιν,

1866 5359 2160 5426 rietportas
2198 5357 2356 5424 [aciei
2406 5355 2516 5425 ejus
2548 5357 2571 5410 ?
2603 5356 2734 5422 Quis
2779 5355 2880 5409 iste
2929 5361 3036 5418 est,
3067 5361 3122 5406 ut
3151 5359 3341 5423 arguat
3381 5359 3436 5406 et

300 5520 340 5551 ”
363 5517 637 5580 Rom.xv1,
665 5515 756 5571 20.
833 5514 880 5547 "
903 5512 1088 5567 Matth.
1123 5526 1216 5576 VII,
1251 5509 1336 5564 l5.

273 5679 374 5754 (40)
400 5677 599 5734 Confer
619 5673 830 5746 Olymp.
1016 5741 1026 5753 ⁸
1232 5713 1257 5744 ο

273 5750 373 5810 illi
407 5750 571 5803 Deest
599 5747 651 5800 in
689 5749 806 5799 cod.
839 5741 1063 5798 xxt.lltc
1088 5752 1299 5810 quoque
1324 5733 1511 5793 confer
1537 5731 1748 5803 Olymp.

1931 5653 2041 5722 (45)
2075 5650 2214 5720 Lege
2243 5649 2452 5718 ἐκείνῳ.

1285 5752 1299 5794 3
1324 5733 1511 5793 confer
1537 5731 1748 5803 Olymp.
2075 5720 2425 5810 meeting?
2448 5715 2632 5775 confer
2657 5715 2869 5785 Olyinp.

291 5757 373 5807 41)
407 5757 571 5803 Deest
600 5757 651 5800 in
689 5757 806 5799 cod.
839 5759 947 5798 xxt.
967 5757 1063 5797 mc
1088 5757 1299 5810 quoquc
1324 5757 1511 5793 center
1537 5757 1748 5803 Ulyllllk

199 5878 209 5901 ι
272 5757 374 5893 δή
407 5819 569 5882 Forte
598 5815 709 5871 ἀλλ’
744 5815 848 5870 ἀεί.

873 5759 947 5798 Il.
967 5757 1063 5797 HIC
1088 5757 1299 5810 quoquc
1324 5757 1511 5793 COIIICI‘
1537 5757 1748 5803 υιιιιψς
1939 5757 2050 5864 κῖ-ἑς

2294 5829 2316 5842 .
2345 5823 2371 5855 .,
2439 5830 2450 5844 .
