4012 6340
607 301 707 354 105

1483 302 2044 361 SUPPLEMENTUM
2084 305 2174 360 AD
2212 305 2545 362 ORIGENIS
2582 294 2984 363 EXEGETICA.

3743 312 3838 366 ΗΔ

603 420 874 484 ostendat,
922 426 1179 488 quantam
1230 420 1496 485 fraudem,
1555 431 1820 490 quantum
1877 439 2158 492 venenum1

2273 424 2410 477 ὥστε
2435 421 2660 490 ἐλέγξαι
2681 421 2769 474 καὶ
2790 421 2951 487 δεῖξαι
2969 423 3092 476 ὅσον
3116 423 3285 488 δόλον,
3310 423 3436 478 ὅσον
3463 423 3561 490 ιδν,
3583 425 3682 480 ὅσα
3704 430 3846 482 κακὰ

603 524 805 586 quanta
833 513 968 567 mala
1001 513 1194 568 habeat
1227 513 1542 568 recondita?

939 601 1002 658 V.
1035 603 1088 658 5.
1129 601 1281 656 Circa
1311 604 1488 657 dentes
1523 603 1638 673 ejus
1670 605 1848 660 timor.

673 693 748 748 De
794 695 989 764 quibus
1021 695 1261 748 dicitur:
1311 694 1500 748 Dentes
1559 708 1890 765 peccatorum
1930 702 2169 756 contrivi-

600 789 667 842 sti
693 788 759 842 ".
796 787 881 852 Et,
914 787 1162 841 Dominus
1185 795 1409 841 conteret
1433 787 1598 842 molas
1630 790 1836 843 leonum
1856 791 1921 844 9'.
1943 791 2056 847 Non
2087 804 2170 848 est

602 878 709 934 iste
747 880 907 934 timor
959 879 1050 933 Dei
1088 893 1102 932 :
1138 879 1231 934 sed
1268 880 1429 933 timor
1455 882 1597 935 circa
1640 882 1819 936 dentes
1858 883 1992 952 ejus.
2023 885 2093 938 At
2121 887 2164 939 si

602 972 854 1026 habueris
881 971 1155 1026 Christum
1193 974 1248 1026 in
1275 974 1469 1043 teipso,
1502 988 1569 1029 ne
1601 989 1789 1030 curam
1819 991 1974 1045 geras
2025 978 2168 1033 illius

602 1064 808 1119 timoris
850 1081 862 1117 :
899 1063 1179 1118 Dominum
1225 1069 1364 1120 enim
1396 1065 1561 1120 Deum
1610 1078 1760 1121 tuum
1809 1069 2012 1124 timebis
2048 1087 2068 1125 .'
2106 1087 2167 1124 ac

595 1169 784 1228 praeter
812 1158 981 1228 ipsum
1008 1174 1072 1212 ne
1096 1157 1281 1212 timeas
1310 1160 1476 1212 alium
1506 1160 1572 1214 θ’.

843 1335 907 1390 ν.
949 1336 1004 1394 6.
1047 1336 1312 1394 Interiora
1351 1339 1464 1409 cjus
1498 1343 1704 1409 aspides
1747 1361 1916 1401 mrem.

667 1431 1019 1494 Documenta,
1076 1433 1310 1503 cogitata
1365 1435 1597 1489 occulta.
1653 1435 1846 1492 Omnia
1899 1455 2162 1495 venenum

595 1526 842 1593 aSpidum
887 1534 1034 1590 sunt,
1068 1526 1321 1580 universa
1368 1543 1489 1596 qua:
1541 1539 1665 1583 sunt
1713 1531 1855 1584 intra
1892 1532 2060 1586 illum.
2099 1534 2165 1588 Et

597 1616 810 1686 aspides
841 1625 1000 1680 sunt,
1035 1632 1139 1671 non
1198 1618 1383 1673 molles
1419 1621 1683 1690 quaedam,
1735 1623 1829 1678 sed
1879 1625 2160 1694 praedura.

597 1707 865 1764 Prtednrze
893 1709 1035 1764 enim
1067 1721 1188 1764 sunt
1221 1713 1458 1782 aspides.

1091 1801 1270 1854 v.10.
1302 1802 1386 1856 Fx
1417 1819 1502 1858 ore
1536 1803 1678 1874 ejus.

671 1891 1047 1963 Blasphcmiaa,
1073 1902 1127 1947 et
1158 1909 1439 1949 sermones
1475 1896 1786 1966 impiorum,
1824 1907 1984 1970 atque
2031 1901 2166 1957 irre-

598 1983 914 2055 ligicsorum
939 1984 1246 2040 doctorum.

600 2074 665 2131 ν.
695 2073 781 2134 10.
816 2072 903 2128 Ex
929 2091 1018 2130 ore
1046 2074 1161 2145 ejus
1190 2075 1478 2142 procedunt
1521 2076 1789 2144 lampades
1817 2081 2080 2146 ardentes,
2113 2091 2162 2135 et

1050 2146 1354 2199 evibrantnr
1387 2147 1490 2214 foci
1525 2147 1677 2216 ignis.

664 2299 912 2354 Arbitror
948 2301 1197 2369 equidem
1240 2301 1523 2356 universos
1571 2303 1734 2356 etiam
1785 2305 1976 2370 impius
2029 2309 2166 2361 irre-

595 2390 910 2462 ligiosorum
962 2391 1272 2460 d0gmatum
1305 2390 1585 2457 dcc-tores,
1626 2394 1843 2462 pr0prie
1870 2410 1991 2450 esse
2034 2399 2166 2452 dra-

595 2483 750 2539 conis
776 2483 1017 2538 membra
1048 2499 1061 2534 :
1108 2499 1173 2538 ac
1203 2483 1574 2538 membrorum
1618 2486 1870 2541 draconis
1944 2490 2163 2545 nomina

595 2573 642 2630 si
677 2574 760 2630 vis
803 2573 1014 2633 audire,
1058 2573 1246 2642 quales
1288 2582 1416 2628 sunt
1445 2574 1570 2629 isti?
1601 2573 1675 2630 Os
1705 2575 1961 2633 draconis
1997 2586 2167 2647 possit

591 2676 649 2721 et
678 2667 882 2736 tropice
921 2667 1147 2732 intelligi
1177 2677 1434 2736 praeterea
1471 2669 1544 2730 id,
1573 2670 1714 2724 unde
1741 2681 1864 2725 sunt
1885 2686 2165 2730 sermones

593 2759 906 2829 perniciosi.
945 2757 1052 2828 (Ea:
1093 2775 1183 2812 ore
1218 2761 1352 2813 enim
1398 2761 1513 2830 ejus
1551 2763 1820 2830 lampades
1863 2765 2162 2832 dispereunt

593 2851 778 2923 ignis.)
817 2849 956 2916 Quia
995 2866 1060 2906 ea:
1089 2867 1179 2904 ore
1221 2850 1334 2921 ejus
1383 2851 1487 2921 fuci
1530 2854 1830 2922 dispereunt
1885 2859 2042 2926 ignis.
2105 2856 2162 2912 Si

595 2939 814 3008 quando
859 2939 1036 2994 audivi
1083 2939 1502 2997 calumniantem
1552 2957 1857 3000 sermonem
1899 2957 2161 3016 praetextu

593 3029 1032 3098 Cbristianismi,
1086 3031 1506 3090 calumniantem
1545 3035 1858 3091 Creatorem
1885 3075 1902 3103 ,
1947 3039 2053 3105 vel,
2105 3049 2164 3094 ut

2277 515 2388 588 ἔχει
2421 513 2765 584 ἀποκείμενα
2787 531 2803 578 ;

2450 606 2598 675 Στίχ.
2625 601 2686 656 ε’.
2707 606 2922 668 Κύκλῳ
2956 603 3220 658 ὀδόντων
3250 601 3439 657 αὐτοῦ
3461 603 3668 672 φόϐος.

2344 697 2478 766 Περὶ
2510 691 2584 749 ὧν
2633 696 2850 765 λέγεται
2871 712 2885 726 ο
2935 693 3209 761 Ὀδόντας
3250 693 3614 764 ἁμαρτωλῶν
3663 696 3844 750 συνέο

2274 789 2506 856 τριψας.
2556 788 2687 850 Καὶ,
2718 788 2932 856 Κύριος
2982 787 3300 856 συντρίψει
3339 787 3446 853 τὰς
3489 789 3692 858 μύλας
3727 788 3846 842 τῶν

2273 879 2555 932 λεόντων.
2589 879 2703 931 Οὐκ
2735 877 2881 932 ἐστιν
2913 877 3070 942 οὗτος
3109 881 3138 932 ὁ
3167 878 3329 947 φόϐος
3373 878 3468 931 τοῦ
3520 879 3657 933 Θεοῦ
3682 897 3695 911 ⁸
3730 880 3842 934 ἀλλ’

2273 971 2307 1022 ό
2331 969 2535 1036 φόϐος,
2571 971 2604 1022 ὀ
2643 969 2846 1035 κύκλῳ
2881 966 2998 1022 τῶν
3024 967 3286 1022 ὀδόντων
3305 969 3512 1026 αὐτοῦ.
3557 971 3698 1024 Ἀλλ’
3750 972 3842 1026 ἐὰν

2273 1059 2400 1131 ἔχῃς
2432 1060 2521 1113 τὸν
2554 1060 2786 1132 Χριστὸν
2807 1061 2864 1113 ὲν
2897 1060 3128 1132 σεαυτῷ,
3163 1061 3236 1136 μὴ
3261 1062 3509 1135 φρόντιζε
3536 1065 3728 1118 τούτου
3751 1066 3842 1120 τοῦ

2273 1149 2456 1218 φόϐου.
2501 1151 2717 1218 Κύριον
2752 1153 2862 1221 γὰρ
2886 1151 2992 1205 τὸν
3035 1154 3181 1207 Θεόν
3225 1169 3343 1210 σου
3373 1156 3711 1228 φοϐηθήσῃ,
3747 1163 3842 1216 καὶ

2273 1241 2440 1309 πλὴν
2476 1241 2662 1294 αὑτοῦ
2676 1242 2762 1311 μὴ
2794 1243 2981 1312 φοϐοῦ
3008 1244 3115 1300 τὸν
3146 1245 3356 1302 ἄλλον.

2343 1333 2489 1404 Στίχ.
2544 1339 2617 1398 ς’.
2652 1334 2726 1388 Τὰ
2753 1335 2974 1404 ἔγκατα
3003 1339 3186 1393 αὐτοῦ
3218 1342 3473 1411 ἀσπίδες
3529 1350 3773 1415 χαλκαῖ.

2339 1425 2421 1479 Τὰ
2475 1426 2742 1497 δόγματα,
2799 1427 2867 1480 τὰ
2928 1431 3174 1502 νοήματα
3232 1435 3300 1489 τὰ
3349 1438 3838 1511 ἀποκεκρυμμένα.

2270 1517 2454 1570 Πάντα
2491 1518 2569 1582 ἰὸς
2595 1517 2836 1573 ἀσπίδων
2877 1521 3014 1586 ἐστὶ,
3045 1524 3302 1579 πάντατὰ
3332 1527 3478 1582 ἔνδον
3511 1531 3694 1585 αὐτοῦ.
3736 1533 3845 1587 Καὶ

2269 1608 2490 1674 ἀσπίδες
2510 1609 2646 1663 εἰσὶν
2678 1611 2774 1682 οὐχ
2798 1612 2999 1668 ἁπαλαί
3020 1632 3180 1683 τινες,
3209 1617 3343 1673 ἀλλά
3372 1621 3624 1696 σκληραί.
3659 1625 3844 1678 Ἀσπί-

2268 1700 2357 1764 δες
2389 1704 2496 1774 γάρ
2525 1705 2628 1756 εισι
2670 1704 2921 1777 σκληραί.

2589 1795 2738 1866 Στίχ.
2771 1795 2822 1852 ι’.
2861 1799 2954 1854 Ἐκ
2989 1803 3287 1871 στόματος
3327 1803 3533 1858 αὑτοῦ.

2335 1889 2399 1941 Αἱ
2437 1887 2776 1961 βλασφημίαι
2809 1893 2902 1946 καὶ
2928 1895 2977 1946 οἱ
3001 1894 3146 1964 λόγοι
3173 1896 3281 1950 τῶν
3311 1898 3522 1952 ἀσεϐῶν
3542 1901 3636 1953 καὶ
3661 1899 3842 1955 ἀθέων

2263 1979 2623 2035 διδασκάλων.

2265 2069 2415 2144 Στίχἶ
2434 2067 2490 2144 ι’.
2534 2071 2637 2124 Ἐκ
2681 2072 2978 2144 στόματος
3016 2071 3203 2144 αὑτοῦ
3227 2072 3650 2142 ἐκπορεύονται
3690 2077 3842 2144 slay-

2337 2139 2522 2264 πάδὲς
2565 2139 2890 2210 καιόμεναι,
2931 2139 3033 2196 καὶ
3088 2139 3533 2212 διαριπτοῦνται
3581 2139 3842 2214 ἐσχάραι

2335 2224 2455 2278 πυρ
2494 2231 2547 2277 ς.

2337 2301 2447 2370 (46)
2486 2296 2652 2372 Οἶμαι
2683 2300 2781 2370 μὲν
2833 2299 2925 2353 καὶ
2956 2297 3164 2360 πάντας
3211 2294 3338 2360 τοὺς
3387 2293 3602 2356 ἀσεὸεϊς
3655 2295 3840 2350 ἀθέων

2263 2392 2547 2464 δογμάτων
2574 2393 2872 2464 εἰσηγητὰς
2897 2391 3101 2462 κυρίως
3128 2389 3195 2443 ἂν
3228 2385 3368 2442 εἶναι
3395 2388 3529 2460 μέλη
3562 2387 3660 2442 τοῦ
3705 2388 3841 2461 δρά-

2264 2498 2451 2546 κοντος
2473 2498 2487 2514 ·
2535 2481 2629 2537 καὶ
2679 2482 2786 2536 τῶν
2826 2480 3002 2553 μελῶν
3039 2479 3133 2534 τοῦ
3177 2480 3468 2550 δράκοντος
3515 2481 3760 2553 ὀνόματα
3787 2483 3838 2535 si

2264 2573 2439 2637 θέλεις
2494 2573 2750 2639 ἀκοῦσαι,
2803 2573 2946 2626 ποῖοί
2988 2575 3126 2626 εἰσιν
3171 2565 3351 2638 οῦτοι;
3399 2572 3474 2625 Τὸ
3525 2572 3700 2644 στόμα
3739 2573 3836 2627 τοῦ

2263 2665 2550 2738 δράκοντος
2595 2666 2678 2738 εἴη
2709 2665 2756 2720 δ’
2779 2666 2844 2720 ἄν
2871 2683 2925 2718 τι
2968 2665 3063 2720 καὶ
3103 2665 3377 2737 τροπικῶς
3400 2665 3707 2736 νοούμενον,
3743 2667 3837 2720 καὶ

2263 2755 2414 2828 παρὰ
2443 2754 2600 2810 τοῦτο
2631 2755 2752 2810 ὅθεν
2783 2757 2833 2810 οἱ
2864 2757 3010 2824 λόγοι
3047 2757 3097 2809 οἱ
3137 2755 3483 2820 ἀπολλύντες.
3516 2755 3654 2828 [Ἐκ
3693 2759 3839 2812 στό-

2259 2863 2446 2915 ματος
2469 2845 2577 2917 γὰρ
2607 2847 2795 2901 αὐτοῦ
2822 2846 3132 2916 λαμπάδες
3152 2847 3559 2901 ἀπολλύονται
3595 2847 3837 2920 πυρός.]

2267 2937 2386 2990 Ὅτι
2429 2937 2498 2990 ἐκ
2548 2938 2846 3007 στόματος
2895 2939 3084 2993 αὐτοῦ
3127 2937 3382 3008 ἐσχάραι
3422 2939 3839 2994 ἀπολλύονται

2264 3032 2472 3098 πυρός.
2509 3030 2578 3084 Et
2625 3047 2758 3084 ποτε
2806 3032 3012 3102 ηκουσα
3055 3030 3148 3085 τοῦ
3178 3030 3606 3105 κατηγοροῦντος
3651 3031 3837 3100 λόγου,

592 3121 760 3177 verbo
791 3123 988 3188 dicam,
1014 3125 1353 3194 proﬁtentem
1389 3127 1582 3197 placita
1623 3127 1934 3196 Marcionis,
1961 3131 2156 3187 Valen-

2267 3123 2523 3192 προφάσει
2537 3121 2980 3194 Χριστιανισμοῦ,
2999 3123 3428 3195 κατηγοροῦντος
3450 3122 3544 3177 τοῦ
3562 3126 3842 3196 Δημιουρ-

592 3213 822 3284 lentini,
880 3217 1170 3274 Basilidis:
1200 3221 1632 3289 quandocunque
1689 3222 2053 3292 obloquantur
2098 3226 2166 3280 de

589 3306 880 3362 Conditore
899 3309 1023 3364 caali
1049 3319 1104 3364 et
1129 3320 1284 3365 terra:
1303 3328 1318 3374 ;
1337 3314 1768 3384 quandocunque
1789 3317 1970 3372 dicant
1991 3321 2162 3388 ipsum

591 3416 700 3455 non
730 3402 988 3466 existere,
1045 3418 1145 3459 nec
1173 3409 1466 3461 essentiam
1494 3410 1829 3478 spiritualem
1863 3413 2084 3476 habere,
2106 3423 2162 3467 ut

591 3492 681 3548 isti
711 3493 936 3560 dicunt;
972 3494 1181 3551 videbis
1208 3513 1292 3554 ex.
1324 3513 1418 3555 ore
1455 3501 1644 3556 talium
1682 3505 1979 3574 procedere
2027 3506 2160 3560 lam~

589 3586 756 3654 pades
785 3587 1057 3654 ardentes,
1083 3599 1137 3645 et
1182 3591 1421 3647 evibrari
1472 3593 1624 3650 focos
1660 3595 1822 3666 ignis.
1867 3595 2157 3668 Propterea

589 3696 689 3737 nos
737 3683 974 3738 scientes
1004 3684 1140 3748 lucc,
1175 3686 1545 3742 custodiamus
1593 3705 1692 3744 nos
1740 3691 1905 3761 ipsos,
1936 3706 2002 3745 ne
2054 3707 2156 3744 un-

587 3787 751 3840 quam
801 3773 1076 3843 lampades
1117 3775 1223 3831 illa:
1256 3792 1354 3834 nos
1385 3789 1638 3847 exurant,
1679 3795 1749 3837 ne
1777 3797 2014 3853 unquam
2049 3783 2156 3841 foci

587 3861 731 3931 ignis
751 3877 850 3918 nos
880 3867 1172 3933 attingant.

804 4114 866 4170 V.
901 4117 986 4172 i3.
1020 4117 1088 4173 In
1117 4119 1254 4175 collo
1299 4131 1469 4178 autem
1501 4124 1615 4192 ejus
1649 4127 1786 4195 degit
1813 4130 1907 4184 vis.

660 4267 754 4325 Est
781 4273 1024 4341 quaedam
1049 4273 1135 4328 vis
1166 4275 1327 4330 mala.
1348 4277 1414 4332 At
1437 4280 1724 4337 inﬁrmitas
1754 4299 1914 4352 quam
1943 4301 2152 4344 assum-

584 4360 697 4429 psit
724 4371 942 4432 propter
969 4379 1053 4418 me
1068 4365 1315 4421 Salvator
1339 4383 1490 4423 meus
1512 4379 1569 4424 et
1605 4370 1884 4436 Dominus,
1928 4390 2048 4445 quae
2071 4378 2151 4430 di-

2265 3212 2384 3282 γοῦ,
2433 3213 2564 3284 φέρε
2586 3214 2780 3276 εἰπεῖν,
2815 3213 3208 3285 πρεσϐεύοντος
3235 3215 3304 3270 τὰ
3331 3214 3674 3287 Μαρκίωνος,
3697 3233 3843 3287 πρε-

2264 3304 2544 3367 σϐεύοντος
2589 3303 2659 3356 τά
2691 3305 3063 3370 Οὐαλεντίνου,
3113 3306 3208 3360 καὶ
3250 3305 3322 3360 τὰ
3361 3306 3696 3367 Βασιλείδου·
3751 3307 3840 3362 ὅτ’

2261 3393 2326 3447 ἂν
2381 3391 2565 3455 κακῶς
2618 3391 2846 3461 λέγωσιν
2894 3393 2984 3447 τὸν
3035 3396 3269 3467 Ποιητὴν
3299 3396 3525 3466 οὐρανοῦ
3569 3398 3664 3451 καὶ
3703 3397 3838 3468 γῆς,

2258 3485 2335 3538 ὅτ’
2367 3483 2434 3537 ἂν
2482 3483 2712 3553 λέγωσιν
2742 3483 2902 3539 αὐτὸν
2939 3485 3014 3557 μὴ
3058 3482 3214 3551 εἶναι,
3276 3488 3409 3559 μηδὲ
3453 3490 3837 3561 πνευματικῆς

2257 3575 2466 3640 οὐσίας,
2511 3576 2673 3630 ὁποῖά
2705 3593 2869 3645 φασιν
2896 3573 3074 3632 οὗτοι·
3124 3579 3249 3650 ὄψῃ,
3299 3582 3364 3632 ὲκ
3405 3581 3671 3644 στόματος
3721 3581 3836 3635 τῶν

2255 3667 2509 3722 τοιούτων
2542 3667 2849 3738 ἐξέρχονται
2887 3668 3165 3741 λαμπάδες
3193 3671 3496 3741 καιόμεναι,
3538 3673 3631 3725 καὶ
3653 3671 3836 3744 διαρι-

2256 3759 2515 3813 πτοῦνται
2556 3758 2785 3830 ἐσχάραι
2818 3761 3004 3830 πυρός.
3055 3761 3154 3815 Διὰ
3197 3761 3353 3816 τοῦτο
3381 3765 3560 3834 ἡμεῖς,
3600 3763 3836 3831 εἰδότες,

2254 3850 2508 3921 τηρῶμεν
2572 3850 2818 3913 ἑαυτοὺς,
2879 3852 3090 3922 μήποτε
3151 3852 3355 3907 ἐκεῖναι
3419 3856 3474 3906 αἱ
3546 3853 3836 3924 λαμπάδες

2253 3939 2402 4008 ἡμᾶς
2448 3936 2712 4002 καύσωσι,
2753 3937 2963 4008 μήποτε
2993 3940 3050 3993 αἱ
3084 3941 3311 4012 ἐσχάραι
3341 3941 3444 3994 τοῦ
3465 3943 3633 4013 πυρὸς
3665 3943 3836 4013 ἡμῶν

2254 4029 2516 4099 ἅψωνται.

2251 4121 2401 4192 Στίχ.
2438 4129 2526 4190 ιγ’.
2577 4123 2677 4176 Ἐν
2721 4118 2792 4173 δὲ
2826 4117 3104 4187 τραχήλῳ
3138 4115 3326 4170 αὐτοῦ
3354 4115 3664 4193 ,αὐλίζεται
3714 4118 3793 4172 δύ
3814 4148 3833 4160 -

2929 4204 3124 4256 ναμις.

2324 4281 2479 4334 Ἐστι
2520 4297 2603 4344 τις
2654 4278 2882 4349 δύναμις
2927 4274 3155 4348 πονηρά.
3198 4274 3400 4347 Ἀλλ’ἡ
3450 4275 3721 4340 ἀσθένεια,
3753 4277 3830 4350 ἢν

2251 4371 2476 4427 ἀνέλαϐε
2507 4371 2574 4424 δι’
2610 4371 2711 4442 ἐμὲ
2731 4369 2965 4440 όΣωτήρ
3009 4385 3109 4438 μου
3143 4367 3236 4420 καὶ
3257 4366 3480 4438 Κύριος,
3516 4369 3636 4438 ἥτις
3667 4367 3831 4438 λέγε-

585 4451 731 4506 citur
780 4453 1064 4511 inﬁrmitas
1118 4456 1232 4524 Dei,
1289 4465 1564 4529 superavit
1609 4465 1716 4517 vim
1777 4466 1941 4521 illius.
1989 4469 2148 4536 ln/ir-

2267 4483 2337 4519 ται
2363 4464 2615 4517 ἀσθένεια
2637 4461 2792 4525 Θεοῦ,
2829 4460 3076 4532 ἐνίκησεν
3110 4459 3318 4513 ἐκείνου
3341 4459 3438 4531 τὴν
3459 4459 3706 4530 δύναμιν.
3747 4464 3829 4517 Τὸ

582 4562 726 4600 suum
753 4548 892 4601 enim
923 4548 1035 4614 Dei,
1067 4550 1240 4622 inquit
1261 4554 1475 4622 quidem
1498 4557 1785 4626 Apostolus
1809 4601 1822 4621 ,
1853 4563 2041 4631 fortius
2071 4575 2149 4620 est

577 4638 877 4694 nominibus
907 4641 921 4670 ¹
961 4659 975 4695 :
1011 4657 1110 4714 ego
1147 4644 1312 4698 etiam
1329 4646 1554 4702 dixerim
1575 4649 1766 4706 fortius
1787 4654 1836 4707 vi
1875 4655 2147 4711 draconis.

655 4796 718 4852 V.
748 4797 836 4852 14.
863 4798 1056 4855 Carnes
1089 4813 1263 4857 autem
1307 4808 1538 4874 corporis
1576 4809 1696 4878 ejus
1725 4811 2076 4870 adiuuerunt.

650 4889 869 4946 Poterat
895 4893 1095 4963 dicere,
1113 4895 1319 4952 Carnes
1338 4911 1516 4955 autem
1538 4903 1783 4972 corporis
1805 4905 1965 4958 unitas
1989 4914 2144 4958 sunt:

577 4997 635 5040 at
672 4986 774 5042 hoc
804 5003 910 5044 non
932 4989 1090 5044 dixit.
1121 4991 1234 5046 Non
1261 4994 1402 5046 enim
1429 4997 1590 5051 unita
1610 5008 1770 5065 sunt;
1805 5015 1907 5053 non
1941 5000 2010 5053 ita
2039 5013 2137 5057 est.

580 5076 756 5132 Unum
792 5082 932 5150 apud
963 5081 1108 5136 illum
1154 5085 1316 5138 multa
1355 5099 1501 5151 sunt,
1536 5091 1617 5143 vel
1645 5107 1808 5144 unum
1839 5103 1987 5154 sunt,
2023 5112 2141 5164 quze

576 5166 828 5224 videntur
858 5173 1186 5238 adhaesisse;
1217 5186 1498 5244 propterea
1547 5182 1690 5248 quod
1729 5182 1860 5237 dicit
1906 5185 2140 5240 adhwse—

579 5271 723 5324 runt,
760 5277 862 5316 non
902 5267 1061 5320 unita:
1085 5276 1227 5320 sunt.

2252 4556 2362 4627 γὰρ
2403 4553 2656 4620 ἀσθενὲς
2704 4553 2811 4607 τοῦ
2869 4551 3040 4614 Θεοῦ,
3070 4552 3097 4604 ὁ
3151 4557 3247 4621 μὲν
3297 4550 3613 4614 Ἀπόστολος
3644 4551 3825 4620 λέγει,

2252 4645 2643 4715 ἰσχυρότερον
2683 4642 2799 4697 τῶν
2834 4643 3187 4710 ἀνθρώπων
3245 4641 3355 4710 ἐγὼ
3399 4642 3455 4695 δὲ
3497 4642 3562 4696 ἂν
3607 4644 3826 4714 εἴποιμι

2254 4735 2597 4806 ἰσχυρότερον
2624 4733 2723 4804 τῆς
2745 4733 3025 4803 δυνάμεως
3045 4730 3138 4784 τοῦ
3170 4731 3476 4803 δράκοντος.

2251 4823 2399 4894 Στίχ.
2431 4822 2511 4876 ιδ’.
2537 4822 2759 4890 Σάρκες
2784 4820 2852 4874 δὲ
2877 4820 3148 4890 σώματος
3171 4820 3358 4874 αὑτοῦ
3390 4823 3820 4890 κεκόλληνται.

2337 4915 2586 4968 Ἐδύνατο
2609 4914 2885 4986 εἰρηκέναι
2905 4931 2918 4943 ·
2962 4913 3168 4984 Σάρκες
3196 4911 3253 4966 δὲ
3284 4913 3532 4983 σώματος
3558 4916 3817 4986 ῆνωνται.

2263 5007 2319 5060 '0
2345 5007 2400 5059 δὲ
2434 5008 2532 5060 οὐκ
2577 5002 2759 5060 εἶπεν·
2810 5005 2871 5059 οὐ
2918 5005 3025 5077 γὰρ
3053 5007 3322 5076 ﬁve)an
3357 5008 3456 5060 οὐκ
3493 5007 3627 5063 ἔστι.
3656 5008 3728 5061 Τὸ
3756 5007 3821 5063 ἓν

2248 5100 2376 5170 παρ’
2406 5102 2597 5171 ἐκείνῳ
2618 5099 2786 5153 πολλά
2815 5101 2960 5152 ἐστιν
2980 5115 2994 5128 ⁶
3023 5099 3055 5170 ἦ
3079 5099 3136 5154 ἓν
3151 5099 3408 5155 δοκοῦντα
3429 5101 3814 5174 κεκολλῆσθαι,

2242 5189 2327 5243 διὰ
2359 5191 2452 5245 τοῦ
2485 5193 2730 5261 λέγοντος
2759 5194 3172 5258 κεκόλληνται,
3201 5194 3298 5264 οὐχ
3334 5193 3609 5261 ἦνωνται.

576 5347 640 5405 ν.
671 5351 756 5405 15.
793 5351 898 5408 Cor
924 5355 1037 5426 ejus
1061 5359 1316 5440 concrevit
1348 5371 1401 5449 ult
1434 5361 1568 5443 lapis
1596 5381 1615 5419 :
1645 5366 1780 5418 stetit
1810 5377 1981 5421 autem
2001 5369 2136 5424 sicut

2267 5377 2388 5446 ἒτῐχ.
2437 5383 2517 5449 ιε’.
2559 5375 2620 5426 Ἠ
2670 5373 2884 5449 καρδιά
2919 5377 3104 5449 αὐτοῦ
3157 5376 3418 5449 πέπηγεν
3479 5380 3558 5444 ὡς
3615 5381 3810 5449 λίθος,

1133 5429 1278 5482 incus
1301 5431 1572 5487 indomita.

643 5513 761 5568 Non
795 5519 1162 5588 exercitatus,
1209 5540 1312 5578 non
1346 5526 1651 5596 obsequens
1677 5530 1865 5594 verbo,
1907 5532 2127 5601 proprie

2449 5446 2669 5512 ἕστηκε
2705 5444 2772 5496 δὲ
2797 5443 2998 5514 ὥσπερ
3039 5447 3240 5515 ἄκμων
3269 5443 3592 5514 ἀνήλατος.

2309 5537 2420 5590 Οὐκ
2438 5535 2809 5606 ἐλαυνόμενος,
2830 5537 2930 5590 οὐκ
2958 5537 3259 5591 ἀκολουθῶν
3275 5537 3441 5610 λόγῳ,
3473 5542 3660 5595 οἰκεῖοι
3691 5541 3806 5614 (47.)

638 5663 841 5718 "Psal.
885 5681 962 5732 nt,
988 5668 1042 5720 8.
1118 5670 1163 5702 ³⁸
1193 5670 1328 5740 Psal.
1375 5675 1584 5742 un,7.
1665 5679 1708 5712 θ’
1743 5678 1998 5750 θειιικη,
2051 5679 2133 5735 i5.

2267 5679 2278 5733 |
2309 5678 2436 5734 Cor.
2465 5696 2502 5746 I,
2527 5679 2614 5733 25.
2727 5676 2752 5707 ⁹

641 5779 752 5854 (46)
783 5783 982 5840 Confer
1008 5784 1172 5843 edita.

2310 5793 2417 5865 (47)
2447 5795 2525 5848 An
2557 5793 2810 5858 οἰκείωςῖ
