4012 6340
309 320 400 376 Ιθθ
1496 338 1858 400 EXCERPTA
1897 343 1964 399 IN
2003 341 2347 400 PSALMOS.
3471 363 3572 420 HO

316 439 471 548 Ἐκεῖ
489 440 550 497 δὲ
579 444 643 502 ἐν
672 449 747 522 τῇ
795 447 1061 525 μελλούσῃ
1080 451 1418 526 ’συστήσεται
1459 462 1642 530 γενεᾷ,
1678 462 1808 533 περὶ
1833 457 1855 516 ί

1960 487 1973 526 ι
2007 471 2138 527 tem,
2173 463 2225 516 in
2256 461 2433 518 futura
2472 467 2731 525 consistet
2769 471 3144 540 generatione,
3176 475 3241 530 de
3270 492 3375 547 qua
3402 481 3564 536 etiam

337 552 521 605 παγει.

2003 561 2190 623 postea
2218 555 2480 622 loquitur.

2599 650 2792 708 PSAL.
2837 655 2953 713 XV.

2381 737 2442 790 V.
2493 741 2538 796 I.
2583 740 2954 812 Stelographia
2979 748 3185 803 Davidi.

2072 829 2283 900 Reliqui
2315 831 2712 903 inscripserunt
2741 838 2981 904 Davidis,
3009 841 3192 896 itidem
3217 859 3344 898 vero
3378 853 3562 900 trans-

1999 922 2238 978 tulerunt
2272 926 2681 996 stelographiam
2702 968 2716 992 ,
2749 943 2816 984 eo
2852 933 2993 999 quod
3025 935 3298 989 contineat
3327 939 3563 1004 prophe-

1995 1016 2122 1067 tiam
2144 1025 2344 1070 zeterna
2371 1019 2630 1072 memoria
2661 1020 2900 1089 dignam.
2928 1023 3386 1089 Quemadmodum
3413 1029 3559 1083 enim

1993 1107 2186 1160 siunmi
2247 1107 2338 1176 qui
2390 1108 2442 1162 in
2485 1108 2678 1165 stadiis
2717 1121 3076 1168 certaverunt
3131 1115 3367 1180 athletas,
3411 1117 3560 1185 stole,

1991 1209 2082 1250 seu
2117 1197 2366 1254 columna
2397 1200 2714 1270 dignantur,
2744 1212 2804 1257 et
2834 1217 3023 1258 eorum
3052 1205 3144 1275 qui
3180 1205 3231 1258 in
3267 1206 3418 1262 bellis
3447 1209 3559 1263 for-

1993 1291 2116 1343 titer
2155 1289 2493 1361 feliciterque
2547 1306 2950 1364 pugnaverunt,
2997 1298 3064 1351 ad
3116 1299 3193 1353 rei
3245 1301 3557 1355 memoriam

1990 1387 2190 1447 tropaea
2223 1382 2542 1453 eriguntur:
2571 1385 2710 1439 haud
2751 1386 2917 1440 aliter
2961 1403 3216 1457 magnum
3259 1387 3560 1446 Salvatoris

1989 1480 2270 1539 trnpaaum,
2314 1476 2460 1542 quod
2493 1477 2689 1540 erexit,
2723 1476 3109 1547 proﬂigato'eo
3138 1478 3231 1548 qui
3272 1479 3556 1548 imperium

945 631 1112 686 ΨΑΛ.
1158 633 1261 688 ΙΕ’.

550 715 702 792 Στίχ.
741 720 811 775 α’.
845 725 1266 794 Στηλοπραςςία
1295 723 1388 795 ξτῷ
1440 727 1643 780 Δαϐίδ.

387 811 494 872 τοῦ
515 813 695 868 Δαὸίδ
715 815 1034 886 ἐπέγραψαν
1057 817 1106 869 oi
1131 816 1307 870 λοιποί
1327 835 1340 847 ·
1361 821 1814 890 στηλοτραςοίαν
1841 821 1898 875 δὲ

315 909 505 980 ὗμοίως
535 911 828 976 ἐξέδωκαν,
860 913 938 984 τῷ
978 915 1253 986 περιέχειν
1295 916 1632 988 προφητείαν
1670 919 1894 972 αἰωνίου

313 1005 528 1073 μνήμης
567 1004 743 1069 ἀξίαν.
782 1007 992 1075 Ὥσπερ
1027 1006 1137 1077 γὰρ
1170 1009 1218 1060 οί
1270 1009 1513 1078 μέγιστοι
1548 1009 1655 1063 τῶν
1690 1012 1894 1080 ἀγωνιο

310 1093 544 1163 ζομένων
575 1096 632 1147 ἐν
665 1095 896 1160 σταδίοις
927 1096 1158 1168 ἀθληταὶ
1203 1097 1436 1165 στήλης
1460 1087 1764 1165 ἀξιοῦνται,
1799 1101 1892 1155 καὶ

309 1187 408 1239 τῶν
440 1188 499 1240 ἐν
528 1188 784 1260 πολέμοις
817 1191 1264 1262 κατωρθωμένων
1290 1193 1369 1254 είς
1395 1191 1494 1262 τὴν
1543 1194 1682 1264 μετὰ
1717 1194 1890 1248 ταῦτα

309 1280 525 1350 μνήμην
557 1280 770 1335 ἵσταται
795 1281 1058 1354 τρόπαιαο
1087 1282 1228 1337 οὕτω
1248 1283 1308 1337 τὸ
1335 1285 1475 1356 μέγα
1508 1288 1770 1357 τρόπαιον
1791 1287 1887 1342 τοῦ

305 1371 574 1442 Σωτῆρος,
611 1372 747 1444 ὅπερ
765 1374 955 1446 ήγειρε
983 1373 1226 1428 καθελὼν
1258 1375 1350 1429 τὸν
1377 1378 1438 1430 τὸ
1467 1379 1666 1449 κράτος
1697 1379 1888 1451 ἔχοντα

304 1461 392 1513 τοῦ
427 1461 683 1526 θανάτου,
732 1463 979 1535 Γραφαίς
1009 1463 1217 1518 ἄνωθεν
1245 1465 1637 1534 ἐστηλιτεύθη
1674 1481 1888 1538 προφη-

304 1554 496 1616 τικαίς.
540 1553 630 1606 Διὺ
662 1553 756 1606 καὶ
802 1555 1026 1625 Πέτρος,
1046 1553 1154 1607 τῶν
1186 1556 1243 1607 ἐν
1283 1553 1434 1625 αὐτῷ
1479 1556 1855 1626 μνημονεύσας

1987 1562 2221 1619 habebat
2261 1567 2474 1633 mortis,
2515 1568 2818 1638 Scripturis
2869 1579 2948 1624 tot
2985 1579 3114 1626 ante
3154 1571 3368 1630 saecula,
3399 1571 3554 1640 quasi

301 1645 578 1716 ἐπήγαγεν
603 1663 616 1675 °
649 1664 671 1696 ι
709 1645 934 1718 Ἀνδρες
959 1645 1198 1716 ἀδελφοὶ,
1225 1645 1344 1710 ἐξὸν
1372 1646 1543 1700 εἰπεῖν
1576 1647 1712 1717 μετὰ
1745 1651 1855 1718 παρ

1985 1653 2162 1706 ειειαὶε
2233 1655 2572 1711 nobilitatum
2616 1669 2702 1714 est
2759 1661 3113 1730 prapheticis.
3175 1661 3554 1729 Quamobrem

298 1739 492 1809 ρησίας
524 1738 661 1810 πρὸς
695 1739 839 1810 ὑμᾶς
884 1739 1013 1808 περὶ
1057 1737 1151 1791 τοῦ
1197 1739 1536 1812 πατριάρχου
1587 1738 1770 1802 Δαϐὶδ,
1801 1741 1855 1793 ὄτ

1984 1745 2148 1798 etiam
2183 1744 2400 1807 Petrus.
2426 1748 2570 1804 facta
2620 1753 2896 1808 mentione
2949 1769 3139 1811 eorum
3181 1771 3301 1826 qua:
3339 1757 3392 1810 in
3437 1756 3554 1826 ipso

298 1832 389 1884 καὶ
411 1831 731 1901 ἐτελεύτησε
760 1831 855 1883 καὶ⁴
879 1831 1072 1900 ἐτάφη,
1107 1832 1202 1884 καὶ
1235 1831 1294 1883 τὸ
1326 1831 1514 1901 μνῆμα
1543 1830 1708 1884 αὐτοῦ
1735 1831 1855 1883 ἔστι

1985 1837 2350 1902 continentur,
2379 1837 2625 1904 adjunxit
2655 1858 2670 1896 :
2704 1859 2722 1891 ι
2757 1843 2864 1897 Viri
2904 1844 3121 1908 fratres,
3149 1821 3230 1900 fas
3258 1854 3342 1901 est
3372 1821 3553 1902 dicere

291 1925 350 1975 ἐν
394 1925 525 1994 ἡμῖν
578 1922 708 1992 ἄχρι
768 1921 870 1990 τῆς
921 1922 1136 1993 ἡμέρας
1176 1921 1400 1993 ταύτης.
1455 1923 1749 1994 Προφήτης
1789 1919 1855 1977 οῦε

1990 1937 2112 1978 cum
2145 1926 2394 1983 libertate
2434 1931 2573 1998 apud
2610 1946 2704 1987 vos
2737 1935 2802 1987 de
2841 1935 3149 2003 patriarcha
3196 1935 3384 2001 David,
3407 1938 3550 2005 quod

289 2016 581 2088 ὑπάρχων,
612 2015 707 2068 καὶ
745 2013 918 2078 εἰδὼς,
951 2015 1033 2067 ὅτι
1066 2016 1214 2085 ὅρκῳ
1240 2013 1454 2085 ὤμοσεν
1486 2013 1635 2084 αύτῷ
1663 2015 1691 2065 ὁ
1723 2012 1855 2077 Θεὸς

1989 2026 2043 2069 et
2087 2028 2330 2072 mortuus
2369 2028 2456 2074 est
2497 2031 2548 2074 et
2584 2024 2849 2090 sepultus,
2876 2033 2930 2079 et
2957 2037 3364 2082 monumentum
3407 2029 3551 2084 illius

288 2108 362 2160 ἐκ
387 2104 604 2178 καρποῦ
634 2106 732 2176 τῆς
756 2105 952 2174 ὀσφύος
982 2105 1144 2159 αὑτοῦ
1180 2105 1240 2158 τὸ
1271 2106 1410 2160 κατὰ
1440 2106 1618 2176 σάρκα
1647 2106 1855 2178 ἀναστήι

1988 2119 2168 2165 exstat
2205 2112 2346 2167 inter
2397 2127 2496 2166 nos
2540 2128 2708 2182 usque
2755 2115 2808 2168 in
2847 2128 3163 2184 praesentem
3214 2119 3378 2175 diem.
3411 2121 3546 2175 Cum

291 2218 414 2254 σειν
470 2200 559 2254 τὸν
610 2198 844 2270 Χριστὸν
890 2197 1109 2251 καθίσαι
1156 2198 1248 2250 ἐπὶ
1307 2197 1396 2250 τὸν
1443 2196 1633 2267 θρόνον
1675 2195 1840 2250 αὑτοῦ

1987 2201 2158 2270 igitur
2193 2203 2458 2272 propheta
2497 2215 2662 2269 esset,
2705 2205 2977 2275 sciretque
3023 2209 3163 2276 quod
3197 2207 3546 2278 jurejurando

287 2293 530 2365 προϊδὼν
570 2293 626 2345 δὲ
659 2291 888 2362 ὲλάλησε
919 2291 1044 2360 περὶ¹
1083 2291 1183 2361 τῆς
1235 2291 1580 2354 ἀναστάσεως
1616 2289 1710 2342 τοῦ
1740 2290 1855 2360 Χρι-

1971 2291 2260 2359 ιῇιιεενετει
2291 2293 2340 2347 ei
2383 2294 2549 2356 Deus,
2591 2309 2658 2348 ex
2697 2297 2875 2349 fructu
2905 2296 3067 2350 lumbi
3095 2295 3212 2365 ejus
3253 2299 3547 2356 secundum

285 2383 439 2448 στοῦ,
477 2385 558 2436 ὅτι
601 2381 724 2436 οὔτε
765 2381 1155 2452 ἐγκατελείφθη
1203 2382 1282 2445 είς
1323 2381 1477 2453 ᾅδην,
1512 2381 1637 2434 οὔτε
1669 2383 1702 2452 ἡ
1733 2380 1855 2452 σὰρξ

1979 2397 2198 2436 carnem
2241 2394 2617 2439 surrecturum
2657 2385 2956 2448 Christum,
2983 2386 3074 2454 qui
3131 2389 3344 2442 sederet
3389 2404 3549 2458 super

280 2473 450 2527 αὐτοῦ
482 2470 588 2526 εἶδε
613 2472 928 2544 διαφθοράν.
961 2472 1161 2524 Τοῦτον
1190 2471 1280 2523 τὸν
1324 2471 1530 2542 Ἰησοῦν
1566 2471 1855 2543 ἀνέστησεν

1978 2473 2170 2528 throno
2207 2473 2348 2529 illius
2383 2476 2728 2545 :przevidens
2773 2485 2953 2530 autem
2997 2476 3210 2532 locutus
3256 2488 3340 2532 est
3371 2479 3436 2532 de
3465 2493 3550 2533 re-

282 2566 311 2618 ὁ
343 2566 494 2630 Θεὸς,
519 2557 578 2618 οὗ
605 2565 807 2629 πάντες
842 2566 1000 2636 ἡμεῖς
1027 2566 1192 2635 ἐσμεν
1217 2564 1510 2636 μάρτυρες.
1541 2583 1560 2616 ι

1972 2565 2311 2620 surrectione
2345 2565 2570 2633 Christi,
2607 2566 2735 2634 quia
2797 2579 2976 2633 neque
3029 2566 3322 2622 derelictus
3360 2575 3443 2621 est
3491 2567 3544 2620 in

283 2657 518 2722 inferno,
547 2672 726 2729 neque
759 2672 890 2714 caro
929 2656 1048 2727 ejus
1107 2656 1246 2710 vidit
1284 2657 1714 2728 corruptionem.
1762 2656 1918 2712 Ilunc
1966 2654 2148 2713 Iesum
2208 2659 2556 2714 resuscitavit
2599 2660 2759 2726 Deus,
2803 2657 2954 2728 cujus
2995 2673 3184 2716 omnes
3227 2675 3326 2715 nos
3361 2675 3546 2716 sumus

282 2758 449 2805 testes
470 2750 534 2804 ".
569 2770 587 2803 ε

911 2848 1078 2902 ΨΑΑ.
1121 2848 1240 2915 ις’.

281 2938 428 3010 Στίχ.
451 2939 514 2992 δ’.
563 2941 665 2994 Διὰ
708 2941 850 3007 τοὺς
887 2943 1109 3011 λόγους
1145 2942 1265 2995 τῶν
1292 2941 1541 3010 χειλέων
1580 2956 1718 3006 σου,
1746 2940 1860 3010 ἐγὼ

657 3012 931 3080 ἐφύλαξα
969 3013 1149 3078 ὀδοὺς
1176 3012 1470 3080 σκληράς.

359 3101 756 3174 ’Υπογραμμὸν
787 3107 918 3175 ἡμῖν
949 3105 1043 3156 καὶ
1075 3103 1162 3157 διὰ
1204 3103 1407 3157 τούτων
1437 3103 1652 3158 δίδωσιν
1685 3105 1713 3157 ὁ
1742 3103 1855 3156 Σω-

275 3191 398 3264 τὴρ,
431 3193 507 3266 μὴ
535 3198 748 3266 φρονεῖν
765 3197 847 3264 ἐφ’
877 3198 1089 3259 ἑαυτοῖς
1121 3195 1393 3266 δεομένοις
1417 3196 1514 3266 τῆς
1540 3194 1694 3268 παρὰ
1721 3194 1856 3248 Θεοῦ

277 3286 546 3358 βοηθείας.
563 3287 749 3358 Τρίὸοι
783 3287 840 3339 δὲ
864 3287 1068 3358 Κυρίου
1091 3286 1198 3339 τῶν
1235 3285 1462 3339 ἐντολῶν
1487 3287 1542 3338 αἱ
1565 3287 1824 3357 τηρήσεις
1841 3303 1854 3315 ·

278 3380 478 3450 μᾶλλον
505 3379 560 3432 δέ
590 3382 644 3432 αἱ
675 3380 796 3434 κατ’
820 3379 1018 3452 ἀρετὴν
1053 3378 1342 3450 ἐνέργειαι,
1360 3378 1562 3449 ὁμαλαὶ
1597 3378 1692 3432 καὶ
1716 3378 1856 3431 λεῖαι

275 3472 564 3544 δειχθεῖσαι
595 3475 660 3526 ὲκ
707 3471 798 3525 τοῦ
829 3471 1065 3542 συνεχῶς
1098 3472 1386 3526 πατεῖσθαι
1420 3472 1556 3542 πρὸς
1585 3469 1693 3524 τῶν
1727 3469 1856 3540 φθά-

281 3579 365 3616 σαι
415 3562 754 3617 σπευδόντων
787 3563 878 3616 ἐπὶ
901 3562 961 3614 τὸ
1000 3561 1149 3626 τέλος
1201 3561 1404 3625 αὐτῶν,
1443 3562 1580 3630 ὅπερ
1629 3561 1774 3613 ἐστὶν
1821 3561 1854 3630 ή

278 3655 636 3726 μακαριότης,
685 3655 779 3708 καὶ
811 3654 917 3707 τῶν
951 3653 1288 3722 ἐπαγγελιῶν
1335 3655 1368 3723 ἡ
1403 3651 1678 3714 ἀπόδοσις.
1713 3650 1856 3721 Δρά-

279 3764 464 3816 μωμεν
498 3747 677 3800 τοίνυν
701 3749 818 3799 κατ’
851 3746 1068 3808 αὐτοὺς,
1095 3744 1156 3796 οὐ
1185 3743 1572 3813 σφαλλομένων
1598 3741 1704 3793 τῶν
1738 3741 1854 3793 δια-

274 3839 530 3910 δημάτων
557 3841 734 3911 ἡμῶν,
764 3841 811 3892 εἰ
835 3838 1039 3908 Κύριος
1071 3835 1209 3889 αὐτὰ
1232 3833 1611 3906 καταρτίσειεν
1643 3835 1702 3885 ἐν
1731 3833 1852 3896 ταῖς

271 3931 478 4001 τρίϐοις
512 3931 695 3985 αὑτοῦ.
728 3932 945 4001 Ταύτης
968 3932 1064 4002 τῆς
1098 3933 1363 4002 αἰτήσεως
1387 3932 1414 3982 ὁ
1439 3927 1616 3999 τυχών
1652 3943 1816 3997 φησιν
1834 3943 1846 3956 ·

276 4022 443 4075 Ἄνευ
477 4023 728 4093 ἀνομίας
766 4022 1028 4092 ἔδραμον
1066 4023 1165 4076 καὶ
1209 4024 1586 4089 κατηύθυνα·
1619 4022 1715 4074 καὶ
1757 4020 1838 4083 τὸ,

285 4113 457 4167 Ὀδὸν
491 4114 754 4168 ἐντολῶν
780 4130 896 4169 σου
922 4115 1204 4186 ἔδραμον,
1251 4114 1350 4167 ὅτε
1396 4113 1471 4167 ἂν
1499 4111 1846 4178 ἐπλάτυνας

273 4204 385 4273 τὴν
411 4205 666 4274 καρδίαν
694 4223 835 4274 μου.

900 4303 1068 4356 ΨΑΛ.
1110 4301 1204 4356 ΙΖ¹.

269 4395 412 4468 Στίχ.
441 4401 517 4461 ς’.
562 4394 966 4468 ᾨδῒνεςίᾷδου
1008 4391 1498 4468 περιεκυκλσσάν
1555 4408 1660 4460 με·
1701 4403 1842 4460 προ·

573 4466 848 4535 ἐφθασάν
878 4482 953 4534 με
989 4464 1235 4534 πατίδες
1254 4463 1534 4518 θανάτου.

340 4559 595 4630 ’Λρμόσει
626 4557 876 4616 δὲταῦτα
910 4558 1003 4611 καὶ
1035 4556 1114 4626 τῷ
1145 4555 1379 4628 Σωτῆρι,
1411 4555 1602 4626 ἔχοντα
1634 4553 1834 4624 πολλὴν

267 4648 565 4718 οἰκειότητα
595 4646 730 4717 πρὸς
760 4647 840 4710 τὸ,
871 4647 999 4700 Νῦν
1035 4647 1073 4712 ’ἡ
1105 4643 1276 4713 ψυχή
1313 4663 1431 4714 μου
1451 4644 1830 4713 τετάρακται·

267 4739 372 4799 καὶ,
405 4739 742 4806 Περίλυπός
762 4738 931 4792 ἐστιν
957 4739 994 4808 ὴ
1036 4738 1206 4806 ψυχή
1239 4756 1356 4806 μου
1383 4738 1493 4804 ἕως
1539 4736 1796 4791 θανάτου
1817 4777 1830 4790 .

265 4831 404 4911 Στίγς
430 4829 508 4914 ηίζ
532 4830 641 4914 Ιςαὶ
672 4831 1016 4914 ιέσαλεύθη,
1053 4831 1158 4909 grai
1180 4830 1463 4914 ξντρομος
1505 4829 1759 4914 ἐγενήθη
1792 4829 1831 4897 ἡ

329 4900 423 4981 γῆ..
461 4902 568 4981 Καὶ
589 4901 715 4981 Δτᾷ⁸
734 4901 972 4981 θεμέλια
1006 4901 1123 4981 τῷν
1173 4900 1356 4981 ῥρεξων
1389 4900 1829 4981 εταρίὶχρηῆσαν,

326 4973 423 5025 καὶ
455 4973 896 5038 ἐσαλεύθησαν,
940 4971 1027 5024 ὅτι
1056 4972 1316 5039 ὠργίσθη
1348 4971 1550 5034 αὐτοῖς
1587 4973 1616 5022 ό
1664 4971 1826 5033 Θεός.

325 5065 616 5136 Προδήλως
639 5064 876 5117 δείκνυσι
909 5065 1002 5117 τοῦ
1029 5063 1164 5117 Θεοῦ
1201 5064 1299 5134 τὴν
1335 5060 1632 5114 κατάϐασιν
1660 5060 1745 5113 διὰ
1761 5059 1828 5112 τὰ

262 5157 648 5229 προειρημένα,
682 5157 775 5209 τόν
824 5175 882 5210 τε
923 5155 1147 5209 θάνατον
1194 5155 1289 5208 καὶ
1337 5153 1436 5217 τὰς
1485 5153 1677 5215 ὠδῖνας
1732 5150 1826 5205 τοῦ

257 5247 396 5317 ᾅδου.
436 5247 528 5312 Ἐξ
551 5241 614 5300 οῦ
639 5248 698 5300 δὲ
725 5247 1080 5311 καταϐάντος,
1111 5246 1252 5300 κατὰ
1288 5246 1380 5300 τὸν
1423 5244 1675 5307 Ἀκύλαν,
1704 5245 1825 5298 ἐκι-

258 5339 408 5406 νήθη
443 5339 543 5392 καί
576 5339 828 5406 ἐσείσθη
858 5340 894 5406 ἠ
929 5336 1022 5407 γῆ.
1051 5339 1206 5391 Πᾶσα
1229 5337 1337 5408 γὰρ
1373 5335 1510 5406 ἀκοὴ
1545 5334 1827 5406 Ἑλληνικὴ

255 5433 343 5484 καὶ
373 5431 643 5504 βάρϐαρος
669 5429 970 5501 ἐπληροῦτο
994 5431 1089 5500 τῆς
1116 5431 1243 5502 περὶ
1267 5429 1432 5483 αὐτοῦ
1460 5429 1665 5497 φήμης.
1699 5425 1830 5494 Γῆν

255 5523 354 5593 γὰρ
407 5521 509 5592 ἐφη
565 5523 693 5584 τοὺς
757 5522 849 5574 ἐπὶ
901 5521 1024 5592 γῆς.
1060 5521 1272 5589 Ὀρέων
1313 5520 1392 5582 δὲ,
1439 5518 1548 5571 τῶν
1592 5519 1828 5570 ἀντικει-

259 5613 423 5682 μένων
455 5613 734 5685 δυνάμεων
754 5631 768 5643 ’
805 5613 860 5666 αἳ
885 5615 952 5685 τῇ
985 5613 1160 5684 πλάνῃ
1192 5613 1300 5667 τῶν
1323 5611 1556 5665 εἰδώλων
1581 5611 1708 5672 τοὺς
1735 5609 1827 5661 ἁν-

2559 2842 2754 2900 PSAL.
2798 2844 2936 2900 XVI.

1967 2941 2034 2996 ν.
2073 2941 2126 2994 4.
2172 2939 2398 3010 Propter
2421 2957 2683 2994 sermones
2713 2939 2974 3012 labiorum
3003 2950 3238 3005 tuorum,
3272 2957 3363 3012 ego
3389 2956 3531 3010 prc-

2515 3013 2630 3064 cavi
2661 3012 2774 3065 vias
2805 3011 2988 3064 duras.

2038 3102 2426 3157 Documentum
2463 3103 2619 3157 nobis
2650 3103 2816 3157 etiam
2845 3118 2940 3172 per
2983 3105 3096 3159 haec
3129 3105 3223 3158 dat
3259 3104 3531 3170 Salvator,

1963 3206 2020 3248 ut
2057 3195 2106 3249 in
2137 3195 2294 3250 nobis
2320 3193 2420 3262 ipsi
2449 3209 2554 3248 non
2587 3194 2694 3250 alte
2715 3195 3012 3262 sapiamus,
3044 3197 3245 3265 quippe
3273 3197 3363 3267 qui
3388 3197 3532 3252 indi-

1961 3305 2185 3358 geamus
2237 3289 2422 3344 divino
2483 3291 2707 3346 auxilio.
2752 3291 2864 3346 Vite
2911 3307 3072 3361 porro
3131 3292 3344 3348 Domini
3404 3302 3532 3348 sunt

1959 3382 2336 3436 mandatorum
2388 3383 2796 3436 observationes
2829 3400 2843 3436 :
2875 3392 3036 3452 atque
3090 3385 3222 3438 adeo
3275 3386 3531 3440 virtuosa)

1958 3473 2300 3542 Operationes
2321 3514 2336 3540 ,
2367 3489 2486 3542 qua:
2526 3472 2699 3540 planae
2755 3488 2818 3527 ac
2845 3474 3005 3529 laeves
3042 3475 3337 3528 redduntur
3365 3491 3433 3528 ex
3461 3491 3528 3528 eo

1958 3565 2102 3631 quod
2130 3562 2331 3633 jugiter
2357 3565 2638 3620 calcentur
2671 3566 2740 3618 ab
2779 3565 2846 3618 iis
2891 3565 2982 3632 qui
3019 3565 3281 3619 festinant
3315 3566 3527 3634 pertin-

1958 3668 2086 3723 gere
2119 3656 2184 3708 ad
2223 3656 2387 3709 finem
2426 3670 2607 3718 suum,
2637 3670 2756 3723 quae
2788 3665 2872 3708 est
2904 3654 3200 3718 beatitudo,
3229 3666 3281 3710 et
3304 3656 3530 3724 promis-

1958 3744 2169 3798 sionem
2222 3746 2518 3799 assecutio.
2560 3744 2860 3800 Curramus
2887 3745 3052 3813 igitur
3089 3761 3210 3800 cum
3263 3745 3392 3813 illis,
3421 3761 3527 3803 non

1957 3837 2344 3891 aberrantibus
2371 3837 2652 3906 gressibus
2678 3837 2896 3900 nostris,
2923 3837 2967 3892 si
3017 3838 3231 3907 quidem
3270 3838 3528 3895 Dominus

1954 3943 2048 3983 eos
2072 3919 2339 3997 aptaverit
2367 3929 2420 3983 in
2471 3929 2679 3984 semitis
2710 3929 2844 3982 suis.
2885 3930 2987 3997 Qui
3023 3930 3183 4000 hujus
3212 3930 3526 4000 postulatio-

1954 4021 2037 4074 nis
2069 4021 2126 4073 fit
2159 4035 2399 4090 compos,
2431 4021 2564 4075 dicit
2603 4038 2616 4073 :
2647 4021 2777 4076 Sine
2821 4022 3096 4092 iniquitate
3129 4025 3342 4078 cucurri
3369 4034 3416 4078 et
3439 4024 3525 4077 di-

1951 4113 2066 4167 rexi
2090 4114 2152 4166 “.
2194 4113 2436 4184 Itemque
2477 4113 2608 4168 illud
2644 4132 2658 4164 :
2692 4113 2838 4167 Viam
2887 4117 3260 4169 mandatorum
3307 4127 3518 4170 tuorum

1949 4206 2181 4273 cucurri,
2207 4209 2625 4276 quandocunque
2655 4207 2893 4260 dilatasti
2928 4225 3018 4262 cor
3050 4224 3220 4262 meum
3240 4210 3304 4262 ".

2521 4299 2716 4354 PSAL.
2769 4299 2932 4355 XVII.

1949 4389 2008 4445 V.
2050 4391 2102 4445 6.
2143 4390 2359 4446 Dolores
2391 4393 2590 4461 inferni
2620 4392 3075 4465 circumdederunt
3107 4411 3186 4448 me
3209 4411 3228 4448 :
3253 4412 3516 4465 praeoccu-

2333 4473 2585 4528 paverunt
2613 4479 2690 4515 me
2712 4463 2880 4530 laquei
2918 4466 3124 4518 mortis.

2015 4551 2328 4621 Congrueut
2369 4556 2484 4608 haec
2523 4555 2690 4608 etiam
2719 4555 3014 4620 Salvatori,
3049 4572 3170 4612 cum
3224 4557 3511 4625 plurimum

1946 4645 2274 4697 conveniant
2332 4661 2455 4699 cum
2527 4645 2676 4698 illis:
2715 4645 2874 4698 Nunc
2917 4650 3094 4700 anima
3149 4664 3261 4702 mea
3301 4651 3514 4703 turbata

1945 4747 2018 4789 est
2047 4736 2110 4788 ⁸⁸.
2136 4736 2200 4789 Ει
2227 4755 2240 4789 :
2274 4735 2463 4790 Tristis
2491 4747 2565 4790 est
2597 4739 2771 4790 anima
2806 4754 2918 4791 mea
2940 4741 3184 4808 usquead
3208 4751 3423 4793 mortem
3443 4743 3510 4796 ¹⁹.

1951 4831 2013 4885 V.
2057 4830 2110 4884 8.
2153 4829 2214 4882 Et
2243 4831 2446 4898 agitata
2469 4839 2565 4890 εει,
2598 4839 2643 4881 ει
2676 4839 2896 4881 tremens
2925 4831 3108 4898 eﬂ'ecta
3136 4841 3210 4883 est
3243 4841 3405 4884 terra.
3445 4831 3510 4885 Et

2012 4900 2356 4970 fundamenta
2398 4901 2654 4951 montium
2703 4900 2914 4970 turbata
2961 4912 3103 4963 sunt,
3155 4909 3204 4952 et
3253 4916 3512 4956 concussa

2012 4967 2154 5030 sunt,
2190 4971 2314 5040 quia
2348 4970 2516 5022 iratus
2545 4978 2621 5022 εει
2662 4970 2734 5021 eis
2762 4967 2921 5022 Deus.

2010 5059 2293 5114 Manifeste
2323 5059 2560 5114 ostendit
2593 5058 2686 5112 Dei
2729 5060 3054 5112 descensum
3095 5075 3191 5128 per
3217 5061 3506 5129 przedicta;

1939 5161 2166 5207 mortem
2206 5152 2358 5215 item,
2393 5161 2446 5204 et
2476 5149 2692 5205 dolores
2738 5147 2957 5206 inferni.
3004 5149 3082 5203 Ex
3131 5165 3238 5218 quo
3289 5152 3508 5208 descen-

1938 5243 2116 5305 dente,
2165 5244 2457 5296 secundum
2495 5240 2777 5310 Aquilam,
2809 5250 3068 5294 commota
3099 5250 3172 5294 est
3215 5252 3260 5294 et
3289 5248 3502 5298 tremuit

1940 5339 2078 5383 terra
2103 5331 2168 5384 ὀ.
2204 5330 2394 5386 Omnis
2423 5333 2563 5385 enim
2606 5333 2824 5386 auditus
2871 5331 3095 5386 Grarcus
3136 5345 3190 5388 et
3237 5334 3504 5388 harbarus

1938 5424 2244 5493 replebatur
2269 5424 2407 5479 fama
2435 5425 2502 5479 de
2537 5427 2652 5482 illo.
2697 5427 2869 5482 Porro
2898 5435 3093 5479 terram
3140 5426 3376 5495 appellat
3409 5440 3504 5480 eos

1934 5519 2025 5585 qui
2068 5527 2195 5571 sunt
2240 5519 2292 5572 in
2347 5527 2511 5573 terra.
2552 5519 2759 5573 Montes
2815 5527 2942 5574 sunt
2992 5519 3232 5573 adversa:
3262 5525 3505 5588 potesta-

1935 5618 2033 5676 tes,
2075 5627 2196 5680 qua:
2241 5626 2432 5666 errore
2476 5611 2742 5666 idolorum
2800 5612 3048 5667 homines
3118 5607 3499 5675 conﬁciebant,

321 5733 362 5764 "
385 5733 590 5804 Act.H,
624 5735 716 5801 29,
744 5734 832 5789 52.
911 5735 953 5767 ¹⁶
985 5733 1127 5790 Psal.
1163 5749 1316 5800 Lvut,
1352 5732 1403 5788 5.
1477 5732 1516 5764 "
1548 5730 1694 5788 Psal.
1731 5732 2030 5796 cxvttt,'5‘i?.
2103 5735 2146 5765 ³⁸
2176 5733 2334 5789 Joan.
2357 5749 2454 5798 xu,
2476 5732 2568 5787 27.
2647 5732 2688 5764 ³⁸
2719 5731 2906 5788 Matth.
2939 5748 3089 5791 xxvr.
3115 5731 3202 5786 38.
3279 5730 3324 5762 ³ο
3351 5727 3497 5798 Psa_l_.

260 5818 382 5872 xm,
408 5806 462 5861 8.
