4012 6340
560 268 660 330 ιιι

1406 268 1958 329 SUPPLEMENTUM
1998 269 2089 324 AD
2126 268 2450 327 οιιιῡΕΝιε
2482 258 2913 327 EXEGETICA.

3673 287 3757 344 ii‘!

564 405 762 448 erectae
796 397 985 445 contra
1024 389 1117 444 Dei
1154 390 1542 459 cognitionem.
1586 388 1974 452 Fundamenta,
2010 402 2117 456 qua

2197 434 2205 456 ,
2234 388 2483 460 θρώπους
2504 387 2787 452 ἐνέμοντο,
2807 391 2906 461 τῆς
2922 391 3010 445 τοῦ
3033 389 3165 446 Θεοῦ
3196 395 3763 470 κατεπαιρόμεναιγνώ-

565 493 690 538 sunt
721 481 1000 552 profundae
1037 481 1388 551 cogitationes
1415 520 1429 544 ,
1471 485 1596 535 dum
1644 481 1886 536 sentiunt
1914 479 2125 535 Domini

565 575 880 644 potentiam,
903 574 1192 644 indignatae
1216 573 1521 629 turbantur.
1538 571 1745 639 Quibus
1771 580 2125 628 succensente

566 666 957 733 Deo,,ascendit
981 666 1126 722 velut
1148 664 1326 720 fumus
1352 668 1418 719 de
1453 675 1632 730 torre;
1667 665 1950 721 exstinctis
1974 679 2126 720 nem-

562 773 630 828 pe
656 709 765 814 ihis
803 768 857 813 et
883 774 913 813 a
941 757 1309 814 conibustione
1335 758 1691 824 cessantibus,
1723 771 1830 827 qua
1877 758 2123 813 homines

560 850 876 904 exurebant.
913 847 1067 902 Hunc
1107 861 1241 902 vero
1288 847 1468 917 ignem
1517 848 1781 905 exstinxit
1831 849 1955 919 igne
1998 863 2119 905 suo.

559 940 835 1012 Tanquam
878 941 1012 1012 ignis
1044 956 1350 997 consumens
1377 939 1422 977 ³⁸
1450 939 1632 995 dictus
1671 951 1754 996 est
1788 940 1930 1003 Deus
1978 942 2121 1012 apud

557 1032 796 1103 Moysen.
828 1032 895 1086 Et
925 1033 979 1087 in
1005 1031 1234 1088 Psalmis
1260 1049 1279 1085 -.
1307 1031 1452 1101 Ignis
1486 1047 1663 1090 coram
1688 1032 1801 1101 ipso
1834 1035 2114 1103 praecedet,

548 1134 604 1178 et
631 1124 978 1193 inﬂammabit
1012 1125 1066 1178 in
1096 1140 1223 1196 gyro
1254 1125 1498 1178 inimicos
1532 1124 1645 1194 ejus
1662 1127 1732 1180 ¹².
1768 1125 1838 1181 Et
1864 1126 2062 1182 iterum
2099 1144 2115 1183 :

553 1216 693 1272 Deus
723 1219 999 1287 conspicue
1027 1218 1191 1272 veniet
1225 1233 1243 1272 :
1287 1217 1428 1272 Deus
1461 1226 1656 1283 noster,
1680 1226 1730 1273 el
1761 1235 1866 1274 non
1908 1220 2116 1274 silentio

550 1309 857 1378 prwteribit.
885 1308 1034 1380 Ignis
1062 1325 1241 1364 coram
1290 1309 1404 1378 ipso
1447 1310 1813 1375 succendetur,
1842 1318 1893 1365 et
1919 1311 1973 1365 in
2009 1310 2116 1364 circ

550 1399 695 1452 cuitu
735 1397 849 1468 ejus
887 1397 1117 1468 procella
1160 1399 1424 1457 uehemens
1470 1400 1538 1455 ³³.
1584 1400 1816 1475 Ideoque
1864 1400 2116 1456 Salvator

550 1490 765 1547 dicebat
802 1508 816 1546 :
864 1489 1042 1561 Ignem
1080 1492 1193 1546 veni
1235 1492 1494 1562 projicere
1529 1493 1585 1548 in
1621 1505 1835 1548 terram.
1878 1493 1948 1548 Et
1984 1493 2112 1563 quid

546 1583 666 1637 volo
692 1623 708 1647 ,
736 1583 783 1636 si
803 1583 923 1652 jam
997 1598 1245 1638 accensus
1269 1595 1345 1641 est
1384 1584 1430 1618 “
1454 1586 1477 1639 ?
1504 1584 1630 1640 Htec
1665 1584 1795 1642 fecit
1839 1585 2112 1641 inclinans

549 1681 608 1727 et
642 1673 997 1741 descendens,
1028 1689 1136 1729 non
1171 1690 1335 1730 unum
1369 1676 1528 1731 modo
1552 1675 1776 1743 caelum,
1801 1676 1895 1737 sed
1920 1690 2110 1733 omnes

2227 498 2383 544 σεως.
2413 482 2487 535 Τὰ
2512 473 2772 550 θεμέλια,
2804 484 2895 536 καὶ
2922 485 2971 536 oi
2996 484 3178 554 βαθεῖς
3217 486 3569 559 διαλογισμοὶ,
3598 494 3765 559 αίσθα-

2224 574 2422 645 νόμενα
2472 574 2573 645 τῆς
2625 572 2719 626 τοῦ
2766 576 2968 649 Κυρίου
3033 577 3354 648 δυνάμεως,
3417 583 3765 656 ἐταράχθησαν

2221 664 2514 735 ἀχθόμενοι.
2547 661 2646 731 Δῖς
2702 666 2814 737 (51)
2861 668 3209 739 ὀργισθέντος
3265 672 3358 727 τοῦ
3416 673 3548 728 Θεοῦ
3572 715 3586 740 ,
3625 678 3765 752 ἀνέϐη

2221 757 2427 820 καπνὸς
2470 756 2720 828 καθάπερ
2773 758 2866 811 ἐπὶ
2899 760 3091 815 δαλοῢο
3146 763 3523 835 σϐεννυμένων
3568 768 3657 823 καὶ
3687 770 3765 824 τοῦ

2222 844 2392 918 πυρὸς
2422 846 2802 918 παυσαμένων,
2832 842 2876 918 ᾧ
2912 852 3038 917 τοὺς
3077 852 3403 924 ἀνθρώπους
3447 843 3782 927 κατέερλεγον.Ι

2221 936 2294 990 Τὸ
2344 936 2455 1011 πῦρ
2490 938 2547 993 δὲ
2584 939 2742 995 τοῦτο
2798 942 3094 998 κατέσϐεσε
3154 944 3234 1016 τῷ
3283 946 3400 1019 ίδίῳ
3441 949 3594 1021 πυρί.
3639 949 3770 1004 Καθὸ

2217 1026 2337 1094 πῦρ
2367 1030 2809 1084 καταναλίσκον
2831 1031 3044 1102 εἴρηται
3081 1033 3213 1100 Θεὸς
3250 1034 3406 1108 παρά
3440 1037 3518 1108 τῷ
3559 1036 3769 1111 Μωῦσῇ.

2217 1115 2329 1169 Καὶ
2368 1117 2429 1171 ὲν
2456 1118 2702 1189 Ψαλμοῖς
2739 1136 2753 1149 ’
2778 1119 2904 1189 Πῦρ
2926 1122 3206 1176 ἐναντίον
3253 1124 3443 1179 αὐτοῦ
3472 1128 3771 1195 προπορεύ-

2214 1219 2415 1272 σεται,
2441 1206 2539 1260 καὶ
2577 1208 2814 1278 φλογιεῖ
2854 1210 3057 1275 κύκλῳ
3101 1212 3242 1277 τοὺς
3288 1213 3545 1284 ἐχθροὺς
3582 1214 3770 1272 αὑτοῦ.

2214 1295 2324 1350 Καὶ
2352 1296 2511 1351 πάλιν
2530 1315 2544 1328 ·
2591 1300 2654 1351 '0
2705 1298 2848 1366 Θεὸς
2876 1302 3151 1371 ἐμφανῶς
3177 1303 3334 1373 ἥξει,
3370 1307 3404 1359 ό
3430 1305 3574 1371 Θεὸς
3603 1304 3769 1374 ἡμῶν,

2212 1388 2309 1443 καὶ
2331 1390 2402 1444 οὐ
2425 1393 2967 1459 παρασιωπήσεται.
3000 1395 3128 1463 Πῦρ
3154 1394 3417 1449 ἐνώπιον
3443 1396 3627 1451 αὑτοῦ
3646 1414 3773 1453 καυ-

2211 1478 2481 1548 θήσεται,
2516 1483 2615 1539 καὶ
2644 1484 2846 1553 κύκλῳ
2879 1486 3062 1541 αὐτοῦ
3090 1488 3361 1559 καταιγὶς
3404 1487 3654 1557 σφοδρά.
3693 1488 3771 1542 Διὸ

2211 1575 2304 1627 καὶ
2334 1573 2569 1645 ἔφασκεν
2595 1576 2624 1629 ὁ
2653 1577 2844 1649 Σωτήρ
2868 1595 2883 1608 ο
2924 1578 3049 1646 Πῦρ
3085 1574 3278 1649 ἦλθον
3290 1579 3517 1647 ,βαλεῖν
3545 1579 3639 1632 ἐπὶ
3667 1577 3768 1647 τὴν

2208 1665 2345 1737 γῆν.
2372 1668 2484 1722 Καὶ
2514 1668 2572 1723 τι
2599 1668 2769 1735 θέλω,
2797 1672 2851 1724 ei
2888 1669 3003 1739 ἤδη
3037 1671 3322 1742 amisson;
3352 1670 3539 1733 Ταῦτα
3570 1671 3769 1742 ἐποίησε

542 1771 901 1835 quotcunque
941 1774 1104 1833 sunt;
1134 1765 1424 1822 inciinandi
1459 1767 1626 1823 verbo
1655 1768 1973 1827 ostendente
2011 1771 2110 1823 hu-

2210 1757 2394 1822 κλίνας
2438 1760 2532 1817 καὶ
2574 1759 2818 1825 καταϐὰς
2864 1761 2961 1835 οὐχ
3011 1761 3106 1816 ἕνα
3136 1763 3297 1833 μόνον
3349 1763 3577 1836 οὐρανὸν
3598 1802 3611 1826 ,
3651 1762 3769 1815 ἀλλὰ

548 1855 904 1911 miliationem
930 1855 1265 1913 celsitudinis
1293 1855 1409 1927 ejus
1435 1898 1450 1923 ,
1483 1866 1537 1913 et
1576 1860 1997 1919 exinanitionem
2021 1859 2107 1915 di-

546 1947 809 2004 vinitatis.
837 1946 1197 2004 Providentia
1224 1963 1353 2005 vero
1379 1950 1496 2021 ejus
1516 1951 1782 2007 occultam
1812 1961 2108 2010 secretam-

543 2055 653 2111 que
701 2041 962 2097 rationem
1014 2043 1253 2099 tenebris
1283 2051 1339 2099 et
1365 2044 1563 2100 nebula
1607 2044 1871 2102 declarat.
1902 2045 2105 2102 Deinde

543 2144 706 2200 super
743 2132 1025 2189 cherubim
1059 2142 1365 2204 assumptus
1398 2145 1482 2191 est
1510 2174 1529 2202 ,
1562 2136 1811 2205 quamvis
1839 2152 1961 2193 cum
1994 2137 2103 2192 illis

543 2241 648 2280 non
674 2225 1059 2282 descendisset.
1089 2226 1256 2294 Quem
1286 2240 1412 2282 cum
1457 2242 1687 2298 corpore
1715 2229 2100 2284 ascendentem

540 2319 736 2374 divina:
780 2318 988 2375 intuitze
1045 2331 1228 2376 essent
1274 2329 1606 2389 potestates,
1661 2320 2100 2391 agglomerantes

536 2410 612 2466 illi
646 2412 920 2480 stipabant
960 2410 1079 2480 ejus
1105 2411 1369 2475 reditum,
1402 2412 1648 2468 dicentes
1682 2431 1695 2467 :
1732 2412 1922 2468 Tollite
1968 2429 2096 2483 por-

537 2513 619 2558 tas
643 2543 659 2569 ,
682 2519 713 2557 ο
745 2504 1004 2573 principes
1026 2542 1041 2568 ,
1081 2514 1280 2558 vestras
1304 2519 1323 2557 :
1343 2515 1390 2559 et
1413 2505 1919 2575 extollimini,portw
1943 2516 2098 2563 teter-

534 2610 639 2659 πα,
664 2604 712 2648 et
743 2594 1070 2669 ingredietur
1096 2592 1207 2648 Rea:
1234 2595 1417 2665 gloria:
1437 2598 1502 2651 ".
1539 2595 1671 2664 Qua:
1700 2600 1918 2668 quidem
1952 2609 2084 2658 tunc

535 2684 678 2737 facta
705 2692 850 2747 sunt,
868 2684 1182 2755 quando,’ut
1214 2685 1265 2740 in
1291 2685 1442 2742 Actis
1468 2689 1831 2759 apostolorum
1865 2690 2093 2747 relatum

528 2784 647 2843 est,
686 2775 976 2830 uidentibus
1017 2776 1124 2832 illis
1153 2778 1381 2833 eleuatus
1410 2790 1526 2846 est,
1571 2790 1619 2835 et
1654 2780 1814 2837 nubes
1862 2781 2092 2853 suscepit

532 2880 650 2919 eum
674 2864 738 2919 ab
769 2865 934 2921 oculis
959 2881 1141 2921 eorum
1179 2866 1245 2922 “.

2208 1851 2446 1917 πάντας,
2490 1852 2604 1905 ὅσοι
2637 1851 2766 1907 ποτέ
2805 1853 2943 1905 εἰσιν
2968 1871 2981 1884 ·
3010 1853 3104 1907 τοῦ
3140 1854 3321 1909 κλῖναι
3354 1856 3640 1929 δηλοῦντος
3681 1856 3768 1927 τὴν

2206 1942 2533 1998 ταπείνωσιν
2568 1943 2661 1997 τοῦ
2692 1942 2858 2014 ὕψους
2899 1945 3096 2010 αὑτοῦ,
3132 1946 3225 2000 καὶ
3262 1946 3367 2020 τὴν
3417 1947 3640 2000 κένωσιν
3676 1942 3765 2018 τῆς
3813 2016 3816 2021 ἢ

2205 2032 2475 2106 θεότητος.
2502 2037 2614 2108 Τῆς
2640 2037 2696 2091 δὲ
2738 2038 3053 2109 οἰκονομίας
3099 2037 3266 2092 αὑτοῦ
3318 2039 3381 2092 τὸ
3420 2038 3637 2112 λεληθὸς
3684 2038 3766 2093 καὶ

2200 2128 2533 2201 ἀπόκρυφον,
2560 2128 2637 2201 τῷ
2666 2130 2850 2202 γνόφῳ
2882 2131 2974 2184 καὶ
3003 2133 3074 2202 τῇ
3107 2130 3309 2204 ὁμίχλῃ
3327 2131 3496 2203 δηλοῖ.
3531 2127 3655 2185 Εἶτα
3683 2129 3763 2185 ἐπὶ

2201 2220 2293 2274 τοῦ
2323 2221 2587 2294 χερουϐὶμ
2614 2222 2888 2294 ἀνελήφθη
2909 2263 2924 2288 ,
2963 2223 3141 2277 καίτοι
3180 2224 3256 2297 μὴ
3300 2225 3400 2279 σὺν
3433 2223 3579 2295 αὐτῷ
3610 2239 3763 2276 κατα»

2199 2314 2320 2380 ϐάς.
2352 2317 2446 2369 Ὃν
2481 2315 2617 2387 μετὰ
2663 2316 2912 2388 σώματος
2964 2318 3326 2375 ἀναϐαίνοντα
3366 2321 3423 2374 αἱ
3476 2319 3611 2374 θεῖαι
3644 2318 3760 2372 θεω-

2198 2407 2389 2478 ροῦσαι
2415 2408 2690 2480 δυνάμεις,
2717 2412 2992 2478 γεγονυῖαι
3018 2412 3147 2482 περὶ
3178 2411 3376 2479 αὐτὸν,
3420 2410 3757 2484 ἐδορυφόρουν

2197 2497 2361 2552 αὐτοῦ
2386 2499 2484 2570 τὴν
2524 2498 2735 2567 ἄνοδον,
2770 2501 3118 2570 ὲπιλὲγουσαι
3142 2519 3155 2532 ·
3201 2504 3422 2572 Ἀρατε
3458 2503 3679 2567 πύλας,
3708 2500 3756 2551 οἱ

2194 2589 2504 2663 ἄρχοντες,
2562 2590 2748 2663 ὑμῶν,
2788 2595 2884 2648 καὶ
2932 2593 3227 2663 ἐπάρθητε
3250 2636 3266 2661 ,
3303 2597 3489 2651 πύλαι
3531 2592 3754 2655 ultimm,

2193 2683 2292 2736 καί
2334 2685 2744 2740 εἰσελεύσεται
2782 2688 2816 2740 ό
2867 2686 3168 2754 Βασιλεὺς
3200 2687 3315 2757 τῆς
3357 2687 3557 2755 δόξης.
3605 2685 3665 2737 Ἀ
3696 2682 3752 2754 δὴ

2178 2775 2449 2845 ηγέγονεν,
2500 2777 2696 2848 ἡνίκα,
2746 2778 2822 2843 ὡς
2866 2780 2924 2832 ἐν
2970 2782 3092 2842 ταῖς
3141 2780 3386 2852 Πράξεσι
3440 2782 3610 2834 κεῖται
3654 2775 3750 2829 τῶν

2189 2868 2519 2935 ἀποστόλων,
2544 2865 2901 2934 βλεπόντων
2929 2869 3127 2925 αὐτῶν
3145 2869 3400 2940 ἐπήρθη,
3424 2871 3522 2926 καὶ
3540 2869 3746 2941 νεφέλη

2188 2956 2491 3013 ὑπέλαϐεν
2518 2958 2704 3013 αὐτόν
2729 2958 2848 3015 ἀπὸ
2877 2957 2994 3013 τῶν
3025 2959 3355 3030 ὀφθαλμῶν
3381 2960 3596 3015 αὐτῶν.

538 3048 598 3116 ν·
627 3047 716 3112 ιε·
755 3045 1037 3151 Esses?
1059 3047 1766 3151 εεεεξξδςαιέξξεετέὲεηεξ.
1785 3063 1935 3103 mm
1971 3064 1991 3103 ε
2029 3050 2117 3151 in.

2197 3049 2336 3120 Στίχ.
2371 3048 2462 3105 ιϐ’.
2495 3049 2606 3138 καὶ
2636 3049 2812 3151 faece
2859 3051 3083 3151 ςκέτος
3115 3051 3484 3151 ἀξοκρυςίὴν
3541 3051 3754 3151 αὐτοῦ..

803 3119 1028 3177 circuitu
1059 3117 1201 3171 illius
1232 3118 1623 3173 tabernaculum
1654 3119 1787 3188 ejus.

604 3212 740 3268 Eum
768 3211 860 3282 qui
892 3211 945 3265 in
975 3209 1323 3267 tabernaculo
1350 3219 1434 3269 est
1456 3254 1472 3280 ,
1504 3212 1626 3282 quis
1651 3212 1828 3266 videat
1856 3212 1959 3268 nisi
2006 3213 2089 3267 in-

534 3312 629 3360 tus
650 3303 861 3359 fuerit?
900 3303 993 3360 Sic
1018 3318 1195 3373 neque
1226 3304 1419 3371 Deum,
1454 3303 1558 3363 nisi
1602 3304 1725 3374 quis
1754 3304 2090 3375 ingrediatur

528 3399 669 3452 intra
703 3394 880 3452 velum
905 3395 1414 3466 ineomlirensiouis.
1448 3394 1662 3467 Moyses
1695 3410 1929 3468 namque
1955 3395 2089 3452 cali-

527 3489 707 3557 ginem
737 3488 926 3553 subiit,
958 3489 1052 3544 ubi
1083 3497 1204 3545 erat
1245 3487 1409 3544 Deus;
1457 3487 1724 3549 insistens
1751 3487 1896 3544 enim
1925 3487 2088 3550 mini-

525 3578 693 3633 sterio
735 3578 877 3634 circa
905 3578 1073 3633 Deum
1106 3578 1331 3648 ejusque
1377 3578 1750 3648 providentiae,
1792 3578 1936 3634 intra
1970 3578 2085 3639 haec

523 3669 793 3726 intellexit
817 3671 1086 3727 contineri
1121 3671 1308 3727 Deum.
1343 3671 1628 3731 Paululum
1664 3671 1933 3744 siquidem
1962 3687 2082 3733 eam

523 3759 838 3830 adaperiam
859 3801 875 3825 ,
912 3761 1063 3816 illum
1091 3762 1243 3830 cuius
1283 3770 1368 3819 est
1408 3762 1622 3832 imago,
1650 3776 1719 3818 ex
1743 3777 1807 3818 eo
1838 3762 1982 3832 quod
2013 3763 2081 3827 ad

519 3850 808 3920 imaginem
831 3861 970 3916 erat,
995 3852 1263 3907 intellexit
1297 3873 1310 3909 :
1348 3863 1515 3924 atque
1530 3869 1595 3910 ex
1624 3853 1844 3926 opiﬁcio
1870 3862 1928 3913 et
1955 3868 2081 3923 pro.-

518 3940 776 4006 videntia,
807 3940 1054 4010 opiﬁcem
1079 3950 1134 3998 et
1163 3942 1520 4011 provisorem.

1102 4032 1297 4089 PSAL.
1332 4032 1499 4093 XXII.

893 4125 961 4182 ν.
990 4127 1045 4181 5.
1077 4125 1306 4195 Propter
1326 4142 1512 4189 nomen
1533 4141 1707 4182 suum.

516 4213 580 4271 ν.
618 4216 673 4270 4.
704 4215 845 4271 Nam
876 4218 975 4270 etsi
999 4215 1330 4275 ambulavero
1359 4218 1412 4273 in
1435 4217 1606 4273 medio
1647 4217 1844 4273 umbrae
1868 4219 2073 4285 mortis,

722 4302 829 4340 non
868 4287 1054 4345 timebo
1085 4286 1249 4350 mala,
1293 4289 1415 4355 quia
1443 4298 1498 4339 tu
1546 4303 1744 4341 mecum
1784 4304 1861 4343 es.

2500 3121 2703 3184 κύκλῳ
2722 3120 2908 3175 αὑτοῦ
2932 3121 2972 3189 ἡ
2998 3121 3198 3190 σκηνὴ
3223 3120 3435 3178 αὐτοῦ,

2262 3209 2365 3263 Τὸν
2397 3209 2455 3267 ὲν
2489 3212 2657 3282 σκηνῇ
2700 3209 2782 3273 τίς
2823 3209 2923 3263 οὑκ
2967 3209 3081 3280 (52)
3127 3209 3320 3279 ὄψεται
3365 3212 3439 3284 μὴ
3476 3211 3747 3281 γενόμενος

2188 3300 2369 3366 ἔνδον;
2401 3300 2585 3365 Οὕτως
2615 3301 2735 3355 οὐδὲ
2777 3300 2866 3355 τὸν
2914 3300 3045 3355 Θεὸν
3066 3344 3082 3369 ,
3117 3303 3166 3355 εί
3195 3303 3269 3375 μή
3297 3321 3383 3368 τις
3413 3301 3633 3357 εἰσέλθοι
3656 3298 3740 3354 τοῦ

2186 3393 2283 3464 τῆς
2300 3391 2735 3463 δυσκαταληψίας
2754 3391 2897 3446 ἔνδον
2919 3393 3439 3464 παραπετάσματος.
3469 3394 3574 3447 Καὶ
3592 3393 3739 3447 Man“)-

2186 3483 2287 3554 σῆς
2311 3482 2419 3555 γὰρ
2450 3484 2527 3547 είς
2546 3483 2636 3538 τὸν
2656 3481 2851 3552 γνόφον
2874 3482 3119 3554 εἰσῆλθεν
3135 3522 3150 3548 ,
3189 3476 3250 3537 οὗ
3276 3479 3349 3556 ἦν
3369 3486 3397 3539 ό
3420 3484 3567 3548 Θεός.
3605 3483 3740 3536 Ἑπι-

2185 3575 2386 3646 στήσας
2407 3573 2516 3647 γὰρ
2539 3577 2605 3647 τῇ
2629 3574 2756 3646 περὶ
2785 3573 2919 3628 Θεοῦ
2945 3574 3277 3648 δημιουργίᾳ
3304 3594 3367 3630 τε
3394 3576 3485 3630 καὶ
3511 3571 3736 3645 προνοίᾳ,

2182 3665 2313 3721 εἴσω
2360 3667 2562 3723 τούτων
2617 3667 2759 3736 ἔγνω
2800 3667 3150 3739 περιέχεσθαι
3196 3667 3291 3720 τὸν
3334 3668 3489 3722 Θεόν.
3548 3663 3769 3734 Ὀλίγον.

2181 3755 2289 3828 γὰρ
2315 3757 2484 3829 αὐτὴν
2503 3757 2792 3825 διανοίξας,
2827 3758 2918 3811 τὸν
2945 3752 3004 3811 οὗ
3036 3758 3182 3811 ἐστιν
3205 3758 3401 3825 εἰκὼν,
3429 3761 3493 3813 ὲκ
3516 3754 3605 3811 τοῦ
3635 3753 3741 3806 κατ’

2180 3847 2363 3902 εἰκόνα
2394 3849 2709 3921 μεμάθηκεν
2730 3865 2745 3880 ο
2776 3850 2840 3902 ὲκ
2868 3848 2924 3902 δὲ
2967 3848 3066 3918 τῆς
3104 3849 3477 3922 δημιουργίας
3508 3847 3596 3900 καὶ
3625 3858 3743 3914 προ-

2178 3939 2326 4009 νοίας
2350 3940 2441 3993 τὸν
2463 3940 2793 4013 δημιουργὸν
2824 3939 2919 3994 καὶ
2946 3940 3271 4011 πῳνοητήν.

2770 4033 2941 4086 ΨΑΛ.
2988 4031 3115 4084 ΚΒ’.

2387 4124 2477 4176 Στ.
2512 4128 2580 4191 γ’.
2623 4124 2864 4184 Ἕνεκεν
2879 4122 2985 4177 τοῦ
3006 4124 3296 4193 ὀνόματος
3324 4124 3539 4180 αὐτοῦ.

2177 4214 2314 4293 Στίχ¹
2351 4216 2414 4271 δ’.
2449 4215 2587 4293 Ἐὰν
2618 4214 3139 4293 γὰρκαὶ-πορευθῶ
3170 4216 3437 4293 ἐνιμέᾳῳ
3456 4212 3624 4293 σκιᾶς
3644 4212 3735 4293 θατ

2241 4284 2424 4410 :dtov
2448 4323 2477 4374 ζ
2508 4288 2579 4341 οὐ
2626 4284 3046 4356 φοϐηθήσομαι
3101 4284 3289 4340 κακά’
3340 4284 3436 4341 ὅτι
3485 4284 3566 4340 σὺ
3619 4295 3720 4351 μετ

2269 4373 2388 4426 μου
2417 4373 2488 4411 ει.

578 4442 715 4500 ilinc
764 4444 832 4500 ad
860 4442 1028 4501 Deum
1061 4446 1335 4501 convertit
1385 4448 1710 4502 orationem.
1760 4447 1861 4516 Qui
1904 4445 2117 4517 igitur]

2242 4445 2354 4519 (55)
2381 4445 2655 4501 Ἐντεῦθεν
2680 4447 2814 4519 πρὸς
2838 4445 2970 4500 Θεὸν
2998 4447 3327 4520 ἀποστρέφει
3355 4449 3449 4504 τὸν
3480 4446 3646 4515 λόγον.
3680 4439 3733 4494 '0

508 4535 663 4591 sedet
701 4536 754 4591 in
787 4538 976 4592 umbra
1007 4537 1222 4603 mortis,
1266 4537 1456 4594 firmus
1480 4538 1637 4594 estin
1673 4539 1790 4607 illa,
1827 4539 2065 4595 obdura-

506 4638 596 4682 tus
610 4628 661 4681 in
677 4625 912 4699 ﬂagitiis,
930 4628 1283 4701 indigensque
1300 4629 1500 4685 lumine
1515 4630 1657 4701 quod
1675 4645 1738 4688 ex
1757 4631 2067 4688 misericor-

505 4717 592 4771 dia
624 4719 819 4774 oritur.
854 4720 925 4777 At
953 4718 1047 4789 qui
1090 4717 1370 4785 ambulat,
1399 4720 1887 4792 przetergreditur;
1924 4736 2063 4793 quo-

2178 4536 2276 4608 μὲν
2291 4531 2381 4591 οὖν
2403 4536 2761 4608 καθεζόμενος
2783 4538 2842 4591 ὲν
2860 4539 2985 4610 σκιᾷ
3001 4537 3256 4604 θανάτου,
3276 4538 3488 4611 ἵδρυται
3506 4541 3561 4592 ἐν
3581 4532 3728 4602 αὐτῇ,

2173 4625 2489 4697 βεϐαιωθεὶς
2516 4629 2574 4680 ἐν
2603 4626 2791 4698 κακίᾳ,
2825 4628 2918 4682 καὶ
2935 4626 3185 4699 δεόμενος
3206 4627 3313 4681 τοῦ’
3330 4629 3395 4696 ἐξ
3414 4630 3590 4689 ἐλέους
3605 4625 3729 4678 ἀνα*

2170 4716 2450 4781 τέλλοντος
2475 4716 2669 4786 φωτὸςο
2705 4719 2733 4771 ὁ
2763 4716 2820 4770 δὲ
2848 4716 3210 4788 πορευόμενος
3234 4718 3585 4791 παρατρέχειο
3618 4706 3727 4783 μεθ’

499 4824 628 4865 cum
671 4810 835 4866 etiam
887 4810 1089 4866 incedit
1131 4810 1410 4868 Dominus.
1452 4811 1527 4869 De
1568 4814 1817 4870 sessione
1859 4794 2062 4868 dictum

2197 4802 2231 4861 ηἶι
2264 4810 2359 4862 καὶ
2386 4808 2652 4865 συνοδεύει
2679 4811 2708 4863 ό
2736 4808 2958 4881 Κύριος.
2988 4809 3122 4881 Περὶ
3150 4809 3207 4863 δὲ
3232 4809 3333 4881 τῆς
3366 4809 3628 4868 καθίσεως
3657 4799 3728 4855 εἷο

499 4913 584 4957 est
616 4922 630 4957 :
658 4901 967 4960 Sedenlibus
992 4905 1046 4958 in
1069 4905 1277 4975 regione
1297 4914 1348 4959 et
1380 4906 1567 4960 umbra
1597 4907 1799 4975 mortis,
1828 4905 1925 4960 tua:
1944 4915 2062 4960 orta

495 5003 573 5046 est
607 4994 679 5048 eis
710 4996 779 5051 ".

498 5105 563 5160 Ἴ.
592 5106 646 5159 4.
681 5106 842 5178 Virga
859 5120 973 5183 tua,
988 5119 1037 5165 et
1064 5109 1281 5165 baculus
1303 5116 1444 5175 tuus,
1463 5109 1574 5165 nec
1591 5124 1673 5164 nte
1696 5099 2056 5164 evocaverunt.

568 5234 810 5307 Utraque
836 5241 891 5297 in
925 5241 1172 5313 ﬂagellis,
1202 5240 1367 5312 'juxta
1415 5240 1544 5297 illud
1578 5259 1593 5297 :
1629 5239 1688 5295 Si
1726 5241 2060 5296 deseruerint

491 5325 592 5395 ﬁlii
619 5329 698 5384 tui
730 5330 891 5402 legem
925 5350 1115 5399 ineant,
1151 5344 1199 5393 et
1236 5333 1618 5404 jndiciis.‘meis
1646 5349 1749 5389 non
1789 5335 2056 5404 incedant,

2174 4918 2329 4974 ρηται
2351 4918 2364 4932 θ
2404 4901 2774 4971 Καθημένοις
2810 4901 2880 4954 ἐν
2925 4898 3084 4969 χώρᾳ
3122 4902 3221 4955 καὶ
3273 4901 3417 4970 σκιᾷ
3455 4895 3722 4955 θανάτου,

2170 4992 2295 5063 φῶς
2324 4993 2629 5049 ἀνέτειλεν
2651 4992 2872 5059 αὐτοῖς.

2171 5083 2319 5154 Στιχ.
2343 5082 2405 5138 δ’.
2433 5084 2494 5145 Ἡ
2515 5084 2738 5152 ῥάϐδος
2761 5097 2898 5147 σου,
2925 5081 3020 5136 καὶ
3039 5083 3076 5151 ἡ
3091 5083 3388 5154 βακτηρία
3409 5096 3544 5148 σου,
3557 5071 3725 5135 αὗταί

2232 5170 2309 5223 με
2335 5154 2776 5223 παρεκάλεσαν.
3296 5166 3299 5167 ⁷
3360 5190 3363 5191 ν

2250 5245 2555 5318 Ἀμφότεροι
2582 5245 2672 5298 ἐπὶ
2695 5244 2991 5316 μαστίγων,
3024 5244 3166 5302 κατά
3199 5246 3258 5300 τό
3276 5264 3290 5277 ·
3333 5247 3474 5301 Ἐὰν
3492 5243 3723 5311 ἐγκατα-

2164 5338 2424 5392 λίπωσιν
2448 5340 2501 5392 οί
2520 5336 2639 5390 υιοί
2661 5351 2778 5391 σου
2805 5335 2911 5390 τὸν
2938 5337 3125 5408 νόμον
3139 5354 3277 5408 μου,
3309 5339 3407 5392 καὶ
3452 5334 3574 5400 τοῖς
3604 5325 3711 5398 κρί-

571 5460 614 5540 ξι
649 5461 807 5540 οεξειι3
832 5476 909 5540 ιν,
936 5463 1026 5520 24.
1052 5535 1074 5540 Δ
1104 5467 1151 5498 ’ί
1182 5464 1322 5523 Psal.
1352 5483 1494 5533 πίονι,
1525 5467 1579 5521 5.
1660 5467 1706 5501 ⁸⁸
1735 5466 1877 5523 Psal.
1903 5484 2052 5535 xLIx,
2081 5469 2116 5524 '5

2197 5469 2241 5502 ”
2271 5468 2398 5528 Luc.
2432 5486 2543 5538 xu,
2566 5470 2636 5533 49
2736 5472 2783 5504 ⁸⁸
2809 5471 2952 5529 Psal.
2991 5488 3169 5539 χχιιι,
3195 5473 3250 5540 7,
3285 5473 3339 5528 9.
3379 5479 3401 5533 ξ
3484 5472 3530 5505 ’⁸
3593 5466 3704 5519 Act-

493 5540 535 5595 Ι,
560 5529 615 5585 9.
704 5531 748 5563 ³⁷
788 5532 915 5587 lsai.
942 5550 1019 5602 Ix,
1046 5535 1102 5591 2.

701 5642 1001 5805 (ἔὲίιυιιιιειι
1032 5720 1260 5803 οὐκέτει
1284 5722 1344 5775 οὐ
1371 5723 1801 5795 postponendum
1837 5733 1941 5781 est.

2238 5655 2351 5729 (εὖ)
2379 5655 2476 5715 ilic
2505 5667 2559 5713 et
2585 5657 2729 5715 infra
2772 5658 2958 5728 confer
3009 5667 3141 5716 tom.
3172 5659 3284 5731 XII,
3335 5662 3440 5719 col.
3480 5651 3613 5711 i259
3660 5652 3715 5701 et

2158 5742 2273 5787 δρα.
