4012 6340
284 341 372 401 ll3

1514 348 1883 422 EXCERPTA
1921 363 1985 419 IN.
2021 363 2361 420 PSALMOS.

3484 360 3590 416 118

283 464 410 533 μασι
443 487 583 539 μου
606 477 707 547 μὴ
738 480 1121 549 πορευθῶσιν
1138 496 1151 510 ·
1177 480 1287 536 ἐὰν
1307 481 1379 535 τὰ
1418 480 1779 552 δικαιώματά
1800 501 1903 553 μοι

2025 485 2068 535 si
2094 483 2227 551 jura
2264 497 2380 534 mea
2409 496 2511 533 non
2545 478 2881 533 custodierint
2912 494 2931 533 :
2965 477 3186 533 uisitabo
3219 474 3274 530 in
3304 475 3447 545 virga
3482 474 3585 528 ini-

293 556 358 630 μὴ
391 567 792 634 φυλάξουσιν
813 591 827 604 ”
862 574 1265 644 ἐπισκέψομαι
1298 574 1369 627 ἐν
1400 574 1600 641 ῥάϐδῳ
1632 574 1740 641 τὰς
1785 577 1920 631 ἀνο-

306 655 429 727 μίας
459 660 677 716 αὐτῶν
698 704 715 727 ,
745 664 851 717 καὶ
882 665 953 717 ἐν
974 664 1219 733 μάστιγι
1248 665 1357 732 τὰς
1379 666 1668 735 ἁμαρτίας
1694 667 1911 721 αὐτῶν.

319 750 382 808 Τὸ
420 751 489 805 δὲ
519 754 700 822 ἔλεός
747 775 872 823 μου
919 759 991 811 οὐ
1016 756 1101 826 μὴ
1135 756 1510 812 διασκεδάσω
1548 760 1649 813 ἀπ’
1694 759 1913 814 αὐτῶν.

328 847 393 899 Οὒ
414 845 800 901 ὂιεσκέδατται
834 848 945 921 γὰρ
967 849 1028 901 τὸ
1056 849 1195 902 θεῖον
1216 849 1363 913 ἔλεος
1390 851 1498 904 ἀπὸ
1525 850 1618 904 τοῦ
1647 851 1715 905 δι’
1737 853 1916 923 ἁμαρ-

332 940 443 1003 τίας
490 938 913 1011 ματτιζομένου.
974 942 1047 994 Οὐ
1083 941 1194 1011 (54)
1242 941 1349 1013 γὰρ
1409 944 1789 1015 ἁμαρτάνοντα
1839 943 1913 1015 μὴ

339 1031 605 1102 μαστίξειε
631 1073 646 1099 ,
703 1032 764 1087 οὐ
822 1032 1219 1105 παραδέχεται·
1277 1036 1583 1105 μαστιγῶν
1651 1037 1787 1091 υἱὸν
1842 1036 1914 1091 ὃν

333 1124 741 1192 παραδέχεται.
767 1125 905 1196 Περὶ
929 1118 1003 1178 ὧν
1034 1124 1089 1178 δὲ
1124 1126 1199 1196 μὴ
1236 1126 1484 1196 μαστίζει
1505 1165 1521 1191 ,
1557 1125 1773 1195 λέγεται
1813 1128 1873 1181 τό
1894 1146 1907 1158 ’

343 1216 513 1285 Ἐμοῦ
532 1216 601 1269 δὲ
620 1217 780 1285 παρὰ
791 1217 1009 1286 μικρὸν
1028 1217 1448 1285 ὲσαλεύθησαν
1464 1221 1517 1273 οἱ
1539 1220 1718 1286 πόδες
1737 1237 1749 1249 ο
1775 1221 1910 1288 παρ’

331 1309 535 1377 ὀλίγον
565 1308 823 1377 ἐξεχύθη
852 1310 924 1363 τὰ
948 1308 1277 1378 διαϐήματά
1290 1327 1430 1378 μου.
1454 1312 1581 1364 "Ott
1610 1314 1721 1365 οὐκ
1742 1311 1911 1365 ἐστιν

331 1396 657 1464 ἀνάνευσις
691 1399 761 1453 ἐν
803 1399 884 1465 τῷ
921 1397 1150 1462 θανάτῳ
1194 1397 1410 1463 αὐτῶν,
1468 1400 1561 1453 καὶ
1611 1400 1909 1469 στερέωμα

330 1489 396 1544 ἄν
430 1490 505 1559 τῇ
527 1491 776 1562 μάστιγι
812 1491 1029 1546 αὐτῶν.
1088 1490 1192 1545 Διά
1230 1491 1405 1544 τοῦτο
1442 1492 1774 1561 ἐκράτησεν
1812 1495 1911 1546 αὐ-

330 1583 469 1648 τοὺς
519 1585 559 1652 ὴ
593 1585 998 1653 ὑπερηφανία
1054 1583 1475 1652 περιεϐάλοντο
1532 1585 1767 1638 ἀδικίαν
1810 1586 1907 1638 καὶ

331 1673 610 1729 ἀσέϐειαν
642 1675 890 1728 ἑαυτῶν.
946 1675 1069 1727 Ἐὰν
1124 1676 1221 1745 μὲν
1272 1670 1364 1729 οὖν
1500 1693 1581 1739 τις
1642 1674 1909 1745 πρόϐατον

330 1766 683 1838 ἁμαρτωλὸν,
744 1764 923 1838 ῥάϐδῳ
976 1766 1304 1839 πλήσσεται·
1358 1768 1452 1820 ἐὰν
1499 1766 1556 1820 δὲ
1603 1766 1902 1838 ἄνθρωπος,

2023 572 2246 640 quitates
2281 586 2482 634 eorum,
2516 579 2565 623 et
2590 570 2644 623 in
2675 570 2896 639 ﬂagellis
2939 580 3149 639 peccata
3182 584 3384 623 eorum.
3429 565 3586 619 Mise-

2025 662 2308 714 ricordiam
2366 672 2543 715 autem
2594 676 2762 714 meam
2822 677 3146 731 nequaquam
3196 660 3463 723 dissipabo
3517 661 3583 712 ab

2024 755 2097 806 eis
2134 753 2198 805 ’⁸.
2234 752 2349 807 Νοη
2380 763 2465 809 εει
2493 755 2641 808 enim
2687 755 2946 824 dissipata
2980 754 3157 807 divina
3206 750 3583 808 misericordia

2024 846 2090 900 ab
2124 860 2190 901 eo
2234 847 2325 917 qui
2375 859 2596 919 propter
2642 858 2865 919 peccata
2913 846 3232 915 ﬂagellatur.
3264 846 3581 903 Peccantem

2022 936 2164 991 enim
2226 954 2332 991 non
2397 940 2662 1008 suscipit,
2723 941 2824 995 nisi
2881 938 3228 1008 ﬂagellaverit
3261 955 3276 992 :
3313 939 3581 1007 ﬂagellans

2018 1029 2184 1097 ﬁlium
2209 1047 2358 1098 quem
2393 1033 2609 1102 suscipit
2636 1033 2699 1087 ³⁸.
2731 1034 2804 1088 De
2832 1032 2898 1086 iis
2927 1046 3060 1086 vero
3088 1044 3225 1100 quos
3264 1046 3365 1084 non
3392 1029 3579 1099 ﬂagel-

2019 1120 2092 1175 lat
2115 1122 2310 1176 dicitur
2337 1122 2466 1177 illud
2502 1141 2515 1176 :
2558 1122 2662 1177 Mei
2683 1131 2857 1177 autem
2881 1138 3011 1190 pene
3048 1122 3227 1192 quassi
3251 1130 3369 1173 sunt
3401 1122 3579 1187 pedes,

2016 1215 2385 1282 propemodum
2417 1216 2571 1285 effusi
2599 1228 2717 1270 sunt
2744 1232 2951 1284 gressus
2996 1215 3117 1267 mei.
3164 1214 3304 1279 Quia
3354 1229 3457 1266 non
3507 1221 3581 1265 est

2016 1307 2236 1359 arrectio
2268 1306 2322 1359 in
2356 1316 2521 1361 morte
2556 1325 2759 1373 eorum,
2789 1320 2833 1362 et
2863 1309 3255 1375 ﬁrmamentum
3286 1306 3341 1358 in
3372 1305 3581 1375 ﬂagello

2015 1410 2216 1454 eorum.
2258 1395 2547 1467 Propterea
2609 1399 2834 1453 obtinuit
2880 1415 2966 1451 eos
3004 1395 3286 1451 insolentia
3315 1410 3332 1447 :
3357 1395 3582 1446 circum-

2015 1488 2191 1539 amicti
2231 1499 2350 1541 sunt
2396 1490 2673 1558 iniquitate
2696 1498 2743 1542 et
2788 1490 3053 1557 impietate
3076 1505 3173 1541 sua
3214 1487 3279 1538 ³⁰.
3319 1484 3375 1539 Si
3421 1484 3582 1537 fuerit

2014 1592 2143 1647 ergo
2170 1581 2292 1649 quis
2323 1581 2441 1634 ovis
2472 1596 2727 1649 peccans,
2760 1579 2910 1650 virga
2942 1580 3258 1648 vapulabit;
3293 1588 3350 1631 at
3384 1577 3427 1631 si
3460 1576 3579 1628 fue-

2018 1670 2083 1724 rit
2116 1670 2295 1737 homo,
2323 1672 2537 1736 baculo,
2568 1673 2859 1725 secundum
2899 1670 3242 1725 Salomonem
3279 1688 3292 1723 :
3328 1668 3430 1734 Qui
3450 1686 3575 1736 par-

2015 1760 2089 1814 cit
2126 1763 2333 1828 baculo,
2367 1765 2475 1817 odit
2506 1764 2675 1830 ﬁlium
2713 1778 2865 1817 suum
2900 1763 2969 1816 ³³.
2998 1763 3123 1817 Haec
3153 1777 3319 1833 porro
3348 1770 3578 1817 evocant

329 1855 605 1928 βακτηρία
625 1897 638 1921 ,
664 1856 805 1909 κατὰ
828 1856 893 1908 τὸ
914 1856 1254 1927 Σολομῶντος
1276 1875 1289 1887 '
1339 1859 1400 1909 'O
1429 1850 1777 1927 φειδόμενος
1805 1855 1903 1924 τῆς

2018 1854 2361 1923 vapulantem
2411 1872 2425 1909 :
2468 1867 2764 1924 persuasus
2810 1864 2892 1910 est
2936 1857 3123 1922 enim,
3170 1857 3297 1925 quia
3342 1856 3576 1925 ﬂagellat

317 1946 665 2014 βακτηρίας
685 1946 857 2014 μισεῖ
872 1945 979 2000 τὸν
1003 1947 1219 2002 ἑαυτοῦ
1243 1949 1396 2001 υἱόν.
1438 1946 1618 2001 Ταῦτα
1657 1948 1714 2000 δὲ
1743 1965 1917 2018 παρα-

322 2038 493 2090 καλεῖ
526 2036 617 2089 τὸν
650 2038 1011 2107 τυπτόμενον⁸
1044 2039 1337 2093 πέπεισται
1376 2040 1482 2111 γὰρ
1502 2082 1515 2106 ,
1547 2039 1621 2103 ὡς
1639 2040 1924 2111 μαστιγοῖ

326 2129 537 2182 πάντα
566 2129 699 2184 υἱὸν
722 2129 794 2184 ὃν
820 2131 1232 2201 παραδέχεται.

982 2225 1150 2277 ΨΑΛ.
1185 2226 1317 2278 ΚΡ.

404 2310 555 2379 Στίχ.
587 2309 650 2379 β’.
680 2311 790 2364 Kal
825 2312 923 2366 ἐπὶ
961 2312 1241 2384 ποταμῶν
1273 2317 1599 2385 ἡτοίμασεν
1626 2319 1838 2386 αὐτήν.

400 2400 515 2470 (55)
564 2402 674 2455 Καὶ
701 2402 875 2467 ἄλλως
910 2404 966 2458 δέ
1020 2404 1127 2475 πρὸ
1187 2407 1287 2477 τῆς
1340 2407 1630 2480 ἐπιδημίας
1674 2410 1907 2480 Χριστοῦ

318 2490 594 2557 γνωστὸς
621 2491 783 2561 ἐντῇ
825 2494 1071 2562 Ἰουδαίᾳ
1109 2497 1271 2567 μόνον
1304 2494 1371 2568 ἦν
1403 2504 1435 2554 ό
1461 2501 1637 2566 Θεόςο
1668 2505 1786 2570 μετ’
1813 2502 1908 2555 αὑ-

318 2580 423 2651 τὴν
468 2581 546 2643 δὲ,
587 2583 694 2637 τοῦ
723 2586 944 2652 Κυρίου
968 2588 1007 2655 ἠ
1033 2586 1132 2656 τῆ.
1191 2588 1463 2644 man
1479 2590 1751 2663 πλήρωμα
1802 2593 1907 2666 πρὸ

316 2672 533 2744 ταύτης
560 2671 629 2745 ἦν
661 2678 719 2731 ὲν
755 2678 903 2752 πάσῃ
932 2683 998 2750 τῇ
1044 2684 1146 2752 γῇ-
1198 2682 1369 2753 μεστὰ
1412 2684 1468 2738 δὲ
1509 2679 1577 2756 ἦν
1624 2687 1794 2756 αὐτῆς
1836 2688 1905 2742 τὰ

318 2764 549 2818 πλεῖστα
589 2769 906 2840 κακότητος.
960 2772 1093 2825 Μετ’
1123 2773 1290 2846 αὐτὴν
1336 2775 1391 2828 δὲ
1428 2777 1612 2830 πολλοὶ
1655 2776 1762 2831 τῶν
1805 2796 1902 2832 πε-

316 2860 695 2913 πιστευκότων
726 2862 954 2915 ἐθνικῶν
989 2863 1190 2919 εἴποιεν
1225 2867 1291 2920 ἄν
1315 2884 1328 2897 ⁸
1391 2870 1489 2922 Ἐκ
1529 2870 1633 2924 τοῦ
1673 2872 1904 2939 πληρώ-

314 2967 507 3021 ματος
531 2953 718 3006 αὑτοῦ
754 2953 924 3023 ἡμεῖς
957 2955 1181 3023 πάντες
1223 2958 1534 3028 ἐλάϐομεν.
1579 2962 1774 3033 Διόπερ
1809 2964 1904 3015 αὑ-

318 3040 419 3093 τοῦ
454 3042 550 3095 καὶ
591 3043 863 3115 πλήρωμα
908 3045 1166 3115 λέγοιντο.
1224 3049 1360 3102 Ἀλλ’
1390 3051 1486 3121 οὐχ
1533 3052 1582 3104 οἱ
1626 3052 1769 3105 κενοὶ¹
1806 3054 1903 3125 τῆς

2023 1962 2220 2001 omnem
2248 1947 2418 2015 ﬁlium
2445 1962 2594 2015 quem
2614 1949 2829 2015 suscipit
2860 1948 2946 2017 ³³.)

2577 2216 2775 2271 PSAL.
2815 2216 3008 2273 XXIII.

2210 2309 2268 2363 V.
2299 2308 2353 2361 2.
2388 2306 2454 2362 Et
2482 2311 2535 2363 in
2564 2308 2871 2379 ﬂuminibus
2900 2311 3214 2379 praeparavit
3253 2325 3387 2362 eam.

2082 2398 2253 2453 Aliter
2290 2419 2301 2454 :
2333 2409 2459 2455 ante
2505 2403 2794 2457 adventum
2838 2401 3040 2457 Christi
3099 2411 3251 2455 notus
3280 2402 3334 2455 in
3380 2400 3573 2455 Judwa

2010 2494 2275 2548 duntaxat
2310 2503 2427 2548 erat
2472 2495 2608 2549 Deus
2641 2495 2687 2527 ³³
2720 2514 2734 2549 :
2777 2504 2832 2549 at
2863 2506 2986 2563 post
3014 2494 3330 2558 adventum,
3365 2493 3577 2546 Domini

2006 2595 2082 2641 est
2107 2597 2248 2640 terra
2279 2586 2342 2642 “.
2376 2586 2481 2642 Sed
2515 2600 2690 2656 neque
2717 2588 2996 2657 plenitudo
3024 2594 3152 2641 ante
3177 2587 3327 2641 illum
3368 2598 3486 2642 erat
3525 2592 3574 2644 in

2005 2679 2258 2734 universa
2309 2687 2455 2734 terra
2500 2697 2514 2733 :
2564 2680 2805 2748 quinimo
2854 2679 3015 2750 plena
3066 2690 3184 2734 erat
3232 2694 3329 2749 pro
3384 2683 3573 2752 majori

2005 2780 2161 2843 parte
2193 2770 2538 2842 ﬂagitiorum.
2572 2770 2699 2827 Post
2732 2770 2883 2826 illum
2919 2786 3049 2826 vero
3075 2811 3089 2836 ,
3123 2773 3276 2826 multi
3323 2774 3574 2830 ethnico-

2005 2877 2122 2915 rum
2152 2862 2242 2931 qui
2271 2862 2663 2926 crediderunt,
2707 2863 2888 2917 dicere
2933 2873 3200 2930 possunt:
3234 2862 3309 2916 De
3348 2864 3574 2927 plenita-

2002 2953 2122 3007 dine
2164 2952 2279 3021 ejus
2318 2968 2410 3007 nos
2447 2970 2626 3008 omnes
2665 2954 2958 3021 accepimus
2990 2953 3057 3007 ³⁵.
3107 2952 3285 3020 Quare
3317 2955 3479 3010 etiam
3519 2966 3575 3010 et

2001 3042 2205 3101 Christi
2257 3044 2536 3114 plenitudo
2582 3044 2687 3100 dici
2739 3054 2965 3115 queunt.
3004 3044 3110 3100 Sed
3146 3062 3251 3099 non
3285 3047 3376 3116 qui
3408 3050 3565 3101 vacui

268 3146 271 3149 ‘
316 3134 686 3206 εὐαγγελικῆς
716 3136 1008 3201 πολιτείας.
1043 3139 1199 3193 Ἀλλὰ
1233 3142 1324 3194 καὶ
1358 3143 1413 3194 ἐν
1445 3143 1634 3214 ἐρήμῳ
1660 3145 1688 3197 ὁ
1722 3146 1900 3216 ἁμαρ-

2008 3144 2131 3194 sunt
2160 3138 2470 3209 evangelica
2503 3137 2717 3192 vivendi
2750 3140 2980 3195 ratione.
3017 3139 3156 3207 Quin
3185 3140 3362 3208 patius
3393 3140 3444 3193 in
3472 3140 3568 3193 de-

316 3226 490 3289 τωλὸς
531 3230 808 3281 κατοικεῖν
862 3230 1186 3301 οἰκουμένην
1239 3232 1316 3295 δὲ,
1351 3237 1379 3287 ὁ
1422 3234 1519 3305 τὴν
1579 3235 1899 3299 Ἐκκλησίαν

316 3316 487 3371 οἰκῶν
526 3320 982 3391 πεπληρωμένην
1022 3325 1122 3391 τῆς
1167 3325 1327 3393 ἁγίας
1353 3325 1607 3397 Τριάδος·
1645 3329 1738 3380 καὶ
1789 3328 1901 3382 ἔστι

317 3409 415 3462 τοῦ
450 3411 678 3481 Κυρίου.
724 3412 861 3464 Ἀλλ’
893 3414 988 3483 οὐχ
1014 3414 1042 3466 ὁ
1068 3417 1459 3488 γεγεννημένος
1496 3419 1559 3470 ὲκ
1598 3418 1690 3470 τοῦ
1724 3419 1903 3473 διαϐό-

318 3500 439 3566 λου,
472 3504 569 3555 καὶ
595 3504 752 3574 μερὶς
786 3504 993 3558 ἐκείνου
1030 3507 1335 3579 γενόμενος.

320 3588 467 3671 Στίχ.
496 3598 565 3660 γ’.
592 3594 687 3671 Ίίίς
709 3595 1066 3671 ἀναϐήσεται
1090 3600 1175 3671 sic
1196 3598 1259 3671 τὸ
1297 3598 1558 3671 ὄροςίτοῦ
1576 3602 1796 3668 Kvplov
1819 3619 1835 3665 ;
1862 3601 1901 3671 ἣ

394 3662 485 3727 τίς
511 3663 803 3728 στήσεται
832 3662 901 3718 ἐν
924 3667 1083 3731 τόπῳ
1111 3662 1255 3736 ἁγίῳ
1284 3662 1507 3733 uibrat};

395 3752 507 3821 (56)
543 3755 613 3806 Ἢ
644 3756 736 3809 καὶ
766 3756 889 3827 ὅρος
916 3757 1119 3830 Κυρίου
1141 3760 1199 3812 τὸ
1219 3760 1430 3814 τελικὸν
1464 3763 1667 3831 ἀγαθὸν
1692 3765 1783 3817 καὶ
1813 3766 1903 3819 τὸν

319 3842 451 3896 Θεὸν
477 3846 670 3913 Λόγον.
707 3846 936 3911 Σπάνιος
968 3849 1075 3919 γὰρ
1101 3851 1128 3903 ὀ
1161 3852 1296 3921 πρὸς
1339 3853 1437 3925 τὴν
1467 3852 1776 3927 ἀκρώρειαν
1802 3856 1901 3909 αὐ·-

319 3936 413 3989 τοῦ
440 3936 529 3990 διὰ
566 3940 845 4009 προκοπῆς
873 3940 1137 4011 ἀναϐῆναι
1176 3944 1488 4016 δυνάμενος.

380 4109 491 4179 (57)
512 4111 567 4163 '0
584 4110 690 4181 γὰρ
704 4112 1029 4201 τελειωθεὶς,
1049 4117 1244 4186 μηκέτι
1262 4122 1564 4195 περαιτέρω
1579 4128 1773 4197 χωρεῖν
1787 4122 1899 4194 οἶός

318 4218 377 4254 τε
410 4202 507 4267 ὢν,
540 4203 748 4258 ἵσταται
780 4204 1015 4275 βέϐαιος,
1040 4209 1134 4262 καὶ
1156 4212 1505 4282 χρηματίζων
1546 4216 1698 4285 ἅγιος
1734 4220 1897 4283 τόπος

318 4293 474 4347 Θεοῦ.
525 4295 731 4348 Ὀπίσω
769 4295 879 4368 γὰρ
919 4298 1123 4368 Κυρίου
1167 4304 1558 4375 πορευόμενος,
1586 4309 1891 4365 ἀναϐαίνει·

317 4384 436 4437 τῶν
466 4384 587 4453 μὲν
624 4385 875 4441 ὄπισθεν
918 4388 1462 4463 ἐπιλανθανόμενος
1480 4439 1493 4461 ,
1550 4398 1675 4465 τοῖς
1698 4399 1766 4452 δὲ
1790 4401 1893 4470 ἐμ-

319 4480 585 4543 προσθεν
638 4477 1125 4548 ἐπεκτεινόμενος
1143 4524 1157 4549 ,
1208 4485 1359 4549 τέλος
1410 4488 1547 4558 ἔχων
1609 4491 1671 4543 τὺ
1704 4492 1894 4563 στῆναι

2004 3238 2151 3283 serto
2173 3239 2424 3298 peccator
2450 3230 2677 3285 habitat.
2724 3228 2924 3285 Contra
2964 3240 3144 3285 autem
3169 3232 3353 3285 orbem
3396 3242 3571 3287 terra-

2005 3338 2123 3376 rum
2152 3322 2361 3388 incolit,
2386 3324 2478 3393 qui
2523 3323 2712 3379 incolit
2754 3322 3049 3378 Ecclesiatn
3086 3316 3342 3391 repletam
3379 3334 3567 3377 sancta

2003 3409 2292 3479 Trinitate,
2329 3423 2519 3484 eatque
2546 3413 2779 3468 Domini.
2815 3412 2935 3466 Non
2966 3415 3093 3467 item
3120 3413 3210 3483 qui
3251 3424 3317 3466 ex
3357 3411 3571 3467 diabolo

2004 3512 2163 3558 natus
2196 3514 2301 3569 est,
2331 3514 2423 3559 aut
2455 3518 2583 3573 pars
2613 3504 2760 3558 illius
2784 3503 3010 3558 elfectns
3044 3504 3167 3558 fuit.

2058 3595 2122 3650 ν.
2156 3596 2209 3650 3.
2244 3594 2371 3661 Quis
2400 3597 2640 3649 ascendet
2669 3596 2725 3647 in
2755 3604 2980 3647 montem
3018 3594 3261 3647 Domini?
3303 3595 3379 3647 vel
3402 3597 3515 3663 quis

2390 3668 2545 3719 stabit
2572 3668 2628 3717 in
2659 3668 2771 3717 loco
2804 3677 2985 3716 sancto
3028 3663 3141 3734 ejus
3164 3665 3189 3717 Ρ

2077 3754 2169 3808 Vel
2204 3755 2366 3809 etiam
2404 3757 2778 3826 interpreteris
2803 3762 3037 3810 montem
3082 3757 3291 3810 Domini
3321 3757 3570 3824 perfecti-

2005 3862 2130 3901 vum
2158 3848 2380 3913 bonum,
2416 3856 2466 3903 et
2500 3848 2785 3917 ipsummet
2807 3849 2973 3905 Deum
3005 3847 3259 3903 Verbum.
3289 3848 3463 3904 Rarus
3483 3859 3572 3905 est

2004 3939 2152 3993 enim
2195 3938 2291 4009 qui
2330 3940 2396 3994 sd
2439 3941 2697 3995 verticem
2728 3940 2844 4009 ejus
2873 3953 2939 3995 ex
2987 3939 3227 4010 profectu
3275 3943 3568 3997 ascendere

2001 4040 2188 4102 queat.

2072 4124 2173 4190 Qui
2203 4125 2346 4179 enim
2371 4134 2780 4181 consummatus
2804 4133 2902 4187 est,
2937 4141 3042 4180 non
3074 4126 3306 4196 amplius
3343 4127 3568 4181 ulterius

1999 4218 2249 4289 progredi
2281 4217 2485 4281 valens.
2514 4228 2620 4274 stat
2652 4219 2862 4286 lirmus,
2895 4229 2950 4276 et
2981 4232 3207 4274 vocatur
3233 4233 3457 4275 sanctus
3482 4223 3564 4277 lo-

1998 4328 2095 4368 cus
2125 4313 2238 4366 Dei.
2276 4311 2420 4368 Pone
2458 4314 2600 4368 enim
2628 4314 2912 4369 Dominum
2956 4315 3234 4379 incedens,
3271 4314 3514 4369 ascendit
3544 4332 3562 4369 :

1998 4421 2176 4459 eorum
2198 4418 2314 4475 qua:
2338 4415 2477 4458 retro
2517 4415 2658 4467 sunt,
2692 4405 2924 4472 oblitus;
2956 4406 3024 4459 ad
3057 4422 3117 4459 ea
3146 4423 3263 4460 vero
3300 4421 3415 4475 quae
3443 4416 3563 4461 sunt

2000 4504 2141 4557 ante,
2163 4494 2314 4548 enixe
2345 4495 2663 4548 contendens
2689 4494 2753 4559 ³⁸,
2780 4494 2937 4549 ﬁnem
2965 4494 3064 4549 sibi
3093 4510 3397 4565 proponens
3416 4504 3567 4549 stare

323 4566 456 4632 μετὰ
484 4565 620 4619 Θεοῦ
646 4569 706 4620 ἐν
733 4568 883 4638 τόπῳ
912 4570 1051 4641 ἁγίῳ
1085 4573 1247 4626 αὑτοῦ
1269 4593 1282 4605 ο
1308 4577 1392 4645 ἐφ’
1417 4578 1475 4631 ὃν
1512 4580 1594 4633 δεῖ
1625 4581 1892 4651 ἀναϐῆναι

2008 4600 2124 4639 cum
2171 4583 2280 4639 Deo
2329 4586 2381 4639 in
2430 4584 2549 4638 loco
2593 4594 2780 4639 sancto
2824 4587 2937 4653 ejus
2970 4604 2982 4639 :
3020 4587 3086 4639 ad
3136 4602 3293 4656 quem
3348 4595 3563 4655 oportet

321 4659 409 4709 καὶ
444 4658 640 4728 στῆναι
678 4658 769 4711 τὸν
811 4661 1291 4736 εὐαγγελιζόμενον
1324 4671 1387 4739 τῇ
1436 4672 1603 4737 Σιὼν,
1644 4675 1781 4746 πρὸς
1834 4676 1892 4729 ὃν

310 4756 573 4824 ,ἐφθακάτι
622 4758 700 4830 τῷ
746 4763 950 4834 Μωῦσῇ
995 4781 1156 4835 φησιν
1207 4766 1235 4817 ό
1288 4765 1456 4828 Θεός·
1490 4766 1573 4819 Σὺ
1604 4767 1671 4819 δὲ
1703 4767 1891 4821 αὐτοῦ

318 4847 493 4915 στῆθι
525 4852 656 4917 μετ’
691 4852 857 4921 ἐμοῦ.
900 4854 1061 4907 Ἀλλὰ
1090 4856 1180 4908 καὶ
1209 4858 1515 4923 Ἕστησεν
1542 4858 1640 4910 ἐπὶ
1669 4857 1892 4925 πέτραν

318 4941 457 5007 τοὺς
485 4944 680 5011 πόδας
724 4963 873 5015 μου,
904 4947 980 5011 ὡς
1013 4949 1097 5017 ἐφ’
1130 4947 1316 5019 ἕτερον
1357 4949 1608 5019 ἁγίασμέι
1637 4968 1801 5019 φασιν
1841 4952 1889 5004 οἱ

321 5033 613 5103 προφῆται.
664 5035 823 5089 Ἐπεὶ
847 5035 1031 5105 πέτρα
1057 5033 1134 5107 ἦν
1161 5041 1194 5091 ό
1228 5039 1501 5106 Χριστός.
1557 5039 1714 5092 Ἀλλὰ
1752 5040 1835 5104 τίς
1863 5040 1891 5092 ό

317 5122 423 5175 τῶν
448 5127 792 5194 ἐπαγγελιῶν
824 5128 1025 5183 τούτων
1041 5130 1375 5203 τευξόμενος,
1401 5132 1613 5202 εἴρηται
1636 5133 1889 5191 τελεώτε-

324 5235 411 5287 ρον
442 5221 500 5272 ἐν
534 5220 613 5291 τῷ
643 5223 1218 5295 τεσσαρεσκαιδεκάτῳ
1239 5226 1458 5299 ψαλμῷ.

2002 4678 2261 4731 ascendat
2297 4685 2351 4731 et
2378 4687 2486 4731 stet
2515 4678 2606 4745 qui
2655 4678 2993 4746 evangelizat
3039 4677 3190 4743 Sion,
3221 4688 3275 4732 et
3299 4677 3366 4729 ad
3401 4691 3561 4744 quem

2000 4784 2165 4838 quum
2195 4769 2530 4838 pervenisset
2576 4765 2789 4839 Moyses
2809 4808 2824 4833 ,
2854 4769 2929 4822 ait
2962 4768 3034 4822 illi
3060 4767 3202 4824 Deus
3233 4786 3247 4822 :
3278 4768 3355 4821 Tu
3386 4777 3563 4820 autem

1998 4861 2069 4916 ibi
2102 4869 2182 4913 sta
2221 4875 2421 4912 mecum
2455 4860 2520 4912 ³⁷.
2552 4858 2691 4925 Quin
2731 4859 2892 4912 etiam
2915 4898 2928 4923 ,
2949 4856 3147 4913 Statuit
3173 4874 3331 4927 super
3360 4866 3561 4923 petram

1998 4955 2151 5023 pedes
2198 4968 2338 5007 meos
2382 4951 2449 5015 ³⁸,
2494 4962 2749 5021 tanquam
2794 4964 2955 5018 super
3006 4948 3149 5003 aliud
3194 4948 3560 5003 sanctuariutn

1999 5045 2184 5098 dicunt
2240 5044 2543 5112 propheta}.
2610 5040 2772 5096 Petra
2820 5051 2994 5093 autem
3038 5050 3149 5093 erat
3201 5038 3439 5095 Christus
3492 5040 3556 5096 ³⁸.

1995 5133 2113 5189 Jam
2150 5150 2277 5189 vero
2311 5135 2434 5203 quis
2472 5135 2663 5188 barum
2711 5131 3132 5202 promissionum
3178 5146 3395 5201 compos
3442 5131 3557 5196 fiat,

1994 5228 2195 5281 dictum
2228 5237 2310 5282 est
2339 5226 2528 5280 melius
2565 5228 2616 5278 in
2650 5227 2857 5295 psalmo
2883 5227 3096 5281 decimo
3127 5236 3340 5295 quarto.

380 5446 427 5475 ’⁸
453 5446 592 5502 Psal.
633 5465 867 5503 Lxxxvm
893 5490 907 5513 ,
944 5450 1044 5516 5i,
1083 5450 1169 5505 ΞΗ.
1231 5455 1273 5485 ²⁹
1308 5452 1465 5507 llcbr.
1504 5469 1604 5515 xu,
1646 5453 1698 5507 6.
1784 5452 1828 5483 ³⁰
1859 5452 1903 5505 P:

2032 5469 2198 5511 1.1V",
2230 5453 2283 5508 2.
2322 5454 2376 5516 4,
2405 5454 2456 5507 6.
2544 5454 2583 5483 ³¹
2618 5452 2901 5513 Pratum",
2934 5451 3024 5504 9.4.
3087 5452 3129 5483 ³²
3173 5451 3333 5505 Hebr.
3367 5465 3463 5516 xu,
3500 5450 3555 5505 6.

325 5512 370 5545 ⁸³
409 5516 552 5570 I’sal.
597 5530 758 5590 ωιτν,
793 5519 849 5572 2.
933 5520 976 5550 ³⁸
1029 5512 1039 5516 ⁷
1088 5521 1227 5581 Psal.
1261 5540 1413 5590 xxm,
1452 5528 1497 5582 l.

328 5601 509 5651 xxxix,
532 5590 586 5643 '5.
667 5589 710 5621 ³⁸
738 5590 897 5644 lCor.
924 5606 979 5654 x,
1008 5590 1060 5645 4.

396 5745 508 5816 (54)
539 5745 702 5799 Forte
733 5748 779 5798 εἰ
819 5762 913 5816 pro
936 5748 1016 5800 οὐ.

395 5814 507 5885 (55)
548 5816 746 5871 Confer
765 5824 803 5871 t.
823 5814 943 5885 'Xll,
974 5818 1074 5872 loc.
1101 5817 1191 5871 cit.

1595 5524 1638 5556 ³⁵
1671 5522 1822 5578 Joan.
1859 5539 1899 5589 l,

2008 5565 2011 5574 .
2096 5524 2139 5554 ³⁸
2170 5524 2400 5593 Philipp.
2429 5541 2512 5590 ιιι,
2552 5524 2632 5581 95.
2719 5521 2760 5552 ³⁷
2800 5522 2970 5575 Exod.
3006 5537 3187 5588 xxxrv,
3213 5522 3267 5576 2.
3328 5520 3373 5554 ³⁸
3412 5520 3558 5575 Psal.

2211 5742 2563 5820 [ηξετίιξίῑιις.
2587 5743 2850 5820 ονὶθεηιδ,
2886 5746 3114 5820 Didymi,
3146 5746 3379 5802 Eusebii.

2066 5812 2177 5883 (.57)
2204 5812 2475 5886 Origenis,
2508 5812 2737 5883 Didymi.
