4012 6340
490 424 597 480 tta
677 401 682 405 ’

614 560 682 617 ν.
707 559 761 616 6.
793 556 926 613 Hac
964 554 1611 629 generatioqumentium
1660 552 1966 629 Dominum,

844 622 1187 700 qure'rentium
1215 622 1402 695 faciem
1423 623 1521 677 Dei
1547 622 1739 677 Iacob.

575 721 838 794 Equidem
862 721 1062 775 dictum
1089 727 1170 773 est
1200 734 1213 769 :
1247 714 1415 769 Nemo
1448 713 1635 768 videbit
1664 712 1855 781 faciem
1883 723 2071 772 meam,

506 824 553 871 et
585 812 803 870 vivet“.
835 811 1043 866 Revera
1070 808 1215 862 enim
1248 820 1406 862 nemo
1442 804 1647 859 videbit
1673 804 1764 871 qui
1798 803 1866 856 sit
1889 802 2075 864 homo,

505 913 564 962 et
587 905 732 975 quod
760 904 1053 960 humanum
1087 906 1172 954 est
1196 907 1365 952 totum
1392 911 1498 951 non
1541 895 1780 957 exuerit,
1811 901 1866 947 et
1900 900 2077 945 muta-

509 1009 599 1051 tus
641 996 805 1052 fuerit
850 994 905 1048 in
948 990 1200 1061 angelum
1241 997 1293 1042 et
1320 987 1516 1051 Deum,
1548 985 1691 1055 quod
1721 984 1809 1039 hic
1851 998 1955 1037 non
1993 981 2073 1035 lit.

509 1089 585 1143 De
624 1086 827 1158 angelis
858 1099 986 1140 vero
1035 1082 1387 1154 parvulorum
1426 1080 1519 1149 qui
1556 1086 1683 1133 sunt
1709 1077 1760 1130 in
1808 1075 2075 1135 Ecclesia,

507 1177 760 1234 Salvator
808 1177 940 1232 dicit
978 1193 995 1231 ι
1039 1174 1257 1244 Semper
1305 1174 1477 1228 uident
1522 1170 1711 1241 faciem
1759 1166 1943 1222 Patris
1990 1165 2078 1235 qui

503 1281 579 1327 est
606 1272 663 1325 in
695 1270 838 1325 caelis
883 1270 955 1322 ⁸³.

439 1418 446 1425 ’
504 1430 571 1485 ν.
602 1430 657 1487 9.
692 1428 885 1482 Tollite
910 1437 1112 1493 portas,
1146 1443 1175 1479 ο
1212 1426 1495 1495 principes,
1526 1432 1759 1495 uestras,
1791 1431 1837 1495 et
1868 1415 2078 1495 extolli-

644 1490 969 1568 mini,porta:
995 1490 1225 1558 wterme,
1264 1504 1313 1548 et
1346 1494 1584 1547 introibit
1620 1491 1733 1544 Rex.
1762 1490 1964 1560 gloriw.

504 1593 571 1648 γ.
605 1591 692 1646 10.
736 1590 866 1658 Quis
893 1601 966 1645 est
994 1592 1090 1643 iste
1117 1588 1224 1642 Rea:
1253 1586 1438 1658 gloria;
1463 1586 1487 1638 2’
1508 1584 1770 1658 Dominus
1806 1582 2076 1645 uirtutum,

1015 1662 1121 1729 ipse
1151 1669 1222 1712 est
1248 1655 1359 1711 Rea:
1384 1655 1585 1726 gloriaz.

574 1820 737 1878 Velut
762 1820 954 1875 ducem
980 1817 1336 1878 exercituum,
1361 1813 1768 1885 appellaverunt
1797 1810 2080 1864 Dominum

1362 431 1923 494 SUPPLEMENTUM
1959 430 2050 485 AD
2084 424 2411 485 ORIGENIS
2442 418 2856 479 EXEGETICA.

2098 554 2144 610 Α
2171 544 2319 615 Στίχ.
2358 548 2431 607 ς’.
2452 539 2611 615 Αὕτη
2629 538 2667 606 ἠ
2689 536 2862 615 γενεὰ
2882 534 3214 615 ζητούντων
3245 529 3363 615 τόν
3388 529 3640 615 Κιξριον,
3670 523 3761 592 Cn-

3654 408 3754 465 illi

2250 598 2515 668 ἶούντων
2552 598 2619 663 τὶ)
2651 598 2973 676 ξπρόσωπον
2994 604 3097 658 τοῦ
3126 600 3274 657 Θεοῦ
3314 598 3535 654 Ἰακώϐ.

2252 705 2364 777 (58)
2394 704 2506 759 Καὶ
2542 702 2646 774 μὴν
2669 698 2820 755 εἶπεν
2839 717 2853 729 °
2890 698 3099 764 Οὐδεὶς
3118 696 3327 765 ὄψεται
3346 694 3411 746 τὸ
3435 689 3763 760 πρόσωπόν

2177 815 2329 868 μου,
2360 796 2457 850 καὶ
2493 793 2755 861 ζήσεται.
2793 793 2881 856 Ὠς
2912 789 3127 861 άληθῶς
3156 787 3265 860 γὰρ
3307 787 3409 839 οὐκ
3452 781 3643 853 ὄψεταί
3679 796 3760 844 τις

2183 890 2466 962 ἄνθρωπος
2503 887 2580 941 ὢν
2602 926 2617 948 ,
2645 886 2737 940 καὶ
2768 885 2841 956 μὴ
2881 886 2987 938 πᾶν
3024 880 3361 954 ἀνθρώπινον
3398 874 3757 945 ἀποθέμενος,

2184 982 2280 1036 καὶ
2313 979 2629 1052 μεταϐαλὼν
2658 980 2737 1043 εἰς
2766 977 2994 1047 ἄγγελον
3024 977 3118 1029 καὶ
3144 972 3298 1038 Θεὸν,
3324 973 3461 1043 ὅπερ
3484 970 3588 1023 οὐκ
3615 966 3760 1020 ἐστιν

2184 1073 2392 1128 ἐνθάδε.
2437 1075 2572 1145 Περὶ
2608 1072 2664 1127 δὲ
2708 1072 2817 1126 τῶν
2861 1069 3105 1139 ἀγγέλων
3143 1067 3249 1122 τῶν
3276 1068 3333 1119 ὲν
3362 1068 3427 1137 τῇ
3464 1058 3764 1131 Ἐκκλησία

2188 1167 2421 1241 μικρῶν,
2453 1169 2481 1221 6
2529 1167 2720 1238 Σωτήρ
2763 1182 2960 1236 φησιν,
3009 1165 3090 1218 ὅτι
3119 1159 3446 1225 Διαπαντὸς
3477 1155 3662 1226 ὁρῶσι
3694 1152 3762 1208 τὸ

2186 1262 2511 1328 πρόσωπον
2541 1257 2646 1311 τοῦ
2683 1256 2931 1326 Πατρός,
2960 1255 3068 1309 τοῦ
3107 1256 3176 1308 ἐν
3207 1253 3332 1315 τοῖς
3350 1247 3650 1320 οὐρανοῖς.

2186 1354 2334 1424 Στίχ.
2361 1353 2424 1407 θ’.
2465 1352 2940 1424 ἈρατεΑπύλας,
2981 1350 3035 1405 oi
3062 1349 3353 1424 ἄρχοντες
3376 1386 3391 1409 ,

2255 1411 2576 1492 ἐῖτάρθητὲ,
2623 1422 2807 1475 πύλαι
2850 1411 3113 1486 ᾰὶώνιοιξ
3138 1411 3236 1472 καὶ
3279 1411 3692 1471 εἰσελεύσεται
3729 1411 3766 1462 ό

2252 1494 2551 1560 ,ϐασιλεὺς
2598 1493 2704 1561 τῆς
2730 1492 2936 1561 δόξης.

2187 1588 2333 1658 Στίχ.
2364 1593 2413 1641 ι’.
2451 1587 2563 1658 Τίς.
2591 1581 2979 1658 ἐστινμοῦτος
3007 1587 3040 1638 ὀ
3058 1579 3367 1658 ,βασιλεὺς
3403 1574 3516 1658 (ﬁs
3542 1571 3769 1658 δόξης;

2257 1642 2612 1792 ἒρριὲἕξτῶν
2635 1642 2969 1725 δυνάμεων,
3000 1642 3181 1719 αὑτός
3221 1642 3391 1706 ἐστίν
3410 1651 3443 1702 ό
3460 1642 3774 1708 Βασιλεὺς

2257 1747 2367 1794 της
2511 1745 2603 1794 ης·

2257 1747 2369 1891 ἷέθῗ
2400 1747 2766 1889 ῗὲξηάςρχοντα
2794 1812 2850 1864 δὲ
2886 1805 3280 1881 στρατοπέδων,
3311 1801 3623 1873 δυνάμεων
3647 1796 3767 1852 ἐκά-

508 1916 783 1980 uirtutum,
822 1913 963 1982 quod
991 1913 1045 1966 in
1067 1908 1337 1965 Hebraico
1368 1906 1566 1962 dicitur
1599 1902 1839 1960 Sabaoth
1860 1919 1879 1957 :
1919 1917 2081 1970 quam

2198 1919 2346 1968 lsoav
2373 1913 2611 1981 Κύριον,
2645 1910 2781 1977 ὅπερ
2812 1908 2868 1960 ὲν
2899 1903 2976 1975 τῷ
3019 1898 3293 1972 Ἑϐραῖκῷ
3334 1893 3575 1951 Σαϐαὼθ
3613 1892 3771 1963 εἴρη-

509 2021 702 2063 vocem
732 2003 1082 2073 Septuaginta
1112 2002 1540 2070 interpretantur
1573 1997 1624 2050 in
1658 1992 1961 2065 Scripturis
1979 1993 2085 2046 Do-

509 2100 712 2154 minum
770 2096 1025 2157 miiitum,
1057 2091 1139 2146 vel
1175 2091 1339 2147 etiam
1389 2088 1749 2157 Omnipotens.
1803 2083 1957 2152 Quod
1999 2085 2085 2167 hic

512 2191 709 2250 dicitur
751 2202 904 2257 ergo,
953 2185 1377 2255 omnipotentem
1438 2180 1672 2236 ostendit
1723 2178 2082 2234 Salvator-em.

513 2279 602 2338 Sic
627 2281 753 2336 dicit
796 2279 1051 2333 Dominus
1102 2276 1425 2342 omnipotens
1459 2267 1645 2325 :‘Pone
1672 2269 1894 2340 gloriam
1948 2268 2085 2321 misit

510 2391 596 2429 me
612 2377 680 2427 ad
703 2383 751 2426 te
779 2371 846 2425 δ’.
866 2369 998 2425 Cum
1028 2367 1171 2423 enim
1201 2366 1544 2433 omnipotens
1581 2364 1652 2416 sit
1683 2360 1867 2424 Pater,
1891 2358 2086 2413 Filium

511 2466 941 2534 omnipotentem
980 2461 1148 2516 misit.
1178 2457 1416 2514 Joannes
1445 2468 1664 2524 quoque
1691 2455 1748 2509 in
1766 2452 2086 2523 Apocalypsi

512 2559 590 2612 ait
617 2579 629 2611 :
661 2554 792 2611 Haac
821 2554 944 2607 dicit
981 2554 1130 2605 testis
1166 2549 1339 2620 fidelis
1398 2556 1447 2601 et
1510 2561 1689 2611 verax,
1737 2545 1826 2615 qui
1875 2545 1997 2614 fuit,
2038 2545 2087 2597 et

512 2652 602 2724 qui
640 2660 741 2716 est,
780 2658 829 2704 et
863 2648 953 2718 qui
994 2646 1197 2701 ueniens
1219 2643 1288 2708 ",
1323 2642 1390 2696 de
1421 2641 1702 2696 Salvatore
1722 2639 1842 2696 sine
1866 2648 2087 2692 contru-

520 2739 699 2797 versia
730 2737 977 2808 loquens.

584 2921 812 2991 Quidam
849 2934 955 2974 non
984 2918 1051 2972 ad
1089 2915 1434 2972 sublimiores
1464 2922 1668 2989 portas,
1701 2912 1795 2968 sed
1848 2911 1915 2966 ad
1971 2926 2090 2965 eas.

518 3014 640 3070 dem
674 3026 796 3083 quae
822 3009 1115 3080 dupliciter
1139 3010 1281 3064 dicta
1329 3018 1484 3071 sunt,
1525 3008 1668 3063 dicta
1711 3005 1878 3061 fuisse
1910 3003 2086 3061 aiunt.

1070 3100 1267 3157 PSAL.
1316 3097 1528 3155 XXVII.

2186 2024 2296 2061 ται.
2336 2003 2505 2058 Τοῦτο
2531 2002 2588 2057 δὲ
2621 2000 2716 2055 καὶ
2746 1999 2965 2066 Κύριον
3001 1987 3373 2062 στρατιωτῶν
3408 1988 3459 2041 οἱ
3501 1982 3771 2054 Ἑϐδομή-

2187 2117 2347 2154 κοντα
2367 2098 2461 2154 καὶ
2476 2092 2900 2163 Παντοκράτωρ
2915 2092 2973 2144 ὲν
2992 2089 3108 2151 ταῖς
3124 2085 3366 2155 Γραφαῖς
3387 2077 3689 2153 ὲρμηνεύου
3697 2092 3772 2128 σι.

2186 2194 2297 2247 Καὶ
2331 2192 2393 2245 τὸ
2425 2189 2520 2245 νῦν
2559 2189 2666 2261 ἄρα
2709 2184 2918 2258 λεχθὲν,
2951 2178 3367 2252 παντοκράτορα
3398 2174 3489 2228 τὸν
3533 2170 3774 2243 Σωτῆρα

2187 2285 2354 2357 δηλοῖ.
2383 2284 2581 2349 Οὕτως
2606 2280 2769 2350 λέγει
2794 2280 3012 2347 Κύριος
3052 2270 3473 2340 παντοκράτωρ
3493 2283 3506 2297 ·
3551 2264 3775 2357 Ὀπίσω

2188 2355 2373 2443 δόξης
2410 2370 2730 2428 ἀπέστειλέ
2767 2387 2843 2442 με
2888 2369 3038 2438 πρὸς
3080 2364 3175 2421 σέ.
3224 2359 3626 2431 Παντοκράτωρ
3659 2355 3775 2425 γάρ

2187 2469 2264 2524 ὢν
2296 2469 2324 2521 6
2352 2467 2564 2538 Πατὴρ,
2593 2466 2683 2519 τὸν
2717 2464 2844 2518 Υίὸν
2872 2460 3158 2518 ἀπέστειλε
3189 2454 3622 2526 παντοκράτορα.
3656 2449 3775 2502 Καὶ

2202 2561 2454 2631 Ἰωάννης
2480 2559 2536 2612 δὲ
2560 2559 2619 2611 ὲν
2678 2559 2745 2629 τῇ
2780 2551 3161 2622 Ἀποκαλύψει,
3196 2548 3340 2605 Τάδε
3370 2544 3552 2614 λέγει,
3579 2539 3771 2631 φησιν,

2189 2656 2224 2707 ὁ
2251 2630 2485 2722 μάρτυς
2508 2653 2541 2704 ὁ
2569 2648 2786 2714 πιστὸς
2820 2647 2916 2701 καὶ
2957 2644 3265 2713 ἀληθινὸς,
3300 2643 3332 2695 ό
3366 2635 3445 2709 ἦν
3483 2634 3582 2688 καί
3617 2636 3650 2687 ὀ
3685 2630 3774 2683 ὢν

2190 2742 2290 2797 καὶ
2318 2745 2350 2795 ό
2374 2741 2723 2813 ἐρχόμενοςο
2759 2740 2887 2811 περὶ
2913 2737 3008 2792 τοῦ
3042 2734 3292 2805 Σωτῆρος
3324 2725 3774 2803 ὁμολογουμένως

2190 2833 2380 2889 εἰπών.

2263 2925 2373 2999 (60)
2407 2923 2563 2986 Τινὲς
2595 2921 2652 2974 δὲ
2682 2920 2742 2972 οὐ
2778 2917 2913 2989 πρὸς
2943 2914 3279 2988 ὑψηλοτέρας
3318 2913 3512 2979 πύλας,
3547 2911 3684 2985 πρὸς
3717 2912 3775 2965 δὲ

2192 3016 2290 3081 τὰς
2328 3015 2499 3079 αὑτάς
2530 3012 2601 3067 τὰ
2624 3010 2816 3075 διττῶς
2845 3009 3112 3082 εἰρημένα
3141 3008 3295 3078 φασί.

2821 3102 2989 3154 ΨΑΛ.
3024 3101 3151 3155 KZ'.

522 3196 587 3255 ν.
614 3198 665 3252 1.
694 3194 777 3287 4d
829 3202 900 3259 te,
941 3191 1182 3257 Domine,
1213 3192 1449 3246 clamabo
1472 3207 1491 3245 :
1535 3188 1676 3244 Deus
1702 3190 1797 3258 mi,
1838 3205 1901 3243 ne
1929 3187 2087 3243 sileas

2198 3197 2342 3269 Στίχ.
2386 3203 2455 3251 α’.
2499 3194 2655 3283 Πρὸς
2706 3192 2813 3287 σὲ,
2865 3190 3506 3287 ξύριεῗκκεκριιίςοίιαιςυ
3549 3191 3584 3243 ὁ
3628 3189 3771 3255 Θεός

1216 3280 1247 3315 α
1282 3278 1383 3315 me.

589 3357 648 3415 Si
680 3368 895 3414 terrena
930 3355 1107 3426 quisa
1141 3353 1252 3409 Deo
1288 3353 1542 3424 postulet,
1589 3352 1737 3407 brevi
1790 3352 1960 3407 utitur
1994 3367 2089 3405 vn-

518 3468 581 3509 ee
606 3469 623 3508 :
651 3460 709 3506 at
730 3451 777 3509 si
807 3448 1073 3511 caelestia,
1115 3446 1315 3501 clamat
1339 3456 1393 3499 et
1420 3443 1773 3500 vociferatur.
1807 3444 1989 3511 Quare
2038 3446 2091 3498 in

518 3542 847 3614 Scripturis,
884 3539 1058 3617 sancti
1090 3538 1155 3592 ad
1213 3537 1382 3592 Deum
1431 3536 1821 3592 clamaverunt.
1882 3534 2095 3589 Clamat

518 3650 649 3690 vero
666 3633 789 3704 quis
806 3632 1079 3702 ingressus
1105 3627 1531 3699 promptuarium
1552 3642 1730 3692 suum,
1759 3635 1816 3682 et
1837 3625 2095 3682 claudens

512 3728 757 3800 ianuam.
792 3724 906 3781 Non
941 3723 1066 3778 silet
1091 3731 1269 3784 autem
1302 3720 1504 3775 sanctis
1531 3718 1695 3774 Deus.
1744 3718 2094 3789 Loquebatur

519 3820 703 3885 itaque
736 3815 906 3886 Moysi
935 3823 989 3868 et
1020 3813 1226 3875 Aaron,
1263 3821 1317 3866 et
1351 3810 1477 3867 Jesu
1514 3810 1623 3866 ﬁlio
1659 3808 1829 3864 Nave.
1879 3809 2093 3881 Loque-

517 3909 682 3963 batur
712 3906 876 3959 etiam
927 3920 1022 3972 per
1067 3904 1383 3972 prophetas,
1434 3904 1655 3972 quando
1713 3912 1830 3957 erat
1863 3903 2094 3973 populus

519 3996 657 4067 ejus.
692 3993 823 4061 Quae
862 4008 1025 4062 porro
1070 3993 1308 4061 loquitur
1340 3992 1504 4057 Deus,
1535 4007 1641 4047 non
1674 4001 1899 4048 externa
1948 4001 2093 4060 sunt,

521 4089 615 4144 sed
649 4095 861 4151 sancta,
911 4099 1032 4154 quae
1081 4083 1133 4137 in
1162 4098 1259 4138 cor
1308 4091 1557 4136 nostrum
1593 4084 1914 4149 ascendunt,
1939 4081 2094 4153 juxta

521 4180 699 4237 illud:
746 4178 938 4233 Beatus
983 4179 1083 4245 vir,
1116 4176 1268 4246 cujus
1315 4183 1392 4228 est
1447 4174 1710 4227 auxilium
1764 4174 1909 4229 illius
1959 4185 2093 4242 ate,

522 4276 743 4331 Domine
765 4290 785 4329 :
814 4275 1144 4329 ascensiones
1176 4274 1230 4326 in
1251 4289 1341 4328 cor
1366 4272 1508 4330 illius
1530 4274 1595 4329 “.
1621 4272 1893 4330 Habemus
1915 4283 2094 4329 autem

528 4371 694 4425 alium
734 4370 973 4427 auditum
1006 4377 1062 4420 et
1094 4381 1313 4422 sensum
1348 4368 1612 4432 divinum,
1653 4368 1949 4421 secundum
1996 4366 2097 4422 Sa-

528 4462 827 4524 lomonem,
855 4461 1075 4515 verbum
1120 4459 1213 4514 Dei
1264 4461 1593 4523 audientem,
1623 4459 1833 4528 ipsique
1862 4459 2093 4513 unitum.

521 4554 597 4610 At
631 4553 719 4608 cui
748 4552 870 4607 silet
912 4554 1071 4617 Deus,
1101 4550 1431 4606 assimilatur
1459 4550 1888 4605 descendentibus
1934 4550 1986 4604 in
2011 4550 2093 4604 la-

521 4662 642 4699 cum
663 4643 731 4698 “.
765 4641 978 4696 Nullum
1008 4656 1243 4713 namque
1289 4650 1601 4696 sanctorum
1652 4640 1857 4696 scimus
1910 4640 2089 4696 lacum

519 4737 809 4794 eﬂ‘odisse:
842 4736 937 4801 sed
977 4745 1194 4805 puteum
1226 4732 1541 4800 eﬂ‘odiebat,
1589 4734 1682 4804 qui
1714 4748 1854 4803 aqua
1882 4732 2091 4805 indige-

517 4832 634 4888 bat.
662 4828 913 4898 Praecipit
933 4828 1094 4883 etiam
1122 4827 1376 4882 Salomon
1424 4826 1494 4882 de
1541 4826 1717 4897 puteis
1759 4825 1972 4882 bibere.
2024 4825 2092 4881 Et

518 4921 665 4978 Deus
696 4938 794 4992 per
822 4922 1139 4991 pr0phetam
1173 4920 1239 4974 de
1269 4919 1390 4974 lacu
1442 4919 1752 4976 bibentibus
1786 4918 2090 4984 minitatur,

519 5014 771 5084 inquiens
794 5027 811 5067 :
845 5013 933 5068 Me
954 5012 1341 5084 dereliquerunt
1365 5011 1560 5081 fontem
1582 5026 1732 5082 aqua:
1758 5010 1906 5075 vivis,
1939 5021 1985 5063 et
2009 5008 2089 5079 fo-

514 5108 709 5161 derunt
769 5107 869 5161 sibi
946 5107 1096 5160 lacus
1142 5104 1393 5158 contritas
1422 5102 1489 5156 “.
1534 5100 1879 5158 Descendunt
1926 5115 2090 5171 porro

519 5200 575 5256 in
606 5200 805 5264 lacum,
847 5201 937 5269 qui
990 5199 1215 5271 frigidas
1258 5199 1355 5252 bas
1402 5195 1710 5249 materiales
1741 5208 1829 5249 res
1861 5192 2091 5249 sollicite

519 5300 757 5348 curant:
791 5292 881 5344 ubi
905 5291 1071 5345 etiam
1099 5290 1377 5345 hominum
1405 5285 1656 5341 inimicus
1683 5285 1872 5351 draco,
1908 5284 2001 5355 qui
2035 5293 2090 5339 et

520 5381 753 5452 frigidus
781 5380 1086 5436 nominatus
1115 5391 1220 5445 εει,
1256 5378 1461 5435 incolit.
1492 5376 1756 5433 Omnibus
1783 5375 1929 5432 enim
1973 5376 2093 5430 ani-

522 5473 795 5528 mantibus
823 5486 943 5541 qua:
971 5483 1099 5529 sunt
1153 5474 1207 5528 in
1260 5480 1426 5536 terra,
1472 5471 1637 5527 draco
1684 5468 1933 5539 frigidior
1986 5477 2088 5523 est.

520 5564 697 5620 Omne
746 5563 910 5633 igitur
963 5574 1247 5633 peccatum
1290 5563 1547 5634 frigidum
1579 5570 1699 5628 est;
1729 5562 1923 5627 divina:
1962 5575 2094 5622 vero,

2435 3258 2562 3337 μου
2582 3258 2667 3335 μὴ
2703 3258 3185 3332 παρασιωπήσῃς
3218 3258 3327 3315 ἀπ’
3363 3258 3528 3329 ἐμοῦ.

2263 3359 2326 3412 El
2364 3358 2463 3430 μὲν
2508 3357 2727 3425 ὲπίγειά
2764 3373 2847 3419 τις
2890 3356 3122 3409 αἰτεῖται
3156 3352 3306 3425 παρὰ
3346 3352 3500 3417 Θεοῦ,
3538 3351 3777 3424 βραχείᾳ

2192 3452 2389 3523 χρῆται
2440 3452 2625 3521 φωνῇ-
2660 3448 2796 3502 εἰδὲ
2848 3447 2917 3501 τά
2960 3447 3288 3519 ἐπουράνια,
3332 3443 3525 3517 κράζει
3571 3463 3631 3498 τε
3679 3445 3776 3499 καὶ

2197 3543 2315 3615 βοᾷ.
2345 3544 2503 3597 Ὅθεν
2551 3545 2607 3596 ὲν
2645 3544 2763 3605 ταῖς
2794 3541 3037 3613 Γραφαῖς
3069 3541 3119 3594 οἱ
3154 3540 3299 3607 ἆγιοι
3336 3540 3472 3611 πρὸς
3512 3538 3603 3593 τὸν
3642 3538 3777 3593 Θεὸν

2193 3632 2515 3706 ὲκὲκραξαν.
2559 3632 2767 3705 Κράζει
2812 3631 2868 3685 δέ
2904 3648 2988 3694 τις
3028 3628 3286 3683 εἰσελθὼν
3319 3632 3398 3693 εἰς
3439 3629 3500 3682 τὸ
3530 3632 3775 3699 ταμιεῖον

2195 3722 2422 3789 ἑαυτοῦ,
2466 3724 2559 3778 καὶ
2600 3723 2818 3787 κλείσας
2861 3721 2959 3793 τὴν
2998 3720 3187 3793 θύραν.
3228 3721 3303 3775 Οὐ
3351 3722 3686 3793 παρασιωπᾷ
3718 3720 3774 3773 δὲ

2193 3821 2307 3883 τοῖς
2339 3819 2515 3888 ἁγίοις
2552 3819 2582 3871 6
2613 3818 2761 3882 Θεός.
2808 3817 3016 3872 Ἐλάλει
3062 3815 3192 3886 γοῦν
3230 3817 3403 3888 Μωσῇ
3424 3858 3438 3881 ,
3485 3817 3580 3871 καὶ
3642 3818 3765 3873 ’Δα-

2198 3912 2327 3985 ρὼν,
2370 3912 2467 3966 καὶ
2499 3911 2674 3982 Ἰησοῦ
2706 3910 2786 3981 τῷ
2816 3911 2909 3964 τοῦ
2943 3911 3120 3982 Ναυῆ.
3162 3910 3379 3967 Ἐλάλει
3402 3910 3500 3964 καὶ
3527 3910 3615 3964 διὰ
3644 3924 3779 3978 προ-

2197 4001 2404 4073 φητῶν,
2446 4001 2613 4073 ἡνίκα
2638 3997 2706 4072 ἦν
2752 4002 2781 4053 6
2813 4001 2942 4065 λαὸς
2974 4000 3157 4055 αὑτοῦ.
3183 4002 3251 4055 Ἀ
3295 4002 3351 4055 δὲ
3385 4001 3536 4056 λαλεῖ
3559 4004 3588 4056 6
3610 4001 3772 4069 Θεὸς,

2197 4093 2297 4147 οὐκ
2322 4090 2522 4158 ἔξωθέν
2551 4094 2718 4158 ἐστιν,
2745 4092 2881 4147 ἀλλὰ
2908 4092 2978 4146 τά
3010 4093 3163 4162 ἆγια,
3196 4092 3267 4146 τά
3298 4092 3391 4147 ἐπὶ
3415 4094 3514 4165 τὴν
3547 4092 3772 4165 καρδίαν

2195 4183 2354 4257 ἡμῶν
2398 4181 2774 4248 ἀναϐαίνοντα,
2816 4182 2958 4237 κατὰ
2998 4184 3092 4237 τόδ
3142 4181 3445 4252 Μακάριος
3494 4181 3673 4252 ἀνὴρ,
3702 4180 3771 4235 οὗ

2194 4275 2367 4330 ἐστιν
2417 4275 2741 4343 ἀντίληψις
2776 4274 2963 4329 αὐτοῦ
3008 4274 3168 4345 παρὰ
3216 4274 3354 4339 σοῦ,
3386 4276 3589 4343 Κύριε·
3633 4274 3764 4331 ἀνα·

2195 4366 2400 4434 ϐάσεις
2445 4370 2533 4434 είς
2573 4366 2688 4437 τὴν
2719 4367 2972 4437 καρδίαν
3013 4367 3219 4423 αὐτοῦ.
3250 4368 3486 4439 Ἐχομεν
3515 4367 3571 4421 δὲ
3608 4367 3773 4437 άλλη»

2193 4458 2361 4531 ἀκοὴν
2386 4460 2481 4513 καὶ
2519 4458 2671 4513 Θείαν
2699 4459 2950 4533 αἴσθησιν
2969 4500 2984 4525 ,
3028 4458 3166 4514 κατά
3212 4459 3532 4531 Σολομῶντα
3551 4501 3566 4527 ,
3614 4460 3760 4529 λόγοι

2192 4548 2328 4603 Θεοῦ
2356 4548 2679 4615 ἀκούουσαν,
2719 4551 3003 4622 ἡνωμένην
3046 4548 3213 4620 αὐτῷ.
3240 4543 3309 4622 Ὦ
3352 4551 3413 4603 δὲ
3443 4554 3773 4625 παρασιωπᾷ

2195 4640 2346 4706 Θεὸς,
2385 4641 2686 4711 ὁμοιοῦται
2720 4641 2847 4709 τοῖς
2889 4642 3357 4699 καταϐαίνουσιν
3388 4645 3477 4710 εἰς
3517 4642 3773 4699 λάκκον.

2195 4737 2398 4792 οὖδένα
2445 4736 2554 4808 γάρ
2613 4735 2721 4791 τῶν
2770 4736 2941 4805 ἁγίων
2993 4734 3151 4807 ἴσμεν
3215 4734 3415 4790 λάκκον
3468 4735 3773 4807 ὀρύξαντω

2196 4831 2374 4902 φρέαρ
2418 4830 2475 4882 δὲ
2520 4827 2758 4901 ὤρυττεν
2789 4828 2818 4880 ὁ
2865 4826 3115 4899 δεόμενος
3169 4827 3381 4892 ὓδατος.
3442 4829 3775 4883 Ἐντέλλεται

2196 4924 2292 4977 καὶ
2327 4926 2355 4977 6
2385 4922 2635 4993 Σολομῶν
2666 4921 2777 4976 ἀπὸ
2805 4922 3056 4993 φρεάτων
3084 4920 3277 4975 πίνειν.
3312 4920 3445 4985 Θεὸς
3471 4922 3527 4975 δὲ
3565 4921 3655 4976 διὰ
3680 4923 3775 4977 τοῦ

2194 5016 2477 5089 προφήτου
2503 5017 2614 5079 τοῖς
2657 5016 2723 5067 ὲκ
2750 5012 2968 5067 λάκκων
2999 5012 3244 5068 πίνουσιν
3281 5012 3523 5077 ἀπειλεῖ,
3559 5013 3738 5083 λέγων
3759 5033 3775 5048 ·

2209 5105 2342 5176 Ἐμὲ
2404 5104 2798 5175 ἐγκατέλιπον
2838 5102 3043 5172 πηγὴν
3103 5102 3323 5170 ὓδατος
3381 5102 3617 5170 ζῶντος,
3675 5106 3775 5161 καὶ

2195 5200 2435 5272 ὤρυξαν
2466 5200 2701 5267 ἑαυτοῖς
2741 5199 3012 5265 λάκκους
3058 5200 3621 5270 συντετριμμένους.
3662 5203 3753 5257 Κα

2195 5293 2507 5348 ταϐαίνουσι
2543 5292 2601 5347 δὲ
2637 5293 2718 5355 είς
2752 5290 2954 5345 λάκκον
2985 5293 3035 5345 οἱ
3066 5290 3136 5344 τά
3165 5289 3348 5361 ψυχρὰ
3387 5290 3487 5361 τῆς
3517 5290 3651 5363 ὕλης
3682 5310 3768 5347 πε

2203 5384 2478 5456 ριὲποντες
2518 5382 2845 5454 πράγματα·
2875 5380 3004 5436 ἔνθα
3028 5384 3125 5436 καὶ
3155 5380 3261 5435 τῶν
3285 5378 3590 5452 ἀνθρώπων
3614 5384 3644 5436 6
3677 5400 3774 5436 πο-

2198 5476 2383 5547 λέμιος
2415 5476 2651 5549 δράκων,
2676 5474 2736 5538 ὃς
2764 5474 2859 5529 καὶ
2893 5474 3099 5546 ψυχρὸς
3131 5472 3474 5544 ὠνόμασται,
3503 5478 3776 5533 κατοικεῖ.

2197 5568 2420 5638 Πάντων
2450 5570 2559 5641 γὰρ
2592 5566 2766 5635 ζώων,
2806 5566 2913 5621 τῶν
2944 5567 3038 5620 ἐπὶ
3074 5565 3211 5636 γῆς,
3245 5565 3275 5619 6
3314 5564 3531 5637 δράκων
3562 5566 3771 5640 ψυχρό-

567 5703 613 5735 δο
644 5702 816 5756 Exod.
847 5718 1043 5775 suam,
1074 5704 1165 5757 20.
1212 5704 1281 5775 7“
1317 5703 1505 5763 Matth.
1542 5718 1693 5770 xvm,
1721 5703 1809 5759 10.
1883 5703 1930 5739 ⁸³
1953 5700 2087 5758 Zacb

2198 5705 2296 5772 ,8.
2362 5704 2602 5775 -“Apoc.
2628 5704 2821 5773 111,“.
2895 5701 3352 5771 “Psal.uxsm,
3378 5700 3432 5757 6.
3508 5700 3772 5759 “Psalm.

524 5787 689 5838 xxvn,
724 5783 777 5830 t.
851 5769 899 5804 “
924 5773 1037 5827 Jer.
1079 5788 1138 5837 ιι,
1176 5774 1261 5827 t5.

592 5843 703 5909 (58)
730 5841 1079 5898 Confertom.
1120 5842 1206 5896 XII
1240 5844 1367 5902 ibid.

593 5913 706 5984 (39)
734 5912 969 5987 Didymi,
1003 5912 1271 5984 Origeuis.

2270 5843 2381 5917 ((ῖῦ)
2414 5843 2658 5915 Origen.,
2690 5841 3250 5908 Euscb.,Theodor_ct.
