4012 6340
261 428 352 486 H7

1434 427 1805 493 EXCERPTA
1839 425 1906 482 ΙΝ
1946 423 2285 481 PSALMOS.

3418 426 3527 480 H8

225 547 423 622 τερος.
470 555 637 610 Πᾶσα
680 550 773 610 οὖν
816 554 1055 626 ἁμαρτία
1097 555 1304 628 ψυχρά·
1362 553 1429 606 τὰ
1475 552 1532 606 δὲ
1579 553 1728 614 θεῖα,
1775 550 1826 603 ὼε

1955 563 2062 612 res,
2091 557 2148 601 ut
2174 563 2272 617 par
2293 555 2397 609 est,
2435 544 2621 598 οιιιίιιιε
2649 552 2795 599 sunt.
2832 545 2936 611 Qui
2985 543 3111 613 facit
3153 543 3367 614 angelos
3401 559 3524 596 suos

259 643 413 710 ἱοικε,
447 647 650 718 θερμά.
692 648 744 699 '0
773 646 953 701 ποιῶν
974 647 1118 713 τοὺς
1143 645 1438 716 ἀγγέλους
1467 642 1655 698 αὐτοῦ
1676 642 1848 695 πνεύ-

253 750 437 804 ματα,
469 739 568 791 καὶ
602 738 744 804 τοὺς
773 738 1155 806 λειτουργοὺς
1188 735 1375 792 αὑτοῦ
1407 735 1599 805 :tvpdc
1626 735 1842 804 φλόγα.

255 824 528 896 Καὶ,πῦρ
583 823 776 898 ἦλθον
803 827 1023 894 ,βαλεῖν
1074 828 1175 882 ἐπὶ
1219 827 1336 896 τὴν
1395 827 1548 897 γῆν·
1584 827 1715 890 καὶ,
1764 825 1846 892 τῷ

255 919 547 988 πνεύματι
593 917 844 987 ζέοντες.
877 922 998 975 Ὅτι
1036 921 1094 974 δὲ
1120 922 1170 974 οἱ
1201 920 1514 992 ἁμαρτωλοὶ
1540 919 1692 991 παρὰ
1719 919 1846 972 λάκ-

255 1026 366 1073 κοις
395 1011 556 1076 εἰσὶν,
579 1013 637 1064 ὲν
665 1015 732 1083 τῇ
771 1012 967 1084 Ἐξόόῳ
1012 1013 1206 1084 φησίνο
1239 1012 1603 1067 Ἀπέκτεινεν
1630 1016 1662 1067 ό
1699 1012 1842 1078 Θεὸς

252 1100 369 1158 ἀατό
406 1102 732 1171 προσώπου
762 1103 993 1174 Φαραὼ,
1037 1104 1105 1170 ὃς
1137 1103 1382 1172 κάθηται
1422 1103 1521 1158 ἐπὶ
1565 1103 1671 1158 τοῦ
1709 1106 1840 1172 θρό-

251 1209 383 1257 νου,
417 1193 530 1260 ἕως
560 1196 934 1262 πρωτοτόκου
967 1194 1079 1264 τῆς
1110 1197 1576 1267 αἰχμαλωτίδος,
1621 1195 1728 1264 τῆς
1770 1197 1840 1249 ἐν

253 1282 476 1348 λάκκῳ.
523 1285 709 1350 Οὕτως
742 1289 790 1340 οἱ
835 1287 1251 1351 καταϐαίνοντες
1284 1291 1364 1351 εἰς
1411 1289 1611 1343 λάκκον
1656 1289 1836 1360 ἁμαρ-

250 1377 408 1431 τωλοί
442 1381 580 1433 εἰσιν
615 1381 711 1433 καὶ
745 1381 1096 1451 αἰχμάλωτοι.
1136 1381 1272 1435 Ἀλλ’
1298 1385 1325 1436 ὁ
1351 1382 1554 1451 ἀγαθὸς
1581 1383 1713 1447 Θεὸς
1744 1384 1839 1438 καὶ

251 1469 470 1534 τούτους
530 1471 713 1537 καλεῖ,
767 1474 860 1526 καὶ
905 1473 1116 1527 δίδωσιν
1173 1474 1385 1542 ἄφεσιν.
1425 1475 1668 1544 Πνεῦμα
1726 1476 1836 1544 γὰρ

249 1563 473 1630 Κυρίου
504 1565 598 1618 ἐπ’
633 1565 758 1634 ἐμὲ,
790 1561 861 1622 οὗ
909 1566 1118 1620 ἕνεκεν
1165 1565 1374 1635 ἔχριονέ
1410 1583 1488 1636 με
1527 1569 1835 1637 sitan-3.1L

250 1658 472 1709 σασθαι
510 1659 786 1726 πτωχοῖς.
836 1658 1201 1713 Ἀπέσταλκέ
1219 1676 1297 1729 με
1327 1658 1582 1728 κηρύξαι
1623 1662 1833 1730 αἰχμα-

249 1744 463 1814 ⁸ιώτοις
497 1747 737 1816 ἄφεσιν,
769 1749 868 1803 καὶ
913 1750 1164 1819 τυφλοῖς
1197 1750 1553 1819 ἀνάϐλεψιν.

250 1835 396 1908 Στίχ.
425 1837 492 1907 β’.
520 1839 924 1903 Είσὰκουονον,
960 1842 1157 1907 Κύριε,
1187 1841 1298 1910 τῆς
1324 1860 1454 1911 ρων
1467 1841 1532 1908 ’ς
1560 1840 1670 1909 τῆς
1699 1842 1836 1911 δεή-

422 1907 578 1966 σεώς
601 1926 739 1966 μου.
777 1910 845 1962 ἐν
879 1910 958 1966 τῶ
995 1911 1239 1966 δέεσθαι
1283 1929 1353 1966 ue
1384 1861 1532 1966 ποτίζει
1569 1912 1662 1966 σέ.

422 1907 578 1974 σεώς
598 1926 739 1978 μου,
777 1910 845 1962 ὲν
879 1910 958 1976 τῷ
995 1907 1353 1981 δέεσθαι
1384 1907 1532 1981 πρὸς
1569 1907 1662 1967 σέζ
1795 1907 1804 1911 ’
1870 1927 1913 1980 Β

318 1997 434 2069 (6|)
461 1993 557 2062 Οἷς
582 1999 662 2052 ἔτι
694 2000 830 2054 ἐνδεῖ
859 2017 999 2065 τινα,
1024 2003 1226 2058 τούτων
1255 2005 1401 2058 ἐστὶν
1427 2005 1461 2076 ἡ
1486 2005 1686 2075 δέησις.
1712 2004 1839 2057 "Ure

241 2089 328 2154 δὲ,
352 2091 416 2142 τὸ
443 2089 661 2162 ἀξίωμα
690 2092 782 2146 τοῦ
812 2093 949 2148 Θεοῦ
981 2098 1202 2168 νοήσας,
1238 2096 1375 2150 αἰτῶ
1407 2116 1458 2151 τι
1500 2096 1651 2169 παρὰ
1681 2095 1836 2161 Θεοῦ,

240 2180 374 2234 τότε
405 2183 794 2255 προσεύχομαι.
825 2187 951 2240 Ὅτε
977 2188 1033 2241 δὲ
1059 2189 1209 2258 φίλος
1243 2189 1336 2242 ἐπὶ
1383 2189 1544 2242 πλέον
1573 2189 1834 2259 γένωμαι,

245 2273 375 2326 τότε
405 2275 707 2347 εὐχαριστῶ
739 2277 813 2348 τῷ
847 2278 983 2350 Θεῷ.
1021 2281 1174 2333 Ἐπεὶ
1205 2283 1296 2335 καὶ
1325 2281 1556 2345 Παῦλος,
1590 2281 1698 2335 ἀπὸ
1729 2279 1836 2334 τῶν

238 2364 488 2435 ἡττόνων
517 2368 606 2421 ἐπὶ
635 2368 700 2422 τὰ
731 2371 901 2440 μείζω
933 2373 1264 2440 προϐαίνων,
1299 2374 1432 2444 φησί
1452 2392 1465 2404 ·
1495 2369 1832 2441 Παρακαλῶ

237 2455 480 2524 πρῶτον
519 2459 757 2515 πάντων
806 2464 1103 2520 ποιεῖσθαι
1155 2465 1416 2534 δεήσεις,
1452 2463 1827 2536 προσευχὰς,

237 2545 562 2616 ἐντεύξεις,
593 2553 1000 2621 εὐχαριστίας.

238 2635 387 2708 Στίχ.
419 2639 484 2709 β’.
535 2641 629 2695 Ἐν
656 2642 736 2708 τῷ
768 2645 959 2713 αἴρειν
989 2661 1066 2714 με
1114 2643 1317 2713 χεῖράς
1343 2662 1462 2714 μου
1495 2643 1645 2712 πρὸς
1680 2646 1829 2701 ναὸν

867 2715 1039 2785 ἅγιόν
1071 2731 1206 2770 σου.

321 2797 710 2871 Ἐπαιρόμεναι
745 2807 925 2877 χεῖρες
965 2804 1102 2876 πρὸς
1148 2803 1373 2874 πράξεις
1421 2803 1717 2870 θεοσεϐεῖς,
1771 2808 1827 2861 ὲν

234 2889 453 2962 οὐρανῷ
509 2893 968 2969 θησαυριζόμεναί
1029 2899 1270 2962 εἱσι·,δι’
1301 2892 1377 2952 ὧν
1426 2900 1552 2970 νικᾷ
1598 2917 1681 2962 τις
1736 2900 1827 2954 τὸν

235 2983 428 3054 νοητὸν
466 2986 744 3060 ’Λμαλήκο
810 2989 887 3055 ὡς
929 2993 957 3045 ὁ
1001 2993 1236 3064 Μωσῆς,
1282 2993 1443 3064 ἡνίκα
1492 2993 1590 3057 τὰς
1640 2997 1825 3065 χεῖρας

233 3072 523 3146 ἀνέφερεν,
555 3079 584 3130 ὁ
611 3080 739 3144 λαὸς
771 3081 928 3136 ἐνίκα
949 3098 962 3112 ·
988 3084 1076 3136 ὅτε
1111 3083 1167 3136 δὲ
1198 3083 1468 3147 κατέσπα,
1498 3085 1526 3136 ὁ
1559 3084 1821 3156 Ἀμαλήκ.

233 3166 328 3238 Μὴ
374 3170 798 3243 κατενέγκωμεν
842 3170 934 3229 οὖν
979 3176 1080 3240 τὰς
1114 3179 1322 3248 χεῖρας,
1363 3177 1486 3229 ἐπεὶ
1533 3175 1822 3249 νικηθησό-

238 3259 400 3329 μεθα.

234 3349 384 3422 Στῐχ.
406 3351 470 3404 ε’.
501 3351 622 3429 Ὅτι
643 3352 722 3429 *οὐ
751 3351 1142 3429 συνῆκανῌεις
1171 3355 1242 3409 τὰ
1271 3356 1414 3429 gora
1451 3359 1557 3413 τοῦ
1580 3361 1820 3429 Κυρίου,

479 3421 578 3476 καὶ
607 3423 694 3488 εὶς
721 3421 793 3475 τὰ
821 3421 964 3492 ἔργα
989 3423 1108 3478 τῶν
1134 3421 1359 3494 χειρῶν
1377 3429 1586 3484 αὐτοῦ.

306 3512 498 3576 Οὐδεὶς
525 3513 634 3584 γὰρ
657 3512 962 3585 ἄμεμπτος,
1002 3516 1062 3568 οὺ
1092 3519 1290 3588 νοήσας
1319 3520 1389 3574 τὰ
1424 3519 1560 3591 ἔργα
1595 3522 1821 3592 Κυρίου.

237 3605 493 3675 Ποίησιν
523 3607 634 3676 γὰρ
688 3605 900 3676 χειρῶν
951 3607 1140 3662 αὐτοῦ
1189 3611 1546 3681 (tuane/Latet
1574 3613 1641 3666 τὸ
1689 3631 1825 3668 στε-

230 3698 447 3769 ρέωμα.
497 3698 690 3752 Δίδωσι
737 3699 846 3771 γὰρ
888 3699 1168 3768 ἀναλόγως
1203 3702 1263 3754 τὸ
1307 3703 1505 3756 τούτου
1551 3704 1823 3778 θεωρῆσαι

239 3792 596 3863 Δημιουργόν.

445 3885 594 3956 Στίχ.
624 3884 690 3950 ζ’.
724 3883 833 3938 Καὶ
865 3883 1162 3940 ἀνέθαλεν
1202 3886 1241 3954 ἡ
1272 3886 1432 3955 σάρξ
1465 3907 1606 3958 μου.

303 3977 436 4029 Ποία
468 3978 527 4031 δὲ
572 3977 708 4048 σὰρξ
750 3977 1041 4042 ἁνέθαλεν;
1075 3979 1316 4046 Ὄψεται
1349 3980 1519 4035 πᾶσα
1563 3984 1722 4052 σὰρξ
1756 3987 1821 4040 τὸ

237 4067 532 4138 σωτήριον
557 4070 662 4124 τοῦ
700 4069 868 4125 Θεοῦ.

851 4163 1016 4217 ΨΑΛ.
1056 4163 1194 4231 Δεῖν.

301 4250 478 4328 Σλιιίχ.Δ
499 4258 606 4328 α’ἔυ
630 4251 728 4328 Μὴ
781 4251 1122 4328 πᾳραζήλοῌυ
1175 4255 1244 4308 ἐν
1280 4257 1814 4328 πονηρευομένοις,

355 4320 517 4392 pace
545 4320 727 4388 (tum;
757 4323 900 4390 τοὺς
923 4323 1247 4390 ποιοῦντας
1272 4325 1386 4393 τὴν
1411 4320 1683 4397 ἆνομῖαν.

300 4413 556 4486 Διαφέρει
584 4414 646 4467 τὸ
675 4414 871 4486 ζηλοῦν
899 4416 994 4468 καὶ
1028 4415 1394 4487 παραζηλοῦν.
1426 4417 1815 4488 Παραζηλοῦν

237 4505 332 4576 μὲν
362 4507 470 4580 γὰρ
500 4507 719 4576 λέγεται
762 4507 824 4561 τὸ
865 4507 1154 4580 ἐρεθίζειν,
1193 4509 1286 4562 καὶ
1324 4513 1495 4563 κινεῖν
1531 4512 1611 4575 είς
1650 4512 1810 4584 ζηλο-

1951 642 2188 710 spiritus,
2233 651 2281 693 et
2324 639 2744 705 ministros,suos
2777 640 2906 708 ignis
2945 639 3212 707 ﬂammam
3245 637 3312 691 ⁸⁷.
3350 637 3524 706 Ettig-

1954 749 2068 786 nem
2109 733 2221 786 veni
2237 733 2414 802 jacere
2439 733 2492 783 in
2520 742 2712 783 terram
2730 729 2796 783 “.
2829 729 2909 793 Et,
2939 732 3127 799 spiritu
3156 730 3410 799 ferventes
3453 726 3520 782 δ’.

1951 825 2104 893 Quod
2146 835 2325 881 autem
2360 835 2679 890 peccatores
2706 823 2845 890 apud
2876 823 3023 876 lacus
3057 823 3185 889 sint,
3241 822 3294 875 in
3333 819 3523 874 Exodo

1953 916 2084 971 dicit
2115 935 2128 970 :
2173 915 2376 970 Occidit
2404 915 2544 969 Deus
2582 932 2614 967 a
2643 914 2779 983 facie
2811 912 3141 978 Pharaonis,
3172 913 3259 985 qui
3287 913 3428 968 sedet
3467 915 3523 965 in

1950 1009 2157 1072 throno,
2193 1027 2356 1080 usque
2387 1011 2456 1062 ad
2486 1010 2892 1079 primogenitum
2926 1008 3162 1075 captiva',
3182 1023 3296 1076 qua:
3327 1015 3438 1059 erat
3465 1007 3522 1058 in

1946 1101 2154 1157 lucu".
2183 1102 2274 1158 Sic
2323 1103 2414 1173 qui
2467 1103 2798 1159 descendunt
2844 1099 2897 1152 in
2947 1099 3149 1165 lacum,
3209 1109 3522 1169 peccatores

1946 1206 2070 1250 sunt
2103 1205 2159 1251 et
2185 1197 2408 1266 captivi.
2436 1194 2540 1250 Sed
2569 1195 2744 1252 bonus
2775 1197 2918 1252 Deus
2952 1193 3052 1248 hos
3087 1206 3301 1262 quoque
3340 1200 3519 1256 vocat,

1944 1289 2130 1359 eisque
2157 1291 2372 1344 veniam
2402 1289 2666 1359 indulget.
2698 1290 2930 1359 Spiritus
2959 1288 3096 1342 enim
3131 1284 3348 1339 Domini
3370 1299 3523 1350 super

1942 1398 2042 1444 me,
2081 1382 2232 1453 cujus
2274 1399 2437 1436 causa
2469 1385 2618 1438 unxit
2674 1400 2752 1437 me
2782 1380 3141 1451 euangelizare
3181 1376 3518 1447 pauperibus.

1947 1472 2095 1527 Misit
2122 1490 2202 1528 me
2223 1475 2516 1544 pra'dicare
2541 1476 2757 1543 captivis
2782 1473 3163 1537 dimissionem,
3196 1481 3246 1524 et
3273 1469 3426 1523 ca'cis
3450 1469 3522 1521 vi-

1942 1578 2055 1615 sum
2077 1562 2142 1616 ⁸¹.
3450 1569 3461 1579 “

1942 1829 2005 1887 ν.
2037 1831 2092 1887 2.
2122 1830 2360 1898 Exaudi,
2395 1833 2633 1898 Domine,
2666 1851 2837 1890 vocem
2887 1834 3142 1888 orationis
3186 1849 3339 1899 mete,
3387 1832 3516 1884 dum

2521 1921 2614 1958 eao
2642 1921 2734 1958 oro
2762 1906 2828 1958 ad
2855 1915 2926 1958 te.

2521 1921 2614 1974 ego
2642 1921 2734 1959 oro
2762 1915 2828 1958 ad
2855 1915 2926 1960 te.

2017 1994 2223 2062 Quibus
2249 1995 2428 2051 adhuc
2454 1995 2730 2066 quidpiam
2755 1997 2927 2061 deest,
2970 1998 3163 2052 horum
3195 2009 3282 2053 est
3313 1997 3508 2052 oratio.

1947 2083 2078 2139 Cum
2120 2099 2250 2140 vero
2283 2085 2376 2139 Dei
2407 2087 2745 2153 maiestatem
2789 2087 3120 2156 recogitans,
3171 2087 3386 2156 postulo
3415 2086 3515 2140 ali-

1945 2177 2071 2247 quid
2099 2192 2130 2230 a
2159 2177 2292 2242 Deo,
2335 2185 2462 2231 tunc
2510 2177 2792 2247 deprecor.
2833 2177 3056 2244 Quando
3113 2179 3283 2247 magis
3317 2177 3516 2248 magis-

1942 2282 2048 2338 que
2075 2269 2284 2324 amicus
2313 2267 2385 2324 llo
2409 2307 2425 2332 ,
2465 2276 2592 2323 tunc
2623 2268 2828 2337 gratias
2859 2283 2960 2339 ago
2991 2267 3121 2322 Deo.
3174 2269 3310 2335 Quia
3349 2270 3513 2323 etiam

1940 2357 2135 2415 Paulus
2166 2374 2194 2412 a
2234 2359 2536 2415 minoribus
2558 2359 2624 2414 ad
2651 2359 2855 2428 majora
2883 2361 3204 2428 procedens,
3237 2360 3344 2414 ait:
3370 2359 3512 2412 "or-

1939 2461 2022 2505 tor
2051 2451 2279 2518 primum
2310 2452 2544 2504 omnium
2591 2451 2712 2519 ﬁeri
2765 2451 3054 2518 orationes,
3102 2450 3514 2519 deprecationes,

1934 2541 2371 2612 supplicationes,
2395 2542 2694 2612 gratiarum
2717 2545 2948 2597 actiones
2984 2543 3049 2597 ⁸³.

1936 2636 2001 2691 γ.
2038 2635 2094 2689 2.
2131 2633 2268 2687 Dum
2296 2633 2423 2688 tollo
2450 2651 2652 2758 manus!
2675 2651 2821 2688 meas
2863 2635 2933 2688 ad
2976 2635 3230 2704 templum
3271 2645 3514 2689 sanctum

2661 2721 2802 2758 uum.

2661 2721 2802 2759 uum.

2006 2794 2246 2850 Sublata
2280 2811 2472 2850 manus
2499 2798 2566 2851 ad
2594 2797 2841 2851 actiones
2871 2797 3174 2868 religiosas,
3211 2800 3263 2852 in
3290 2800 3512 2854 thesau-

1933 2887 2009 2943 ris
2034 2888 2345 2944 ctelestibus
2401 2889 2693 2945 reconditae
2741 2899 2905 2956 sunt;
2962 2906 3058 2960 per
3107 2907 3244 2960 quas
3290 2901 3512 2962 superat

1931 2983 2052 3053 quis
2091 2982 2512 3038 intellectualem
2551 2983 2812 3038 Amalec:
2847 2985 2988 3038 sicut
3024 2982 3252 3054 Moyses,
3292 2985 3512 3055 quando

1931 3089 2123 3130 manus
2153 3073 2496 3142 sustollebat,
2522 3073 2774 3130 vincebat
2808 3077 3040 3146 populus
3069 3096 3084 3143 ;
3126 3079 3341 3146 quando
3377 3093 3508 3133 vero

1931 3166 2264 3232 dimittebat,
2302 3166 2639 3223 Amalecitre.
2691 3166 2766 3222 t\'e
2811 3169 3150 3224 dimittamus
3193 3171 3361 3240 igitur
3393 3186 3508 3224 ma-

1853 3275 1896 3333 c
1932 3277 2052 3324 nus,
2088 3261 2212 3331 quia
2248 3260 2553 3316 vincemur.

1937 3351 1992 3410 V.
2021 3352 2074 3407 5.
2109 3351 2382 3435 Quoniam
2419 3369 2525 3435 non
2553 3353 2924 3408 intellexerunt
2958 3357 3020 3435 in_
3061 3333 3221 3422 opera
3265 3353 3504 3420 Domini,

2337 3434 2385 3478 et
2418 3428 2473 3476 in
2500 3440 2658 3492 opera
2687 3440 2940 3478 manuum
2967 3428 3102 3486 eius.

1999 3515 2168 3570 Nemo
2192 3516 2335 3570 enim
2366 3516 2696 3585 inculpatus,
2733 3518 2824 3584 qui
2861 3531 2964 3570 non
3004 3517 3311 3570 considerat
3339 3530 3505 3584 opera

1931 3607 2166 3663 Domini.
2206 3607 2350 3673 Opus
2391 3610 2530 3662 enim
2557 3625 2811 3662 manuum
2844 3607 2958 3676 ejus
2996 3608 3280 3660 annuntiat
3315 3609 3503 3675 ﬁrma-

1931 3709 2163 3754 mentum
2192 3701 2264 3752 ⁵³.
2303 3700 2517 3753 Tribuit
2546 3699 2690 3753 enim
2721 3707 2778 3752 ut
2823 3713 2945 3752 cum
2971 3697 3323 3768 proportione
3371 3715 3504 3755 con-

1933 3791 2218 3860 templemu
2229 3807 2252 3843 r
2267 3793 2385 3861 ejus
2401 3790 2768 3844 Conditorem.

2308 3881 2366 3936 ν.
2397 3883 2450 3935 7.
2483 3881 2548 3935 Et
2575 3883 2810 3952 reﬂoruit
2843 3899 2966 3938 caro
2997 3900 3134 3938 mea.

1907 3985 1911 3990 ·
1999 3974 2254 4038 Quaenam
2286 3989 2416 4029 vero
2447 3989 2574 4029 caro
2609 3974 2893 4030 reﬂoruit?
2941 3975 3146 4031 Videbit
3176 3979 3342 4032 omnis
3377 3994 3500 4032 caro

1927 4068 2157 4122 salutare
2185 4065 2280 4121 Dei
2306 4067 2370 4120 “.

2479 4159 2673 4215 PSAL.
2709 4159 2950 4217 XXXVI.

1927 4249 1988 4306 ν.
2015 4251 2065 4305 1.
2095 4250 2179 4306 Ne
2208 4250 2485 4332 exstimulat
2511 4253 2568 4304 in
2595 4249 3031 4332 malignantibus,
3062 4265 3225 4319 neque
3263 4249 3377 4304 zela
3408 4252 3496 4319 [a-

2411 4332 2603 4376 etentes
2653 4332 3000 4390 tutquttatem.

1991 4414 2256 4471 Dill‘erunt
2281 4414 2462 4472 zelare
2483 4422 2540 4469 et
2556 4413 2934 4470 exstimulare.
2976 4412 3332 4470 Exstimulare
3350 4416 3496 4471 enim

1921 4512 2144 4579 perinde
2171 4518 2257 4566 est
2285 4521 2450 4578 atque
2474 4509 2714 4572 irritare,
2736 4517 2793 4562 et
2815 4523 3032 4564 movere
3059 4509 3127 4564 ad
3149 4510 3494 4580 zelotypiam,

233 4599 446 4664 τυπὲαν,
484 4599 670 4653 ὁποῖον
703 4599 764 4653 τό
784 4617 800 4632 ’
837 4601 1017 4655 Αὐτοὶ
1061 4601 1488 4669 παρεζήλωονάν
1510 4621 1587 4674 με
1615 4604 1710 4658 ἐπ’
1739 4608 1810 4660 οὐ

1938 4602 2223 4672 :ujusmodi
2248 4611 2334 4656 est
2361 4599 2490 4654 illud
2517 4616 2532 4653 ι
2557 4599 2670 4663 Ipsi
2695 4601 3163 4656 exstimulauerunt
3191 4618 3275 4656 me
3308 4603 3363 4655 in
3394 4618 3496 4655 non

238 4692 383 4758 Θεῷο
430 4692 710 4746 τουτέστιν
753 4694 1007 4763 ἐκίνησαν
1051 4695 1108 4746 ὲν
1153 4695 1275 4765 ἐμοὶ
1322 4696 1504 4766 ζῆλον,
1556 4699 1651 4751 καὶ
1696 4693 1806 4752 οἷον

1938 4693 2028 4748 Deo
2053 4693 2120 4760 ⁵⁸,
2157 4694 2208 4746 id
2233 4703 2335 4758 est,
2363 4701 2779 4746 commoverunt
2805 4691 2856 4745 in
2889 4708 2975 4746 me
3001 4693 3201 4759 zelum,
3231 4695 3498 4762 quasique

231 4784 308 4849 είς
348 4787 523 4858 ὀργήν
575 4802 644 4856 με
691 4785 952 4857 ἠρέθισαν
997 4785 1520 4858 είδωλολατροῦντες.
1569 4791 1808 4858 Ζηλοῦν

1938 4786 1982 4840 ιιι
2020 4785 2357 4840 iracundiam
2394 4800 2480 4839 me
2515 4783 2871 4838 irritaveruut
2901 4785 3015 4838 suis
3048 4784 3316 4840 idolorum
3341 4785 3497 4838 culti-

232 4873 286 4926 δέ
317 4877 467 4929 ἐστιν
497 4874 558 4928 τὸ
593 4874 876 4946 βούλεσθαι
901 4877 993 4929 καί
1024 4875 1202 4946 ἐαυτῷ
1237 4877 1522 4949 ὑπάρχειν,
1551 4879 1579 4932 ὃ
1616 4882 1809 4950 παρεῖ-

231 4983 314 5020 vat
357 4965 438 5038 τῷ
492 4967 662 5032 πέλας
709 4969 990 5039 νενόμικεν
1032 4967 1257 5037 ἀγαθόν.
1299 4969 1468 5022 Τοῦτο
1497 4966 1590 5024 οὖν
1630 4970 1806 5040 λέγειν

231 5059 378 5132 Μήτε
420 5060 608 5132 ἕτερον
654 5061 865 5133 ἐρέθιζε
911 5056 1344 5133 πονηρεύόμενον
1389 5064 1526 5134 πρὸς
1569 5065 1632 5117 τὸ
1677 5066 1808 5118 ἁνα-

234 5153 416 5224 σιῆναι
441 5153 602 5206 αὐτὸν
631 5154 772 5207 κατὰ
798 5154 912 5208 σοῦ.
941 5155 1165 5224 Ἦγουν,
1191 5155 1283 5227 Μὴ
1309 5157 1539 5229 ποιήσῃς
1565 5157 1806 5224 τοιαῦτα,

232 5245 300 5310 ὡς
327 5248 419 5300 τὸν
454 5247 690 5319 πονηρὸν
718 5247 876 5319 ζῆλον
911 5247 1093 5302 λαϐεῖν
1116 5251 1254 5304 κατὰ
1293 5248 1410 5313 σοῦ,
1442 5251 1563 5302 ἐπεὶ
1591 5251 1811 5304 ἐπιϐου-

239 5339 368 5392 satis:
423 5356 524 5393 σοι.
577 5334 736 5395 Οἷον·
786 5341 850 5393 Ei.
913 5341 1051 5411 μετὰ
1102 5341 1324 5414 γνώμης
1371 5340 1464 5396 τοῦ
1495 5341 1660 5396 Δαϐὶδ
1710 5343 1805 5396 τὸν

237 5427 392 5500 ὕμνον
439 5431 627 5500 ἔλεγον
661 5435 716 5486 αἱ
767 5432 1026 5497 νεάνιδες,
1068 5435 1149 5499 τὸ,
1199 5434 1533 5500 Ἐπάταξεν
1571 5438 1603 5489 ὀ
1636 5435 1812 5490 Δαϐὶδ

233 5522 292 5574 ἑν
313 5523 607 5593 μυριάσιν
634 5527 822 5581 αὐτοῦ
841 5544 854 5556 ·
892 5527 1052 5592 αὐτὸς
1079 5523 1148 5600 ἦν
1188 5532 1216 5584 ὁ
1248 5528 1580 5601 παραζηλῶν
1613 5529 1670 5581 ἐν
1715 5546 1811 5582 πο-

235 5615 641 5686 νηρευομένοις,
679 5617 757 5689 τῷ
786 5619 976 5673 Σαούλ.
1024 5623 1178 5694 Μήτε
1211 5621 1372 5676 πάλιν
1419 5621 1586 5694 μιμοῦ
1629 5622 1663 5693 ἢ
1709 5640 1812 5693 μα-

294 5711 336 5785 ξ⁷
362 5711 528 5785 Hebr.
560 5728 598 5774 ι.
629 5713 680 5768 7.
794 5715 838 5747 ⁸⁸
864 5715 996 5772 Luc.
1033 5734 1130 5783 xu.
1163 5719 1251 5776 49.
1356 5720 1402 5752 δ’
1433 5719 1589 5775 Rom.
1613 5735 1712 5785 xu,
1741 5720 1824 5772 It.

1917 4877 2040 4933 bus.
2074 4874 2262 4928 Zelare
2285 4889 2414 4929 vero
2444 4885 2530 4928 est
2562 4872 2698 4928 velle
2728 4873 2927 4929 habere
2958 4875 3182 4937 bonum,
3201 4874 3342 4943 quod
3372 4890 3496 4943 pro-

1920 4967 2124 5021 ximum
2160 4966 2362 5021 habere
2407 4966 2534 5036 quis
2563 4966 2865 5022 existimat.
2907 4966 3115 5021 Sensus
3158 4966 3338 5034 itaque
3369 4977 3451 5020 est
3475 4980 3496 5020 :-

1921 5056 1998 5112 ΝΘ
2021 5057 2186 5111 alium
2222 5057 2404 5112 irrites
2431 5057 2839 5128 malignantem,
2863 5073 2973 5128 quo
3019 5058 3265 5126 insurgat
3296 5069 3492 5114 contra

1919 5162 1988 5206 te.
2026 5151 2145 5218 Vel,
2179 5151 2260 5206 Ne
2292 5151 2490 5208 feceris
2515 5153 2667 5217 talia,
2706 5163 2764 5205 ut
2795 5151 2998 5204 malum
3024 5150 3197 5205 zelum
3231 5151 3492 5208 adversus

1919 5257 1968 5301 te
1999 5247 2252 5316 accipiat,
2283 5247 2722 5317 quandoquidem
2753 5247 2848 5302 tibi
2873 5245 3098 5300 insidias
3121 5246 3302 5301 struit.
3322 5245 3486 5302 Puta:

1917 5342 1972 5396 Si
2007 5357 2075 5396 ex
2118 5341 2386 5396 sententia
2445 5339 2666 5396 Davidis
2714 5342 2976 5410 hymnum
3008 5341 3265 5396 dicebant
3298 5343 3490 5412 puella:

1916 5435 2089 5499 illum,
2134 5431 2401 5488 Percussit
2449 5433 2620 5486 David
2651 5435 2706 5487 in
2741 5435 2916 5487 decem
2966 5433 3200 5487 millibus
3243 5433 3362 5503 ejus
3397 5435 3484 5498 '5;

1919 5528 2148 5596 ipsemet
2176 5535 2294 5580 erat
2319 5525 2705 5582 exstitnulator
2735 5527 2788 5579 in
2827 5523 3274 5594 malignantibus,
3321 5520 3490 5579 Saulo

1921 5634 2129 5688 nempe.
2163 5618 2271 5674 Nec
2307 5633 2497 5674 rursus
2520 5618 2739 5672 imitare
2772 5617 2856 5672 vel
2890 5619 3080 5672 beatos
3109 5615 3370 5687 przedices
3393 5619 3490 5671 Im-

1930 5718 1974 5750 ”
2003 5715 2171 5773 Exod.
2194 5732 2294 5781 xu,
2334 5717 2423 5772 29.
2535 5715 2580 5746 "
2613 5715 2733 5771 lsai.
2769 5731 2880 5782 ut,
2912 5717 2963 5772 Ι.
3039 5717 3086 5748 ⁵³
3119 5714 3136 5769 l
3167 5712 3311 5770 Tim.
3349 5732 3408 5782 ιι,
3437 5717 3486 5770 1.

237 5782 431 5838 “Psal.
492 5798 650 5850 XVIII,
689 5786 746 5842 2.
819 5787 1021 5844 l"'Luc.
1061 5805 1140 5859 ιιι,
1191 5793 1245 5848 6.
1321 5792 1366 5825 ⁵⁵
1399 5792 1558 5851 Deut.
1591 5782 1766 5858 xxxii,
1811 5789 1826 5843 ε

1982 5790 2027 5821 ⁸³
2068 5788 2087 5842 l
2131 5785 2262 5858 Reg.
2291 5801 2445 5853 xvm,
2483 5787 2536 5839 7.

295 5925 405 5995 (61)
435 5921 590 5996 Orig.
635 5932 686 5978 et
714 5919 1038 5980 Theodoret.
