4012 6340
504 398 613 453 “9

1360 392 1922 450 SL‘PPLEMENTUM
1957 393 2047 448 AD
2078 388 2405 449 ORIGENIS
2442 374 2869 445 EYEGETICA.

3670 389 3779 445 129

503 517 762 589 jusmodi,
797 516 983 581 felices
1009 532 1102 574 eos
1125 517 1333 572 videns.
1368 515 1664 586 Parumper
1693 518 1835 571 enim
1876 516 2075 571 ﬂoren-

2192 514 2369 587 ιιάριζε
2396 512 2539 575 τοὺς
2571 509 2860 577 τοιούτους,
2895 510 3250 585 εὐθηνοῦντας
3280 508 3441 581 ὁρῶν.
3474 510 3623 582 Πρὸς
3656 510 3777 563 ὀλί-

510 623 612 676 tes,
650 626 777 667 mox
803 621 1076 667 arescunt.
1109 605 1291 666 Omnis
1312 609 1448 664 enim
1470 624 1614 672 caro,
1647 608 1823 679 fenum
1850 610 1916 665 ⁸⁷.
1944 606 2082 676 Quid

504 717 636 778 ergo
664 702 956 763 zelatorem
996 700 1219 766 habent,
1250 699 1343 769 qui
1377 700 1445 756 ad
1486 700 1650 759 breve
1678 701 1897 771 aliquod
1936 711 2079 757 tem-

506 809 606 862 pus
635 803 947 859 vernantes,
977 807 1100 847 cras
1158 791 1209 849 in
1254 789 1529 851 clibanum
1573 791 1903 847 mittuntur?
1943 792 2082 847 sicut

507 885 637 940 dicit
671 884 939 943 Salvator.
1002 881 1187 955 Neque
1239 884 1384 944 enim
1439 883 1524 945 ias
1562 892 1647 941 est
1685 884 1866 943 dicere
1915 900 2083 943 mnu-

508 977 720 1035 landam
749 993 869 1035 esse
899 976 1201 1037 volentibus
1233 977 1395 1048 digne
1420 978 1625 1043 vivere,
1649 985 2078 1033 momentaneam

505 1070 915 1142 malignantium
948 1069 1287 1130 felicitatem.
1326 1071 1465 1139 Quin
1493 1070 1676 1140 potius
1723 1069 2080 1126 consideran—

507 1165 654 1229 dum,
687 1179 848 1235 quem
876 1163 1037 1219 linem
1070 1164 1327 1225 habitura
1360 1165 1432 1218 sit
1451 1165 1605 1239 optio
1635 1163 1757 1217 vita:
1779 1160 2077 1235 ﬂagitiose.

504 1255 583 1315 Ne
616 1255 780 1329 igitur
809 1255 950 1322 zela,
993 1254 1192 1324 inquit,
1231 1255 1482 1311 homines
1527 1251 1859 1323 hnjnsmodi,
1908 1266 2082 1321 neque

504 1348 761 1406 exciteris
810 1349 878 1404 ad
926 1348 1289 1409 imitationem
1340 1361 1529 1405 eorum
1576 1345 1665 1416 qui
1702 1354 1922 1415 peccata
1955 1344 2081 1399 dili-

504 1449 657 1517 gunt,
700 1440 915 1497 tametsi
949 1440 1235 1496 videantur
1285 1440 1493 1495 habere
1542 1437 1703 1507 bujns
1731 1441 1855 1492 vitae
1893 1435 2079 1491 oblec-

506 1540 770 1589 tamenta.
801 1532 948 1603 Fuge
977 1532 1142 1602 igitur
1195 1532 1404 1589 similes
1445 1531 1615 1584 animi
1668 1528 2078 1599 propensiones,

505 1641 626 1696 qua:
654 1625 838 1680 futura
869 1634 995 1679 sunt
1025 1625 1400 1680 considerans.
1435 1621 1555 1677 Non
1591 1622 1735 1677 enim
1767 1621 1819 1675 in
1849 1621 1966 1675 istis
1994 1636 2081 1674 res

506 1728 773 1790 perpetuo
809 1728 989 1772 erunt.
1027 1716 1320 1786 Propterea
1346 1713 1934 1786 subjungitzQuoniam
1962 1723 2081 1767 tan-

506 1828 664 1884 quam
691 1812 871 1881 fenum
922 1810 1026 1867 cito
1071 1818 1327 1873 arescent,
1382 1819 1430 1867 et
1464 1818 1521 1865 ut
1568 1807 1713 1861 olera
1763 1805 1937 1862 herbis
1976 1807 2077 1859 cito

505 1904 747 1959 excident
774 1903 840 1957 ⁵⁸.

509 2019 573 2075 ν.
601 2018 657 2075 3.
684 2016 850 2089 Spera
879 2019 932 2072 in
962 2016 1269 2077 Dominum.
1295 2025 1344 2070 et
1372 2014 1806 2089 faculionitatem,
1832 2019 1882 2066 et
1911 2012 2081 2068 incole

768 2100 983 2156 terrain,
1012 2097 1062 2143 et
1095 2089 1325 2157 pasceris
1365 2087 1419 2140 in
1445 2086 1643 2141 divitiis
1669 2083 1806 2154 ejus.

575 2222 633 2279 Id
656 2232 761 2289 est,
792 2223 955 2295 dilige
982 2231 1265 2294 acceptum
1285 2223 1622 2291 probumque
1639 2220 1807 2276 videri
1836 2236 1850 2285 ;
1881 2220 1969 2275 siti
1995 2234 2083 2274 sa—

505 2330 725 2374 crorum
754 2315 1146 2375 charismatum
1177 2313 1577 2386 possessionem
1608 2330 1623 2367 :
1658 2325 1779 2365 ama
1801 2326 1920 2381 qua:
1943 2310 2081 2381 apud

508 2416 727 2466 sanctos
775 2408 830 2463 in
873 2408 1084 2464 honore
1129 2416 1278 2472 sunt,
1314 2415 1367 2462 et
1418 2420 1585 2474 penes
1635 2404 1802 2459 Deum
1849 2403 1994 2459 velut
2026 2403 2081 2458 in

508 2505 765 2558 thesauro
804 2500 1108 2561 recondita.
1139 2496 1209 2557 Et
1253 2499 1339 2568 [ac
1369 2497 1653 2551 bonitatem
1682 2510 1699 2550 ;
1731 2504 1789 2548 ut
1826 2494 1870 2549 si
1911 2494 2081 2549 dixis-

503 2605 591 2651 set
618 2595 793 2650 telluri
826 2613 840 2649 :
872 2593 982 2648 Fac
1022 2594 1163 2646 hunc
1200 2591 1460 2645 fructum.
1502 2588 1594 2644 Sic
1626 2587 1719 2643 tibi
1753 2585 2084 2644 anditoridi-

506 2689 757 2743 visorum
782 2686 1263 2750 documentorum,
1312 2681 1383 2736 Da
1428 2696 1593 2750 agro,
1619 2678 1751 2732 dicit
1798 2676 2034 2732 Verbum
2065 2693 2079 2730 :

506 2780 595 2837 l'ac
618 2778 941 2843 bonitatem,
982 2790 1105 2846 quae
1144 2788 1284 2831 unus
1311 2779 1396 2829 est
1422 2789 1485 2827 ex
1526 2770 1791 2827 fructibus
1822 2766 2081 2839 Spiritus.

506 2873 775 2931 Bonitatis
806 2884 1003 2926 nomen
1032 2868 1135 2923 hoc
1169 2866 1290 2921 loco
1327 2863 1598 2939 signiﬁcat
1623 2875 1840 2919 omnem
1865 2859 2081 2915 modum

505 2966 749 3025 virtutis.
783 2963 850 3018 Et
880 2960 1049 3019 incole
1079 2976 1229 3015 secus
1260 2969 1454 3017 terram
1487 2956 1556 3022 ΙΙ’;
1594 2954 1854 3011 insistens
1878 2951 2085 3009 sollici-

510 3057 686 3115 tudini
711 3065 767 3113 et
791 3054 962 3112 cultui
984 3053 1183 3109 animae
1215 3069 1227 3106 :
1254 3051 1392 3116 Quia
1422 3049 1769 3120 quodcunque
1792 3046 2083 3103 seminave-

509 3153 578 3209 rit
608 3153 786 3217 homo,
817 3148 951 3203 illud
991 3157 1037 3203 et
1069 3154 1221 3200 metet
1258 3143 1326 3199 ‘°.
1358 3142 1615 3205 Fortasse
1657 3149 1863 3196 terram
1902 3137 2084 3207 appel—

510 3238 589 3293 lat
611 3237 872 3293 divinitus
899 3234 1222 3303 inspiratam
1256 3231 1619 3300 Scripturam,
1661 3230 1714 3286 in
1741 3245 1847 3300 qua
1882 3229 2083 3283 divitiae
2111 3224 2153 3282 C

511 3340 829 3388 sanctorum
857 3338 1005 3397 sunt,
1036 3329 1090 3382 id
1114 3323 1907 3396 eetpromissi0tte5.Admonet
1922 3323 2084 3377 etiam

512 3433 572 3480 ut
599 3423 803 3495 iugiter
829 3432 1105 3478 sectemur
1144 3419 1323 3476 divina
1347 3418 1586 3488 eloquia,
1610 3431 1798 3472 amore
1820 3416 2084 3471 bonorum

511 3533 634 3590 quas
683 3518 736 3572 in
775 3516 884 3572 illis
918 3514 1153 3585 reposita
1204 3521 1330 3568 sunt
1368 3526 1468 3581 pro
1512 3510 1740 3569 sanctis.
1776 3508 1873 3565 Vel
1908 3507 2089 3579 posuit

510 3610 679 3668 incol:
702 3624 801 3681 pro
818 3606 1037 3664 incolas.
1079 3605 1306 3663 Terram
1335 3618 1468 3659 vero
1498 3617 1617 3658 eam
1651 3601 1940 3671 dicit,qu:n
1980 3599 2086 3655 mi-

513 3703 659 3759 tibus
688 3702 899 3760 scilicet
930 3699 1195 3770 promissa
1229 3708 1355 3764 est;
1392 3696 1445 3751 in
1473 3710 1582 3765 qua
1615 3708 1739 3751 cum
1770 3692 1955 3758 fueris,
1988 3706 2087 3763 pa-

513 3797 702 3861 sceris,
728 3795 922 3864 inquit,
944 3793 995 3846 in
1026 3792 1230 3846 divitiis
1248 3791 1388 3861 ejus.
1409 3788 1619 3844 Divitiae
1635 3802 1797 3859 porro
1824 3797 2089 3854 suprema!

514 3887 775 3953 civitatis,
804 3893 885 3943 est
927 3883 1233 3941 divinorum
1265 3882 1537 3937 donorum
1573 3879 1813 3951 locuples
1844 3876 2084 3949 largitio.

513 3979 751 4036 Fortean
808 3974 1164 4035 tabernaculo
1204 3973 1471 4033 assimilat
1515 3971 1903 4041 temporariam
1949 3971 2089 4026 hanc

518 4074 709 4139 vitam,
755 4068 977 4138 vultque
1022 4077 1082 4120 ut
1123 4081 1222 4121 nos
1246 4078 1311 4120 ea
1340 4074 1591 4126 utamur,
1626 4063 1792 4117 veluti
1834 4064 2090 4119 taberna-

518 4164 642 4221 culo
681 4163 735 4218 in
778 4161 1032 4226 transitu,
1078 4158 1410 4228 imperantes
1449 4155 1557 4221 illi,
1592 4168 1932 4225 nequaquam
1961 4169 2090 4210 vero

517 4257 693 4314 eidem
729 4254 989 4326 subjecti,
1015 4262 1342 4321 utentesque
1368 4264 1434 4305 ea
1461 4250 1527 4304 ad
1549 4249 1602 4304 id
1632 4247 1778 4317 quod
1804 4247 1958 4310 utile,
1983 4261 2089 4301 non

517 4353 662 4419 quod
689 4349 882 4417 volupe
922 4346 1105 4403 fuerit.
1154 4344 1267 4400 lloc
1290 4343 1437 4399 enim
1471 4349 1632 4412 pacto
1673 4353 1956 4410 puscemnr
1991 4337 2092 4415 sub

516 4442 748 4500 PaStore
787 4442 932 4497 bono
966 4458 980 4495 :
1010 4440 1054 4494 si
1099 4453 1220 4508 quae
1262 4447 1390 4492 sunt
1432 4434 1738 4489 divinorum
1782 4432 2090 4501 dogmatum

519 4535 742 4599 divitiae,
777 4531 1041 4603 ejusmodi
1074 4529 1285 4585 fructus
1313 4527 1655 4597 colligentes,
1695 4533 1756 4579 ut
1789 4525 2037 4580 dicamus
2071 4540 2084 4577 :
2126 4569 2167 4624 Β

519 4628 777 4685 Dominus
796 4626 967 4695 pascit
987 4641 1090 4690 nte,
1117 4632 1168 4677 et
1196 4621 1330 4677 nihil
1351 4621 1476 4676 mihi
1499 4622 1663 4677 deerit
1692 4618 1760 4676 “.

565 4811 626 4869 V.
661 4809 717 4866 4.
777 4808 1051 4867 Oblectare
1078 4808 1134 4862 in
1162 4807 1433 4932 Dozn'nf,‘
1454 4815 1503 4861 et
1538 4805 1624 4859 det
1659 4803 1755 4861 tibi
1784 4804 2060 4873 petitiones

1158 4895 1250 4932 cor
1288 4894 1332 4932 ts
1379 4893 1456 4932 ut.

1158 4893 1332 4934 οοταιε
1356 4893 1456 4932 ιιιι.

593 4980 710 5035 Mos
731 4986 818 5035 est
850 4971 1149 5045 Scriptura:
1178 4968 1524 5025 introducere
1556 4967 1694 5022 duos
1724 4965 2007 5031 homines;
2039 4975 2095 5021 et

521 5071 909 5143 propemodum
928 5066 1111 5140 omnia
1127 5077 1250 5134 quae
1272 5069 1400 5118 sunt
1427 5059 1716 5130 sequioris,
1744 5057 1909 5115 habet
1931 5058 2093 5112 etiam

525 5163 618 5235 qui
659 5158 1006 5231 prastsntior
1046 5166 1151 5212 est.
1193 5155 1290 5210 Est
1323 5152 1470 5211 enim
1508 5152 1725 5221 quidam
1773 5150 1929 5205 cibus
1958 5150 2097 5203 inte-

528 5257 695 5315 rioris
737 5271 956 5327 quoque
1001 5249 1279 5310 hominis,
1322 5259 1431 5314 quo
1479 5244 1544 5299 de
1588 5243 1832 5298 dicitur:
1866 5240 1992 5296 Non
2034 5242 2098 5295 de

526 5365 665 5422 pene
689 5349 803 5403 solo
835 5350 961 5402 vivet
989 5347 1167 5409 homo,
1204 5340 1294 5397 sed
1330 5338 1386 5393 in
1413 5336 1556 5393 omni
1596 5334 1750 5389 verba
1786 5338 2099 5401 procedente

527 5460 593 5505 cx
627 5458 716 5499 ore
741 5440 837 5497 Dei
859 5440 926 5493 “.
953 5439 1047 5494 Est
1078 5448 1133 5494 et
1152 5434 1372 5505 quidam
1394 5438 1552 5499 potus
1581 5424 1857 5483 :Bibimus
1878 5426 2013 5479 enim
2036 5424 2099 5478 de

525 5532 754 5603 spiritali
776 5536 1022 5599 sequente
1044 5537 1193 5596 petra
1217 5523 1286 5577 ⁸³.
1318 5520 1505 5579 Itidem
1533 5517 1938 5573 vestimentum.
1960 5519 2101 5582 Quu-
2132 5505 2141 5511 ’

530 5626 771 5681 mobrem
813 5629 1068 5692 peccator
1116 5616 1289 5671 induit
1322 5610 1740 5668 maledictionem
1775 5608 1913 5662 sicut
1953 5607 2100 5661 uesti—

2185 624 2280 679 γον
2316 607 2423 679 γὰρ
2455 598 2777 671 ἀνθοῦντες,
2821 603 3180 678 ξηραίνοντατ.
3212 602 3388 661 Πᾶσα
3431 603 3541 676 γὰρ
3583 603 3777 672 σὰρξ,

2184 702 2418 770 χόρτος.
2456 697 2523 753 Τί
2555 690 2647 751 οὖν
2692 696 2872 768 ἔχουσι
2909 696 3169 769 ζηλωτὸν,
3212 696 3437 763 οἵτινες,
3474 696 3617 768 πρὸς
3657 696 3779 748 ὀλί-

2182 809 2278 863 γον
2319 792 2653 863 ἁνθήσαντες
2677 831 2693 856 ,
2746 790 2934 862 αὔριον
2986 790 3066 853 είς
3114 787 3367 845 κλίϐανον
3437 787 3771 860 βάλ).ονταῖ;

2184 884 2328 939 καθά
2355 904 2519 958 φησιν
2541 888 2569 940 6
2598 885 2809 957 Σωτήρ.
2837 884 2911 937 Οὐ
2946 882 3055 954 γάρ
3084 899 3167 936 τοι
3202 882 3367 953 φαίην
3392 881 3458 936 ἂν
3481 877 3626 938 εἶναί
3652 900 3775 950 πως

2184 979 2541 1050 ἀξιοζήλωτον
2581 980 2693 1043 τοῖς
2724 976 2968 1030 ἐθέλουσι
3008 975 3107 1046 ζῇν
3148 973 3493 1046 ἀξιοπρεπῶς
3529 978 3634 1046 τὴν
3661 977 3773 1032 τῶν

2183 1072 2630 1144 πονηρευομένων
2676 1070 3013 1142 πρόσκαιρον
3058 1069 3379 1141 εὐημερίαν.
3433 1070 3673 1123 Ἐννοεῖν
3712 1070 3773 1125 δὲ

2181 1165 2286 1241 χρὴ
2329 1165 2526 1235 μᾶλλον
2572 1167 2651 1232 είς
2695 1160 2806 1219 οἷον
2837 1162 3131 1235 ἐκϐήσεται
3185 1162 3359 1234 πέρας
3419 1160 3482 1215 τὸ
3519 1160 3771 1217 διαϐιοῦν

2182 1255 2395 1310 ἑλέσθαι
2445 1257 2649 1321 κακῶς.
2693 1256 2784 1327 Μὴ
2835 1255 3015 1310 τοίνυν
3072 1252 3233 1326 ζήλου
3282 1255 3409 1318 τοὺς
3456 1252 3769 1320 τοιούτους,

2182 1350 2348 1421 φησὶ,
2402 1350 2538 1422 μηδέ
2588 1349 2935 1423 κατερεθίζου
2986 1350 3121 1419 πρὸς
3176 1349 3406 1420 μίμησιν
3450 1348 3561 1402 τῶν
3604 1349 3771 1418 φιλα-

2185 1442 2567 1514 μαρτημόνων,
2596 1441 2699 1498 κᾶν
2729 1442 3012 1501 είδοκοῖεν
3043 1441 3185 1512 ἔχειν
3218 1440 3317 1505 τὰς
3344 1443 3401 1496 ἐν
3428 1440 3507 1513 τῷ
3535 1442 3772 1514 παρόντι

2183 1531 2283 1605 βίῳ
2311 1532 2541 1607 τρυφάς.
2566 1530 2736 1600 Φεῢγε
2780 1526 2872 1589 οὖν
2916 1531 3014 1604 τὴν
3050 1530 3385 1603 ισοῤῥοπίαν,
3421 1532 3502 1595 εἰς
3535 1531 3608 1588 τὰ
3642 1531 3771 1586 6:6-

2184 1643 2318 1699 μενα
2361 1625 2572 1694 βλέπων
2593 1642 2607 1655 ’
2643 1627 2705 1680 οὐ
2744 1625 2852 1697 γὰρ
2885 1611 2942 1678 ἐν
2976 1624 3184 1688 τούτοις
3218 1623 3367 1681 ἔσται
3394 1623 3658 1696 διηνεκῶς
3697 1625 3773 1678 τὰ

2181 1718 2501 1788 πράγματα.
2550 1716 2641 1772 Διὸ
2690 1717 2917 1784 ἐπάγει·
2970 1716 3090 1769 ’Ότι
3142 1716 3285 1771 ὡσεὶ
3332 1717 3547 1785 χόρτος
3610 1716 3769 1786 ταχὺ

2180 1808 2806 1878 ἀποξτιρανθήσονται,
2840 1808 2939 1867 καὶ
2964 1808 3106 1862 ὡσεὶ
3135 1806 3373 1877 λάχανα
3392 1810 3585 1880 χλόης
3608 1807 3772 1877 ταχῦ

2115 1884 2155 1939 Β
2182 1900 2650 1959 ἁποπεσοῦνται.

2182 1993 2328 2064 Στίχ.
2354 2001 2422 2062 γ’.
2463 1994 2757 2064 Ἕλκισον
2782 1992 2881 2064 ἐπὶ
2913 1993 3153 2062 Κύριον,
3186 1993 3282 2064 καὶ
3316 1993 3469 2064 ποίει
3507 1994 3777 2061 χρηστό-

2252 2061 2419 2148 τητα,
2462 2063 2562 2142 κςιὶ
2600 2061 3005 2148 κρτασκήνοτέ
3038 2064 3152 2133 τὴν
3192 2062 3328 2134 γῆν,
3372 2062 3474 2119 καὶ
3508 2079 3767 2139 ποιμαν-

2251 2136 2411 2202 θήσῃ
2446 2136 2526 2199 τῷ
2565 2136 2807 2198 πλούτῳ
2838 2136 3047 2202 αὐτῆς.

2249 2225 2359 2297 (62)
2396 2225 2706 2294 Τουτέστιν,
2744 2225 3052 2299 Ἀγάπησον
3079 2227 3139 2281 τὸ
3173 2226 3505 2299 εὐδοκιμεῖν
3535 2226 3768 2298 δίψησον

2180 2318 2288 2372 τῶν
2314 2318 2474 2390 ἱερῶν
2498 2320 2851 2392 χαρισμάτων
2871 2320 2970 2393 τὴν
2992 2320 3212 2391 κτῆσιν·
3240 2321 3524 2392 άγάπησον
3550 2320 3620 2375 τά
3646 2322 3769 2385 τοῖς

2182 2411 2359 2481 ἁγίοις
2401 2411 2748 2484 τετηρημένα
2793 2413 2887 2467 καὶ
2919 2412 3069 2485 παρὰ
3100 2412 3220 2484 Θεῷ
3264 2412 3767 2487 τεθησαυρισμένα.

2185 2504 2292 2559 Καὶ
2338 2504 2954 2574 ποίενχρηστότηταο
3009 2507 3083 2570 ὡς
3133 2508 3181 2560 ει
3234 2506 3384 2575 ἔλεγε
3434 2505 3511 2578 τῷ
3569 2505 3769 2578 ἀγρῷ·

2183 2598 2332 2653 Ποίει
2369 2598 2519 2654 τόνδε
2550 2599 2643 2652 τὸν
2674 2599 2906 2671 καρπόν.
2941 2598 3128 2664 Οὕτως
3168 2616 3249 2653 σοι
3275 2599 3352 2670 τῷ
3381 2600 3623 2671 ἀκροατῇ
3653 2598 3772 2652 τῶν

2184 2688 2340 2743 θείων
2370 2689 2707 2762 μαθημάτων
2728 2708 2742 2721 ·
2785 2690 2883 2754 Δὸς
2910 2690 3096 2763 ἀγρῷ,
3125 2691 3289 2763 φησὶν
3313 2692 3342 2745 6
3375 2691 3579 2760 Λόγος·
3620 2690 3771 2745 ποίει

2183 2784 2547 2856 χρηστότητα,
2574 2785 2696 2857 ἥτις
2729 2785 2828 2858 μία
2852 2785 2969 2839 ἐστὶ
2998 2786 3106 2839 τῶν
3138 2785 3368 2859 καρπῶν
3391 2784 3486 2838 τοῦ
3511 2783 3773 2856 Πνεύμα-

2183 2894 2291 2940 τος.
2338 2876 2411 2930 Τὸ
2454 2875 2561 2945 τῆς
2606 2879 3021 2947 χρηστότητος
3061 2878 3231 2950 ὄνομα
3262 2878 3494 2933 ἐνταῦθα
3521 2895 3773 2950 καταση-

2187 2968 2368 3040 μαίνει
2415 2969 2595 3025 πάντα
2636 2970 2838 3041 τρόπον
2878 2971 3094 3043 ἀρετῆς.
3141 2971 3252 3026 Καὶ
3297 2972 3558 3026 κατοικει
3605 2972 3775 3041 παρὰ

2183 3059 2298 3129 τὴν
2339 3060 2483 3131 γῆνο
2512 3061 2945 3135 προσδιατρίϐων
2991 3066 3058 3134 τῇ
3110 3062 3212 3133 τῆς
3256 3062 3433 3134 ψυχῆς
3480 3062 3774 3134 ἐπιμελείᾳ

2185 3154 2280 3209 καὶ
2307 3154 2551 3228 γεωργίᾳ
2569 3172 2583 3185 ·
2621 3154 2748 3209 Ὅτι
2778 3153 2809 3208 ὃ
2829 3155 2938 3209 ἐὰν
2968 3155 3188 3225 σπείρῃ
3214 3155 3544 3224 ἅνθρωπος,
3572 3155 3774 3209 ἐκεῖνο

2186 3244 2285 3299 καὶ
2308 3246 2549 3313 θερίσει.
2578 3245 2738 3309 Ἴσως
2767 3244 2823 3298 δὲ
2850 3245 2977 3315 γῆν,
3003 3245 3100 3317 τὴν
3128 3245 3482 3300 θεόπνευστον
3513 3244 3774 3317 ὀνομάζει

2187 3336 2442 3409 Γραφὴν,
2472 3339 2529 3391 ἐν
2657 3340 2686 3392 6
2726 3337 2951 3403 πλοῦτος
2994 3338 3104 3394 τῶν
3152 3337 3355 3407 ἁγίων,
3404 3340 3679 3394 τουτέστιν
3710 3339 3774 3399 αἱ

2187 3425 2527 3495 ἐπαγγελίαι.
2558 3428 2669 3480 Καὶ
2699 3430 2954 3500 παραινεῖ
2994 3428 3288 3493 διαπαντὸς
3324 3429 3436 3483 τῶν
3465 3429 3624 3484 θείων
3650 3430 3776 3502 ἔχε-

2189 3514 2313 3568 σθαι
2356 3514 2571 3584 λογίων,
2612 3514 2775 3587 ἔρωτι
2819 3515 2928 3569 τῶν
2956 3518 3013 3570 ἐν
3040 3518 3220 3582 αὐτοῖς
3250 3519 3627 3590 ἀποκειμένων
3655 3522 3773 3585 τοῖς

2189 3604 2363 3673 ἁγίοις
2391 3605 2630 3674 ἀγαθῶν.
2653 3606 2724 3661 Ἣ
2750 3604 2810 3659 τὸ
2840 3605 2939 3677 μὲν
2964 3606 3347 3674 κατασκήνου
3374 3607 3621 3662 τέθεικεν
3644 3608 3773 3663 ἀντὶ

2187 3697 2282 3751 τοῦ
2310 3696 2798 3765 κατασκηνώσεις
2818 3713 2832 3731 ν
2867 3698 2970 3769 γῆν
3005 3699 3064 3755 δὲ
3102 3699 3315 3771 ἐκείνην
3346 3699 3494 3769 λέγει
3527 3700 3629 3771 τὴν
3657 3703 3776 3765 τοῖς

2189 3792 2418 3864 πραέσιν
2450 3791 2865 3865 ἐπηγγελμένην
2888 3791 3160 3862 δηλονότι·
3196 3793 3255 3847 ἐν
3364 3794 3622 3863 γεγονὼς,
3651 3812 3775 3849 ποι-

2194 3884 2461 3956 μανθήσῃ,
2498 3886 2693 3956 φησιν,
2725 3887 2817 3939 ἐπὶ
2858 3885 2936 3956 τῷ
2968 3884 3181 3957 πλούτῳ
3217 3886 3405 3957 αὐτῆς.
3436 3887 3673 3952 Πλοῦτος
3712 3889 3771 3941 δὲ

2188 3978 2286 4048 τῆς
2316 3978 2426 4032 ἄνω
2452 3976 2727 4048 πόλεως,ἡ
2755 3977 2864 4031 τῶν
2893 3977 3050 4031 θείων
3081 3978 3432 4050 χαρισμάτων
3453 3980 3774 4053 ἀμφιλαφὴς

2191 4068 2443 4140 χορηγία.
2476 4069 2628 4139 Τάχα
2666 4069 2723 4122 δὲ
2766 4073 2937 4141 σκηνῇ
2987 4069 3273 4134 ἀπεικάζει
3304 4068 3395 4124 τὸν
3436 4072 3773 4144 πρόσκαιρον

2194 4157 2305 4228 βίον
2331 4174 2344 4187 ·
2375 4158 2469 4211 καὶ
2511 4158 2756 4229 βούλεται
2794 4161 2941 4230 ἡμᾶς
2977 4158 3212 4231 χρᾶσθαι
3259 4159 3437 4228 αὐτῷ,
3483 4161 3559 4224 ὡς
3597 4165 3770 4233 σκηνῇ

2192 4246 2331 4302 κατὰ
2354 4248 2607 4320 πάροδον,
2647 4248 2997 4320 κυριεύοντας
3028 4248 3212 4314 αὐτοῦ,
3253 4250 3315 4303 οὐ
3353 4250 3774 4322 κυριευομένους

2193 4342 2284 4395 ὑπ’
2328 4340 2525 4405 αὺτοῦ,
2557 4342 2653 4394 καὶ
2688 4341 2824 4412 πρὸς
2864 4340 2927 4393 τὸ
2954 4342 3228 4414 συμφέρον
3252 4380 3266 4405 ,
3310 4342 3373 4396 οὐ
3414 4341 3552 4412 πρὸς
3580 4341 3775 4413 ἡδονὰς

2194 4437 2638 4510 ἀποχρωμένους.
2672 4436 2829 4491 Οὕτω
2852 4435 2960 4509 γὰρ
2987 4436 3469 4508 ποιμανθησόμεθα
3512 4435 3617 4490 ὑπὸ
3641 4437 3771 4493 Ποι-

2199 4531 2320 4602 μένι
2348 4529 2517 4602 καλῷ,
2546 4529 2600 4583 εἴ
2629 4546 2715 4593 τις
2740 4528 2969 4593 πλοῦτός
2996 4530 3114 4582 ἐστι
3138 4528 3248 4583 τῶν
3278 4528 3439 4583 θείων
3465 4528 3773 4600 δογμάτων,

2194 4620 2382 4676 τοῦτον
2413 4620 2800 4693 καρπούμενοι,
2822 4620 2960 4674 ὥστε
2987 4619 3166 4689 λέγειν
3189 4638 3202 4651 ·
3231 4622 3448 4691 Κύριος
3474 4622 3778 4691 ποιμαίνει

2198 4731 2287 4777 ue,
2324 4716 2425 4768 καὶ
2451 4711 2631 4766 οὐδέν
2660 4729 2737 4782 με
2757 4710 3102 4780 ὑστερήσει.

2198 4808 2341 4878 Στίχ.
2374 4805 2435 4859 δ’.
2480 4803 3091 4878 Κίιτατρύφησονὲτοῦ
3135 4805 3373 4878 Κινρίου,
3400 4804 3499 4859 καὶ
3532 4803 3653 4875 δῴη
3675 4820 3781 4861 σοι

2501 4876 2575 4931 τὰ
2602 4872 2891 4945 αἰτήματα
2912 4872 3023 4941 τῆς
3051 4874 3297 4943 καρδίας
3333 4893 3469 4931 σου.

2269 4967 2380 5039 (65)
2412 4967 2570 5031 Ἔοος
2594 4970 2661 5038 τῇ
2686 4967 2877 5038 Γραφῇ
2909 4965 3002 5020 δύο
3031 4963 3352 5036 ἀνθρώπους
3375 4967 3650 5036 εἰσάγειν*
3684 4969 3784 5021 καὶ

2200 5060 2385 5131 σχεδὸν
2414 5061 2589 5115 πάντα
2618 5059 2687 5115 τὰ
2724 5056 2818 5112 τοῦ
2859 5058 3103 5131 χείρονος
3141 5057 3256 5128 ἔχει
3287 5059 3381 5114 κα)¹
3422 5060 3452 5111 6
3488 5059 3774 5130 κρείττων.

2202 5154 2356 5207 Ἐστι
2383 5152 2492 5224 γάρ
2515 5169 2599 5216 τις
2620 5150 2792 5223 τροφὴ
2817 5152 2912 5205 καὶ
2940 5150 3033 5205 τοῦ
3060 5150 3168 5206 ἔσω
3195 5149 3500 5222 ἀνθρώπου,
3529 5151 3659 5222 περὶ
3711 5146 3780 5223 ἧς

2199 5243 2415 5312 λέγεται
2433 5260 2447 5273 ·
2476 5245 2598 5297 Οὐκ
2639 5240 2731 5295 ἐπ’
2769 5239 2926 5309 ἄρτῳ
2966 5240 3137 5310 μόνῳ
3168 5238 3404 5307 ζήσεται
3447 5239 3778 5309 ἅνθρωπος,

2202 5336 2337 5390 ἀλλ’
2353 5334 2422 5388 ἐν
2437 5331 2617 5387 παντί
2634 5331 2856 5402 ῥήματι
2891 5330 3341 5403 ἐκπορευομένῳ
3360 5329 3456 5383 διὰ
3480 5331 3781 5399 στόματος

2206 5425 2372 5480 Θεοῦ.
2408 5426 2561 5481 Ἔστι
2583 5440 2637 5477 τι
2678 5424 2771 5481 καὶ
2805 5422 2964 5477 ποτόν
2989 5421 3396 5492 ’Πίνομενγὰρ
3427 5421 3495 5475 ἐκ
3526 5437 3783 5486 πνευμα-

2202 5516 2373 5585 τικῆς
2410 5516 2870 5588 ἀκολουθούσης
2907 5515 3148 5585 πέτρας.
3181 5514 3289 5570 Καὶ
3328 5514 3529 5586 ἔνδυμα
3553 5531 3566 5545 ·
3601 5513 3725 5569 ὅθεν
3752 5519 3783 5569 6

2206 5611 2307 5682 μὲν
2338 5609 2659 5683 ἁμαρτωλὸς
2701 5608 3029 5665 ἐνεδύσατο
3059 5606 3322 5675 κατάραν
3353 5607 3433 5674 ὡς
3471 5605 3721 5677 Ιμὰτιον,
3747 5610 3782 5661 d

599 5720 642 5754 ⁵¹
668 5718 788 5775 lsai.
811 5732 903 5778 ιι..
924 5713 981 5769 6.
1056 5712 1102 5745 "'
1135 5710 1279 5767 Psal.
1325 5722 1511 5778 xxxvr,
1541 5706 1598 5771 2.
1675 5705 1721 5749 ι’
1748 5702 1891 5761 Psal.
1931 5717 2096 5759 nam

2192 5748 2206 5759 .
2282 5706 2327 5738 ‘°
2346 5704 2523 5762 Galat.
2551 5721 2628 5770 vr,
2654 5708 2710 5763 8.
2782 5703 2824 5744 ⁸⁸
2850 5702 2991 5758 Psal.
3028 5718 3166 5770 χιιι,
3202 5702 3255 5757 1.
3330 5702 3375 5736 ⁸³
3397 5698 3591 5759 Matth.
3620 5715 3696 5764 tv,
3721 5701 3775 5755 ι.

531 5791 577 5823 (³
607 5790 775 5846 lCor.
800 5804 852 5867 ξ,
880 5786 934 5840 ι.

606 5886 716 5962 (62)
747 5879 958 5960 Cyrilli,
1003 5877 1220 5949 Origen.

2289 5867 2399 5933 (63)
2431 5866 2628 5924 Confer
2651 5868 2788 5923 edita
2813 5864 3021 5923 Latina.
