4012 6340
211 384 290 440 ΗΛ
1351 389 1727 448 EXCERPTA
1767 387 1834 445 IN
1869 387 2212 445 PSALMOS.

3378 384 3482 442 122

167 515 181 553 t
210 502 256 558 δὲ
281 504 492 573 δίκαιος
522 512 641 566 τὸν
679 514 896 583 Κύριον
927 512 1202 582 Ἰησοῦν,
1230 516 1326 570 καὶ
1355 516 1682 586 σπλάγχνα
1719 519 1788 571 οἰ-

1905 525 2136 569 mentum
2163 511 2209 544 “
2237 530 2250 568 :
2283 511 2460 578 justus
2497 525 2627 566 vero
2669 511 2949 565 Dominum
2977 508 3162 564 Iesum
3211 511 3280 576 “,
3314 520 3367 564 et
3397 512 3479 563 ui-

216 598 484 666 πταρμῶν,
524 604 625 656 καὶ
663 607 1006 660 πανοπλίαν
1045 607 1216 664 Θεοῦ.
1251 606 1440 670 οὕτως
1484 611 1514 661 6
1550 609 1650 678 μὲν
1690 607 1800 660 τῶν

219 690 370 745 αύτοῦ
408 695 572 763 μόνον
613 697 825 751 ἀκούων
855 699 1027 769 λόγων
1056 700 1474 772 προτρεπτικῶν
1499 700 1760 772 τρέφεται
1783 716 1796 730 °

221 781 249 834 6
267 781 320 835 δὲ
349 784 622 850 ἐπιδιδοὺς
651 789 842 841 ἑαυτὸν
869 790 1141 862 ἑρμηνείᾳ
1171 790 1359 862 νόμου,
1380 790 1638 862 διηγήσει
1669 807 1800 863 προ-

208 875 417 946 φητῶν,
449 878 602 933 λύσει
634 881 959 954 παραϐολῶν
992 884 1383 953 εὐαγγελικῶν,
1415 883 1681 956 σαφηνείᾳ
1709 883 1798 938 λό-

229 987 332 1038 γων
358 971 742 1041 ἀποστολικῶν,
766 979 1088 1048 κατατρυφᾷ
1112 976 1205 1031 τοῦ
1237 977 1440 1047 Κυρίου
1461 994 1473 1006 ·
1502 977 1596 1030 καὶ
1626 976 1797 1031 ἐσθίει

231 1064 287 1116 ού
319 1064 444 1132 πρὸς
466 1066 739 1138 ἀνάγκην,
772 1069 894 1122 οὐδὲ
926 1068 1063 1140 πρὸς
1091 1070 1257 1143 μόνην
1289 1071 1516 1141 τροφήν.
1546 1070 1798 1124 Διδάσκει

232 1151 317 1208 οὖν
339 1159 477 1228 ἡμᾶς
505 1162 922 1234 κατατρυφῆσαι
951 1161 1046 1215 τοῦ
1075 1162 1301 1234 Κυρίου.
1324 1151 1442 1218 ’Καὶ
1462 1162 1570 1236 γὰρ
1594 1164 1622 1215 6
1643 1163 1794 1228 Θεὸς,

234 1247 318 1300 ἀπ’
351 1249 516 1322 ἀρχῆς
561 1251 884 1323 βουλόμενος
935 1257 1083 1325 ἡμᾶς
1130 1257 1342 1326 τρυφᾷν
1388 1254 1793 1326 πνευματικῶς,

232 1339 473 1408 ἐφύτευσε
501 1343 592 1396 τὸν
641 1346 970 1417 παράδεισον
1003 1347 1105 1418 τῆς
1150 1349 1388 1420 τρυφῆς,
1420 1349 1515 1402 καὶ
1549 1348 1642 1402 τὸν
1685 1365 1797 1418 χει-

232 1430 459 1502 μάῥρουν
482 1434 583 1504 τῆς
607 1436 821 1507 τρυφῆς
848 1438 1158 1509 ἐχαρίσατο.
1181 1439 1370 1500 Οὐδεὶς
1386 1438 1443 1491 δὲ
1465 1437 1688 1492 δύναται
1704 1440 1796 1492 καὶ

226 1523 379 1594 σαρκὶ
402 1525 495 1578 καὶ
516 1527 786 1598 πνεύματι
815 1531 1052 1601 τρυφᾷν.
1084 1531 1221 1583 Ἀλλ’
1243 1533 1291 1584 εἰ
1318 1531 1416 1601 μὲν
1445 1533 1607 1602 σαρκὶ
1635 1530 1794 1601 ἐτρύ-

221 1619 494 1686 φησεν,ὠς
511 1622 539 1672 6
560 1619 830 1685 πλούσιος,
849 1640 937 1675 στε
947 1623 1242 1695 ρηθήσεται
1264 1624 1363 1693 τῆς
1386 1622 1522 1694 μετά
1547 1621 1796 1693 Ἀϐραὰμ

216 1709 424 1780 τρυφῆς
445 1729 458 1740 ·
491 1713 540 1764 εἰ
566 1712 624 1765 δὲ
655 1713 821 1785 ἄρτον
853 1713 1150 1779 κακώσεως
1181 1714 1413 1784 ἔφαγεν,
1442 1714 1516 1778 ὼς
1547 1717 1575 1768 ὁ
1606 1715 1792 1785 πένης,

211 1800 326 1854 ἐκεῖ
353 1805 538 1875 τρυφᾷ
570 1806 668 1858 καὶ
691 1805 1051 1859 ἀναπαύεται.

267 2073 391 2129 Καὶ
434 2073 642 2139 ἄλλως
670 2073 757 2126 δέ.
799 2075 855 2128 '0
879 2075 1083 2146 Κύριος
1115 2075 1426 2147 δικαιοσύνη
1460 2077 1627 2140 ἐστὶν,
1668 2076 1796 2150 ἀλή-

189 2159 354 2228 θεια,
388 2163 568 2231 σοφία,
597 2163 866 2234 ἁγιασμός
885 2182 898 2195 ο
933 2165 1028 2219 ἑὰν
1054 2167 1335 2238 τρυφησῃς
1364 2163 1456 2221 οὖν
1482 2168 1576 2222 καὶ
1601 2171 1659 2222 ἑν
1684 2171 1796 2231 τοῖς

181 2255 308 2326 τῆς
348 2253 538 2324 συφίας
569 2254 931 2327 θεωρήμασιν,
963 2259 1022 2310 ἑν
1055 2259 1176 2320 ταῖς
1206 2257 1435 2328 πράξεσι
1466 2259 1566 2329 τῆς
1591 2260 1794 2312 δικαιο-

185 2345 396 2416 σύνης,
427 2345 776 2418 πεπλήρωται
800 2348 858 2400 τό
878 2366 890 2379 ·
923 2350 1398 2418 Κατατρύφησον
1418 2349 1525 2404 τοῦ
1545 2351 1784 2420 Κυρίου.

186 2437 398 2509 Τρυφὴ
440 2439 746 2510 τοιγαροῦν,
778 2440 838 2492 τὸ
863 2440 1069 2495 ἔνοικον
1088 2443 1231 2515 ἔχειν
1259 2443 1351 2496 τὸν
1389 2443 1566 2498 πάντα
1592 2443 1790 2514 ζωογο-

187 2528 398 2583 νοῦντα
427 2530 560 2584 Θεὸν
588 2530 760 2599 Λόγον
780 2571 794 2595 ,
827 2533 918 2586 τὸν
961 2532 1126 2605 ἄρτον
1149 2535 1249 2606 τῆς
1277 2532 1422 2608 ζωῆς
1445 2555 1458 2568 ο
1497 2538 1591 2591 καὶ
1627 2538 1788 2592 αὐτὸν

188 2620 419 2692 ἔχοντες
453 2623 509 2676 ἑν
553 2625 765 2687 ἑαυτοῖς
789 2664 803 2687 ,
848 2622 1130 2700 ληψόμεθα
1166 2627 1344 2681 πάντα
1375 2627 1446 2682 τὰ
1484 2631 1778 2700 αἰτήματα,

189 2715 292 2785 οὐχ
319 2714 528 2779 ἁπλῶς,
557 2714 693 2771 ἀλλὰ
720 2716 788 2770 τὰ
814 2699 912 2789 τῆξ
933 2717 1179 2789 καρδίας.
1208 2720 1442 2790 Νοήσεις
1468 2720 1524 2773 δὲ
1551 2699 1788 2791 τὸλεγό-

194 2824 383 2877 μενον,
417 2806 510 2862 ἐὰν
537 2811 1030 2883 προσωποποιήσῃς
1059 2811 1288 2865 ἕκαστον
1323 2812 1431 2866 τῶν
1463 2813 1659 2884 μελῶν,
1691 2815 1786 2868 καὶ

193 2897 317 2971 ἴδῃς
361 2899 480 2964 πῶς
530 2900 672 2954 κατὰ
721 2901 883 2971 φύσιν
915 2903 1075 2956 αἰτεῖ.
1116 2903 1174 2958 '0
1213 2903 1343 2972 γοῦν
1371 2906 1700 2977 ὀφθαλμὸς,
1735 2909 1786 2961 εἰ

193 2987 312 3062 εἶχε
341 2993 544 3063 φωνὴν,
567 2993 750 3063 ἔλεγεν
777 2994 840 3048 ἄν
872 3013 955 3049 σοι
975 3013 988 3026 ο
1025 2996 1173 3050 Αἱτῶ
1202 2997 1335 3066 φῶς,
1360 2998 1496 3052 αἰτῶ
1520 2999 1786 3071 χρώματα

196 3083 421 3153 βλέπειν
454 3086 766 3158 κατάλληλα
787 3087 930 3158 ἐμοί.
975 3089 1047 3143 Ἦ
1070 3088 1221 3159 ἀκοή
1248 3107 1262 3120 ο
1290 3090 1435 3144 Αἰτῶ
1474 3091 1656 3164 φωνὴν
1682 3092 1784 3163 ἑμ-

199 3179 375 3250 μελῆ,
424 3179 626 3250 ἡδεῖαν.
673 3181 742 3236 Ἢ
783 3182 1011 3251 γεῦσις·
1043 3183 1188 3236 Αἰτῶ
1230 3183 1455 3252 γλυκέα,
1499 3184 1686 3255 φεύγω
1715 3186 1784 3241 τὰ
1810 3220 1853 3277 c

199 3273 391 3344 πικρά.
434 3271 505 3328 Ἦ
539 3273 700 3342 ἀρήν
731 3273 875 3328 Αίτῶ
921 3275 1187 3329 ἅπτεσθαι
1234 3276 1428 3341 λείων,
1475 3279 1781 3352 τρυφερῶν,

200 3363 488 3435 προσηνῶν
508 3382 522 3395 ·
553 3368 613 3418 ού
647 3366 817 3436 πυρὸς
836 3406 850 3430 ,
885 3367 944 3419 οὺ
975 3368 1220 3438 τραχέων
1240 3408 1253 3432 ,
1280 3369 1400 3422 οὐδὲ
1432 3370 1780 3425 κεντούντων.

209 3453 296 3520 ’ὓς
319 3453 414 3510 οὖν
440 3458 672 3512 ἑκάστου
697 3459 806 3512 τῶν
840 3459 1207 3533 αἰσθητηρίων
1233 3463 1382 3516 ἐστὶν
1408 3463 1624 3535 αἴτησις
1651 3481 1784 3517 κατ-

200 3547 426 3620 άλληλος
451 3552 545 3604 καὶ
579 3552 723 3624 φυγή
750 3569 762 3584 ·
797 3553 889 3606 καὶ
919 3552 1195 3625 ὀφθαλμὸς
1230 3555 1331 3625 μὲν
1373 3556 1516 3608 αἰτεῖ
1555 3555 1616 3608 τὸ
1648 3555 1783 3624 φῶς,

203 3638 233 3709 η
258 3637 528 3712 δσφρησις
549 3639 604 3694 δὲ
628 3643 690 3694 τὸ
720 3642 935 3708 εὐῶδες,
967 3645 1000 3714 ἡ
1024 3644 1162 3716 ἀκοὴ
1194 3644 1255 3698 τὸ
1294 3644 1531 3715 ἐμμελὲς
1550 3684 1566 3708 ,
1595 3646 1688 3698 καὶ¹
1718 3644 1786 3700 τὰ

203 3730 359 3787 λοιπὰ
383 3734 588 3804 ὁμοίως
607 3753 621 3767 ·
652 3736 825 3800 οὕτως
849 3737 884 3808 ἡ
911 3736 1108 3808 καρδία
1132 3735 1202 3789 τὰ
1229 3737 1497 3808 νοήματα,
1533 3736 1678 3808 ἅπερ
1699 3737 1788 3809 λη-

203 3823 408 3896 ψόμεθα
432 3826 585 3899 παρὰ
614 3828 841 3900 Κυρίου,
872 3826 967 3881 ἑὰν
999 3827 1166 3899 μηδὲν
1191 3827 1467 3900 ἀλλότριον
1497 3830 1596 3902 τῆς
1621 3829 1785 3883 αὑτοῦ

203 3919 408 3990 τρυφῆς
457 3918 672 3991 ἔχωμεν
713 3922 769 3974 ὲν
809 3923 930 3984 ταῖς
967 3920 1235 3992 καρδίαις.
1270 3921 1403 3976 Τότε
1448 3921 1787 3995 δυνησόμεθα

202 4009 602 4064 ἀποκαλύπτειν
645 4011 792 4084 αὐτῷ
818 4012 915 4085 τὴν
953 4013 1071 4066 ὁδὸν
1105 4013 1281 4084 ἡμῶν.
1329 4014 1647 4070 Ἐποπτεύει
1676 4013 1784 4085 γὰρ

202 4104 228 4155 6
259 4102 368 4158 τῶν
399 4103 541 4158 ὅλων
581 4104 714 4168 Θεὸς
757 4104 855 4178 τὴν
903 4104 1013 4160 τῶν
1049 4105 1354 4178 σεϐομένων
1400 4107 1563 4162 αὑτὸν
1612 4107 1782 4180 εὐαγῆ

203 4195 473 4252 πολιτείαν
498 4214 512 4229 ο
551 4197 951 4271 ἀποστρέφεται
990 4198 1048 4252 δὲ
1078 4198 1175 4271 τὴν
1213 4199 1322 4253 τῶν
1347 4199 1447 4252 οὐκ
1478 4199 1652 4272 ὀρθῶς
1683 4199 1783 4272 ζῇν

206 4289 490 4361 ἑλομένων.
530 4291 690 4346 Ὅθεν
717 4292 931 4363 ὲπάγει’

1901 619 2048 657 saera
2077 603 2452 658 misericordia:
2487 603 2553 670 “,
2579 610 2635 656 et
2654 602 2910 670 integram
2935 610 3268 654 armaturam
3293 600 3391 656 Dei
3407 602 3504 672 ⁸⁷η

1901 695 2102 752 Eodem
2143 693 2326 759 modo,
2347 694 2436 764 qui
2463 693 2580 764 ejus
2607 694 2872 754 duntaxat
2899 694 3234 749 hortatorios
3266 708 3474 748 sermo-

1901 803 1998 844 nes
2030 787 2212 852 audit,
2253 786 2494 840 nutritur
2526 795 2623 839 :at
2659 785 2752 855 qui
2789 783 2991 839 dedidit
3034 783 3270 853 seipsum
3304 783 3475 838 inter-

1901 880 2189 951 pretationi
2226 879 2380 951 legis,
2409 878 2750 934 enarrationi
2781 878 3195 948 prophetarum,
3229 876 3472 946 explica-

1901 975 2035 1029 tioni
2067 973 2448 1044 parabolarum
2478 971 2923 1039 evangelicarum
2945 1010 2961 1038 ,
2997 970 3320 1039 expositioni
3355 984 3472 1024 ser-

1899 1081 2116 1122 monum
2143 1061 2587 1133 apostolicorum,
2607 1062 2974 1116 oblectaturin
3002 1060 3231 1116 Domino
3264 1081 3277 1115 :
3307 1069 3360 1116 et
3387 1075 3475 1116 co-

1897 1157 2066 1215 medit
2091 1172 2196 1212 non
2226 1156 2295 1211 ob
2331 1155 2740 1220 necessitatem,
2782 1167 2966 1223 neque
2989 1152 3062 1208 ob
3093 1152 3268 1207 solum
3301 1152 3475 1207 nutri-

1897 1259 2156 1306 mentum.
2189 1245 2538 1318 Docetigitur
2555 1261 2674 1310 nos,
2703 1254 2764 1300 ut
2787 1244 3130 1300 oblcctemur
3153 1245 3204 1298 in
3225 1242 3470 1298 Domino.

1898 1341 2038 1396 Deus
2067 1341 2208 1398 enim
2242 1341 2312 1396 ab
2345 1339 2502 1394 initio
2533 1339 2722 1395 volens
2757 1353 2856 1393 nos
2885 1337 3190 1407 spiritalem
3223 1334 3473 1403 volupta-

1898 1442 2003 1487 tem
2041 1434 2352 1502 percipere,
2403 1431 2699 1502 voluptatis
2731 1429 3046 1500 paradisum
3088 1427 3372 1499 plantavit,
3419 1436 3474 1482 et

1898 1534 2192 1582 torrentem
2242 1526 2536 1595 voluptatis
2575 1523 2862 1595 dilargitus
2915 1532 3020 1578 est.
3066 1521 3238 1577 Nemo
3289 1531 3470 1576 autem

1896 1630 2074 1688 potest
2102 1629 2154 1675 et
2184 1636 2350 1676 carne
2377 1631 2430 1675 et
2459 1620 2652 1690 spiritu
2690 1618 3017 1688 voluptatem
3060 1616 3363 1686 percipere.
3407 1614 3472 1670 Et

1896 1713 1939 1768 si
1976 1713 2192 1782 quidem
2240 1726 2406 1768 carne
2445 1705 2772 1781 voluptatem
2814 1709 3080 1778 percepit,
3138 1707 3280 1762 sicut
3317 1706 3470 1761 dives

1897 1801 2009 1866 ille,
2037 1803 2243 1858 carebit
2267 1802 2540 1873 voluptate
2568 1817 2691 1857 cum
2733 1801 3033 1856 Abraham.
3069 1798 3139 1853 At
3186 1799 3229 1854 si
3271 1812 3466 1868 panem

1829 1873 1871 1928 Β
1897 1895 2206 1951 alllictionis
2243 1896 2499 1961 comedit,
2538 1905 2595 1949 ut
2630 1909 2836 1964 pauper
2869 1893 2978 1960 ille,
3015 1892 3090 1948 ibi
3128 1892 3466 1964 voluptatem

1896 1986 2126 2057 percipit
2153 1995 2206 2040 et
2238 1987 2550 2054 requiescit.

1967 2078 2087 2131 Alio
2139 2078 2317 2132 modo.
2368 2076 2624 2132 Dominus
2677 2077 2889 2144 iustitia
2947 2087 3066 2141 est,
3107 2077 3330 2143 veritas,
3380 2092 3467 2132 sa-

1893 2171 2121 2243 pientia,
2165 2168 2551 2225 sanctiﬁcatio.
2588 2169 2646 2223 Si
2699 2169 2866 2238 igitur
2908 2170 3182 2226 delicieris
3219 2172 3380 2226 etiam
3412 2173 3464 2225 in

1893 2261 2364 2334 speculationibus
2395 2261 2703 2329 sapientiai,
2726 2270 2784 2314 et
2810 2260 2861 2314 in
2894 2260 3200 2317 actionibus
3221 2260 3464 2330 iustitiae,

1893 2353 2170 2423 impletum
2202 2361 2286 2406 est
2323 2351 2452 2406 illttd
2501 2370 2514 2406 :
2556 2350 2834 2405 Oblectare
2868 2352 2922 2407 in
2965 2351 3216 2408 Domino.
3251 2351 3467 2406 Delicia:

1890 2444 2053 2514 igitur
2067 2455 2214 2508 sunt,
2245 2443 2648 2498 inhabitantem
2677 2443 2879 2500 habere
2905 2444 3088 2499 omnia
3109 2445 3464 2498 viviﬁcantem

1889 2537 2056 2592 Deum
2090 2533 2350 2601 Verbum,
2385 2536 2476 2604 qui
2523 2535 2680 2606 panis
2721 2543 2804 2591 est
2843 2537 2968 2591 vitae
3004 2551 3203 2606 :quem
3247 2552 3369 2591 cum
3411 2538 3464 2591 in

1887 2629 2044 2685 nobis
2060 2627 2436 2697 habuerimus,
2457 2630 2792 2698 accipiemus
2812 2645 3000 2684 omnes
3029 2629 3422 2700 postulationes
3447 2668 3464 2693 ,

1887 2740 1995 2780 non
2044 2723 2386 2793 simpliciter,
2429 2725 2524 2779 sed
2562 2722 2762 2779 cordis.
2809 2723 3084 2796 lntelliges
3119 2738 3284 2794 porro
3320 2723 3464 2792 quod

1887 2815 2112 2880 dicitur,
2154 2815 2199 2870 si
2255 2815 2642 2886 prosopopteia
2693 2817 2868 2871 utaris
2919 2815 3162 2871 omnium
3215 2820 3464 2884 corporis

1888 2906 2272 2970 membrorum,
2313 2907 2602 2976 vidensque
2641 2907 2913 2977 quomodo
2953 2908 3252 2963 secundum
3303 2918 3462 2962 natu-

1887 3013 2000 3053 ram
2039 2997 2247 3068 aliquid
2298 2998 2596 3068 postulent.
2647 2999 2848 3054 Oculus
2907 2999 3077 3070 igitur
3124 2999 3168 3055 si
3229 2999 3460 3055 haberet

1887 3101 2094 3154 vocem,
2129 3088 2334 3143 diceret
2362 3089 2547 3159 utique
2581 3091 2679 3146 tibi
2721 3109 2735 3145 :
2773 3089 2994 3146 Postulo
3037 3091 3238 3156 ltunen,
3274 3102 3462 3162 postu-

1887 3179 1938 3234 lo
1968 3181 2180 3236 colores
2212 3180 2398 3238 videre
2447 3193 2805 3254 congruentes
2857 3185 3010 3242 mihi.
3051 3187 3301 3251 Auditus,
3350 3185 3459 3242 Po-

1887 3273 2030 3328 stulo
2056 3288 2242 3329 vocem
2269 3275 2615 3342 concinnam,
2662 3291 2908 3332 suavem.
2960 3275 3178 3342 Gustus,
3240 3278 3460 3334 Postulo

1887 3364 2085 3430 dulcia,
2145 3363 2315 3437 fugito
2348 3381 2556 3422 amara.
2609 3365 2826 3433 Tactus,
2861 3367 3080 3423 Postulo
3113 3379 3460 3424 contrectare

1886 3457 2086 3525 mollia,
2123 3458 2341 3528 blanda,
2375 3458 2552 3514 lenia:
2588 3475 2696 3515 non
2728 3461 2929 3532 ignem,
2961 3477 3066 3516 non
3097 3477 3314 3532 aspera,
3351 3479 3456 3517 non

1886 3553 2203 3619 pungentia.
2255 3550 2720 3618 Quemadmodum
2756 3552 2918 3620 igitur
2941 3551 3164 3606 cuilibet
3191 3552 3460 3606 sentiendi

1885 3655 2094 3710 organo
2128 3649 2210 3696 est
2240 3643 2380 3712 quod
2416 3643 2520 3697 sibi
2557 3657 2859 3711 congruum
2911 3640 3149 3712 postulet
3193 3643 3278 3696 vel
3323 3643 3461 3712 iugi-

1889 3739 1964 3784 tet
1990 3749 2002 3784 :
2037 3739 2090 3785 et
2114 3731 2301 3787 oculus
2337 3733 2552 3801 quidem
2579 3733 2818 3803 postulat
2849 3733 3052 3799 lucem,
3084 3732 3312 3788 olfactus
3343 3749 3462 3788 sua-

1885 3823 2180 3900 veolentia,
2233 3825 2450 3880 auditus
2479 3830 2769 3895 concinna,
2823 3838 2878 3884 et
2930 3827 3133 3898 reliqua
3165 3827 3457 3885 similiter:

1886 3916 1958 3969 ita
1986 3932 2083 3971 eor
2113 3917 2493 3988 cogitationes,
2528 3935 2666 3991 quas
2701 3936 2729 3975 a
2758 3920 2986 3976 Domino
3023 3922 3377 3992 accipiemus,
3409 3921 3456 3977 si

1885 4007 2019 4062 nihil
2052 4009 2290 4062 alienum
2325 4025 2353 4065 a
2388 4012 2666 4082 voluptate
2695 4013 2837 4069 illius
2866 4014 2918 4068 in
2959 4015 3218 4070 cordibus
3248 4014 3456 4070 hahea-

1886 4115 2028 4155 mus.
2079 4099 2232 4156 Tunc
2275 4106 2573 4174 poterimus
2604 4106 2849 4161 revelare
2899 4106 2946 4162 ei
3001 4109 3144 4162 viam
3191 4118 3455 4166 nostram.

1883 4183 2106 4262 Inspicit
2143 4191 2286 4246 enim
2341 4194 2719 4251 universorum
2762 4197 2905 4251 Deus
2933 4197 3202 4252 cultorum
3231 4213 3454 4253 suorum

1882 4292 2124 4338 sanctam
2193 4288 2690 4354 conversationem,
2744 4290 2891 4345 sicut
2938 4301 3226 4346 aversatur
3278 4305 3456 4346 mores

1879 4386 2070 4429 eorum
2104 4376 2195 4446 qui
2251 4393 2359 4435 non
2393 4391 2546 4436 recte
2575 4381 2766 4437 vivere
2798 4381 3174 4437 instituerunt.
3207 4381 3455 4453 Quapro-

1880 4478 2000 4537 pter
2027 4471 2211 4525 suhdit
2235 4489 2250 4526 :

205 4560 345 4632 Στίχ.
381 4559 461 4640 ε’..
475 4561 905 4640 ᾏποκάλινψον-
922 4563 1071 4640 πρὸς
1092 4565 1313 4640 Κύριον
1333 4564 1447 4640 τὴν
1474 4565 1617 4640 ὀδόν
1643 4582 1780 4634 σου,

1890 4559 1956 4614 V.
1985 4561 2039 4616 5.
2076 4561 2263 4619 Revela
2287 4571 2428 4636 apud
2459 4565 2742 4640 Dominum
2774 4568 2913 4640 viam
2949 4579 3120 4633 tuam,
3148 4578 3196 4623 et
3219 4585 3370 4640 spera
3400 4570 3456 4625 iu

302 4632 400 4686 καί
428 4633 688 4686 ἕλπισον
718 4633 812 4686 ἐπ’
839 4635 1044 4697 αὐτὸν,
1080 4632 1186 4689 καὶὴ
1205 4632 1671 4703 αὑτὸς-ποιήσει.

208 4726 347 4796 Στίχ.
371 4722 444 4792 ς’.
462 4726 573 4800 Kal
603 4726 928 4800 efot'q'ettbc
957 4727 1080 4798 φῶς
1106 4728 1220 4798 τὴν
1239 4729 1630 4800 δικαιοσύνην
1644 4747 1782 4797 σου,

445 4797 547 4850 καὶ
579 4797 646 4851 τὸ
675 4797 851 4868 κρῖμὰ
886 4797 1002 4854 σου
1024 4801 1105 4866 ὡς
1135 4797 1530 4870 μεσημϐρίαν.

275 4889 382 4960 (64)
410 4891 567 4956 Ἔσο,
603 4891 788 4961 φησὶν,
827 4893 1076 4964 φανερῶς
1119 4893 1218 4964 τὴν
1259 4892 1597 4966 ἀρέσκουσαν
1635 4894 1784 4967 αὑτῷ

213 4982 427 5052 βαδίζων
450 4983 567 5038 ὁδὸν
590 5024 605 5047 ,
631 4985 904 5051 τουτέστι,
941 4986 1153 5058 γυμνὴν
1179 4988 1273 5042 καὶ
1301 4988 1677 5058 ἁναμφίαστον
1704 4987 1783 5059 τῷ

212 5072 317 5144 Θεῷ
346 5073 444 5146 τὴν
479 5074 708 5128 σεαυτοῦ
741 5076 951 5141 δεικνὺς
981 5077 1255 5132 πολιτείαν
1274 5095 1287 5108 ·
1317 5079 1412 5132 καὶ
1436 5078 1655 5132 ἑλπισον
1687 5079 1774 5132 ἐπ’

212 5167 376 5231 αὑτὸν,
416 5168 578 5233 αὐτὸς
607 5169 665 5223 δὲ
699 5171 929 5242 ποιήσει.
981 5171 1069 5226 Ἐν
1101 5170 1178 5243 τῷ
1213 5171 1459 5243 μέλλοντι
1489 5172 1642 5225 αἰῶνι
1675 5173 1776 5243 ἑμ-

215 5259 377 5328 φανῶς
409 5265 757 5332 καταστήσει,
785 5265 878 5318 καὶ
908 5259 1018 5318 οἷον
1047 5265 1339 5337 περίοπτον
1366 5267 1650 5336 ἀποφανεῖ,
1684 5265 1776 5318 λα-

215 5349 309 5404 θεῖν
339 5351 436 5403 ούκ
470 5351 573 5405 ἐῶν
597 5354 700 5423 τῆς
730 5356 830 5426 σῆς
861 5355 1091 5422 εύζωϊας
1114 5358 1174 5412 τὸ
1205 5357 1418 5422 κάλλος.
1451 5359 1644 5410 Ἔσται
1667 5356 1775 5430 γὰρ

170 5435 180 5450 ’
217 5437 396 5496 ἅπασιν
425 5445 660 5518 ἐναργὴς
684 5449 718 5520 ή
764 5449 1075 5521 δικαιοσύνη
1098 5469 1213 5517 σου,
1243 5451 1398 5524 δίκην
1427 5449 1604 5520 φωτὸς
1641 5451 1771 5504 ἀνα-

219 5533 405 5605 λὰμπου
413 5554 482 5591 σα
516 5542 910 5611 μεσημϐρινοῦ.

2388 4653 2526 4697 eum,
2563 4647 2608 4688 et
2643 4638 2752 4703 ipse
2787 4637 2963 4705 faciet.

1888 4722 1950 4778 ν.
1993 4723 2048 4779 6.
2098 4726 2168 4780 Et
2205 4727 2381 4796 efferet
2419 4741 2473 4779 ut
2509 4728 2683 4800 lumen
2729 4727 2998 4795 justitiam
3028 4742 3198 4798 tuam,
3229 4741 3276 4786 et
3303 4732 3456 4800 judi-

2275 4801 2414 4852 cium
2443 4807 2590 4848 tuum
2615 4798 2749 4849 sicut
2778 4801 3071 4854 meridiem.

1952 4885 2103 4952 Esto,
2145 4888 2344 4958 inquit,
2379 4886 2668 4942 manifeste
2719 4890 3004 4946 ambulans
3064 4891 3368 4960 placentem
3404 4891 3455 4947 ei

1881 4977 2046 5044 viam,
2085 4977 2138 5032 id
2161 4989 2263 5045 est,
2296 4980 2494 5034 nudam
2517 4992 2573 5036 et
2605 4992 2848 5050 apertam
2872 4981 2980 5037 Deo
3009 4983 3303 5038 ostendens
3327 4998 3456 5038 con-

1883 5073 2248 5127 versationem
2287 5081 2436 5126 tuam
2472 5090 2485 5125 :
2516 5080 2569 5126 et
2599 5088 2757 5142 spera
2789 5074 2842 5128 in
2875 5089 3022 5140 eum,
3058 5075 3175 5144 ipse
3210 5090 3338 5130 vero
3371 5077 3454 5131 fa-

1882 5173 2013 5229 ciet.
2062 5167 2120 5222 ln
2169 5168 2355 5221 futuro
2396 5167 2596 5223 szeculo
2648 5168 2996 5223 manifestum
3048 5169 3360 5237 ccnstituet,
3398 5184 3446 5228 et

1883 5258 2281 5334 quodammodo
2324 5259 2682 5328 conspicuum
2733 5261 2986 5316 omnibus
3035 5261 3445 5331 demonstrabit,

1884 5371 1990 5410 non
2026 5353 2232 5424 patiens
2258 5351 2430 5406 latere
2461 5351 2642 5419 probae
2679 5351 2800 5407 vine
2831 5361 2936 5407 tuae
2964 5351 3445 5424 pulchritudinem.

1884 5445 2157 5502 Eritenim
2182 5444 2392 5499 cunctis
2417 5443 2866 5517 evidensjustitia
2899 5455 3010 5515 tua,
3033 5447 3204 5504 instar
3229 5447 3451 5503 luminis

1881 5537 2164 5595 meridiani
2204 5537 2496 5609 refulgens.

274 5746 311 5774 εδ
346 5743 484 5802 Psal.
523 5762 680 5810 cvm,
715 5746 801 5800 18.
879 5748 921 5781 ⁸⁸
951 5751 1105 5806 Rom.
1133 5765 1248 5816 xm,
1290 5749 1389 5805 Η.-
1455 5750 1499 5782 ⁶⁶
1527 5747 1736 5806 Coloss.
1763 5763 1846 5816 tu,
1881 5748 1964 5805 l2.
2045 5751 2089 5785 "
2138 5753 2445 5826 Eplt.vt,|l.

276 5864 374 5932 (6i)
400 5866 585 5932 (Iyrill.
627 5875 678 5918 et
705 5867 851 5934 Orig.
